2690 4062
293 269 409 294 CXXXII

293 343 343 367 cet
366 332 516 366 inferiora
540 339 690 364 constant
713 339 746 364 et
769 326 992 374 coagulantur‘
1008 341 1025 362 a
1043 328 1148 361 calido
1167 336 1198 360 et
1221 326 1351 370 frigido.

291 378 332 411 Et
355 386 488 421 propter
511 375 574 408 hoc
596 387 734 419 corpora
758 375 974 418 ingrossantia
998 382 1030 405 et
1053 371 1268 414 coagulantia,
1291 371 1352 402 sci-

290 422 364 455 licet
381 431 518 464 corpora
543 419 644 457 calida
661 428 693 452 et
715 418 841 462 frigida,
865 418 987 451 faciunt
1011 417 1236 460 operationem
1257 413 1352 447 calidi

290 475 322 499 et
345 464 474 508 frigidi,
503 464 595 508 quasi
620 464 658 496 ab
683 465 728 496 eis
753 464 928 495 constituta
961 462 1027 493 sint
1049 461 1083 493 in
1107 471 1199 499 esse,
1228 458 1352 491 scilicet

290 510 405 543 activo.
424 509 562 552 Propter
584 508 647 540 hoc
672 508 768 540 etiam
786 508 819 539 in
843 505 996 539 omnibus
1013 503 1131 537 talibus
1145 501 1350 546 ,corporibus

289 562 338 587 est
362 552 517 592 caliditas,
535 564 617 596 quae
641 560 690 584 est
712 552 815 594 magis
840 551 953 590 activa,
970 548 1022 582 vel
1046 548 1086 581 ad
1110 548 1219 580 minus
1244 555 1293 579 est
1316 547 1351 579 in

288 598 335 631 eis
358 597 534 641 frigiditas,
557 597 751 640 inquantum
781 594 935 627 deficiunt
959 605 977 626 a
1001 592 1171 625 caliditate.
1198 591 1349 624 Alterum

289 643 377 675 enim
401 641 638 674 contrariorum
662 650 791 682 semper
814 647 862 671 est
886 636 1039 670 deficiens
1064 645 1095 669 et
1120 634 1349 679 imperfectum

287 694 437 730 respectu
462 685 602 724 alterius,
626 692 663 716 ut
685 682 841 726 frigiditas
864 689 1014 725 respectu
1039 679 1220 713 caliditatis.
1246 680 1287 712 Et
1310 691 1350 712 ex

288 730 352 763 hoc
375 729 464 774 quod
479 730 558 761 istae
582 736 658 760 sunt
681 728 804 770 primae
827 725 996 770 qualitates
1021 725 1155 765 activae,
1172 723 1349 757 humidum

288 783 395 807 autem
421 783 452 806 et
475 774 598 805 siccum
614 780 690 804 sunt
712 771 835 814 primae
852 770 1010 813 passivae,
1027 769 1102 802 ideo
1126 769 1206 802 haec
1226 779 1347 801 conve-

287 819 382 851 niunt
405 826 437 850 et
459 825 536 849 sunt
567 816 755 849 communia
787 814 950 847 omnibus.
977 814 1018 847 Et
1041 813 1116 847 ideo
1141 825 1180 846 ex
1209 824 1293 857 aqua
1317 821 1349 845 et

287 872 370 896 terra
393 862 568 894 constituta
592 868 668 892 sunt
699 859 810 892 omnia
834 870 989 902 corpora,
1018 866 1085 891 tarn
1110 857 1347 891 homoeomera

286 918 384 951 quam
407 905 589 949 plantarum
610 913 642 936 et
658 903 858 943 animalium,
883 911 915 936 et
930 902 1150 942 metallorum,
1172 902 1257 934 sicut
1277 901 1346 934 auri

285 960 317 984 et
340 950 473 994 argenti,
489 957 521 982 et
544 948 694 981 omnium
718 947 858 980 aliorum
878 958 961 991 quae
985 955 1165 980 nascuntur
1188 958 1227 979 ex
1250 945 1346 978 exha-

284 995 403 1028 latione
434 993 558 1025 inclusa
588 993 621 1029 in
652 1001 810 1036 utroque,
837 992 921 1024 sicut
952 991 1028 1024 alibi
1058 992 1128 1035 ipse
1160 990 1347 1023 declaravit.

284 1038 348 1072 Sed
372 1036 551 1070 differentia
568 1045 616 1069 est
631 1037 665 1069 in
688 1036 752 1069 hoc
768 1037 852 1069 inter
875 1047 923 1076 ea,
963 1035 1031 1069 uod
1055 1036 1202 1079 operatio
1226 1035 1345 1079 prima-

282 1081 526 1122 rum-duarum,
546 1080 669 1114 scilicet
693 1079 786 1113 calidi
811 1089 843 1113 et
866 1048 985 1124 frigidi,
1008 1080 1158 1113 consistit
1180 1080 1214 1112 in
1238 1090 1344 1122 agere,

282 1136 314 1160 et
336 1137 468 1159 movere
498 1136 630 1158 sensus:
654 1124 742 1158 unde
774 1124 929 1158 dicuntur
959 1124 1131 1169 qualitates
1156 1123 1343 1164 sensibiles;

281 1170 390 1204 album
415 1171 512 1210 enim,
533 1169 625 1210 odor,
642 1180 755 1209 sonus,
773 1168 879 1210 dulce,
904 1178 936 1202 et
959 1169 1102 1202 calidum
1118 1177 1151 1202 et
1174 1168 1342 1212 frigidum,

280 1214 467 1248 naturaliter
478 1213 597 1247 habent
613 1213 716 1247 facere
734 1214 966 1254 sensationem,
983 1223 1016 1247 et
1035 1225 1130 1257 agere
1147 1214 1180 1246 in
1197 1224 1342 1246 sensum.

279 1259 352 1293 Alia
375 1267 484 1292 autem
501 1258 567 1292 duo
584 1267 615 1291 et
632 1258 865 1302 consequentia
885 1259 990 1302 magis
1013 1258 1199 1291 consistunt
1214 1258 1248 1290 in
1264 1258 1343 1302 pati,

279 1312 315 1337 ut
337 1302 499 1347 liquabile,
517 1302 727 1346 coagulabile,
744 1302 884 1336 flexibile
901 1311 934 1336 et
957 1302 1029 1343 alia,
1047 1301 1166 1347 quibus
1188 1301 1343 1336 differunt

278 1347 380 1381 multa
404 1359 541 1392 corpora
563 1347 732 1388 naturalia,
749 1348 834 1380 sicut
858 1358 908 1388 os,
926 1358 1012 1388 caro,
1029 1358 1149 1380 nervus
1169 1355 1202 1386 et
1225 1355 1340 1380 cetera.

983 249 1572 290 METEOROLOGICORUM
1601 249 1696 285 LIB.
1728 249 1780 286 lV

1408 326 1449 358 Et
1473 325 1513 358 de
1529 325 1580 358 his
1604 336 1694 357 nunc
1717 334 1767 358 est
1782 325 1959 369 agendum,
1977 326 2054 370 quia
2077 326 2158 360 aliae
2179 327 2284 362 dictae
2306 329 2482 374 qualitates

1407 370 1530 402 activae
1554 370 1587 402 in
1613 368 1683 401 aliis
1704 368 1883 402 declaratae
1907 378 1993 403 sunt.
2012 370 2110 410 Quae
2127 380 2239 405 autem
2262 382 2295 406 et
2319 382 2402 418 quot
2418 375 2484 408 sint

1406 415 1486 446 istae
1510 413 1550 446 de
1575 412 1695 457 quibus
1719 422 1769 446 est
1792 413 1970 457 agendum,
1991 423 2041 447 est
2065 414 2190 449 clarum
2215 417 2250 449 in
2273 417 2390 452 littera.

1461 467 1492 490 2.
1510 456 1664 491 Secundo
1689 456 1749 491 ibi:
1773 458 1822 491 De
1845 458 2029 502 coagulabili
2071 459 2171 493 uidem
2193 461 2288 505 igitur
2310 470 2383 503 etc.,
2403 462 2485 496 dicit

1406 501 1496 545 quod
1520 501 1560 534 de
1584 500 1780 545 coagulabili
1805 511 1838 535 et
1860 514 1930 535 non
1954 514 2059 547 coagu
2075 503 2161 545 abili,
2185 504 2208 538 li
2230 505 2333 539 uabili
2356 515 2389 540 et
2411 518 2482 541 non

1404 545 1557 590 liquabili·
1576 545 1702 579 dictum
1725 554 1776 579 est
1798 547 1889 590 prius
1913 547 2156 590 universaliter;
2180 560 2215 583 se
2267 559 2378 584 tamen
2401 563 2480 596 pro-

1404 599 1477 634 pter
1493 591 1653 623 maiorem
1670 589 1850 624 claritatem
1867 600 1934 624 tam
1952 591 2118 626 dictorum
2140 605 2241 638 quam
2262 594 2481 629 dicendorum

1404 634 1552 667 dicamus
1575 634 1707 675 iterum,
1729 634 1821 679 quod
1841 635 2092 680 coagulatorum
2139 638 2279 672 uaedam
2303 639 2481 684 coagulan—

1403 688 1457 712 tur
1480 690 1499 711 a
1523 678 1640 718 calid0‚
1657 678 1821 723 quaedam
1845 692 1863 713 a
1886 679 2024 725 frigido:
2046 681 2106 715 cali
2130 693 2189 716 um
2229 683 2341 717 uidem
2358 696 2480 729 coagu-

1403 723 1458 763 lat,
1482 724 1559 767 quia
1583 724 1736 767 exprimit
1760 723 1937 759 humidum
1961 726 2184 770 superfluum,
2205 695 2364 772 frigidum
2386 741 2478 771 vero,

1403 768 1480 845 quia
1504 767 1637 812 expellit
1658 767 1812 810 calidum,
1829 769 1920 814 quod
1943 782 2058 804 secum
2074 783 2134 805 eva
2160 783 2253 806 orare
2277 772 2354 806 facit
2369 773 2480 807 humi-

1426 823 1493 845 um.
1522 812 1620 852 Quae
1650 812 1751 856 igitur
1781 813 1999 858 coagulantur
2021 826 2040 848 a
2071 815 2132 849 cali
2157 827 2178 850 o
2206 828 2266 861 per
2295 817 2482 852 absentiam'

1402 855 1542 897 humidi,
1567 856 1742 898 solvuntur
1765 868 1783 890 a
1806 857 1942 902 frigido,
1989 859 2058 894 uod
2081 859 2257 895 humidum
2281 862 2402 896 iterum
2425 863 2478 897 in-

1401 900 1493 944 gredi
1516 900 1609 934 facit:
1632 912 1716 946 quae
1741 910 1852 935 autem
1873 914 1934 936 coa
1994 913 2091 938 antur
2109 917 2128 939 a
2143 905 2264 950 frigido
2279 918 2340 958 per
2362 907 2479 960 expul—

1402 945 1656 986 sionem··calidi‚
1673 945 1849 980 solvuntur
1864 959 1883 981 a
1899 959 1936 981 ca
1951 947 2006 982 ido
2022 949 2143 983 iterum
2159 950 2376 995 ingrediente,
2391 961 2478 987 Sicut

1400 989 1521 1033 glacies
1546 999 1578 1023 et
1603 998 1719 1024 cetera.
1740 991 1862 1036 Aliqua
1885 1001 1996 1026 autem
2011 1004 2082 1027 non
2105 993 2281 1030 solvuntur
2303 1008 2324 1030 a
2343 996 2476 1041 frigido,

1401 1046 1485 1079 quae
1505 1043 1582 1068 sunt
1601 1035 1775 1079 coagulata
1798 1047 1818 1069 a
1841 1036 1962 1070 calido:
1980 1038 2058 1082 quia
2074 1039 2262 1083 coagulatio
2285 1039 2348 1074 fuit
2370 1040 2476 1083 fortis,

1400 1088 1432 1112 et
1455 1080 1529 1123 pori
1553 1079 1656 1113 relicti
1680 1089 1758 1114 sunt
1781 1082 1884 1125 parvi,
1908 1081 1992 1116 adeo
2008 1091 2054 1118 >ut
2076 1082 2256 1118 humiditas
2281 1084 2476 1120 dissolutiva

1399 1123 1527 1167 ingredi
1540 1136 1610 1158 non
1627 1125 1743 1169 possit,
1756 1126 1842 1159 sicut
1854 1135 1932 1160 sunt
1943 1126 2070 1161 lateres.
2088 1128 2347 1173 Incoagulabilia
2363 1138 2477 1165 autem

1399 1177 1478 1202 sunt
1503 1181 1588 1214 quae
1611 1181 1681 1203 non
1705 1169 1828 1204 habent
1855 1170 2088 1206 humiditatem
2111 1184 2292 1218 aquosam,
2315 1173 2375 1209 sed
2397 1183 2477 1210 sunt

1398 1214 1504 1257 magis
1527 1223 1642 1255 terrea,
1667 1223 1704 1248 ut
1727 1214 1795 1248 mel
1818 1223 1852 1248 et
1873 1225 2040 1250 mustum:
2065 1225 2098 1251 et
2119 1218 2204 1252 ratio
2215 1227 2288 1260 ·est,
2304 1219 2383 1264 quia
2398 1219 2476 1254 talia

1398 1267 1476 1291 sunt
1491 1258 1705 1292 vehementer
1722 1259 1837 1300 calida,
1850 1269 1884 1293 et
1899 1260 1972 1294 talis
1993 1260 2139 1295 caliditas
2155 1261 2283 1297 fortiter
2297 1264 2430 1305 resistit,
2441 1272 2476 1299 et

1398 1303 1545 1354 continet
1567 1303 1745 1338 humidum
1760 1305 1864 1346 intra;
1887 1314 1920 1339 et
1943 1317 2027 1350 quae
2047 1315 2126 1340 sunt
2141 1318 2235 1342 aerea
2251 1319 2270 1341 a
2285 1307 2476 1354 praedomi-

1397 1358 1465 1388 mo,
1489 1348 1575 1382 sicut
1598 1348 1722 1391 oleum,
1745 1358 1919 1394 argentum
1942 1351 2068 1393 vivum,
2094 1360 2128 1385 et
2149 1352 2291 1394 viscosa,
2314 1361 2353 1387 ut
2376 1351 2488 1388 colla:
