2782 4134
110 433 121 444 ⁸
135 432 164 453 ab
180 432 216 453 his
231 431 296 452 ecab.

206 1120 320 1142 vnsq.q;

109 1115 321 1163 s.Ti⁷1.1ect.x1i

109 1174 160 1195 sqq.

203 1226 221 1242 π

207 1331 221 1355 ρ

108 1851 116 1859 ·
133 1850 197 1871 Lect.
213 1856 261 1878 seq.

109 1914 118 1921 ·
133 1911 195 1933 Lect.
206 1887 260 1933 tzm.

349 286 423 323 286

349 365 438 414 quia
467 371 688 413 sequeretur
716 363 821 411 quod
843 363 1049 411 passiones,
1078 362 1173 398 idest
1196 360 1412 406 accidentia,

350 425 616 467 separarentur
630 429 652 453 a
668 416 881 453 substantiis
900 416 930 463 *,
943 415 1048 463 quod
1064 422 1119 451 est
1132 413 1385 464 impossibile.
1389 433 1413 439 —

352 472 391 508 Si
411 478 538 507 autem
568 470 712 507 dicatur
731 469 837 528 quod
863 468 952 505 illud
972 480 1016 504 ex
1037 479 1114 515 quo
1136 466 1276 514 aliquid
1301 478 1413 513 gene-

351 531 453 561 ratur
481 522 704 571 simpliciter,
727 522 773 558 sit
800 534 878 558 non
909 533 974 557 ens
1002 519 1273 565 universaliter,
1300 525 1415 566 prout

352 589 420 614 ens
448 575 665 624 simpliciter
687 573 700 598 ξ
730 574 860 611 dicitur
888 586 955 609 ens
984 584 1203 617 commune,
1234 578 1413 619 sequetur

351 630 457 678 quod
475 641 545 678 per
572 629 646 665 hoc
674 627 780 685 quod
809 626 939 663 dicitur
971 638 1050 662 non
1084 637 1166 670 ens,
1192 601 1415 671 intelligatur

350 682 611 719 universaliter
625 679 773 728 negatio
790 678 965 716 omnium
982 678 1137 714 entium
1150 677 1262 714 Unde
1278 689 1413 725 seque-

350 743 411 772 tur
439 735 545 783 quod
572 734 662 770 illud
691 732 796 780 quod
824 738 1025 778 generatur
1053 730 1279 779 simpliciter,
1301 742 1414 778 gene-

351 795 452 824 retur
469 786 618 836 penitus
638 797 683 821 ex
710 784 846 821 nihilo·
867 784 974 831 quod
1002 791 1058 820 est
1078 791 1208 820 contra
1227 782 1414 820 rationem

350 840 526 878 naturalis
537 837 798 887 generationis,
811 844 847 873 et
862 844 993 873 contra
1004 836 1206 873 sententias
1217 835 1391 873 omnium
1403 842 1415 856 ⁰

348 893 666 942 philosophorum
701 890 949 936 naturalium,
980 889 1046 938 qui
1069 890 1207 926 scilicet
1225 889 1272 926 de
1301 901 1414 937 gene-

350 946 494 983 ratione
522 943 680 981 naturali
708 942 823 979 locuti
852 950 950 979 sunt.

403 1011 439 1047 7.
460 997 608 1035 Deinde
638 1008 725 1033 cum
747 995 853 1032 dicit:
873 997 934 1032 De
951 996 1008 1032 his
1027 996 1175 1044 quidem
1197 1002 1279 1042 etc.,
1301 995 1414 1032 solvit

349 1051 578 1100 praedictam
613 1049 900 1086 dubitationem.
935 1050 984 1085 Et
1013 1049 1099 1086 dicit
1131 1048 1236 1096 quod
1270 1048 1316 1085 de
1345 1047 1415 1084 ista

349 1104 506 1141 materia
534 1102 647 1139 etiam
675 1102 714 1139 in
734 1101 811 1138 aliis
839 1101 951 1149 libris,
972 1102 1111 1138 scilicet
1134 1101 1172 1138 in
1193 1103 1207 1138 I
1227 1101 1410 1149 Physic.*‚

348 1157 528 1205 amplius,
557 1156 652 1193 idest
685 1154 878 1201 diffusius,
915 1162 951 1191 et
979 1155 1231 1194 dubitationes
1267 1154 1414 1203 positae

348 1218 435 1246 sunt
450 1217 486 1247 et
501 1207 831 1246 determinationes
848 1213 877 1244 ⁷³.
894 1208 943 1244 Et
961 1207 1048 1245 ideo
1069 1220 1171 1244 nunc
1185 1207 1339 1244 brevius
1360 1214 1415 1244 est

349 1263 564 1309 dicendum,
585 1260 691 1310 quod
710 1260 925 1309 simpliciter
943 1268 1144 1309 generatur
1167 1260 1304 1308 aliquid
1320 1273 1414 1309 quo-

348 1316 438 1352 dam
454 1315 572 1352 modo
589 1327 635 1351 ex
648 1326 727 1351 non
743 1322 839 1360 ente,
856 1313 930 1350 alio
946 1314 1066 1351 modo
1083 1326 1128 1350 ex
1143 1321 1229 1350 ente
1244 1319 1278 1350 P:
1301 1326 1413 1362 opor-

346 1376 398 1405 tet
426 1368 529 1405 enim
558 1367 649 1404 illud
676 1366 781 1415 quod
809 1366 1025 1415 praeexistit
1051 1366 1300 1415 generationi,
1331 1379 1413 1404 esse

345 1421 515 1470 potentia
535 1433 614 1468 ens,
631 1427 717 1457 actu
746 1427 874 1456 autem
902 1432 980 1457 non
1010 1432 1089 1457 ens.
1120 1421 1169 1456 Et
1196 1419 1247 1457 ita
1274 1432 1412 1457 verum

348 1482 403 1511 est
437 1474 542 1523 quod
577 1473 710 1511 dicitur
727 1480 890 1522 utroque
910 1473 1048 1510 modo:
1069 1472 1208 1509 scilicet
1227 1474 1331 1521 quod
1351 1485 1413 1521 ge-

347 1527 492 1564 neratio
516 1526 733 1576 simpliciter
760 1525 806 1562 sit
835 1538 879 1562 ex
909 1533 1006 1573 ente,
1038 1533 1074 1563 et
1102 1538 1147 1563 ex
1179 1538 1258 1562 non
1287 1533 1385 1563 ente.

402 1582 436 1617 8.
457 1579 607 1617 Deinde
632 1591 720 1616 cum
741 1578 848 1615 dicit:
874 1579 984 1621 Quod
1001 1585 1126 1616 autem
1154 1585 1190 1615 et
1215 1579 1272 1616 his
1296 1579 1414 1616 deter-

347 1634 496 1670 minatis
517 1640 599 1680 etc.,
617 1632 744 1669 obiicit
763 1640 895 1669 contra
914 1632 1148 1681 praedictam
1169 1632 1412 1669 solutionem.

347 1688 396 1723 Et
424 1686 522 1723 circa
549 1687 625 1723 hoc
643 1685 711 1722 tria
739 1685 840 1722 facit:
868 1685 991 1734 primo
1012 1685 1120 1734 ponit
1139 1685 1411 1732 obiectionem;

347 1740 515 1776 secundo
543 1738 656 1776 huius
685 1738 884 1775 occasione
916 1738 1121 1775 introducit
1154 1738 1265 1775 aliam
1298 1750 1414 1786 quae-

347 1793 520 1838 stionem,
552 1799 588 1829 et
616 1791 728 1829 solvit
757 1804 855 1838 eam,
886 1791 958 1828 ibi:
986 1793 1047 1828 De
1065 1792 1121 1828 his
1140 1797 1265 1828 autem
1295 1803 1412 1840 quan-

347 1852 424 1882 tum
439 1845 459 1867 '³‘
475 1852 561 1891 etc.;
582 1844 691 1882 tertio
711 1844 822 1882 solvit
841 1844 1115 1882 dubitationem
1135 1844 1368 1893 praedictam
1385 1850 1411 1892 ⁰,

347 1899 415 1935 ibi:
445 1899 605 1947 Propter
632 1898 722 1946 quid
738 1897 758 1919 ²³⁶
778 1905 847 1934 etc.

401 1951 510 1988 Circa
536 1951 706 2000 primum
734 1950 803 1988 tria
835 1950 931 1987 facit.
965 1950 1096 1987 Primo
1129 1950 1217 1987 dicit
1251 1950 1298 1987 de
1333 1962 1411 1998 quo

348 2012 403 2041 est
430 2004 606 2042 intentio:
637 2011 672 2041 et
701 2004 789 2041 dicit
811 2003 929 2052 quod,
955 2003 1046 2052 quia
1065 2003 1178 2040 etiam
1198 2011 1285 2052 post
1302 2016 1412 2052 prae-

348 2058 486 2095 dictam
516 2057 870 2096 determinationem
899 2057 1026 2094 adhuc
1052 2056 1208 2104 insurgit
1231 2056 1411 2094 mirabilis

347 2111 548 2158 dubitatio,
578 2123 706 2147 rursus
735 2117 884 2159 oportet
916 2117 1059 2147 tentare
1093 2109 1293 2159 quomodo
1322 2110 1411 2147 sim-

344 2164 489 2212 pliciter
515 2163 706 2212 generatio
727 2163 782 2211 sit,
803 2163 883 2200 sive
904 2175 950 2199 ex
970 2170 1054 2200 ente
1073 2162 1112 2200 in
1131 2162 1310 2212 potentia,
1331 2163 1412 2200 sive

346 2217 504 2265 qualiter
532 2217 578 2254 sit
605 2216 677 2253 alio
707 2215 826 2253 modo
854 2222 880 2252 τ.

399 2283 435 2318 9‘
457 2270 635 2307 Secundo
654 2269 725 2306 ibi:
760 2269 925 2311 Quaeret
946 2268 1045 2305 enim
1071 2269 1152 2317 quis
1173 2275 1255 2315 etc„
1280 2275 1413 2306 movet

345 2323 540 2371 quandam
569 2322 852 2372 quaestionem:
887 2329 1016 2358 utrum
1046 2321 1186 2359 scilicet
1217 2321 1410 2370 generatio

345 2376 503 2425 simplex
521 2376 568 2414 sit
585 2383 732 2413 tanturn
752 2374 982 2412 substantiae
1011 2382 1047 2411 et
1065 2375 1186 2421 huius,
1203 2374 1299 2412 idest
1318 2375 1411 2412 indi-

344 2429 450 2466 vidui
468 2429 507 2466 in
530 2441 668 2477 genere
693 2428 939 2475 substantiae;
960 2440 1040 2465 non
1060 2435 1188 2465 autem
1213 2428 1259 2464 sit
1281 2428 1411 2476 quanti

399 2585 422 2620 ξ)
441 2587 476 2612 sit
495 2594 547 2612 non
573 2593 619 2612 ens
670 2586 834 2618 simpliciter.
852 2599 872 2604 -
890 2586 948 2610 Hoc
972 2585 1169 2611 homoteleuton
1192 2593 1246 2611 om.
1271 2586 1363 2615 Peab5
1382 2586 1414 2612 cf.

345 2627 451 2649 textum.
469 2636 487 2641 —
504 2622 555 2647 Pro
570 2629 621 2654 per
639 2621 695 2650 hoc,
716 2621 742 2646 in
761 2621 811 2646 hoc
828 2621 859 2645 A.

399 2658 425 2690 ο)
449 2657 524 2682 Unde
541 2659 698 2691 sequetur...
712 2656 838 2682 omnium.
856 2670 875 2675 -›
897 2656 973 2681 Unde
997 2659 1152 2689 sequeretur
1175 2656 1247 2689 quod
1267 2660 1416 2690 generatur

346 2693 502 2725 simpliciter
513 2695 689 2725 generaretur
698 2692 807 2724 penitus
821 2699 858 2717 ex
872 2698 924 2716 non
940 2695 1007 2722 ente,
1021 2692 1093 2724 quod
1111 2695 1150 2716 est
1164 2695 1259 2717 contra
1271 2692 1414 2717 sententias

288 2735 294 2739 ·
346 2727 463 2753 omnium
483 2727 568 2753 PCab.

399 2763 429 2795 π)
448 2762 596 2794 amplius...
610 2751 885 2788 determinationes.
865 2762 1019 2794 ·—amplius,
1035 2762 1105 2787 idest
1123 2762 1267 2796 difficilius,
1283 2762 1351 2787 istae
1365 2762 1414 2787 du-

347 2798 487 2824 bitationes
505 2801 568 2824 sunt
582 2798 688 2830 positae
706 2801 732 2823 et
750 2798 831 2823 etiam
846 2797 1034 2823 determinatio
1047 2799 1084 2829 A;
1103 2805 1151 2830 pro
1170 2801 1196 2822 et
1214 2798 1414 2823 determinatio-

347 2841 400 2862 nes,
420 2836 446 2858 et
465 2833 657 2859 determinatae
675 2833 703 2858 C.

399 2869 424 2902 ρ)
437 2869 553 2901 quodam
570 2868 649 2894 modo
667 2875 705 2893 ex
723 2875 775 2894 non
795 2871 868 2896 ente,
887 2868 942 2893 alio
961 2868 1040 2894 modo
1058 2875 1096 2894 ex
1113 2871 1213 2893 ente.-
1226 2875 1264 2893 ex
1282 2875 1335 2893 non
1354 2871 1414 2894 ente

346 2904 542 2938 quodammodo
556 2907 583 2929 et
595 2905 637 2935 (et
648 2911 702 2928 om.
714 2904 749 2936 a)
763 2911 801 2929 ex
810 2907 870 2929 ente
879 2903 940 2933 Pab,
957 2903 989 2929 cf.
999 2909 1067 2935 text.;
1081 2904 1116 2928 C:
1126 2904 1178 2935 (est
1188 2903 1328 2929 dicendum
1342 2904 1414 2937 quod

346 2940 400 2964 alio
420 2939 499 2964 modo
517 2939 622 2971 aliquid
635 2941 793 2972 generatur)
808 2946 845 2964 ex
858 2947 909 2964 non
929 2942 989 2964 ente
1007 2939 1164 2971 simpliciter
1177 2942 1203 2964 et
1215 2939 1269 2964 alio
1283 2940 1361 2964 modo
1376 2947 1414 2964 ex

347 2978 405 3000 ente
415 2975 667 3006 simpliciter.-Pro
681 2978 743 2999 actu
760 2978 849 3000 autem
869 2982 921 2999 non
937 2981 991 3005 ens,
1002 2982 1053 2999 non
1073 2977 1162 2999 autem
1181 2978 1243 2999 actu
1263 2982 1309 2999 ens
1328 2975 1412 2999 PCab.

400 3010 426 3043 σ)
441 3010 619 3042 praedictam.
631 3024 650 3028 -
665 3010 755 3042 primo
770 3010 938 3042 propositam
958 3011 989 3035 A.
1010 3010 1137 3034 Iudicatur
1155 3010 1265 3035 obiectio
1280 3018 1346 3042 quae
1366 3018 1412 3043 po-

347 3045 414 3070 nitur
433 3054 459 3070 n.
476 3053 514 3075 10,
528 3050 554 3070 et
567 3053 634 3078 quae
647 3045 755 3071 solvitur
775 3046 832 3070 lect.
845 3053 899 3077 vm,
914 3050 974 3078 post
993 3045 1148 3070 solutionem
1164 3045 1233 3078 (lect.
1245 3046 1291 3078 vn)
1307 3045 1412 3070 alterius

347 3081 506 3106 introductae
524 3081 694 3114 quaestionis.

400 3116 425 3148 τ)
446 3119 573 3142 tentare..
575 3116 631 3141 ..sit
645 3116 698 3141 alio
712 3116 831 3142 modo.—
813 3119 965 3157 —repetere
976 3115 1108 3149 quomodo
1118 3116 1206 3148 possit
1224 3123 1279 3141 esse
1297 3116 1413 3149 simplex

347 3152 499 3192 generatio,
521 3152 576 3177 sive
598 3158 635 3176 ex
658 3155 717 3177 ente
741 3152 766 3177 in
788 3151 912 3184 potentia
936 3151 991 3176 sive
1014 3151 1199 3184 qualicumque
1218 3142 1299 3176 aliter
1316 3152 1352 3183 A;
1377 3151 1413 3176 sit

348 3187 401 3211 alio
419 3187 497 3212 modo
510 3187 631 3212 omittunt
644 3187 690 3216 Ca,
705 3188 746 3212 vel
761 3187 809 3212 dici
830 3191 941 3220 possunt
959 3187 1143 3220 qualicumque
1161 3187 1242 3212 aliter
1261 3171 1413 3212 contrahere

348 3222 372 3246 in
392 3222 513 3254 qualiter.

858 285 928 321 DE
958 282 1346 321 GENERATIONE
1375 282 1446 318 ET
1476 279 1859 317 CORRUPTIONE
1890 280 1984 316 LIB.
2015 280 2029 315 1

1469 371 1594 408 neque
1615 359 1734 407 qualis
1763 371 1889 408 neque
1908 358 1986 405 ubi,
2009 365 2045 394 et
2067 357 2228 395 aliorum
2253 358 2539 407 praedicamen-

1468 419 1608 458 torum,
1638 424 1736 460 quae
1757 424 1837 448 non
1857 419 1943 448 sunt
1962 411 2180 460 simpliciter
2200 411 2311 448 entia.
2333 412 2382 449 Et
2401 412 2538 450 eadem

1469 465 1640 513 quaestio
1660 471 1785 514 potest
1812 465 1894 501 fieri
1922 465 1971 502 de
1991 464 2246 512 corruptione.
2263 485 2287 492 —
2303 465 2353 501 Et
2381 473 2437 502 est
2463 466 2539 502 hoc

1469 517 1768 566 supponendum
1796 529 1865 566 pro
1896 525 2010 564 cert0,
2041 517 2147 565 quod
2176 517 2370 565 generatio
2398 525 2434 554 et
2457 530 2539 555 cor-

1470 571 1595 619 ruptio
1625 570 1785 619 simplex
1814 571 1859 607 sit
1887 570 2003 609 solius
2031 570 2262 607 substantiae
2291 576 2315 607 ⁰.

1530 636 1586 660 10.
1608 623 1739 660 Tertio
1768 623 1840 660 ibi:
1861 624 1904 660 Si
1929 624 2028 660 enim
2054 623 2145 672 quid
2174 623 2422 673 generabitur
2454 631 2537 671 etc„

1469 676 1710 726 prosequitur
1728 676 2017 714 dubitationem.
2035 677 2084 713 Et
2102 676 2190 714 dicit
2204 676 2322 725 quod,
2332 676 2364 714 si
2377 689 2458 714 non
2475 689 2539 725 ge-

1469 737 1623 767 neratur
1650 729 1867 778 simpliciter
1895 729 1966 766 nisi
1994 730 2094 778 quid,
2123 729 2220 766 idest
2239 729 2399 767 existens
2418 730 2458 767 in
2477 742 2539 778 ge-

1470 795 1559 819 nere
1580 782 1827 828 substantiae;
1845 790 1881 819 et
1899 782 1989 819 illud
2011 794 2056 819 ex
2076 795 2154 831 quo
2170 782 2312 831 aliquid
2326 790 2537 831 generatur,
2574 806 2576 809 -

1470 843 1526 872 est
1552 835 1722 885 potentia
1750 848 1829 883 ens,
1851 835 1947 872 sicut
1975 848 2090 884 supra
2109 835 2129 857 ’¹‘
2149 835 2290 873 dictum
2312 843 2379 884 est,
2405 843 2441 873 et
2460 848 2539 873 non

1470 896 1571 934 actu;
1588 888 1757 937 sequitur
1771 888 1879 936 quod
1893 888 1984 925 illud
2000 901 2047 925 ex
2062 901 2139 937 quo
2155 896 2355 937 generatur
2365 890 2538 926 substan-

1469 942 1530 988 tia,
1553 948 1589 978 et
1607 941 1645 978 in
1674 941 1778 990 quod
1799 948 2070 978 transmutatur
2094 942 2248 990 quando
2270 942 2538 992 corrumpitur,

1469 995 1515 1032 sit
1533 994 1741 1031 substantia
1762 994 1800 1031 in
1819 994 2003 1042 potentia,
2024 1007 2102 1031 non
2131 1002 2263 1032 autem
2283 1003 2381 1032 actu.
2408 997 2540 1033 Restat

1475 1060 1564 1095 ergo
1594 1047 1859 1095 quaerendum
1885 1054 2014 1084 utrum
2039 1047 2086 1084 sit
2103 1047 2142 1084 in
2168 1055 2254 1085 actu
2273 1048 2428 1097 aliquod
2448 1049 2539 1086 alio-

1470 1113 1555 1137 rum
1574 1100 1974 1149 praedicamentorum
1993 1105 2021 1147 P,
2040 1107 2134 1149 puta
2149 1108 2335 1149 quantum
2349 1102 2412 1139 vel
2427 1103 2539 1150 quale

1469 1162 1534 1191 aut
1551 1153 1637 1201 ubi,
1667 1161 1732 1190 aut
1760 1153 2037 1201 quodcumque
2061 1152 2224 1190 aliorum
2252 1154 2540 1203 praedicamen-

1468 1215 1613 1254 torum;
1644 1219 1733 1243 cum
1762 1213 1890 1243 tamen
1910 1205 1956 1243 sit
1979 1205 2019 1242 in
2046 1206 2217 1255 potentia
2242 1219 2308 1244 ens
2334 1208 2417 1253 hoc,
2442 1207 2541 1245 idest

1468 1259 1676 1297 substantia
1692 1289 1701 1306 ,
1731 1271 1831 1307 quae
1870 1266 1926 1296 est
1954 1271 2021 1296 ens
2059 1259 2300 1319 simpliciter3
2328 1260 2379 1297 ita
2408 1267 2540 1298 tamen

1468 1313 1575 1362 quod
1594 1325 1674 1350 non
1693 1312 1739 1349 sit
1755 1312 1982 1361 simpliciter,
2003 1311 2100 1349 idest
2125 1313 2166 1349 in
2194 1320 2292 1360 actu,
2313 1325 2438 1363 neque
2457 1314 2540 1361 hoc,

1468 1366 1566 1404 idest
1586 1378 1710 1415 neque
1731 1365 1951 1412 substantia,
1982 1377 2108 1413 neque
2137 1378 2216 1403 ens.

1523 1420 1803 1478 Quaecumque
1832 1425 1961 1455 autem
1990 1423 2007 1444 ⁷
2034 1431 2123 1467 pars
2150 1418 2265 1456 huius
2293 1419 2539 1458 dubitationis

1470 1472 1588 1520 detur,
1606 1472 1777 1520 sequitur
1790 1471 2077 1509 inconveniens.
2095 1472 2135 1508 Si
2151 1472 2255 1509 enim
2270 1472 2363 1510 nihil
2377 1472 2541 1510 aliorum

1469 1533 1526 1563 est
1540 1525 1579 1562 in
1593 1533 1691 1572 actu,
1708 1525 1774 1562 sed
1791 1532 1847 1562 est
1861 1525 1899 1562 in
1914 1525 2083 1574 plotentia
2099 1524 2115 1553 Ψ
2130 1525 2260 1562 omnia
2274 1537 2415 1574 genera
2429 1538 2540 1575 prae-

1470 1579 1787 1626 dicamentorum,
1817 1578 1988 1626 sequitur
2015 1578 2276 1628 primoquod
2305 1591 2380 1616 non
2405 1591 2472 1616 ens
2492 1579 2542 1617 sit

1467 1637 1696 1680 separatum,
1711 1631 1807 1669 idest
1821 1631 1927 1679 quod
1942 1630 2111 1678 materia,
2124 1644 2222 1680 quae
2239 1638 2294 1668 est
2309 1631 2404 1669 ens*
2417 1632 2455 1670 in
2469 1644 2540 1682 po·
2567 1645 2579 1658 ·

1468 1685 1594 1732 tentia,
1625 1684 1794 1721 subiecta
1822 1684 1868 1721 sit
1894 1683 2111 1733 privationi,
2142 1697 2241 1734 quae
2271 1692 2327 1722 est
2354 1697 2435 1722 non
2459 1697 2539 1733 ens,

1469 1739 1613 1787 absque
1634 1737 1739 1774 omni
1759 1738 1893 1774 forma.
1925 1737 2104 1774 Secundo
2134 1738 2303 1787 sequitur
2321 1738 2414 1778 illud
2433 1739 2544 1787 quod

1469 1791 1635 1828 maxime
1650 1790 1858 1827 timuerunt
1872 1796 1890 1810 ω
1906 1789 2019 1839 primi
2033 1789 2263 1840 philosophi,
2275 1791 2381 1839 quod
2396 1791 2540 1842 aliquid

1467 1851 1667 1892 generetur
1686 1856 1731 1880 ex
1751 1843 1855 1880 nullo
1878 1842 2172 1892 praeexistente:
2203 1844 2310 1892 quod
2330 1844 2432 1881 enirn
2461 1857 2541 1883 non

1470 1905 1526 1934 est
1554 1909 1622 1934 ens
1650 1904 1757 1943 actu,
1787 1895 1880 1933 nihil
1909 1903 1976 1934 est.
1997 1916 2021 1923 -
2048 1896 2087 1932 Si
2113 1908 2209 1934 vero
2238 1904 2404 1946 ponatur
2432 1897 2541 1946 quod

1469 1950 1507 1988 id
1537 1962 1582 1987 ex
1611 1961 1688 1997 quo
1717 1957 1920 1997 generatur
1947 1949 2168 1997 substantia,
2198 1961 2278 1987 non
2305 1950 2350 1987 sit
2375 1951 2448 1988 hoc
2470 1949 2540 1988 ali-

1469 2004 1569 2052 quid,
1598 2003 1694 2040 idest
1720 2002 1961 2040 individuum
1981 2003 2020 2039 in
2038 2015 2178 2051 genere
2206 2003 2452 2052 substantiae,
2472 2015 2540 2041 ne-

1469 2069 1545 2105 que
1573 2056 1620 2093 sit
1648 2055 1857 2093 substantia
1885 2055 1925 2093 in
1945 2063 2042 2103 actu,
2063 2056 2131 2094 sed
2151 2055 2197 2093 sit
2215 2056 2254 2093 in
2274 2056 2541 2106 actu'aliquod

1469 2110 1630 2147 aliorum
1645 2108 2064 2158 praedicamentorum3
2081 2109 2252 2158 sequitur
2265 2109 2542 2149 inconveniens

1469 2163 1575 2211 quod
1594 2162 1730 2212 prius*
1748 2162 1978 2209 induximus,
1995 2162 2103 2210 quod
2122 2162 2263 2200 scilicet
2280 2169 2317 2184 “²
2329 2163 2539 2212 passiones,

1467 2216 1563 2254 idest
1581 2215 1802 2262 accidentia,
1819 2223 2044 2264 separentur
2058 2228 2081 2253 a
2100 2215 2337 2263 substantiis3
2358 2216 2464 2265 quod
2483 2224 2540 2255 est

1469 2269 1666 2306 manifeste
1704 2268 1948 2318 impossibile.
1978 2289 2002 2296 -
2028 2267 2090 2306 Sic
2117 2268 2228 2317 igitur
2254 2269 2407 2307 videtur
2434 2270 2541 2319 quod

1466 2335 1545 2360 non
1572 2321 1692 2371 possit
1720 2334 1802 2359 esse
1831 2322 2024 2370 generatio
2053 2322 2274 2371 simpliciter
2309 2323 2386 2360 hoc
2404 2323 2539 2372 modo,

1467 2375 1574 2424 quod
1603 2375 1811 2413 substantia
1829 2382 2031 2423 generetur
2050 2387 2096 2412 ex
2114 2387 2194 2413 non
2215 2383 2300 2413 ente
2332 2383 2431 2424 actu,
2453 2383 2540 2415 ente

1467 2436 1596 2466 autem
1615 2428 1654 2465 in
1682 2427 1862 2477 potentia,
1878 2435 1921 2464 ut
1947 2428 2143 2477 praedicta
2161 2428 2182 2450 ²¹²
2210 2428 2346 2466 solutio
2376 2429 2538 2467 dicebat.

1522 2586 1548 2619 υ)
1567 2586 1684 2618 simplex
1701 2587 1738 2611 sit
1755 2587 1838 2611 solius
1857 2586 2031 2612 substantiae.
2049 2601 2069 2606 -
2087 2586 2245 2619 simpliciter
2262 2587 2299 2612 sit
2316 2588 2402 2613 solum
2418 2587 2541 2614 substan-

1469 2622 1523 2647 tiae
1541 2623 1572 2653 A,
1591 2621 1707 2654 simplex
1724 2622 1761 2647 sit
1778 2623 1863 2647 solum
1882 2622 2032 2647 substantia
2051 2622 2093 2647 ed.
2111 2630 2128 2648 a
2133 2630 2142 2652 ,-
2159 2623 2245 2648 solum
2265 2623 2341 2647 etiam
2361 2623 2392 2649 C.

1522 2657 1550 2691 φ)
1569 2657 1684 2682 aliorum
1699 2657 1991 2689 praedicamentorum.
2008 2671 2027 2676 -
2045 2658 2122 2683 aliud
2141 2658 2425 2690 praedicamentorum
2445 2659 2539 2688 Peab.

1468 2697 1494 2717 et
1506 2692 1540 2717 ita
1554 2697 1659 2724 postea;
1678 2692 1723 2717 ubi
1737 2693 1760 2717 A
1773 2693 1866 2726 pergit:
1885 2700 1946 2718 cum
1964 2693 2000 2718 sit
2014 2693 2040 2718 in
2053 2693 2177 2726 potentia
2191 2700 2237 2718 ens
2250 2693 2301 2724 hoe
2312 2694 2385 2726 quod
2396 2697 2437 2719 est
2450 2694 2542 2728 (quod

1467 2731 1507 2753 est
1521 2728 1598 2752 etiam
1611 2728 1685 2760 Cab)
1703 2728 1853 2753 substantia
1868 2731 1894 2753 et
1906 2728 1959 2759 (sit
1971 2728 2043 2760 Cab)
2062 2735 2109 2754 ens
2126 2728 2290 2761 simpliciter,
2311 2729 2351 2754 ita
2363 2731 2452 2755 tamen
2467 2729 2554 2763 quod*

1468 2770 1520 2787 non
1540 2766 1581 2788 est
1598 2763 1657 2795 (est
1675 2763 1751 2788 etiam
1771 2763 1843 2795 Cab)
1861 2763 2030 2796 simpliciter,
2051 2764 2120 2790 idest
2145 2764 2171 2790 in
2190 2767 2266 2794 actu,
2286 2771 2371 2797 neque
2394 2765 2451 2796 hoc,
2471 2765 2541 2792 idm

1467 2798 1625 2827 substantia.
1645 2805 1728 2831 neque
1746 2806 1801 2824 ens.

1520 2834 1549 2869 χ)
1568 2837 1666 2859 autem.
1678 2848 1697 2853 —
1710 2834 1780 2859 enim
1795 2832 1821 2859 A
1835 2841 1887 2859 non
1901 2834 1975 2865 bene,
1995 2842 2057 2860 nam
2075 2835 2161 2860 minor
2179 2835 2324 2868 argumenti
2343 2835 2542 2862 summitur.-

1467 2869 1545 2894 huius
1563 2877 1616 2894 om.
1637 2869 1723 2895 PCab.

1520 2903 1548 2938 ψ)
1567 2905 1616 2930 sed
1629 2908 1668 2930 est
1681 2905 1707 2930 in
1722 2905 1854 2937 potentia.
1867 2919 1886 2924 -
1900 2905 2001 2938 Nempe
2015 2905 2083 2931 illud
2099 2913 2138 2931 ex
2151 2913 2203 2939 quo
2216 2909 2364 2940 generatur
2378 2905 2541 2937 substantia,

1466 2941 1537 2972 quod
1551 2940 1598 2965 fuit
1613 2940 1689 2965 etiam
1709 2941 1854 2966 subiectum
1873 2944 1913 2966 est
1931 2941 2123 2974 praecedentis;
2142 2941 2287 2966 secundum
2301 2944 2365 2966 sunt
2378 2941 2404 2966 in
2414 2942 2543 2974 potentia

1467 2976 1507 3000 ed.
1526 2983 1551 3004 a,
1571 2976 1618 3000 sed
1642 2979 1704 3001 sunt
1730 2976 1756 3001 in
1771 2976 1896 3009 potentia
1921 2976 1988 3002 PCb.
2007 2990 2026 2996 -
2044 2977 2095 3001 Pro
2113 2976 2235 3010 sequitur
2249 2976 2349 3009 primo,
2369 2977 2490 3010 sequitur
2509 2977 2539 3004 id

1466 3011 1571 3043 quidem
1591 3012 1623 3036 A.

1519 3046 1551 3079 ω)
1576 3046 1732 3072 timuerunt.
1750 3060 1770 3066 -
1788 3046 1915 3072 timebant
1940 3047 1981 3078 Α,
2010 3050 2154 3072 tenuerunt
2177 3047 2225 3072 Ca.
2242 3061 2262 3067 -
2283 3047 2348 3073 Post
2366 3047 2538 3081 philosophi.

1466 3082 1508 3106 ed.
1526 3089 1543 3106 a
1562 3081 1631 3107 aduit
1655 3082 1770 3112 scilicet‚·
1794 3090 1842 3114 pro
1866 3089 1905 3107 ex
1929 3083 2015 3112 nullo,
2035 3089 2073 3108 ex
2096 3082 2178 3108 nihilo
2198 3083 2271 3112 Ααὸ,·
2298 3090 2347 3116 pro
2371 3083 2442 3116 quod
2466 3083 2538 3109 enim

1467 3125 1518 3142 non
1538 3120 1578 3177 εὲἰ
1596 3125 1642 3143 ens
1665 3121 1740 3147 actu,
1763 3118 1836 3150 quod
1858 3121 1898 3143 est
1922 3125 1973 3143 non
1999 3125 2045 3144 ens
2068 3121 2130 3144 actu
2149 3119 2184 3148 A,
2210 3121 2236 3144 et
2260 3118 2333 3151 quod
2357 3125 2409 3144 non
2433 3121 2475 3144 est
2491 3124 2540 3144 ens

1466 3155 1528 3177 actu
1569 3159 1595 3177 a.

1467 3223 1486 3248 d
1520 3188 1566 3220 αα)
1578 3188 1657 3248 Ρςῖοά
1674 3188 1782 3214 scilicet.
1795 3203 1814 3208 —
1828 3188 1927 3214 scilicet
1945 3196 1999 3214 om.
2013 3189 2044 3214 A.
2060 3201 2079 3207 -
2091 3189 2142 3214 Pro
2161 3189 2231 3215 idest
2248 3189 2405 3220 accidentia,
2425 3191 2452 3215 et
2468 3188 2541 3216 aeci-

1486 3223 1558 3248 entia
1616 3242 1622 3248 .
1783 3243 1790 3250 .

1385 3410 1492 3464 (Ἄρ

2563 841 2676 896 prlduffm.
2678 847 2782 891 Ίκαῖυ-

2593 1651 2635 1668 enu
2648 1651 2697 1668 om.
2712 1645 2782 1670 reah.

2566 2169 2577 2180 ·
2591 2168 2664 2192 Nun.
2679 2168 2709 2192 6..

2657 2205 2694 2223 αα

2568 2436 2578 2446 ·
2593 2435 2664 2458 Num.
2678 2441 2709 2463 7-
