2782 4134
1114 288 1225 325 CAP.
1255 289 1362 335 XIII,
1392 287 1544 325 LECT.
1574 288 1664 324 XXI

2409 291 2483 326 203

891 521 1194 577 LECTIO
1231 524 1892 580 VIGESIMAPRIMA

707 686 920 718 DIVERSAE
940 686 1171 718 OPINIONES
1194 688 1251 718 DE
1274 688 1418 727 MOTU,
1443 689 1606 726 QUIETE
1630 690 1688 720 ET
1712 690 1874 722 FIGURA
1897 691 2072 722 TERRAE

295 822 415 868 ὁμοίως
443 816 482 854 δὲ
514 823 573 875 καὶ
606 823 681 867 περὶ
715 823 819 866 μονῆς
850 824 908 854 καὶ
941 822 1103 861 κινήσεως
1115 836 1122 843 ·
1151 824 1188 855 οὑ
1214 823 1279 869 γοὶρ
1306 824 1365 856 τὸν
1420 827 1438 846 *
1457 828 1606 859 Similiter
1622 837 1729 861 autem
1742 838 1772 861 et
1785 832 1823 862 de
1839 832 2004 863 mansione
2021 839 2052 864 et
2065 839 2167 864 motu.
2183 833 2258 863 Non
2274 833 2359 863 enim
2375 832 2490 863 eodem
2517 840 2528 850 ⁸
2549 839 2604 867 Seq.
2622 845 2674 867 cap.
2688 846 2729 862 xm

360 865 469 899 αὐτόν
495 877 622 911 τροπον
654 865 807 905 ἅπαντες
840 867 1163 910 ὑπολαμβάνουσιν,
1192 866 1264 900 ἀλλ’
1295 868 1366 900 ὅσοι

360 911 420 955 μὲν
445 907 523 954 μηδ’
551 909 608 943 ἐπὶ
634 912 702 944 τοῦ·
727 911 831 956 μέσου
863 911 995 944 κεῖσθαί
1026 924 1125 957 φασιν
1153 913 1286 954 αὐτ-όν,
1318 925 1367 944 κι-

360 954 488 988 νεῖσθαι
513 954 622 997 κύκλῳ
649 957 724 1000 περὶΙ
750 957 792 989 τό
817 956 934 1001 μέσον,
961 957 999 989 οὗ
1024 957 1125 1002 μόνον
1151 953 1189 990 δὲ
1214 958 1366 1000 ταύτην,

362 1000 455 1033 ἄλλα
482 1002 541 1032 καὶ
567 1001 631 1038 τήν
666 1000 874 1046 ἀντίχθονα,
899 1000 1058 1047 καθάπερ
1082 1004 1220 1047 εἴπομεν
1246 1002 1370 1048 πρότε-

360 1056 430 1088 ρον.
461 1045 583 1084 Ἐνίοις
614 1041 652 1078 δὲ
681 1044 776 1078 δοκεῖ
806 1049 864 1078 καὶ
896 1048 1000 1079 πλείω
1033 1046 1182 1092 σώματα
1214 1048 1367 1081 τοιαῦτα

361 1084 559 1134 ἐνδέχεσθαι
584 1089 740 1135 φέρεσθαι
767 1093 841 1134 περὶ
867 1091 908 1124 τὰ
933 1091 1057 1136 μέσον,
1083 1093 1163 1135 ἡμῖν
1188 1087 1226 1124 δέ
1254 1088 1367 1130 ἄδηλα

360 1130 510 1171 Sida-riv
535 1134 778 1178 ἑπιπρόσθησιν
804 1136 868 1173 τῆς
893 1138 970 1182 γῆς.

293 1178 351 1210 Διὸ
375 1181 434 1211 καὶ
457 1179 525 1217 τοὶς
547 1181 610 1218 τῆς
635 1180 778 1219 σελήνης
809 1181 972 1225 ἐκλείψεις
1005 1182 1140 1218 πλείους
1166 1179 1187 1217 ἦ
1215 1181 1278 1218 τοὶς
1304 1181 1367 1214 τοῦ

206 1257 230 1260 ,-
243 1258 246 1259 ⁷
259 1224 465 1261 almificae
484 1224 804 1279 γ’ίγνεσθαί.φο,ισιν·
832 1226 900 1257 τῶν
920 1224 1367 1280 γοὶριφερομένωνῃὲκαστον

363 1269 607 1313 ἀντιφραττειν
634 1281 762 1312 αυτην,
791 1270 865 1302 ἀλλ’
894 1272 933 1303 οὐ
958 1282 1060 1315 μονον
1086 1282 1150 1307 την
1175 1282 1254 1316 γην.

287 1311 386 1345 Ἐπεὶ
410 1314 475 1359 γὰρ
502 1313 562 1347 οὐκ
587 1314 681 1346 ἔστιν
700 1315 721 1352 ἡ
739 1316 785 1362 γῆ
809 1314 964 1360 κέντρον,
984 1315 1060 1348 ἀλλ’
1081 1313 1205 1359 ἀπέχει
1230 1314 1272 1347 τὸ
1293 1315 1369 1358 ἡμι-

362 1360 514 1402 σφαίριον
541 1359 652 1397 αὐτῆς
679 1357 770 1402 ὅλον,
791 1358 888 1392 ου’θέν
913 1358 1054 1392 κωλύειν
1072 1361 1204 1391 οἴονται
1226 1358 1275 1391 τοὶ
1294 1370 1369 1403 φαι-

361 1404 487 1445 νόμενα
512 1403 707 1448 συμβαίνειν
741 1405 862 1447 ὁμοίως
887 1405 934 1448 μή
962 1404 1182 1437 κατοικοῦσιν
1207 1403 1287 1446 ἡμῖν
1314 1404 1368 1435 ἐπὶ

362 1447 427 1479 τοῦ
449 1446 605 1493 κέντρου,
624 1447 736 1493 ὥσπερ
759 1447 824 1481 κᾶν
848 1449 877 1480 εἰ
901 1450 957 1481 ἐπὶ
983 1449 1046 1481 τοῦ
1071 1448 1175 1493 μέσου
1201 1445 1241 1486 ἦν
1264 1448 1284 1484 ἡ
1302 1448 1367 1493 γῆ·

363 1490 460 1524 οὐθέν
484 1493 551 1539 γσὶρ
584 1487 664 1525 οὐδὲ
686 1494 745 1524 νῦν
776 1497 884 1526 ποιεῖν
916 1489 1079 1531 ἐπίδηλον
1113 1492 1177 1529 τήν
1210 1494 1368 1536 ἡμίσειαν

365 1536 566 1581 ἀπέχοντας
592 1538 683 1581 ἡμᾶς
707 1534 904 1582 διάμετρον.

286 1578 393 1613 Ἔνιοι
424 1577 463 1614 δὲ
492 1584 551 1614 καὶ
582 1581 739 1624 κειμένην
768 1583 826 1615 ἐπὶ
854 1582 918 1615 τοῦ
949 1580 1090 1626 κέντρου
1123 1583 1222 1627 φασὶν
1256 1581 1367 1618 αὐτήν

359 1625 513 1658 ἴλλεσθαι
548 1628 622 1669 περὶ
657 1626 718 1659 τόν
752 1623 812 1659 δια
845 1626 976 1665 παντὸς
1013 1627 1204 1670 τεταμένον
1242 1626 1367 1667 πόλον,

361 1668 472 1716 ὥσπερ
497 1671 531 1703 ἐν
557 1671 606 1712 τῷ
630 1671 760 1715 Τιμαίῳ
810 1670 996 1718 έγραπται.

292 1713 544 1758 Παραπλησίως
573 1712 612 1748 δὲ
642 1717 700 1747 καὶ
731 1684 806 1761 rep-i
835 1716 900 1749 τοῦ
929 1715 1112 1760 σχήματος
1146 1715 1368 1760 ἀμφισβητεῖ·-

362 1770 441 1792 ται·
467 1764 541 1798 τοῖς
565 1759 626 1804 μὲν
650 1760 715 1805 γοίρ
741 1757 836 1793 δοκεῖ
858 1757 945 1792 εἶναι
969 1756 1205 1806 σφαιροειδής,
1233 1764 1305 1797 τοῖς
1331 1754 1369 1791 δὲ

361 1806 516 1837 πλατεῖα
538 1807 598 1837 καὶ
624 1807 666 1838 τό
691 1806 811 1851 σχῆμα
837 1801 1111 1849 τυμπανοειδής·

294 1849 477 1882 ποιοῦνται
509 1843 547 1882 δέ
580 1849 764 1895 τεκμήριον
799 1849 853 1883 ὅτι
886 1846 993 1882 δόνων
1028 1853 1086 1883 καὶ
1121 1848 1318 1883 ἀνατέλλων
1353 1848 1369 1879 ὀ

361 1892 455 1932 ἥλιος
482 1893 614 1927 εὐθεῖαν
646 1897 706 1926 καὶ
733 1894 770 1927 οὐ
796 1895 956 1940 περιφερῆ
983 1894 1047 1932 τήν
1076 1892 1262 1939 ἀπόκρυψιν
1294 1894 1370 1937 φαί-

361 1949 459 1971 νεται
491 1938 692 1983 ποιούμενος
718 1939 784 1972 ὑπὸ
817 1940 880 1978 τῆς
905 1939 988 1986 γῆς,
1014 1940 1058 1977 ὠς
1083 1935 1181 1981 δέον,
1209 1941 1302 1983 εἴπερ
1328 1935 1368 1976 ἦν

361 1978 596 2026 σφαιροειδής,
624 1985 784 2028 περιφερῆ
808 1986 961 2031 γίνεσθαι
986 1984 1050 2021 τήν
1078 1982 1281 2028 ἀποτομήν,

295 2022 334 2057 οὗ
359 2027 661 2074 προσλογιζόμενον.
693 2027 736 2061 τό
767 2041 806 2062 τε
838 2028 1030 2073 ἀπόστημα
1060 2029 1124 2061 τοῦ
1156 2030 1254 2066 ἡλίου
1287 2027 1368 2070 πρὸς

361 2072 428 2109 τὴν
451 2074 515 2118 γῆν
540 2075 599 2105 καὶΙ
625 2073 666 2107 τὸ
693 2074 757 2110 τῆς
782 2076 990 2119 περιφερείας
1009 2073 1164 2120 μέγεθος,
1183 2074 1225 2111 ὠς
1244 2072 1277 2105 ἑν
1296 2076 1367 2110 τοῖς

361 2117 574 2192 ξαινομένοις
599 2122 726 2174 μικροῖς
757 2118 892 2156 κύκλοις
918 2118 1032 2150 εὐθεῖα
1056 2120 1217 2163 φαίνεται
1242 2116 1370 2161 πόρρω·

381 2173 427 2193 εν.
455 2162 520 2194 Δισί
543 2161 603 2206 μὲν
629 2174 686 2195 ουν
712 2162 847 2200 ταύτην
875 2163 939 2200 τήν
965 2165 1160 2207 φαντασίαν
1187 2157 1283 2194 οὐδὲν
1310 2161 1369 2192 αὐ-

362 2206 442 2259 τοῦς
476 2207 633 2240 ἀπιστεῖν
664 2203 718 2238 δεῖ
746 2207 794 2250 μή
829 2208 1020 2251 κυκλοτερῆ
1053 2206 1114 2239 τὸν
1148 2206 1248 2253 ὄγκον
1281 2202 1368 2237 εἶναι

362 2262 425 2288 της
450 2262 533 2298 γης·

271 2333 278 2336 ,
297 2291 371 2328 ἀλλ’
393 2294 447 2328 ἔτι
471 2293 708 2349 πρρστιθέασι,
733 2297 792 2327 καὶ
817 2298 898 2351 φασὶ
923 2290 983 2327 διαὶ
1007 2295 1072 2332 τήν
1097 2295 1240 2338 ἠρεμίαν
1263 2294 1368 2340 ἀναγ-

362 2343 460 2372 καῖον
486 2352 527 2373 το
552 2340 672 2385 σχῆμα
698 2338 796 2372 τοῦτ’
819 2351 906 2386 εχειν
933 2337 1059 2377 αὐτήν.
1086 2341 1153 2371 Καὶ
1177 2339 1242 2386 γὰρ
1267 2334 1312 2375 δή
1338 2341 1368 2370 οἰ

363 2386 438 2429 περὶ
463 2386 528 2423 τῆς
557 2384 719 2426 κινήσεως
750 2387 809 2416 καὶ
834 2385 897 2423 τῆς
920 2385 1025 2426 μονῆς
1051 2383 1216 2429 εἰρημένοι
1246 2383 1368 2428 τρόποι

363 2430 483 2461 πολλοὶ
509 2428 751 2476 τυγχάνουσιν.

350 2527 501 2555 ΞΥΝοΡεῙε.
519 2543 554 2548 -
576 2536 600 2555 1.
615 2528 830 2564 Argumentum
851 2532 879 2555 et
893 2525 996 2555 divisio
1010 2532 1112 2554 textus.
1129 2542 1148 2548 -
1163 2533 1190 2554 2.
1210 2525 1369 2563 Opiniones

296 2567 333 2595 de
354 2572 432 2595 motu
454 2572 483 2595 et
503 2567 598 2604 quiete
619 2572 728 2595 terrae.
743 2583 764 2587 -
778 2566 836 2602 Qui
857 2573 965 2594 terram
979 2566 1010 2594 in
1024 2566 1122 2594 medio
1136 2575 1199 2594 non
1213 2565 1368 2600 collocant,

295 2606 390 2643 ipsam
411 2606 487 2635 circa
506 2607 637 2636 medium
666 2606 768 2635 mundi
794 2606 905 2635 moveri
927 2606 1045 2643 dicunt,
1074 2605 1148 2634 sicut
1175 2605 1367 2643 Pythagorici.

297 2646 355 2682 Qui
376 2652 405 2675 et
425 2646 511 2675 aliam
532 2653 646 2684 praeter
665 2653 797 2675 nostram
817 2653 933 2682 terram,
952 2646 1027 2674 circa
1042 2645 1171 2674 medium
1192 2655 1294 2682 gyrare
1314 2654 1369 2682 po-

296 2691 385 2715 nunt:
408 2693 437 2714 et
456 2687 513 2715 hoc
533 2693 566 2715 ut
579 2696 738 2724 corporum
759 2685 1032 2724 quae‘circulariter
1052 2692 1214 2721 moventur,
1232 2685 1367 2714 denarius

296 2735 436 2758 numerus
450 2727 640 2763 compleatur,
655 2733 724 2755 octo
738 2735 863 2763 corpora
877 2726 1009 2755 caelestia
1023 2726 1232 2762 computando.
1246 2726 1368 2753 -Immo

296 2766 406 2795 horum
426 2767 546 2804 quidam
559 2767 656 2803 plures
677 2776 739 2795 esse
759 2773 850 2795 terras
871 2766 1046 2795 circulariter
1073 2772 1168 2794 motas
1189 2771 1329 2800 asserunt,
1351 2774 1370 2793 a

296 2805 382 2835 nobis
409 2812 508 2835 tamen
534 2815 587 2843 per
613 2813 731 2835 nostrae
758 2813 852 2835 terrae
880 2806 1131 2843 interpositionem
1161 2805 1327 2834 occultatas.
1349 2821 1369 2826 -

299 2846 324 2874 3.
341 2845 434 2874 Huius
448 2847 567 2875 ultimae
581 2846 728 2884 opinionis
745 2846 879 2883 probatio
900 2846 964 2875 talis
985 2846 1110 2874 affertur.
1126 2845 1235 2873 Pluries
1250 2844 1370 2882 eclipsa-

296 2892 344 2914 tur
363 2886 434 2915 luna
451 2896 540 2924 quam
554 2887 612 2915 sol:
634 2887 692 2915 hoc
713 2893 810 2915 autem
832 2886 947 2924 signum
968 2893 1011 2915 est
1031 2885 1136 2914 multas
1156 2891 1247 2913 terras
1269 2885 1369 2913 lunam

298 2926 490 2962 obumbrare,
519 2936 586 2955 cum
615 2936 631 2955 e
652 2935 794 2955 converso
824 2935 884 2954 una
911 2926 947 2954 sit
974 2926 1044 2954 luna
1065 2926 1157 2954 solem
1179 2925 1328 2961 eclipsans.
1351 2941 1369 2946 -

298 2966 421 2995 Solutio.
442 2966 556 2995 Accidit
579 2966 686 3004 pluries
708 2966 839 3003 eclipsari
860 2966 960 2995 lunam
979 2975 1068 3003 quam
1087 2965 1189 3001 solem,
1212 2965 1280 3002 quia
1301 2964 1369 2992 solis

298 3005 411 3042 eclipsis
441 3013 560 3043 propter
581 3006 775 3035 diversitatem
803 3012 936 3043 aspectus
963 3006 1135 3043 plerumque
1162 3004 1328 3041 impeditur.
1350 3021 1370 3025 -

296 3055 326 3081 4.
349 3046 460 3075 Contra
475 3047 683 3084 Pythagoricos
704 3046 791 3075 obiici
811 3053 908 3083 potest
922 3047 1012 3083 quod,
1035 3046 1059 3074 si
1071 3053 1148 3074 terra
1168 3055 1230 3074 non
1251 3050 1325 3073 esset
1338 3043 1370 3071 in

298 3086 396 3115 medio
417 3087 529 3123 mundi,
547 3087 670 3116 horizon
694 3096 756 3115 non
780 3095 895 3123 semper
918 3093 1027 3114 secaret
1053 3092 1146 3115 totam
1167 3086 1320 3122 sphaeram
1338 3083 1369 3111 in

298 3126 358 3154 duo
386 3126 492 3155 media.
509 3144 529 3149 —
551 3127 779 3163 Respondebam
809 3127 922 3154 caelum
950 3135 987 3154 eo
1001 3127 1094 3154 modo
1120 3134 1259 3162 apparere
1282 3123 1370 3152 nobis

297 3165 328 3194 in
354 3172 448 3195 terrae
476 3167 627 3204 superficie
654 3166 870 3202 habitantibus,
902 3165 976 3194 sicut
1001 3165 1026 3194 si
1051 3175 1180 3194 essemus
1210 3165 1241 3192 in
1268 3170 1368 3192 centro

297 3206 416 3242 mundi,
438 3215 504 3235 cum
532 3213 631 3235 tamen
652 3207 682 3235 in
703 3206 857 3243 hypothesi
885 3205 987 3234 mundi
1016 3212 1147 3234 centrum
1168 3214 1230 3233 non
1251 3204 1287 3232 sit
1307 3209 1369 3231 tota

297 3252 388 3283 terra,
410 3247 461 3274 sed
481 3247 578 3284 ipsum
598 3253 691 3275 terrae
713 3253 854 3281 centrum,
876 3246 956 3283 quod
970 3254 988 3273 a
1006 3245 1092 3274 nobis
1113 3254 1165 3282 per
1185 3243 1368 3280 hemisphae-

297 3285 374 3314 rium
395 3287 497 3316 distat:
527 3287 610 3324 quod
630 3286 745 3324 signum
773 3292 816 3314 est
836 3285 1004 3322 apparentia
1026 3285 1128 3313 eadem
1149 3293 1268 3321 prorsus
1289 3283 1366 3317 fore,

298 3325 322 3354 si
342 3332 418 3355 terra
438 3334 500 3356 tota
520 3332 600 3355 extra
619 3326 750 3354 medium
771 3331 854 3360 esset,
884 3334 918 3353 ac
945 3325 969 3352 si
997 3331 1071 3352 esset
1098 3324 1129 3352 in
1156 3323 1265 3352 medio.
1281 3339 1300 3344 -
1314 3324 1369 3350 Per

297 3366 374 3395 hane
386 3367 608 3403 responsionem
629 3375 691 3394 non
712 3365 832 3394 solvitur
845 3362 1009 3392 difficultas.
1030 3363 1092 3391 Etsi
1108 3363 1187 3392 enim
1201 3361 1369 3399 apparentia

1488 874 1588 904 modo
1613 884 1726 905 omnes
1750 876 1966 916 suspicantur:
1992 877 2047 908 sed
2070 877 2265 918 quicumque
2289 877 2420 918 quidem
2436 887 2489 907 ne-

1488 927 1552 958 que
1567 918 1600 948 in
1617 919 1724 949 medio
1741 920 1834 960 poni,
1851 921 1939 952 aiunt
1954 922 2057 961 ipsam
2073 921 2194 952 moveri
2213 921 2247 952 in
2263 921 2394 952 cir'cuitu
2410 921 2490 952 circa

1489 963 1654 1002 medium;
1678 973 1745 994 non
1769 964 1876 995 solum
1899 973 2007 996 autem
2029 966 2121 1004 hanc,
2146 966 2202 996 sed
2221 973 2251 997 et
2273 965 2489 1004 antichthona,

1489 1007 1766 1047 quemadmodum
1781 1009 1916 1040 diximus
1935 1011 2032 1050 prius.
2055 1011 2256 1048 Quibusdam
2277 1017 2385 1041 autem
2406 1010 2490 1040 vide-

1488 1059 1541 1083 tur
1557 1059 1587 1083 et
1603 1053 1695 1092 plura
1712 1063 1846 1093 corpora
1862 1054 1936 1084 talia
1955 1054 2135 1094 contingere
2150 1054 2222 1085 ferri
2239 1054 2319 1085 circa
2334 1054 2489 1094 medium,

1489 1096 1582 1127 nobis
1606 1097 1818 1128 immanifesta
1841 1105 1970 1139 propter
1986 1099 2275 1139 superpositionem
2291 1106 2400 1130 terrae.

1422 1184 1556 1224 Propter
1579 1185 1668 1225 quod
1691 1191 1722 1215 et
1744 1185 1839 1215 lunae
1863 1185 1993 1226 eclipses
2016 1186 2122 1226 plures
2145 1196 2243 1227 quam
2266 1186 2341 1217 solis
2360 1185 2426 1217 fieri
2441 1187 2490 1217 in-

1490 1229 1623 1269 quiunt:
1647 1229 1788 1260 latorum
1812 1229 1898 1260 enim
1914 1231 2171 1271 unumquodque
2194 1231 2352 1262 occultare
2375 1231 2489 1271 ipsam,

1490 1273 1545 1303 sed
1569 1283 1635 1304 non
1660 1274 1762 1304 solam
1785 1280 1910 1305 terram.

1423 1317 1589 1355 Quoniam
1612 1318 1698 1348 enim
1721 1328 1787 1349 non
1812 1325 1858 1349 est
1881 1325 1961 1349 terra
1985 1326 2139 1358 centrum,
2164 1320 2219 1350 sed
2242 1318 2336 1351 distat
2358 1330 2414 1360 per
2436 1320 2490 1350 he-

1490 1362 1720 1403 misphaerium
1742 1362 1842 1403 ipsius
1866 1370 1982 1401 totum,
2007 1363 2085 1393 nihil
2108 1364 2275 1404 prohibere
2298 1371 2412 1404 putant
2435 1374 2491 1405 ap-

1489 1407 1631 1447 parentia
1659 1407 1798 1438 accidere
1828 1407 1971 1438 similiter
2003 1417 2068 1438 non
2101 1408 2314 1439 habitantibus
2344 1408 2435 1439 nobis
2458 1408 2491 1438 in

1491 1459 1611 1491 centro,
1635 1452 1912 1493 quemadmodum
1932 1459 1962 1483 et
1980 1452 2006 1482 si
2022 1452 2055 1482 in
2071 1453 2178 1483 medio
2198 1460 2278 1484 esset
2296 1459 2392 1484 terra:
2413 1453 2492 1483 nihil

1491 1496 1576 1526 enim
1600 1506 1704 1537 neque
1728 1506 1814 1527 nunc
1842 1496 1942 1527 facere
1965 1496 2172 1527 manifestum
2203 1507 2259 1538 per
2290 1497 2492 1528 medietatem

1491 1540 1609 1571 distans
1633 1541 1672 1571 ab
1696 1540 1745 1571 his
1768 1551 1850 1581 quae
1874 1540 2027 1572 diametri.

1425 1585 1566 1623 Quidam
1589 1592 1698 1616 autem
1722 1592 1752 1616 et
1774 1585 1914 1626 positam
1936 1585 1970 1615 in
1994 1591 2101 1616 centro
2126 1585 2235 1616 dicunt
2253 1585 2356 1626 ipsam
2374 1585 2492 1616 revolvi

1491 1636 1522 1660 et
1551 1629 1673 1660 moveri
1705 1629 1786 1660 circa
1819 1639 1894 1659 eum
1927 1629 1982 1670 qui
2015 1639 2140 1670 semper
2170 1637 2324 1661 statutum
2355 1630 2492 1670 polum,

1492 1674 1769 1715 quemadmodum
1791 1674 1824 1704 in
1847 1673 1983 1704 Timaeo
2008 1674 2162 1714 scriptum
2185 1681 2240 1705 est.

1423 1716 1439 1733 *
1455 1718 1606 1750 Similiter
1629 1724 1736 1749 autem
1752 1725 1783 1749 et
1802 1718 1841 1748 de
1857 1717 1957 1759 figura
1981 1718 2155 1749 dubitatur:
2180 1719 2229 1748 his
2253 1719 2384 1760 quidem
2408 1719 2493 1749 enim

1491 1763 1615 1794 videtur
1639 1772 1706 1793 esse
1730 1762 1911 1803 sphaerica,
1939 1763 1988 1793 his
2011 1769 2119 1793 autem
2145 1764 2208 1794 lata
2236 1770 2266 1794 et
2287 1762 2388 1803 figura
2411 1770 2492 1804 tym-

1491 1808 1616 1848 panilis.

1424 1852 1559 1884 Faciunt
1587 1859 1695 1883 autem
1724 1858 1964 1892 argumentum,
1995 1851 2071 1892 quia
2093 1851 2240 1882 occidens
2263 1859 2294 1883 et
2317 1852 2421 1882 oriens
2445 1852 2494 1882 sol

1491 1904 1620 1935 rectam,
1638 1903 1668 1927 et
1684 1906 1750 1926 non
1767 1895 1950 1927 circularem
1974 1896 2220 1927 occultationem
2238 1896 2362 1927 videtur
2377 1896 2493 1927 faciens

1492 1951 1510 1971 a
1525 1947 1623 1972 terra:
1649 1947 1803 1981 tanquam
1827 1946 2065 1982 opportunum,
2090 1941 2115 1971 si
2139 1940 2270 1982 quidem
2286 1947 2367 1971 esset
2382 1941 2492 1981 sphae-

1491 1985 1565 2024 rica,
1590 1985 1774 2016 circularem
1797 1984 1863 2015 fieri
1887 1984 2123 2016 abscissionem.

2517 869 2539 888 et
2554 869 2609 888 text.
2624 872 2658 894 75.

2521 1724 2530 1732 ·
2544 1722 2612 1744 Text.
2628 1722 2665 1750 76.

1423 2030 1499 2061 Non
1523 2030 1719 2061 attendentes
1750 2029 1986 2070 elongationem
2010 2029 2086 2060 solis
2109 2029 2149 2060 ad
2172 2036 2304 2068 terram,
2329 2036 2360 2060 et
2382 2036 2493 2060 rotun·
2534 2052 2540 2055 -

1492 2074 1598 2106 ditatis
1621 2074 1891 2115 magnitudinem;
1919 2074 2091 2115 ⁴quor-nodo
2114 2074 2148 2104 in
2172 2073 2395 2114 apparentibus
2424 2084 2493 2114 par-

1491 2119 1538 2150 vis
1558 2119 1681 2150 circulis
1704 2125 1788 2150 recta
1810 2118 1935 2149 videtur
1950 2129 1968 2148 a
1983 2118 2089 2158 longe.
2111 2119 2244 2158 Propter
2266 2118 2347 2149 hanc
2363 2118 2494 2159 quidem

1436 2198 1437 2201 Ἰ
1490 2163 1586 2204 igitur
1609 2163 1808 2204 phantasiam
1837 2162 1915 2193 nihil
1943 2163 2031 2203 ipsos
2055 2162 2228 2193 discredere
2252 2169 2398 2203 oportet,
2427 2173 2493 2193 non

1491 2208 1663 2238 rotundam
1686 2208 1807 2238 molem
1831 2217 1897 2238 esse
1921 2214 2030 2238 terrae.

1424 2296 1486 2327 Sed
1509 2296 1613 2326 adhuc
1637 2302 1820 2336 apponunt,
1851 2302 1882 2326 et
1905 2295 2015 2326 dicunt
2037 2302 2168 2335 propter
2189 2294 2330 2336 quietem
2352 2305 2492 2325 necessa-

1490 2340 1575 2370 rium
1598 2339 1734 2380 figuram
1757 2340 1838 2370 hanc
1861 2340 1975 2370 habere
1998 2339 2112 2380 ipsam.
2136 2339 2264 2370 Etenim
2288 2339 2327 2370 de
2350 2346 2442 2370 motu
2462 2346 2494 2370 et

1491 2385 1658 2415 mansione
1682 2384 1756 2415 dicti
1779 2384 1868 2414 modi
1892 2383 1985 2415 multi
2009 2384 2154 2415 existunt.

1424 2525 1526 2554 eadem
1548 2525 1725 2554 salvarentur
1746 2525 1776 2553 in
1802 2525 1918 2553 modica
1939 2525 2088 2560 distantia,
2117 2534 2179 2553 non
2206 2531 2305 2552 tamen
2326 2524 2356 2552 in
2377 2532 2491 2562 magna.

1424 2567 1590 2601 Praeterea,
1613 2566 1758 2602 quaedam
1779 2565 1949 2602 apparentia
1969 2565 1999 2593 in
2016 2574 2090 2602 quae
2111 2565 2181 2593 nihil
2202 2571 2339 2600 operatur
2360 2571 2492 2601 aspectus

1423 2612 1531 2641 noster,
1546 2615 1607 2633 non
1629 2606 1815 2641 salvarentur,
1830 2611 1901 2642 puta
1915 2606 2058 2642 quaedam
2081 2614 2156 2642 quae
2177 2603 2312 2633 accidunt
2332 2604 2407 2633 circa
2426 2604 2494 2633 ecli-

1423 2655 1490 2682 pses
1510 2645 1605 2674 lunae.
1620 2662 1639 2666 —
1656 2646 1682 2674 5.
1696 2645 1753 2673 Alii
1775 2645 1908 2674 dicebant
1929 2652 2034 2674 terram
2056 2645 2086 2673 in
2107 2644 2205 2673 medio
2226 2645 2365 2682 positam,
2382 2644 2492 2672 moveri

1424 2692 1452 2713 et
1472 2685 1580 2714 revolvi
1595 2684 1670 2714 circa
1690 2694 1773 2714 axem
1788 2685 1905 2719 mundi,
1926 2692 1959 2713 ut
1980 2685 2009 2713 in
2036 2685 2153 2713 Timaeo
2174 2685 2313 2722 scriptum
2334 2690 2418 2712 est.—
2431 2685 2491 2712 Du-

1423 2725 1530 2753 bitatur
1543 2734 1581 2754 an
1594 2725 1763 2754 Aristoteles
1778 2725 1907 2754 Platonis
1925 2726 2013 2754 verba
2032 2725 2111 2753 iuxta
2124 2725 2185 2753 eius
2199 2732 2327 2754 mentem
2342 2724 2491 2760 acceperit,

1423 2771 1578 2802 propterea
1591 2766 1672 2803 quod
1693 2765 1724 2794 in
1745 2765 1900 2794 Phaedone
1922 2765 2010 2794 sumit
2023 2774 2126 2793 vocem
2148 2765 2315 2794 illomenum
2331 2765 2368 2792 ad
2382 2763 2490 2801 signifi-

1423 2806 1550 2834 candum
1571 2805 1776 2843 alligationem,
1798 2814 1928 2834 asserens
1949 2812 2055 2833 terram
2078 2805 2107 2832 in
2129 2805 2226 2833 medio
2247 2804 2442 2842 quiescentem
2462 2810 2490 2831 et

1424 2845 1507 2882 quasi
1526 2845 1653 2882 ligatam.
1663 2861 1682 2866 —
1696 2845 1809 2874 Solutio
1823 2845 1987 2880 Alexandri,
2003 2854 2020 2873 a
2035 2844 2182 2881 Simplicio
2198 2844 2423 2881 quadrupliciter
2435 2843 2490 2870 im-

1416 2886 1556 2922 probata.
1573 2902 1591 2907 -·
1609 2885 1725 2922 Triplex
1746 2885 1898 2922 responsio
1916 2886 1953 2913 ad
1975 2884 2184 2912 dubitationem
2206 2891 2326 2912 motam.
2338 2900 2357 2904 -
2372 2884 2398 2911 6.
2420 2882 2489 2919 Opi-

1424 2925 1525 2953 niones
1539 2925 1575 2953 de
1582 2925 1690 2964 figura
1705 2931 1813 2953 terrae.
1825 2925 1951 2960 Quidam
1966 2924 2130 2952 tribuebant
2143 2930 2235 2952 terrae
2249 2924 2371 2960 figuram
2385 2922 2488 2958 sphae-

1423 2965 1533 3000 ricam3
1556 2965 1675 3001 quidam
1696 2965 1784 2993 latam
1805 2965 1843 2993 ad
1865 2966 1987 2993 modurn
2008 2963 2148 3000 tympani.
2162 2980 2182 2983 -
2197 2973 2223 2999 7.
2245 2963 2382 2991 Rationes
2403 2961 2488 2989 huius

1424 3005 1569 3033 secundae
1583 3004 1739 3041 opinionis.
1755 3004 1861 3032 Prima.
1884 3005 1935 3032 Sol
1949 3003 2083 3032 occidens
2105 3009 2132 3031 et
2146 3002 2242 3031 oriens
2257 3008 2369 3030 secatur
2382 3011 2400 3030 a
2413 3007 2489 3029 terra

1424 3046 1584 3074 secundum
1599 3045 1705 3073 lineam
1720 3051 1841 3072 rectam:
1863 3044 1943 3080 quod
1964 3053 2025 3071 non
2046 3049 2135 3077 esset,
2158 3042 2181 3070 si
2201 3048 2277 3070 terra
2297 3048 2372 3069 esset
2385 3041 2488 3077 sphae-

1423 3085 1491 3113 rica.
1513 3101 1532 3105 —
1554 3085 1764 3121 Respondetur.
1788 3084 1929 3112 Causatur
1950 3083 2006 3111 hoc
2020 3091 2072 3119 per
2089 3081 2254 3109 distantiam
2275 3081 2344 3109 solis
2365 3090 2383 3109 a
2403 3087 2486 3114 terra,

1423 3131 1452 3153 et
1466 3124 1694 3161 magnitudinem
1717 3123 1899 3151 rotunditatis
1920 3122 2079 3158 utriusque.
2101 3121 2320 3158 Intelligendum
2341 3127 2384 3148 est
2400 3120 2497 3148 etiam*

1424 3165 1480 3193 hoc
1494 3164 1647 3201 praecipue
1662 3164 1780 3200 quando
1796 3162 1917 3191 circulus
1939 3169 1982 3190 est
1995 3162 2024 3189 in
2040 3162 2141 3189 eadem
2163 3160 2312 3197 superficie
2327 3169 2393 3188 cum
2407 3159 2485 3187 visu:

1423 3213 1506 3232 secus
1527 3203 1604 3231 enim
1627 3203 1715 3231 sectio
1736 3212 1798 3230 non
1818 3202 1931 3229 videtur
1951 3207 2036 3236 recta,
2058 3201 2109 3228 sed
2130 3200 2284 3235 circularis,
2305 3206 2337 3227 ut
2357 3206 2436 3236 patet
2456 3198 2486 3227 in

1423 3243 1551 3272 sectione
1576 3243 1645 3271 solis
1669 3249 1697 3270 et
1721 3243 1806 3270 lunae
1827 3250 1901 3278 quae
1922 3250 1982 3269 non
2004 3247 2047 3268 est
2074 3240 2104 3268 in
2125 3241 2226 3268 eadem
2248 3239 2397 3276 superficie
2419 3248 2486 3267 cum

1422 3283 1485 3311 visu
1499 3289 1610 3311 nostro.
1622 3299 1641 3303 -
1655 3283 1683 3310 8.
1698 3282 1831 3309 Secunda
1851 3280 1934 3309 ratio.
1956 3281 2003 3308 Ad
2022 3280 2148 3317 quietem
2170 3286 2261 3307 terrae
2281 3279 2376 3316 aptior
2396 3286 2439 3307 est
2453 3279 2486 3307 fi-

1422 3332 1494 3359 gura
1517 3322 1574 3350 lata
1597 3331 1685 3358 quam
1707 3320 1863 3357 sphaerica.
1884 3337 1903 3340 —
1924 3321 1967 3348 De
1995 3326 2078 3348 motu
2100 3326 2198 3348 tamen
2226 3325 2254 3347 et
2277 3319 2373 3356 quiete
2393 3326 2485 3347 terrae

1421 3361 1504 3390 multi
1525 3361 1606 3389 modi
1627 3361 1770 3389 dicuntur.

61 3461 189 3485 *Μ’*
305 3473 334 3497 1.
1414 3454 1523 3503 ponit
1550 3453 1619 3490 ibi:
1654 3453 1815 3495 Quidam
1842 3458 1967 3489 autem
1993 3458 2029 3489 et
2048 3452 2212 3500 positam
2231 3453 2251 3473 ’³
2273 3460 2342 3489 etc.
2374 3451 2483 3489 Circa
2512 3463 2520 3472 ·
2537 3461 2642 3488 Num-⁵-

2511 3512 2519 3520 '¹
2535 3511 2639 3538 ipsarum
2653 3516 2674 3530 Λ.

520 3483 534 3503 ,.
563 3466 742 3506 ostquam
762 3457 1018 3504 Philosophus
1036 3455 1164 3504 posuit
1178 3456 1197 3476 '¹⁷‘
1212 3455 1359 3503 opinio-

563 3523 631 3548 nes
652 3511 699 3548 de
719 3510 791 3547 situ
810 3517 942 3555 terrae,
954 3509 1015 3545 hic
1033 3508 1142 3557 ponit
1160 3507 1360 3557 opiniones
1414 3507 1581 3556 primum
1596 3506 1664 3542 tria
1679 3505 1782 3542 facit:
1802 3505 1927 3554 primo
1946 3505 2054 3554 ponit
2067 3505 2292 3554 positiones;
2312 3505 2482 3542 secundo

457 3568 478 3578 “
508 3567 516 3580 ’·
535 3601 548 3613 s
564 3564 611 3601 de
640 3571 749 3600 motu
778 3570 815 3599 et
837 3562 964 3611 quiete
983 3561 1114 3610 ipsius.
1128 3561 1162 3597 ³³².
1188 3562 1237 3597 Et
1254 3560 1362 3609 ponit
1414 3559 1558 3597 inducit
1572 3559 1766 3607 quandam
1781 3558 2046 3608 probationem
2066 3558 2237 3607 ipsorum
2255 3560 2286 3605 ²¹³,
2302 3558 2371 3595 ibi:
2390 3559 2482 3595 Pro-
2511 3565 2519 3573 ·
2538 3563 2608 3584 Num·
2623 3569 2643 3591 3·

507 3633 518 3646 0
534 3613 547 3641 '-
565 3619 660 3655 duas
699 3615 919 3665 opiniones:
949 3627 1113 3663 quarum
1153 3613 1362 3650 secundam
1411 3618 1497 3661 pter
1516 3613 1617 3661 quod
1634 3617 1668 3649 et
1687 3612 1799 3648 lunae
1819 3614 1837 3631 ⁹⁵
1859 3619 1946 3658 etc.;
1966 3611 2074 3648 tertio
2100 3611 2263 3648 ostendit
2282 3613 2479 3661 quomodo

60 3565 128 3588 ‘etue
134 3573 169 3589 2.-
175 3569 270 3592 efflect.

26 3599 42 3628 ‚¹-
61 3597 136 3620 pnec.
151 3600 174 3616 n.
184 3601 204 3618 2.
