2782 4134
0 225 7 273 ‘f

1116 270 1227 307 CAP.
1259 271 1310 318 11,
1340 270 1492 308 LECT.
1523 270 1572 306 111

0 340 97 382 &enam
111 359 186 381 add-1²
198 362 221 381 et
248 348 347 386 ortui
366 356 403 385 et
421 349 441 369 '³‘
462 348 625 395 occasui,
642 349 815 386 dextrum
836 355 872 385 et
890 348 1081 385 sinistrum
1101 361 1180 385 non
1210 357 1319 386 erunt

0 386 76 431 :atidd-
87 392 136 408 exc.
146 393 169 408 Α.

0 499 6 523 3
105 517 120 534 τ

0 536 7 566 1¹

0 571 6 621 ἔ

27 1045 110 1069 ὅσον
122 1051 203 1069 ome.

0 2491 13 2618 {f

247 401 496 439 determinata
520 402 559 438 in
588 403 692 439 caelo
722 401 935 438 secundum
965 413 1017 448 se,
1044 401 1140 438 sicut
1167 402 1206 438 in
1235 415 1316 439 cor-

246 454 405 504 poribus
434 454 618 501 animatis,
640 454 709 492 sed
737 453 917 491 relatione
946 454 995 491 ad
1020 466 1112 501 nos,
1143 455 1250 491 sicuti
1279 455 1316 492 in

248 507 474 556 corporibus
493 507 707 544 inanimatis
724 513 751 543 τ.
763 527 787 534 -
800 506 878 543 Sed
898 506 1103 544 dicendum
1123 515 1179 544 est
1197 508 1315 556 quod,

246 568 404 610 propter
426 560 732 602 immobilitatem
760 559 953 608 polorum,
975 573 1127 597 sursum
1148 568 1184 597 et
1208 561 1317 598 deor-

247 626 334 651 sum
374 613 462 651 dicit
491 625 572 650 esse
610 612 861 651 determinata
897 612 936 649 in
975 613 1102 649 caelo:
1143 614 1316 650 dextrum

247 674 375 704 autem
405 674 441 703 et
469 666 661 704 sinistrum
689 664 888 702 lateraliter
915 678 956 702 se
985 666 1128 703 habent
1160 667 1208 703 ad
1237 679 1317 703 sur-

247 732 334 756 sum
364 727 400 756 et
428 719 621 756 deorsum.
641 718 788 767 Accipit
816 730 905 766 ergo
926 718 987 755 hic
1006 719 1228 756 Aristoteles
1257 732 1317 756 or-

246 780 328 809 turn
363 780 399 809 et
440 784 646 819 occasum,
680 783 760 808 non
795 783 865 820 per
901 771 1230 820 comparationem
1267 773 1315 810 ad

245 832 443 874 aspectum
471 832 667 872 nostrum,
696 823 766 861 sed
793 836 863 873 per
900 824 1230 873 comparationem
1267 827 1316 863 ad

243 878 356 928 polos
383 877 602 916 immobiles
630 877 765 915 mundi
784 883 808 914 ¹'.

304 931 362 968 16.
382 930 532 968 Deinde
562 943 650 968 curn
680 930 784 968 dicit:
813 932 865 967 Et
891 930 943 967 ibi
968 931 1117 980 quidem
1145 931 1315 968 habitan-

243 989 297 1021 tes
325 991 417 1030 etc.,
447 983 639 1022 concludit
675 983 889 1021 secundum
915 983 1110 1033 praedicta
1139 984 1315 1022 differen-

242 1035 336 1078 tiam
355 1036 598 1074 habitationis
617 1044 756 1075 terrae:
783 1037 912 1074 dicens
926 1038 947 1058 ³²
966 1038 1072 1086 quod
1091 1049 1138 1074 ex
1153 1050 1230 1086 quo
1245 1050 1314 1086 po-

241 1090 302 1127 lus
318 1089 596 1128 immanifestus
626 1097 682 1128 est
700 1103 864 1138 sursum,
885 1090 934 1127 illi
955 1090 1020 1140 qui
1047 1090 1218 1128 habitant
1242 1092 1312 1128 sub

240 1143 306 1192 illo
334 1144 426 1192 polo
445 1151 533 1180 sunt
559 1143 598 1181 in
623 1143 906 1192 hemisphaerio
931 1143 1117 1192 superiori
1147 1151 1183 1180 et
1210 1144 1313 1192 apud

208 1216 216 1224 ·
237 1195 450 1244 §emam-³¹
459 1195 573 1243 ca‘eli;
594 1209 666 1234 nos
685 1204 813 1234 autem
832 1197 898 1246 qui
917 1196 957 1234 in
971 1197 1043 1234 hac
1066 1204 1172 1246 parte
1191 1204 1312 1234 terrae

238 1248 471 1298 habitamus,
492 1262 625 1287 sumus
653 1249 693 1287 in
721 1249 888 1287 inferiori
906 1249 1190 1299 hemisphaerio
1211 1257 1247 1286 et
1274 1250 1312 1287 in

238 1301 401 1342 sinistra.
431 1301 482 1340 Et
508 1303 584 1340 hoc
612 1310 668 1340 est
695 1316 717 1340 e
746 1303 936 1341 contrario
970 1302 1004 1340 ei
1033 1302 1139 1351 quod
1172 1303 1310 1351 Pytha-

237 1355 359 1404 gorici
387 1355 573 1403 dixerunt,
595 1355 660 1406 qui
687 1363 898 1406 posuerunt
933 1368 1005 1394 nos
1031 1355 1203 1393 habitare
1231 1368 1312 1393 sur-

241 1420 329 1447 sum
358 1416 395 1446 et
422 1408 462 1446 in
490 1409 621 1446 dextra
646 1417 771 1458 parte,
801 1409 886 1446 illos
914 1416 1043 1446 autem
1072 1409 1254 1446 deorsum
1276 1416 1312 1446 et

236 1461 281 1501 in
307 1461 456 1500 sinistra
482 1469 607 1512 parte3
637 1474 725 1499 cum
753 1470 884 1500 tamen
903 1461 1136 1500 contrarium
1165 1462 1311 1499 aecidat

241 1513 454 1553 secundum
479 1514 685 1564 praedicta.

294 1566 632 1617 Hemisphaerium
661 1574 789 1605 autem
808 1567 872 1605 hic
889 1567 1042 1605 videtur
1060 1567 1232 1617 accipere
1253 1580 1310 1605 se-

238 1620 412 1660 mudum
439 1621 544 1670 quod
570 1620 751 1659 dividitur
770 1621 919 1658 caelum
938 1633 1008 1670 per
1036 1620 1220 1658 circulum
1249 1633 1310 1658 ae-

234 1673 511 1722 quinoctialem
540 1686 663 1723 aeque
693 1673 894 1711 distantem
915 1674 964 1711 ab
984 1681 1148 1723 utroque
1174 1675 1266 1724 polo
1281 1679 1308 1711 P.

235 1726 290 1764 Et
325 1737 372 1765 ex
407 1726 484 1764 hoc
518 1734 623 1776 patet
659 1726 904 1765 Aristotelem
943 1727 1005 1764 hic
1024 1727 1168 1764 'dicere
1206 1728 1310 1777 quod

172 1803 179 1811 ·
236 1777 354 1823 setiam
375 1791 420 1817 ex
439 1779 511 1818 alia
529 1787 634 1830 parte
659 1779 943 1830 aequinoctialis
962 1779 1077 1830 aliqui
1095 1780 1273 1818 homines
1290 1782 1309 1803 '⁴²

234 1832 409 1882 habitant
434 1833 498 1871 vel
524 1833 695 1871 habitare
722 1841 904 1883 possunt,
933 1833 972 1871 in
997 1841 1106 1883 parte
1135 1834 1311 1884 opposita

233 1885 361 1925 nobis.
381 1908 407 1914 -
428 1886 468 1925 Si
488 1886 553 1936 qui
572 1894 702 1925 autem
715 1892 734 1914 χ
752 1887 923 1925 habitant
939 1887 1003 1924 vel
1029 1887 1243 1925 habitarent
1270 1887 1310 1925 in

233 1938 388 1978 duabus
415 1939 558 1989 quartis
585 1947 706 1978 terrae
735 1952 833 1989 quae
858 1940 1138 1989 distinguuntur
1157 1953 1178 1978 a
1198 1940 1309 1978 nobis

235 2004 307 2043 per
339 1992 520 2030 circulum
553 1993 618 2043 qui
650 1993 864 2042 intelligitur
896 2005 1024 2031 secare
1053 1993 1308 2044 aequinoctia-

234 2045 314 2098 lem
341 2046 392 2084 ad
420 2053 543 2084 rectos
577 2047 758 2096 angulos,
796 2054 1057 2085 transeuntem
1093 2059 1164 2096 per
1195 2048 1308 2096 polos

234 2098 554 2150 aequinoctiales,
589 2099 638 2138 illi
668 2099 985 2148 distinguerentur
1012 2113 1035 2137 a
1062 2100 1173 2138 nobis
1201 2100 1308 2138 utris-

200 2179 208 2202 7
237 2163 324 2202 que,
345 2152 414 2202 qui
439 2152 578 2191 scilicet
605 2153 822 2191 habitamus
841 2154 861 2175 '¹'
884 2165 1036 2191 sursum
1057 2161 1093 2191 et
1112 2154 1306 2202 deorsum,

234 2212 420 2255 tanquam
447 2205 662 2243 habitantes
698 2206 738 2244 in
773 2205 973 2256 posteriori
1001 2214 1108 2255 parte
1137 2207 1230 2244 caeli
1259 2207 1306 2244 ab

234 2258 493 2296 habitantibus
521 2258 559 2296 in
587 2258 778 2306 anteriori,
802 2259 1030 2310 inquantum
1059 2266 1186 2297 motus
1215 2260 1307 2297 caeli

232 2311 424 2362 posterius
453 2311 502 2350 ad
522 2324 589 2349 eos
611 2312 797 2362 pervenit,
817 2319 950 2362 utpote
978 2312 1091 2350 stellis
1112 2313 1164 2350 eis
1183 2313 1307 2350 orien-

234 2363 335 2410 tibus
372 2377 462 2403 cum
499 2364 612 2403 nobis
654 2365 859 2414 occidunt,
903 2373 940 2403 et
975 2365 1220 2404 redeuntibus
1258 2366 1307 2403 ad

233 2417 464 2468 principium
493 2426 636 2467 motus,
667 2419 774 2468 quod
802 2427 859 2457 est
882 2420 1068 2468 dextrum,
1097 2419 1136 2456 in
1165 2431 1304 2456 occasu

230 2470 438 2508 stellarum.

231 2618 330 2664 rumpit
353 2629 380 2654 in
403 2629 540 2655 orientem.
554 2643 573 2649 —
586 2629 644 2654 Lin.
657 2637 714 2663 seq.
734 2637 782 2663 pro
805 2629 978 2661 attribuitur,
1003 2630 1190 2655 attribuuntur
1208 2630 1245 2661 A;
1271 2629 1303 2654 cf.

231 2664 287 2691 vul.
303 2665 336 2696 ll,
347 2664 447 2695 Praei„
461 2672 521 2698 pag.
533 2672 604 2690 xvm.

286 2700 311 2733 τ)
330 2701 379 2726 sed
396 2701 557 2726 relatione...
571 2700 735 2726 inanimatis.
752 2713 771 2719 ·-
790 2701 847 2726 Hoc
865 2708 919 2726 om.
935 2701 1000 2731 CF1;
1019 2702 1091 2734 quod
1110 2701 1187 2726 solito
1206 2700 1302 2725 mendo

230 2735 432 2777 adscribendum
450 2735 559 2766 videtur.
578 2744 640 2796 ribam
657 2737 757 2761 omissa
776 2736 889 2769 perfecte
907 2737 940 2762 ad
959 2742 1107 2762 contextum
1126 2737 1262 2769 quadrant.
1277 2736 1300 2760 A

278 2789 286 2797 .
563 2779 587 2796 ri
639 2788 646 2796 .

231 2774 594 2839 omusszgaaermcgappdi·
606 2779 673 2832 ιὲς,Η
692 2807 885 2840 interpolando:
909 2807 980 2832 sicut
1003 2807 1029 2832 in
1053 2807 1122 2832 libro
1140 2807 1254 2832 Meteor.
1273 2806 1299 2831 in

230 2841 404 2867 distinctione
417 2845 564 2872 ventorum,
575 2842 622 2868 sed
635 2846 763 2876 quantum
777 2842 814 2868 ad
827 2842 1039 2868 immobilitatem
1048 2843 1190 2876 polorum5
1202 2846 1229 2867 et
1242 2842 1301 2867 ideo

229 2877 364 2911 astrologi
386 2881 486 2911 regunt
502 2885 531 2903 se
555 2878 699 2904 secundum
723 2878 853 2904 circulum
876 2881 979 2903 rectum
1004 2878 1050 2911 qui
1067 2882 1108 2903 est
1125 2885 1206 2911 super
1223 2878 1302 2910 polos

230 2912 350 2938 zodiaci.

2371 272 2440 308 133

1428 348 1504 385 Sed
1520 360 1608 384 cum
1625 347 1799 386 dextrum
1820 356 1855 386 et
1875 349 2064 386 sinistrum
2086 349 2291 398 aequaliter
2307 349 2443 386 distent

1374 409 1409 438 et
1427 401 1626 441 lateraliter
1652 402 1700 438 ab
1731 414 1777 438 eo
1797 402 1903 450 quod
1933 409 1988 438 est
2011 414 2161 438 sursum
2183 410 2219 439 et
2248 402 2439 449 deorsum,

1371 453 1523 491 videtur
1541 454 1855 492 inconvenienter
1870 455 1995 492 dicere
2011 455 2116 503 quod
2131 467 2203 492 nos
2222 455 2288 504 qui
2308 467 2441 492 sumus

1372 507 1443 543 sub
1471 507 1562 556 polo
1595 507 1746 554 arctico,
1767 508 1984 545 habitemus
2012 507 2051 545 in
2079 507 2246 544 inferiori
2270 515 2376 557 parte
2406 516 2442 545 et

1372 560 1530 608 sinistra,
1552 560 1613 596 alii
1637 568 1766 597 autem
1791 561 1830 598 in
1853 561 2039 610 superiori
2060 568 2096 598 et
2114 560 2256 598 dextra.
2277 582 2301 588 -
2322 561 2372 597 Et
2390 561 2439 598 ad

1370 613 1446 649 hoc
1472 620 1598 662 potest
1630 613 1703 650 dici
1730 614 1837 662 quod
1863 614 2085 651 Aristoteles
2121 614 2270 651 locutus
2299 620 2354 650 est
2382 626 2439 651 se-

1372 666 1541 702 cundum
1562 666 1775 714 Graeciam,
1791 666 1829 704 in
1849 666 1925 716 qua'
1944 667 2148 714 habitabat,
2164 679 2262 716 quae
2283 666 2439 715 quidem

1372 725 1427 754 est
1441 718 1490 755 ad
1509 718 1697 755 sinistram
1717 719 1941 768 inquantum
1963 728 2018 757 est
2031 732 2166 758 versus
2186 719 2437 768 occidentem,

1371 777 1428 806 est
1455 778 1581 807 autem
1613 771 1794 808 deorsum
1823 773 2049 821 inquantum
2079 780 2134 810 est
2161 773 2232 810 sub
2261 773 2351 821 polo
2382 785 2438 809 ar-

1371 822 1479 860 ctico.
1502 824 1579 860 Sed
1598 823 1688 871 quia
1707 825 1927 862 Aristoteles
1951 825 2012 863 hic
2030 825 2135 875 loqui
2154 825 2306 863 viderur
2333 838 2438 863 com-

1370 876 1535 913 munitet
1562 888 1632 924 pro
1660 877 1916 915 habitantibus
1936 879 2116 916 omnibus
2144 878 2183 916 in
2210 886 2340 916 nostra
2372 879 2439 916 ha-

1370 929 1514 966 bitabili
1533 929 1565 977 Ψ,
1591 929 1726 966 melius
1755 931 2008 979 respondetur
2034 933 2140 982 quod
2165 932 2249 981 'ipse
2273 931 2438 981 loquitur

1369 994 1478 1019 more
1507 982 1870 1031 Pythagoricorum,
1911 984 1974 1033 qui
2012 985 2061 1022 ad
2095 985 2197 1023 idem
2226 985 2439 1022 referebant

1370 1035 1566 1083 dextrum,
1596 1047 1748 1072 sursum
1777 1043 1813 1072 et
1841 1044 1947 1084 ante,
1977 1046 2014 1074 et
2042 1038 2217 1087 opposita
2246 1037 2359 1076 etiam
2389 1039 2438 1075 ad

1368 1088 1490 1125 idem:
1520 1089 1756 1137 Pythagoras
1777 1096 1905 1126 autem
1925 1091 2138 1128 seeundum
2159 1092 2234 1128 hoc
2261 1091 2436 1128 aestima-

1367 1141 1423 1178 vit
1456 1154 1528 1178 nos
1565 1154 1648 1178 esse
1684 1141 1722 1178 in
1753 1150 1860 1190 parte
1899 1143 2083 1192 superiori
2117 1151 2152 1181 et
2186 1144 2337 1191 dextra;
2374 1144 2438 1181 vel

1368 1194 1582 1232 secundum
1611 1201 1829 1243 aspectum,
1861 1196 1950 1244 quia
1976 1197 2088 1245 polus
2117 1197 2276 1234 arcticus
2305 1209 2434 1247 super-

1368 1247 1510 1284 eminet
1545 1247 1682 1293 nobis;
1720 1249 1782 1285 vel
1819 1249 1959 1296 magis,
1999 1249 2184 1298 aspiciens
2222 1250 2271 1288 ad
2307 1258 2435 1288 motus

1365 1300 1618 1349 planetarum,
1646 1307 1688 1337 ut
1707 1301 1726 1322 ⁹⁵
1747 1301 1966 1339 immediate
1987 1304 2029 1324 *ἦ*
2050 1303 2202 1352 patebit.

1426 1365 1484 1401 17.
1505 1353 1654 1390 Deinde
1670 1366 1759 1391 cum
1776 1354 1879 1392 dicit:
1900 1356 1975 1392 Sed
1985 1357 2171 1393 secundae
2185 1356 2333 1405 quidem
2349 1363 2432 1403 etc„

1367 1406 1531 1444 ostendit
1559 1407 1757 1456 quomodo
1777 1407 1868 1445 istae
1888 1409 2095 1457 positiones
2124 1409 2399 1457 distinguantur
2414 1410 2434 1431 *

1365 1460 1578 1498 secundum
1598 1467 1726 1497 motus
1744 1461 1994 1510 planetarum.
2017 1463 2066 1499 Et
2086 1462 2174 1500 dicit
2192 1462 2297 1511 quod
2316 1475 2434 1512 quan—

1365 1519 1447 1550 tum
1468 1514 1488 1535 ²³
1517 1513 1566 1550 ad
1594 1514 1807 1551 secundum
1837 1522 1987 1552 motum
2015 1515 2258 1563 circularem,
2286 1515 2351 1565 qui
2379 1523 2435 1553 est

1364 1567 1616 1615 planetarum,
1637 1579 1709 1603 nos
1729 1579 1749 1603 e
1769 1579 1955 1605 converso
1980 1580 2114 1605 sumus
2137 1581 2288 1605 sursum
2309 1576 2346 1606 et
2361 1570 2380 1590 ³⁸
2396 1569 2434 1606 in

1366 1619 1513 1667 dextra,
1543 1619 1592 1656 illi
1621 1627 1749 1656 autem
1779 1620 1959 1658 deorsum
1989 1621 2064 1658 et*
2085 1621 2124 1658 in
2151 1621 2314 1658 sinistra:
2346 1621 2434 1670 quia
2461 1633 2472 1644 ⁸

1363 1672 1593 1722 principium
1613 1672 1726 1709 huius
1754 1681 1882 1710 motus
1901 1686 1922 1710 e
1942 1674 2130 1711 contrario
2160 1687 2200 1711 se
2224 1675 2340 1711 habet
2359 1675 2433 1721 (in-

1366 1725 1509 1775 cipiunt
1529 1726 1631 1763 enirn
1651 1726 1802 1763 moveri
1819 1727 1839 1748 *
1853 1727 1901 1764 ab
1923 1727 2153 1775 occidente);
2183 1735 2220 1764 et
2238 1728 2313 1764 hoc
2331 1727 2430 1775 ideo,

1365 1779 1456 1828 quia
1483 1779 1542 1816 isti
1571 1779 1648 1817 duo
1678 1786 1806 1816 motus
1826 1788 1913 1817 sunt
1941 1781 2139 1828 contrarii,
2169 1780 2266 1827 idest
2294 1780 2432 1818 diversi

1365 1835 1471 1879 (nam
1487 1832 1730 1870 contrarietas
1745 1833 1899 1883 proprie
1914 1846 1994 1870 non
2009 1841 2064 1871 est
2078 1834 2116 1871 in
2131 1834 2299 1871 motibus
2314 1833 2431 1871 circu-

1364 1886 1517 1934 laribus,
1536 1893 1578 1922 ut
1597 1886 1636 1923 in
1653 1886 1778 1935 primo
1792 1887 1812 1908 ’³
1831 1894 2028 1924 ostensum
2048 1889 2128 1934 est).
2151 1888 2200 1924 Et
2218 1887 2431 1925 secundum

1364 1939 1439 1976 hoc
1467 1939 1603 1976 accidit
1630 1951 1701 1976 nos
1730 1952 1812 1976 esse
1838 1940 1877 1976 in
1895 1940 2096 1989 principio,
2127 1948 2163 1977 et
2181 1941 2264 1977 illos
2293 1940 2331 1978 in
2354 1941 2432 1977 fine

1365 1999 1492 2029 motus
1520 1993 1772 2041 planetarum.
1795 1993 1843 2029 Et
1871 1993 1960 2030 ideo
1984 1993 2034 2030 illi
2053 1993 2232 2031 videntur
2260 2006 2342 2030 esse
2362 2006 2431 2043 po-

1362 2046 1477 2083 tiores
1499 2047 1518 2068 *
1543 2053 1727 2096 quantum
1757 2045 1806 2083 ad
1833 2047 2150 2095 permanentiam,
2179 2059 2277 2096 quae
2306 2053 2362 2084 est
2393 2046 2432 2084 in

1361 2099 1519 2148 primo*
1526 2107 1650 2146 motu;
1663 2112 1734 2137 nos
1753 2106 1882 2136 autem
1902 2107 2088 2148 quantum
2109 2099 2158 2137 ad
2174 2100 2431 2138 diversitatem

1362 2152 1616 2201 generationis
1645 2159 1681 2189 et
1703 2153 1989 2202 corruptionis‚.
2006 2154 2026 2175 *
2049 2166 2148 2202 quae
2177 2153 2367 2202 dependet
2385 2165 2431 2190 ex

1363 2206 1533 2243 secundo
1562 2213 1690 2253 motu,
1719 2213 1761 2242 ut
1788 2206 1883 2243 infra
1903 2207 1923 2228 ²*
1953 2206 2108 2244 dicetur.

1414 2259 1558 2296 Ultimo
1579 2266 1707 2296 autern
1728 2259 1903 2308 epilogat,
1925 2259 2055 2297 dicens
2075 2260 2181 2309 quod
2209 2266 2312 2296 tanta
2332 2259 2430 2296 dicta

1361 2319 1449 2349 sunt
1469 2313 1488 2333 ²³
1510 2312 1557 2349 de
1585 2311 1755 2361 partibus
1784 2312 1889 2360 caeli,
1918 2325 2018 2361 quae
2047 2312 2344 2350 determinantur
2372 2324 2429 2349 se-

1361 2365 1531 2403 cundum
1561 2365 1821 2402 dimensiones
1850 2366 1943 2403 caeli
1972 2374 2008 2403 et
2036 2366 2248 2403 secundum
2277 2366 2427 2413 locum,

1361 2430 1440 2455 non
1468 2425 1597 2456 autern
1626 2418 1839 2456 secundum
1868 2419 2081 2456 materiales
2108 2427 2234 2469 partes
2255 2418 2362 2467 caeli,
2388 2426 2430 2456 ut

1361 2471 1504 2508 dictum
1533 2479 1588 2508 est
1608 2472 1640 2508 ’ἢ

1412 2629 1440 2664 φ)
1460 2629 1604 2655 distantem
1623 2630 1656 2655 ab
1676 2633 1789 2662 utroque
1803 2631 1876 2663 polo.
1894 2643 1913 2649 —
1931 2630 2073 2655 distantem
2094 2630 2199 2663 utrique
2212 2630 2278 2662 polo
2297 2630 2366 2660 DEI,
2387 2631 2428 2655 di-

1356 2668 1461 2690 stanter
1480 2665 1586 2698 utrique
1598 2666 1665 2698 polo
1683 2665 1789 2697 ABFG;
1809 2666 1830 2690 C
1851 2666 1969 2691 lacunam
1995 2665 2078 2693 solito,
2097 2666 2223 2690 maiorem
2242 2665 2333 2697 habet,
2352 2666 2428 2691 omit-

1356 2706 1415 2725 tens
1434 2705 1518 2725 totum
1538 2701 1607 2725 hunc
1630 2709 1777 2726 numerum.
1790 2715 1810 2720 -
1822 2702 1844 2726 B
1857 2701 1941 2734 pergit
1955 2701 1992 2726 Et
2005 2701 2054 2726 hoc
2067 2703 2146 2733 patet
2157 2701 2314 2726 Aristoteles
2331 2702 2374 2727 hic
2387 2701 2428 2726 di-

1355 2742 1416 2762 cere
1422 2743 1431 2765 ‚·
1449 2736 1474 2761 G
1494 2736 1531 2761 Et
1548 2736 1597 2762 hoc
1610 2739 1690 2768 patet
1706 2737 1791 2762 Arist.
1809 2736 1859 2762 hoc
1878 2737 1911 2770 (s.
1926 2744 1962 2762 m.
1977 2737 2035 2761 add.
2050 2736 2168 2771 videtur)
2188 2737 2284 2763 dicere.

1409 2771 1439 2806 χ)
1459 2771 1491 2796 Si
1508 2772 1556 2804 qui
1572 2775 1699 2797 autem.-
1714 2772 1764 2798 Isti
1781 2772 1828 2805 qui
1845 2776 1934 2798 autem
1948 2773 1978 2804 B,
1993 2772 2043 2797 Isti
2055 2772 2102 2805 qui
2115 2773 2144 2802 F,
2162 2772 2211 2797 Isti
2228 2775 2316 2797 autem
2329 2772 2376 2805 qui
2390 2772 2413 2797 G
2420 2781 2427 2803 ;

1357 2806 1389 2832 cf.
1399 2807 1478 2840 paulo
1490 2811 1551 2840 post
1565 2807 1604 2832 illi
1618 2806 1857 2841 distinguerentur.
1869 2821 1888 2828 —-
1901 2807 1983 2833 Paulo
2000 2807 2065 2832 infra
2083 2816 2131 2840 pro
2144 2815 2235 2833 secare
2247 2807 2427 2840 aequinoctia-

1356 2843 1415 2871 lem,
1429 2842 1501 2875 quod
1520 2842 1631 2874 legimus
1648 2850 1707 2867 cum
1721 2843 1773 2872 BE,
1785 2850 1877 2868 secare
1894 2843 2126 2876 aequinoctialiter
2137 2844 2175 2874 A;
2195 2848 2243 2868 cet.
2259 2850 2312 2868 om.
2327 2850 2426 2868 secare.

1410 2876 1438 2911 ψ)
1458 2878 1485 2902 in
1505 2881 1599 2903 nostra
1617 2878 1765 2903 habitabili.
1781 2892 1802 2898 -
1819 2878 1845 2903 in
1865 2882 1958 2904 nostra
1982 2882 2057 2904 terra
2079 2879 2219 2904 habitabili
2237 2879 2266 2909 Ρ,
2286 2879 2312 2903 in
2333 2881 2425 2903 nostro

1356 2913 1495 2938 habitabili
1513 2913 1548 2942 G,
1569 2913 1595 2938 in
1616 2916 1690 2939 terra
1709 2914 1848 2939 habitabili
1863 2915 1896 2939 sl.
1915 2914 1955 2939 Cf.
1974 2919 2027 2940 not.
2042 2923 2063 2939 ν.

2462 1309 2473 1320 ·
2496 1312 2523 1331 ut
2545 1316 2593 1332 om.
2617 1317 2676 1333 ent-‘c

2458 1342 2500 1374 ζει
2515 1340 2537 1358 et
2551 1336 2587 1358 ed.
2599 1338 2653 1365 1516.

2497 1362 2568 1385 Num.
2580 1369 2628 1392 seq.

2462 1416 2473 1427 ⁸
2494 1415 2669 1444 disnnguentur

2461 1442 2669 1490 ἒέξίειίηςιιιιηίιιν

2461 1526 2471 1536 ·
2487 1527 2523 1547 est
2535 1526 2589 1548 add.
2603 1533 2626 1548 Α.

2462 1579 2471 1588 ·
2486 1581 2509 1600 et
2522 1584 2571 1600 om.
2586 1585 2664 1601 neum.

2487 1636 2510 1655 et
2523 1640 2571 1656 om.
2581 1640 2660 1656 nenor-

2462 1736 2471 1745 ·
2485 1741 2579 1757 movere
2593 1742 2614 1757 P.

2459 1894 2470 1904 ⁸
2485 1893 2547 1915 Lect.
2558 1899 2612 1921 vm,
2628 1900 2650 1916 n.
2659 1900 2670 1915 ι

2459 1926 2511 1948 sqq.

2459 2052 2470 2063 ⁸
2482 2052 2578 2079 priores
2592 2059 2614 2074 Β.

2458 2110 2468 2119 '
2483 2115 2512 2131 ex
2522 2109 2573 2137 ipio
2587 2116 2609 2131 Α.

2459 2164 2468 2172 ·
2483 2164 2507 2184 et
2519 2162 2572 2184 add.
2587 2169 2609 2184 P.

2458 2212 2469 2222 ⁸
2476 2211 2540 2233 Lect.
2547 2218 2604 2240 seq„
2613 2218 2667 2234 n.12.

2459 2324 2468 2332 ·
2483 2323 2532 2344 sint
2544 2329 2566 2344 A.

2459 2478 2468 2487 ⁸
2482 2476 2553 2499 Num.
2566 2484 2597 2503 14.
