2782 4134
1085 285 1196 322 CAP.
1227 274 1328 333 xlv}
1357 284 1510 322 LECT.
1539 284 1701 322 xxvm
2416 287 2490 324 225

857 508 1154 565 LECTIO
1192 510 1930 568 VIGESIMAOCTAVA

555 655 737 686 TERRAM
760 654 861 686 ESSE
885 655 1180 695 SPHAERICAM,
1204 656 1440 688 PROBATUR
1462 658 1520 689 EX
1543 659 1706 691 FIGURA
1728 659 1880 692 MOTUS
1903 661 2099 692 PARTIUM
2122 661 2234 701 EIUS,

1032 713 1090 743 ET
1113 713 1375 745 RATIONIBUS
1399 715 1715 748 ASTROLOGICIS
1735 734 1754 740 -

770 769 1053 801 OSTENDITUR
1075 770 1214 800 ETIAM
1238 770 1361 807 QUOD
1385 771 1477 802 NON
1501 772 1568 810 SIT
1591 774 1774 805 MAGNAE
1797 775 1928 817 MQLIS

291 909 350 940 καὶ
376 903 431 937 ὅτι
456 903 578 938 πάντα
602 903 743 949 φέρεται
767 904 815 937 τοὶ
840 903 950 948 βαρέα
975 904 1056 949 πρὸς
1082 904 1201 948 ὁμοίας
1226 907 1365 951 γωνίας,

362 950 436 982 ἀλλ’
458 949 498 982 οὐ
522 949 601 995 παρ’
624 950 776 986 ἄλληλα·
803 950 912 982 τοῦτο
937 945 975 982 δὲ
1000 949 1125 993 πέφυκε
1151 949 1292 992 πρὸς-τὸ
1309 949 1368 992 φύ-

359 1006 411 1026 σει
439 990 663 1039 σφαιροειδές.
693 992 742 1025 ’Ἡ
767 992 825 1026 οὖν
855 994 931 1026 ἐστὶ
962 989 1199 1039 σφαιροειδής,
1226 992 1247 1030 ἦ
1272 993 1368 1038 φύσει

359 1051 398 1085 γε
416 1036 645 1084 σφαιροειδής.
673 1040 730 1070 Δεῖ
752 1033 781 1070 δ’
804 1038 951 1072 ἕκαστον
966 1038 1079 1085 λέγειν
1105 1039 1264 1071 τοιοῦτον
1282 1035 1369 1070 εἶναι

361 1085 378 1117 ὃ
403 1082 498 1128 φύσει
528 1083 693 1126 βούλεται
719 1080 804 1116 εἶναι
835 1086 894 1115 καὶ
922 1084 938 1116 ὃ
963 1083 1129 1129 ὑπάρχει,
1158 1082 1249 1116 ἀλλά
1277 1083 1324 1127 μή
1351 1083 1367 1114 ὃ

361 1129 419 1170 βία
443 1131 502 1160 καὶ
528 1127 625 1170 παραὶ
649 1127 757 1172 φύσιν.

284 1175 364 1208 Ἔτι
388 1168 428 1205 δὲ
461 1175 520 1206 καὶ
552 1169 612 1206 διαὶ
637 1173 704 1204 τῶν
729 1171 938 1217 φαινομένων
969 1172 1068 1205 κατά
1095 1172 1160 1208 τήν
1193 1170 1366 1209 αἴσθησιν·

361 1218 443 1255 οὔτε
465 1218 531 1273 γάρ
558 1217 597 1251 ἄν
624 1219 659 1249 αἰ
684 1218 748 1255 τῆς
772 1217 915 1255 σελήνης
944 1216 1104 1261 ἐκλείψεις
1129 1215 1301 1254 τοιαύτας
1328 1214 1368 1248 ἂν

360 1259 452 1308 εἶχον
475 1275 538 1301 τας
557 1261 759 1306 ἀποτομάς·
785 1263 842 1294 νῦν
885 1262 924 1304 alp
943 1262 976 1294 ἐν
993 1261 1052 1306 μὲν
1073 1265 1144 1299 τοῖς
1161 1261 1257 1294 κατα
1273 1261 1368 1304 μῆνα

359 1310 612 1353 σχηματισμοῖς
645 1306 761 1344 πάσας
788 1307 835 1339 λα
859 1274 959 1347 βάνει
989 1306 1052 1344 τοὶς
1085 1302 1264 1349 διαιρέσεις
1287 1307 1367 1348 (καὶ

387 1355 426 1398 alp
451 1351 566 1385 εὐθεῖα
612 1354 723 1385 ίνεται
746 1353 806 1383 καὶ
825 1353 1030 1406 αμφίκυρτος
1054 1352 1113 1383 καὶ
1137 1351 1269 1392 κοίλη),
1292 1351 1367 1394 περὶ

359 1365 398 1433 gs*
417 1398 586 1435 reiciam(
614 1408 658 1434 εις
679 1396 730 1429 ἀεὶ
750 1407 877 1440 κυρτην
896 1395 967 1441 ἔχει
985 1394 1050 1432 τήν
1069 1396 1243 1440 ὁρίζουσαν
1261 1405 1369 1440 γραμ-

359 1443 441 1490 μήν,
459 1442 539 1475 ὥστ’
561 1442 698 1484 ἐπείπερ
725 1441 871 1473 ἐκλείπει
895 1436 956 1473 διὰ
978 1440 1044 1476 τήν
1062 1441 1125 1479 τῆς
1142 1440 1206 1486 γῆς
1228 1438 1369 1484 ἐπιπρό-

359 1489 491 1530 σθησιν,
517 1487 539 1524 ἡ
565 1488 628 1524 τῆς
653 1487 716 1532 γῆς
745 1483 783 1518 ἂν
809 1487 859 1523 εἴη
886 1484 1079 1530 περιφέρεια
1104 1487 1167 1518 τοῦ
1185 1482 1366 1528 σχήματος

361 1535 461 1568 αἰτία
486 1526 702 1576 σφαιροειδὴς
728 1528 827 1562 οὖσα.

285 1578 364 1611 Ἔτι
387 1574 424 1611 δὲ
449 1573 510 1609 διαὶ
533 1577 596 1614 τῆς
621 1576 687 1608 τῶν
722 1574 854 1618 ἄστρων
889 1574 1083 1618 φαντασίας
1113 1574 1151 1606 οὗ
1176 1571 1279 1618 μόνον
1329 1584 1367 1604 α-

323 1616 326 1622 “
359 1622 452 1667 νερόν
479 1620 533 1654 ὅτι
559 1618 750 1664 περιφερής,
771 1618 862 1651 ἀλλα
884 1619 942 1650 καὶ
968 1618 1010 1650 τὸ
1035 1616 1176 1664 μέγεθος
1202 1617 1262 1650 οὐκ
1282 1629 1368 1650 ουσα

359 1665 512 1714 μεγάλη·
539 1665 659 1710 μικρᾶς
683 1663 748 1710 γάρ
778 1662 979 1710 γιγνομένης
1013 1661 1260 1707 μεταστάσεως
1287 1664 1367 1707 ἡμῖν

360 1711 442 1755 πρός
468 1710 679 1755 μεσημβρίαν
704 1709 763 1740 καὶ
790 1707 913 1753 ἄρκτον
937 1703 1107 1746 ἐπιδήλως
1127 1706 1240 1751 ἕτερος
1259 1709 1370 1763 ἵίγνε-

359 1768 420 1790 ται
446 1756 463 1787 ὀ
489 1755 604 1799 ὁρίζων
627 1753 764 1792 κύκλος.
786 1752 874 1785 ὥστε
901 1753 948 1786 τά
974 1752 1057 1796 ὑπὲρ
1081 1753 1232 1797 κεφαλῆς
1255 1764 1368 1795 αστρα

359 1799 512 1847 μεγάλην
538 1799 627 1855 ἔχειν
653 1798 717 1835 τήν
745 1798 965 1840 μεταβολήν,
991 1799 1049 1830 καὶ
1075 1797 1122 1840 μή
1148 1796 1269 1830 ταύτά
1292 1799 1370 1841 φαί-

359 1844 475 1878 νεσθαι
501 1855 582 1889 προς
610 1842 734 1886 ἄρκτον
760 1854 798 1874 τε
823 1844 882 1875 καὶ
907 1842 1116 1886 μεσημβρίαν
1139 1842 1368 1886 μεταβαίνου-

358 1902 427 1923 σιν·
455 1889 535 1921 ἐνιοι
559 1888 625 1935 γάρ
650 1885 683 1920 ὲν
709 1886 871 1933 Αἰγύπτῳ
897 1887 956 1932 μὲν
980 1886 1117 1928 ἀστέρες
1140 1886 1284 1930 ὁρῶνται
1308 1888 1367 1918 καὶ

359 1937 433 1978 περὶ
457 1932 607 1978 Κύπρον,
639 1932 672 1965 ἐν
703 1937 775 1970 τοῖς
801 1932 882 1976 πρὸς
917 1931 1042 1976 ἄρκτον
1074 1926 1112 1964 δὲ
1143 1934 1275 1976 χωρίοις
1303 1932 1367 1976 οὐχ

361 1980 531 2023 ὁρῶνται,
556 1978 616 2009 καὶ
646 1976 693 2010 τοὶ
716 1976 776 2009 διαὶ
804 1976 937 2014 παντὸς
970 1976 1003 2008 ἐν
1029 1980 1101 2014 τοῖς
1127 1976 1207 2020 πρός
1243 1975 1366 2020 ἄρκτον

358 2022 546 2069 φαινόμενα
571 2022 640 2054 τῶν
666 2021 798 2066 ἄστρων
823 2022 856 2054 ἐν
879 2022 1015 2059 ἐκείνοις
1033 2025 1105 2059 τοῖς
1124 2021 1244 2059 τόποις
1263 2025 1370 2053 ποιεῖ-

359 2080 422 2101 ται
445 2063 553 2100 δυ’σιν.
587 2066 683 2098 Ὧστ’
714 2067 752 2099 οὗ
776 2065 878 2110 μόνον
911 2066 948 2098 ἐκ
974 2065 1108 2099 τούτων
1140 2061 1247 2103 δῆλον
1278 2077 1368 2110 περι-

359 2112 452 2158 φερὲς
478 2111 514 2144 ὃν
539 2111 581 2144 τὸ
607 2112 729 2156 σχῆμα
755 2112 818 2149 τῆς
842 2111 927 2156 γῆς,
954 2110 1046 2145 ἀλλὰ
1076 2113 1134 2143 καὶ
1159 2112 1303 2155 σφαίρας
1329 2111 1368 2142 οὗ

385 2157 528 2204 εγάλης·
555 2155 594 2188 οὐ
617 2156 682 2201 γάρ
710 2155 750 2188 οἲν
776 2155 867 2188 οὕτω
892 2155 986 2201 ταχύ
1006 2150 1167 2193 ἐπίδηλον
1186 2155 1294 2188 ἐποίει
1311 2167 1368 2199 με-

358 2170 575 2245 εισταμένοις
602 2200 694 2233 οὕτω
719 2199 843 2246 βραχύ.
871 2201 927 2232 And
953 2199 1034 2238 τούς
1052 2199 1366 2244 ὑπολαμβάνοντας

358 2245 545 2279 συνάπτειν
571 2244 632 2277 τᾶν
659 2246 734 2290 περὶ
759 2247 822 2283 τας
856 2246 1074 2289 Ἡρακλείους
1098 2244 1231 2283 στήλας
1257 2243 1366 2277 τόπον

359 2292 408 2333 τῷ
435 2291 509 2335 περὶ
534 2288 599 2326 τήν
618 2285 782 2331 Ἰνδικήν,
807 2290 867 2322 καὶ
892 2290 1019 2323 τοῦτον
1045 2288 1106 2322 τὸν
1131 2288 1258 2334 τρόπον
1280 2286 1367 2321 εἶναι

359 2336 424 2373 την
450 2334 634 2368 θάλατταν
659 2337 755 2377 μίαν,
777 2334 825 2378 μή
849 2335 926 2366 λίαν
953 2333 1210 2378 ὑπολαμβάνειν
1233 2333 1367 2367 ἄπιστα

358 2377 487 2413 δοκεῖν·
513 2378 652 2424 λέγουσι
675 2374 714 2411 δὲ
739 2378 1000 2423 τεκμαιρόμενοι
1023 2380 1083 2411 καὶ
1103 2382 1175 2417 τοῖς
1194 2378 1365 2423 ἐλέφασιν,

359 2424 414 2458 ὅτι
439 2425 514 2467 περὶ
545 2423 755 2469 ἀμφοτέρους
786 2423 865 2461 τούς
897 2422 1024 2461 τόπους
1050 2423 1131 2461 τούς
1162 2422 1367 2469 ἐσχατεόον-

358 2482 422 2508 τας
448 2469 489 2502 τὸ
513 2469 609 2515 γένος
637 2468 750 2501 αὐτῶν
777 2469 884 2510 ἐστίν,
903 2469 944 2506 ὠς
967 2468 1033 2500 τῶν
1057 2467 1215 2513 ἐσχάτων
1240 2463 1300 2500 διαὶ
1324 2467 1366 2501 τὸ

358 2513 543 2547 συνάπτειν
572 2512 733 2551 ἀλλήλοις
759 2514 867 2546 τοῦτο
892 2511 1126 2546 πεπονθότων.

289 2561 356 2592 Καὶ
381 2559 448 2591 τῶν
474 2557 723 2603 μαθηματικῶν
757 2556 830 2590 ὅσοι
854 2557 896 2590 τό
928 2555 1068 2603 μέγεθος
1103 2556 1366 2603 ἀναλογίζεσθαι

358 2604 542 2648 πειρῶνται
568 2603 632 2641 τῆς
657 2605 878 2648 περιφερείας,
895 2603 941 2640 εἱς
959 2601 1229 2647 τετταράκοντα
1247 2601 1369 2647 λέγου-

357 2659 408 2680 σιν
434 2645 520 2680 εἶναι
552 2642 717 2693 μυριάδας
750 2643 919 2680 σταδίων·
946 2646 982 2688 ἐξ
1011 2647 1055 2678 ὧν
1088 2647 1365 2703 τεκμαιρομένοις

359 2692 398 2725 οὐ
422 2691 524 2736 μόνον
549 2687 747 2737 σφαιροειδῆ
773 2692 833 2726 τὸν
861 2692 959 2738 ὄγκον
988 2689 1176 2738 ἀναγκαῖον
1197 2703 1285 2723 ειναι
1303 2692 1366 2729 τῆς

356 2737 547 2812 γῆς,θάλλο“ι
569 2739 627 2769 καὶ
645 2737 694 2780 μή
712 2735 821 2784 μέγαν
847 2736 927 2781 πρὸς
950 2736 993 2769 τό
1014 2737 1081 2768 τῶν
1101 2735 1211 2768 ἄλλων
1232 2736 1363 2780 ἄστρων

358 2793 440 2828 μεγε
466 2792 511 2820 ος.

345 2879 496 2907 synopsis.
513 2894 548 2899 —
572 2887 596 2906 1.
617 2877 723 2906 Gravia
743 2878 781 2906 ad
801 2884 907 2906 terram
928 2877 1059 2906 feruntur
1086 2879 1247 2906 secundum
1268 2883 1363 2906 rectos

290 2919 430 2956 angulos,
451 2927 514 2946 non
541 2924 639 2946 autem
667 2927 719 2955 per
745 2918 836 2946 lineas
864 2917 1106 2955 aequidistantes;
1135 2919 1216 2955 quod
1237 2917 1364 2946 ostendit

289 2965 397 2987 terram
418 2959 525 2986 habere
546 2967 580 2986 ex
601 2965 705 2986 natura
726 2967 779 2986 sua
800 2958 882 2995 quod
906 2958 943 2986 sit
963 2957 1122 2995 sphaerica.
1144 2959 1187 2986 Ex
1208 2967 1296 2986 causa
1316 2967 1364 2986 ac-

290 2997 425 3027 cidentali
436 2997 564 3035 quidem,
580 2998 687 3027 scilicet
702 3004 821 3035 propter
831 3004 946 3026 montes
961 3004 989 3026 et
1002 2998 1099 3033 valles,
1111 3007 1171 3026 non
1182 3004 1225 3026 est
1239 2998 1362 3027 omnino

290 3037 456 3075 sphaerica:
488 3037 593 3066 dicitur
619 3044 718 3066 tamen
745 3037 896 3075 sphaerica
923 3038 1104 3075 simpliciter,
1133 3044 1252 3075 propter
1278 3047 1362 3067 suam

290 3084 441 3113 naturam3
469 3079 704 3115 unumquodque
737 3078 816 3106 enim
845 3078 1051 3107 denominatur
1080 3079 1117 3107 ab
1145 3087 1182 3107 eo
1208 3079 1290 3115 quod
1319 3084 1362 3106 est

290 3119 451 3146 secundum
473 3127 556 3146 suam
578 3125 721 3146 naturam.
738 3135 757 3140 -
779 3126 807 3146 2.
830 3118 1001 3147 Rationibus
1022 3118 1202 3155 astrologicis
1223 3119 1363 3155 probatur

290 3158 372 3194 quod
389 3164 467 3186 terra
488 3157 524 3185 sit
545 3158 703 3194 sphaerica.
730 3158 828 3186 Prima
853 3158 998 3195 probatio.
1024 3160 1056 3186 In
1077 3158 1230 3195 eclipsibus
1259 3158 1361 3193 lunae,

290 3198 448 3225 obscurum
463 3204 491 3225 et
505 3197 634 3226 lucidum
655 3197 744 3234 ipsius
763 3198 979 3235 distinguuntur
991 3208 1043 3235 per
1057 3198 1163 3226 lineam
1178 3198 1361 3233 cireularem3

289 3237 393 3265 accidit
413 3244 510 3265 autem
536 3237 598 3266 eius
626 3237 738 3274 eclipsis
759 3247 811 3274 per
832 3238 889 3266 hoc
910 3239 991 3275 quod
1019 3240 1153 3266 umbram
1178 3245 1270 3266 terrae
1294 3239 1361 3266 sub-

289 3277 392 3311 intrat;
421 3277 518 3305 solum
546 3284 643 3306 autem
673 3287 780 3314 corpus
811 3278 995 3314 sphaericum
1019 3279 1154 3306 umbram
1180 3277 1360 3314 sphaericam

289 3326 404 3353 semper
418 3317 493 3345 facit.
509 3334 528 3339 -
543 3318 642 3345 Potest
656 3317 742 3346 obiici
757 3317 925 3346 circularem
947 3318 1025 3346 illam
1047 3318 1132 3346 lunae
1154 3317 1359 3345 abscissionem

289 3366 352 3385 esse
372 3364 492 3394 propter
511 3357 598 3385 lunae
619 3357 838 3392 rotunditatem,
865 3367 927 3386 non
951 3365 1048 3386 autem
1069 3364 1170 3386 terrae.
1192 3357 1361 3393 Responde-

288 3402 344 3424 tur.
366 3398 397 3425 ln
419 3403 577 3434 augmento
599 3404 627 3425 et
641 3398 826 3426 decremento
848 3398 934 3426 lunae
954 3407 1006 3435 per
1020 3397 1148 3435 singulos
1170 3405 1293 3431 menses,
1316 3405 1360 3424 se-

289 3436 346 3464 ctio
368 3436 430 3464 eius
444 3446 547 3466 omnes
569 3437 744 3466 differentias
766 3438 923 3475 figurarum
944 3437 1056 3474 accipit,
1078 3443 1196 3473 propter
1217 3436 1359 3463 diversam

289 3475 488 3505 habitudinem
517 3476 578 3505 eius
603 3477 640 3505 ad
664 3477 773 3512 solem;
803 3477 833 3505 in
862 3477 1015 3514 eclipsibus
1039 3486 1107 3504 vero
1133 3476 1208 3503 linea
1229 3474 1359 3502 dividens

288 3515 382 3552 ipsam
411 3523 455 3544 est
482 3525 596 3552 semper
624 3517 778 3545 circularis.
809 3517 886 3552 Quia
917 3517 1003 3554 igitur
1034 3515 1146 3551 eclipsis
1172 3521 1214 3542 est
1241 3521 1359 3550 propter

288 3562 380 3584 terrae
402 3555 662 3592 interpositionem,
677 3566 711 3585 ex
726 3557 903 3585 rotunditate
917 3563 1009 3584 terrae
1024 3561 1158 3583 causatur
1178 3553 1241 3581 talis
1256 3553 1356 3597 figura.

288 3611 308 3617 -
331 3596 357 3623 3.
381 3596 515 3624 Secunda
535 3596 689 3633 probatio:
717 3606 751 3625 ex
778 3606 836 3633 qua
862 3602 982 3632 apparet
1003 3595 1088 3622 etiam
1117 3594 1198 3630 quod
1225 3599 1300 3620 terra
1317 3599 1358 3629 *stt

285 3644 376 3671 parva
394 3635 425 3664 in
447 3636 664 3672 comparatione
686 3637 723 3664 ad
745 3635 878 3664 caelestia
891 3643 1024 3671 corpora.
1047 3632 1235 3669 Pergentibus
1258 3641 1357 3659 versus

432 3692 502 3725 Opp.
522 3693 553 3717 D.
572 3692 687 3717 Tuomst:
706 3692 737 3716 T.
753 3692 792 3716 111.

1422 906 1439 925 *
1458 907 1500 938 Et
1522 908 1599 949 quia
1622 910 1732 940 omnia
1755 910 1900 943 feruntur
1922 915 2027 954 gravia
2051 915 2091 946 ad
2114 915 2231 946 similes
2255 916 2409 956 angulos,
2438 917 2492 947 sed

1490 962 1558 983 non
1581 953 1667 984 iuxta
1695 954 1850 987 invicem:
1876 958 1938 989 hoc
1967 966 2075 990 autem
2108 967 2221 1000 aptum
2243 967 2356 992 natum
2384 967 2431 991 est
2452 961 2492 991 ad

1490 1003 1612 1047 natura.
1626 998 1837 1038 sphaericum.
1858 1004 1924 1033 Aut
1939 1003 2035 1042 igitur
2051 1011 2097 1034 est
2112 1004 2284 1044 sphaerica,
2308 1012 2364 1036 aut
2381 1011 2493 1036 natura

1490 1041 1662 1081 sphaerica.
1700 1042 1836 1083 Oportet
1871 1054 1978 1077 autem
2011 1049 2269 1089 unumquodque
2300 1050 2402 1080 dicere
2431 1049 2492 1080 tale

1490 1086 1584 1125 quale
1616 1094 1663 1117 est
1698 1089 1876 1119 secundum
1904 1098 2068 1131 naturam,
2102 1093 2157 1123 sed
2184 1103 2250 1123 non
2283 1095 2373 1134 quod
2400 1093 2431 1124 vi
2462 1099 2493 1124 et

1490 1136 1613 1170 praeter
1636 1138 1793 1163 naturam.

1421 1173 1439 1192 *
1456 1174 1573 1204 Adhuc
1597 1182 1705 1205 autem
1729 1183 1760 1207 et
1782 1187 1839 1217 per
1862 1180 2043 1219 apparentia
2066 1181 2243 1211 secundum
2266 1192 2406 1213 sensum.
2427 1182 2491 1212 Ne-

1489 1228 1552 1259 que
1573 1219 1660 1249 enim
1684 1220 1794 1261 utique
1818 1222 1913 1253 lunae
1937 1224 2067 1264 eclipses
2091 1225 2167 1256 tales
2186 1226 2338 1257 haberent
2360 1226 2492 1258 decisio-

1489 1272 1555 1293 nes.
1578 1264 1672 1294 Nunc
1695 1264 1829 1296 enimin
1846 1266 1894 1297 his
1915 1278 1996 1308 quae
2021 1270 2197 1300 secundum
2220 1281 2363 1301 mensem
2378 1271 2492 1312 figura-

1488 1307 1640 1346 tionibus,
1665 1318 1778 1340 omnes
1801 1311 1913 1351 accipit
1936 1312 2121 1344 differentias
2145 1312 2277 1356 (etenim
2295 1323 2378 1346 recta
2395 1315 2441 1354 fit,
2463 1321 2494 1344 et

1489 1352 1719 1393 amphicurtos,
1737 1360 1767 1384 et
1787 1354 1954 1398 concava):
1981 1357 2061 1388 circa
2085 1358 2213 1399 eclipses
2238 1366 2345 1390 autem
2368 1370 2493 1401 semper

1488 1397 1657 1437 gibbosam
1669 1397 1763 1429 habet
1777 1399 2039 1432 determinantem
2054 1403 2180 1433 lineam.
2200 1404 2320 1444 ltaque,
2338 1404 2494 1445 quoniam

1490 1441 1623 1482 quidem
1638 1442 1809 1483 eclipsatur
1824 1451 1954 1484 propter
1977 1452 2075 1477 terrae
2090 1447 2376 1488 interpositionem,
2394 1455 2493 1479 terrae

1489 1485 1602 1527 utique
1618 1486 1676 1517 erit
1690 1488 1868 1519 rotunditas
1882 1488 2000 1529 figurae
2018 1501 2121 1530 causa,
2139 1492 2301 1532 sphaerica
2317 1492 2460 1524 existens.
2477 1531 2481 1535 ᾗ

1421 1575 1438 1594 *
1457 1575 1573 1606 Adhuc
1591 1582 1711 1614 autern,
1731 1587 1787 1616 per
1802 1583 1960 1608 astrorum
1984 1579 2200 1619 apparentiam
2214 1590 2281 1610 non
2297 1581 2404 1612 solum
2426 1591 2493 1612 ma-

1488 1619 1642 1650 nifestum
1665 1620 1741 1662 quia
1764 1622 1922 1661 rotunda,
1954 1623 2009 1652 sed
2038 1630 2068 1654 et
2091 1624 2309 1664 magnitudine
2340 1635 2406 1656 non
2430 1626 2491 1656 exi-

1490 1671 1575 1695 stens
1598 1675 1725 1705 magna.
1750 1666 1877 1697 Modica
1901 1667 1986 1697 enim
2010 1667 2090 1698 facta
2113 1669 2315 1699 translatione
2339 1670 2430 1700 nobis
2454 1671 2495 1700 ad

1489 1709 1654 1740 meridiem
1679 1717 1710 1741 et
1737 1710 1907 1749 arcticum,
1932 1711 2096 1742 manifeste
2119 1713 2196 1743 alter
2218 1712 2254 1744 fit
2276 1713 2410 1744 horizon
2437 1715 2493 1745 cir-

1489 1754 1598 1792 culus;
1621 1754 1664 1785 ita
1686 1761 1724 1785 ut
1741 1765 1824 1796 quae
1847 1765 1943 1796 super
1966 1764 2062 1796 caput
2084 1764 2165 1787 astra
2188 1768 2337 1798 magnam
2358 1759 2495 1790 habeant

1489 1799 1800 1838 transmutationem,
1816 1807 1847 1831 et
1862 1810 1930 1830 non
1946 1801 2057 1831 eadem
2072 1801 2237 1832 videantur
2247 1803 2287 1832 ad
2297 1803 2448 1834 arcticum
2463 1810 2494 1834 et

1489 1843 1656 1874 meridiem
1679 1845 1971 1877 transmutantibus.
1997 1846 2163 1883 Quaedam
2187 1846 2323 1877 enimin
2347 1850 2494 1889 Aegypto

1489 1887 1622 1929 quidem
1646 1889 1753 1919 stellae
1776 1888 1924 1920 videntur
1940 1896 1970 1920 et
1986 1890 2066 1921 circa
2086 1890 2249 1932 Cyprum,
2274 1891 2306 1921 in
2322 1891 2370 1922 his
2387 1899 2494 1922 autem

1489 1942 1571 1973 quae
1603 1933 1643 1963 ad
1675 1933 1827 1964 arcticum
1858 1934 2041 1977 regionibus
2073 1945 2139 1965 non
2169 1935 2333 1974 videntur;
2358 1942 2388 1966 et
2411 1946 2494 1977 quae

1489 1987 1615 2017 semper
1638 1977 1671 2007 in
1694 1977 1744 2008 his
1767 1988 1849 2019 quae
1866 1979 1905 2008 ad
1920 1978 2071 2009 arcticum
2095 1986 2247 2020 apparent
2270 1987 2438 2019 astrorum,
2462 1981 2495 2011 in

1488 2021 1551 2052 illis
1574 2021 1653 2052 locis
1678 2023 1887 2053 occultantur.
1914 2023 2020 2060 Quare
2045 2034 2111 2054 non
2135 2025 2242 2054 solum
2266 2035 2302 2055 ex
2325 2025 2373 2055 his
2389 2025 2495 2065 palam

1490 2067 1663 2097 rotundam
1680 2077 1747 2098 esse
1767 2066 1903 2107 figuram
1924 2075 2033 2107 terrae,
2058 2069 2114 2099 sed
2137 2068 2233 2099 etiam
2256 2069 2405 2109 sphaerae
2429 2080 2495 2099 non

1489 2119 1641 2150 magnae:
1666 2122 1733 2142 non
1757 2112 1844 2142 enim
1867 2112 1978 2153 utique
2002 2113 2046 2143 sic
2068 2113 2218 2144 velociter
2241 2114 2347 2154 palam
2370 2113 2495 2153 faceret,

1489 2156 1645 2186 translatis
1672 2156 1716 2187 ita
1747 2156 1924 2187 modicum.
1950 2157 1967 2175 *
1999 2157 2132 2198 Propter
2163 2159 2252 2199 quod
2285 2158 2495 2189 existimantes

1490 2207 1638 2241 coaptare
1668 2210 1743 2231 eum
1771 2201 1827 2242 qui
1859 2201 1938 2232 circa
1969 2202 2136 2232 Heracleas
2165 2202 2342 2233 Columnas
2364 2203 2494 2241 locum,

1489 2244 1518 2275 ei
1541 2245 1598 2285 qui
1624 2245 1704 2276 circa
1729 2245 1887 2284 Indicum,
1917 2252 1948 2276 et
1970 2246 2032 2276 hoc
2055 2247 2155 2277 modo
2179 2257 2246 2277 esse
2269 2257 2355 2278 mare
2379 2257 2494 2286 unum,

1489 2299 1555 2319 non
1579 2289 1670 2320 valde
1699 2289 1852 2330 suspicari
1882 2290 2078 2321 incredibilia
2104 2291 2212 2322 videri.
2245 2291 2363 2322 Dicunt
2386 2299 2495 2322 autem

1489 2340 1746 2374 argumentantes
1770 2344 1807 2365 ex
1827 2335 2059 2375 elephantibus,
2083 2336 2239 2376 quoniam
2263 2336 2342 2366 circa
2360 2343 2494 2377 utraque

1488 2378 1574 2416 loca,
1603 2378 1779 2409 novissima
1802 2379 1979 2418 existentia,
2010 2390 2110 2420 genus
2140 2380 2285 2420 ipsorum
2313 2387 2378 2419 est;
2408 2381 2496 2412 velut

1489 2422 1682 2462 novissimis,
1707 2430 1876 2464 propterea
1891 2424 1980 2465 quod
1997 2424 2191 2455 conveniunt
2210 2425 2249 2455 ad
2264 2424 2412 2464 invicem,
2431 2425 2493 2456 hoc

1488 2477 1599 2508 passis.

1419 2557 1438 2577 *
1451 2558 1493 2588 Et
1509 2556 1809 2588 mathematicorum
1828 2557 2025 2598 quicumque
2048 2557 2300 2597 magnitudinem
2316 2559 2493 2590 ratiocinari

1489 2608 1643 2633 attentant
1666 2602 1883 2640 rotunditatis,
1908 2602 1948 2632 ad
1971 2603 2177 2643 quadraginta
2201 2603 2310 2634 dicunt
2333 2614 2399 2634 esse
2423 2615 2491 2645 my—

1489 2647 1590 2677 riades
1614 2646 1801 2677 stadiorum.
1826 2647 1873 2677 Ex
1896 2646 2013 2687 quibus
2037 2647 2329 2687 argumentantibus
2353 2658 2418 2679 non
2441 2660 2491 2679 so-

1486 2691 1557 2722 lum
1581 2691 1777 2731 sphaericam
1801 2691 1922 2721 molem
1946 2692 2158 2722 necessarium
2174 2702 2240 2722 esse
2262 2699 2370 2731 terrae,
2391 2693 2445 2723 sed
2462 2700 2492 2724 et

1488 2746 1556 2766 non
1574 2737 1725 2776 magnam
1740 2736 1780 2766 ad
1796 2735 1933 2766 aliorum
1949 2743 2107 2766 astrorum
2126 2737 2388 2776 magnitudinem.

1417 2875 1645 2913 septentrionem
1659 2876 1704 2904 vel
1725 2876 1877 2904 meridiem
1893 2876 2099 2904 diversificatur
2112 2876 2249 2904 horizon:
2271 2883 2333 2904 tum
2348 2883 2489 2913 quantum

1417 2917 1456 2945 ad
1476 2917 1578 2953 polum
1599 2916 1768 2951 horizontis,
1790 2923 1822 2944 ut
1842 2923 1920 2952 patet
1942 2925 1975 2944 ex
1996 2915 2114 2944 diversis
2135 2916 2222 2944 stellis
2243 2916 2305 2943 fixis
2326 2917 2488 2952 apparenti-

1418 2957 1472 2984 bus
1493 2966 1580 2992 super
1601 2963 1700 2993 caput3
1722 2963 1784 2984 turn
1806 2962 1947 2993 quantum
1969 2956 2006 2983 ad
2027 2955 2167 2983 diversam
2190 2955 2396 2984 abscissionem
2418 2956 2488 2984 caeli

1417 3006 1470 3033 per
1490 2995 1687 3031 horizontem,
1710 2996 1780 3023 durn
1796 2996 1938 3032 quaedam
1961 2995 2058 3023 stellae
2079 2995 2108 3023 in
2130 2995 2295 3032 regionibus
2317 2996 2487 3032 septentrio-

1417 3036 1530 3064 nalibus
1551 3042 1701 3073 apparent,
1724 3045 1799 3072 quae
1813 3035 1844 3063 in
1860 3034 2096 3063 meridionalibus
2110 3043 2225 3070 semper
2246 3035 2435 3070 occultantur,
2457 3042 2486 3063 et

1416 3077 1477 3105 vice
1500 3086 1590 3104 versa.
1614 3077 1655 3103 Ex
1676 3075 1719 3103 his
1745 3082 1843 3103 autem
1865 3081 1978 3102 constat
1998 3081 2103 3102 terram
2125 3083 2187 3102 esse
2208 3075 2363 3102 rotundam
2385 3084 2486 3103 secun-

1416 3117 1487 3144 dum
1508 3122 1657 3152 aspectum
1679 3116 1717 3143 ad
1738 3115 1832 3151 polos.
1854 3131 1875 3134 -
1896 3115 1983 3148 Quod
2004 3120 2101 3141 autem
2123 3113 2159 3141 sit
2180 3115 2305 3142 rotunda
2326 3123 2423 3142 versus
2438 3124 2486 3142 or-

1415 3163 1479 3184 tum
1500 3163 1527 3184 et
1549 3165 1698 3189 occasum,
1721 3161 1798 3190 patet
1819 3163 1853 3181 ex
1872 3154 1928 3181 hoc
1950 3154 2030 3189 quod
2049 3153 2128 3181 sidus
2149 3153 2245 3181 oriens
2266 3153 2344 3190 prius
2365 3161 2486 3190 apparet

1416 3196 1460 3224 his
1482 3195 1531 3233 qui
1552 3202 1619 3223 sunt
1639 3195 1669 3222 in
1691 3194 1811 3222 oriente.
1834 3210 1853 3214 —
1874 3195 1915 3220 Ex
1937 3193 2089 3229 praedictis
2110 3193 2239 3229 sequitur
2266 3203 2327 3221 non
2349 3203 2485 3230 magnam

1416 3245 1478 3264 esse
1499 3242 1591 3263 terrae
1613 3234 1833 3262 rotunditatem:
1856 3242 1917 3260 non
1932 3232 2009 3260 enim
2024 3232 2054 3259 in
2068 3239 2127 3260 tarn
2150 3242 2237 3269 parva
2251 3233 2386 3261 distantia
2404 3234 2485 3262 fieret

1415 3275 1455 3303 ita
1468 3275 1525 3303 cito
1547 3274 1695 3302 diversitas
1717 3273 1792 3301 circa
1813 3272 2011 3308 apparentiam
2026 3272 2182 3307 stellarum,
2205 3272 2228 3300 si
2243 3279 2318 3301 terra
2333 3280 2407 3301 esset
2422 3283 2483 3302 ma-

1414 3324 1488 3351 gnae
1510 3313 1685 3351 quantitatis.
1701 3330 1720 3334 -
1733 3322 1762 3347 4.
1780 3312 1878 3340 Tertia
1899 3311 2043 3348 probatio.
2066 3313 2107 3339 Ex
2129 3321 2265 3340 mensura
2283 3312 2369 3341 etiarn
2390 3319 2484 3342 terrae

1414 3353 1609 3391 argumentari
1637 3361 1793 3389 possumus
1820 3361 1882 3379 non
1910 3352 2004 3379 solum
2034 3352 2115 3388 quod
2135 3352 2171 3379 sit
2192 3352 2357 3388 sphaerica,
2383 3354 2434 3381 sed
2456 3360 2484 3382 et

1414 3394 1495 3430 quod
1516 3402 1577 3420 non
1598 3392 1634 3420 sit
1651 3401 1756 3428 magna
1769 3391 1830 3419 eius
1846 3391 1946 3419 moles.
1962 3392 2128 3419 secundum
2143 3392 2390 3428 computationem
2405 3393 2483 3421 enim

1415 3432 1684 3460 mathematicorum
1712 3430 1914 3468 antiquorum,
1938 3430 1999 3458 eius
2020 3431 2182 3460 rotunditas
2203 3438 2245 3459 est
2273 3432 2484 3470 quinquaginta

1414 3472 1503 3500 millia
1524 3471 1737 3499 milliariorum:
1760 3471 1919 3498 seeundum
1942 3471 2101 3499 modernos
2122 3478 2219 3499 autem
2247 3479 2289 3499 est
2314 3473 2406 3500 multo
2428 3473 2483 3500 mi-

1413 3521 1477 3540 nor.
1501 3512 1565 3539 Hoc
1587 3517 1683 3539 autem
1705 3510 1867 3547 computari
1889 3517 1997 3546 potest,
2020 3510 2231 3539 considerando
2254 3519 2394 3548 quantum
2417 3522 2482 3548 spa-

1412 3551 1485 3579 tium
1507 3550 1536 3578 in
1558 3557 1633 3578 terra
1654 3550 1720 3578 facit
1741 3550 1934 3578 diversitatem
1962 3550 2048 3578 unius
2075 3552 2181 3587 gradus
2203 3551 2232 3579 in
2253 3552 2349 3587 caelo,
2378 3558 2405 3580 et
2426 3553 2483 3580 hoc

1413 3590 1631 3626 multiplicando
1646 3600 1698 3627 per
1711 3596 1871 3619 trecentum
1893 3590 2047 3627 sexaginta,
2063 3591 2113 3628 qui
2127 3598 2169 3620 est
2183 3601 2321 3620 numerus
2339 3593 2480 3629 graduum

1412 3630 1443 3658 in
1465 3630 1554 3658 caelo.

2271 3695 2303 3721 29

2519 921 2530 932 ³
2549 920 2604 949 Seq.
2623 927 2649 942 ca
2668 938 2674 944 .
2693 928 2733 944 xtv

2522 951 2544 968 et
2559 951 2606 970 text
2621 954 2645 970 ιο
2663 964 2669 970 .

2517 1183 2529 1194 ⁴
2543 1183 2611 1206 Text.
2626 1191 2674 1213 109.

2519 1589 2531 1601 ⁹
2544 1589 2611 1610 Text.
2626 1595 2669 1611 uo.

2522 2164 2532 2174 ‘
2546 2163 2614 2186 Text.
2631 2170 2668 2186 ιιι.

2519 2566 2530 2578 ⁸
2544 2566 2611 2588 Text.
2627 2573 2665 2588 uz.
