2782 4134
313 301 315 303 ’
366 291 442 338 276

870 289 941 325 DE
971 287 1358 325 GENERATIONE
1387 287 1458 323 ET
1487 285 1870 323 CORRUPTIONE
1900 287 1994 325 LIB.
2026 289 2040 324 I

1114 509 1416 565 LEcho
1455 511 1798 587 QUARTA

706 663 841 695 RATIO
864 661 1107 693 DEMOCRITI
1130 661 1189 692 AD
1214 661 1544 693 OSTENDENDUM
1568 663 1690 700 QUOD
1716 663 1922 695 CORPORA
1944 665 2198 696 NATURALIA

919 718 1255 750 COMPONUNTUR
1277 718 1335 750 EX
1358 718 1630 751 CORPORIBUS
1654 721 1989 753 INDIVISIBILIBUS

355 854 450 901 Ἔχει
474 852 538 898 γάρ
566 853 730 893 ἀπορίαν,
757 850 787 879 εἴ
810 860 861 886 τις
886 847 956 886 θείη
982 847 1081 892 σῶμά
1105 860 1139 881 τι
1163 845 1249 880 εἶναι
1279 851 1337 880 καὶ
1368 848 1427 893 μέ-

429 899 523 944 γεθος
548 896 663 939 πάντῃ
688 890 870 936 διαιρετόν,
896 894 954 926 καὶ
980 894 1087 925 τοῦτο
1112 889 1272 926 δυνατόν.
1300 894 1337 924 Τί
1358 893 1423 939 γοὶρ

429 945 527 977 ἔσται
553 941 631 985 ὅπερ
657 938 721 976 τήν
746 934 907 983 διαίρεσιν
938 933 1134 983 διαφεύγει,
1161 938 1190 968 εἰ
1213 937 1278 984 γὰρ
1305 936 1422 980 ποίντῃ

428 984 617 1030 διαιρετόν,
642 986 700 1016 καὶ
726 982 832 1016 τοῦτο
858 978 1026 1022 δυνατόν,
1052 981 1115 1014 κάν
1142 981 1214 1025 ἅμα
1239 984 1289 1020 εἴη
1315 983 1422 1015 τοῦτο

428 1031 544 1072 ποίντη
570 1027 781 1073 διῃρημένον,
807 1029 866 1060 καὶ
890 1027 918 1059 εἰ
943 1026 990 1070 μή
1018 1025 1090 1070 ἅμα
1106 1023 1287 1069 διῄρηται·
1312 1025 1376 1059 κᾶν
1395 1027 1422 1058 εἰ

429 1065 535 1109 τοῦτο’
559 1074 708 1121 γένοιτο,
737 1070 833 1106 οὐδὲν
862 1070 900 1104 ἀν
926 1074 975 1109 εἴη
1003 1067 1190 1104 ἀδύνατον.

359 1117 485 1152 Οὐκοῦν
513 1122 571 1151 καὶ
598 1117 695 1150 κατα
719 1117 760 1150 τὸ
785 1117 885 1163 μέσον
918 1116 1095 1154 ὡσαύτως.
1132 1116 1198 1147 Καὶ
1225 1113 1306 1152 ὅλως
1331 1109 1370 1147 δὲ
1395 1115 1422 1147 εἰ

427 1163 543 1205 πάντη
569 1163 694 1207 πέφυκε
718 1157 904 1208 διαιρετόν,
929 1159 992 1193 κᾶν
1016 1156 1184 1215 διαιρεθῇ,
1204 1154 1300 1191 οὐδὲν
1323 1159 1423 1192 ἔσται

427 1198 598 1242 ἀδύνατον
623 1206 782 1254 γεγονός,
809 1207 882 1239 ἐπεὶ
909 1201 980 1238 οὐδ’
1011 1204 1049 1237 ἂν
1075 1217 1119 1242 εις
1145 1207 1246 1249 μυρία
1269 1203 1422 1248 μυριοίκις

424 1249 610 1298 διῃρημένα
629 1251 663 1296 ᾗ,
684 1246 779 1285 οὐδὲν
807 1246 997 1284 ἀδύνατον·
1022 1252 1139 1282 καίτοι
1159 1251 1236 1286 ἴσως
1255 1244 1363 1287 οὐδεὶς
1383 1248 1422 1281 ὀὲν

424 1287 541 1330 διέλοι.
573 1299 669 1330 Ἐπεὶ
695 1299 806 1330 τοίνυν
833 1293 951 1338 πάντῃ
971 1292 1130 1327 τοιοῦτόν
1157 1293 1230 1326 ἐστι
1251 1293 1292 1326 τὸ
1310 1291 1420 1338 σῶμα,

425 1337 606 1388 διῃρήσθω.

357 1388 395 1418 Τί
421 1385 477 1418 οὖν
511 1387 610 1419 ἔσται
640 1384 781 1425 λοιπόν;
808 1382 850 1428 μέ
877 1382 968 1423 εθος;
997 1382 1034 1414 οὑ
1065 1381 1130 1428 γάρ
1163 1381 1294 1423 οἷόντε,
1322 1381 1422 1414 ἔσται

423 1431 488 1477 γάρ
506 1443 540 1464 τι
560 1430 596 1463 οὐ
617 1426 830 1474 διῃρημένον,
850 1439 889 1465 ἠν
908 1423 945 1459 δὲ
964 1425 1080 1471 πάντῃ
1101 1421 1285 1471 διαιρετόν.
1314 1426 1424 1458 Ἀλλοὶ

449 1477 489 1514 ἣν
515 1476 543 1507 εἰ
568 1469 670 1520 μηδὲν
705 1475 803 1506 ἔσται
835 1473 933 1516 σῶμα
965 1466 1051 1514 μηδὲ
1075 1470 1234 1517 μέγεθος,
1261 1466 1420 1515 διαίρεσις

423 1487 450 1554 δι’
480 1521 599 1561 ἔσται,
626 1517 647 1556 ἦ
673 1518 710 1551 ἐκ
733 1518 884 1564 στιγμῶν
914 1516 1033 1557 ἔσται,
1059 1517 1118 1548 καὶ
1145 1513 1292 1562 ἀμεγέθη
1318 1515 1354 1556 ἐξ
1378 1514 1426 1549 ὢν,

423 1565 622 1612 σύγκειται,
649 1562 670 1600 ἦ
697 1557 794 1595 οὐδὲν
820 1560 1062 1601 παντάπασιν,
1090 1559 1178 1592 ὥστε
1202 1558 1266 1593 κᾶν
1291 1562 1422 1606 γίνοιτο

424 1610 461 1643 ἐκ
485 1605 628 1655 μηδενὸς
651 1606 714 1639 κάν
740 1609 789 1644 εἴη
815 1607 1044 1653 συγκείμενον,
1069 1605 1129 1636 καὶ
1154 1603 1195 1637 τὸ
1217 1605 1285 1637 πᾶν
1306 1600 1349 1641 δή
1368 1601 1422 1636 οὗ-

422 1650 478 1687 δέν
506 1654 579 1686 ἀλλ’
609 1652 630 1690 ἦ
656 1650 867 1696 φαινόμενον.
906 1651 1045 1693 Ὁμοίως
1078 1645 1116 1681 δὲ
1145 1647 1208 1682 κᾶν
1235 1647 1258 1692 ᾖ
1283 1648 1319 1682 ἐκ.
1350 1660 1423 1682 στι-

422 1700 535 1746 γμῶν,
563 1698 622 1730 οὐκ
648 1688 894 1729 ἔσται’ποσόν.
933 1693 1059 1726 Ὁπότε
1083 1693 1148 1740 γὰρ
1173 1692 1330 1730 ’ἥπτοντο
1362 1696 1420 1726 καὶ

423 1747 456 1777 ἓν
482 1741 521 1780 ἣν
547 1741 686 1788 μέγεθος
709 1741 768 1771 καὶ
794 1739 866 1783 ἅμα
891 1737 997 1779 ἦσαν,
1025 1735 1122 1770 οὐδὲν
1148 1738 1282 1771 ἐποίουν
1308 1738 1421 1782 μεῖζον

422 1789 464 1822 τὸ
490 1788 573 1820 πᾶν.
599 1783 827 1829 Διαιρεθέντος
852 1783 916 1830 γὰρ
942 1783 986 1819 εἰς
1011 1778 1073 1814 δύο
1097 1783 1156 1814 καὶ
1182 1783 1299 1822 πλείω,
1323 1780 1420 1816 οὐδὲν

423 1833 571 1866 ἔλαττον
604 1825 682 1863 οὐδὲ
706 1829 818 1873 μεῖζον
853 1827 894 1860 τὸ
926 1827 994 1858 πᾶν
1027 1827 1090 1859 τοῦ
1121 1826 1305 1871 πρότερον,
1332 1827 1419 1862 ὥστε

420 1876 483 1910 κάν
510 1877 619 1909 πᾶσαι
644 1873 867 1914 συντεθῶσιν,
896 1867 991 1903 οὐδὲν
1017 1870 1196 1907 ποιήσουσι
1221 1869 1373 1918 μέγεθος.

349 1965 459 1998 ’And
482 1965 548 2009 μήν
572 1965 630 1995 καὶ
656 1963 684 1994 εἴ
701 1973 734 1995 τι
751 1956 987 2015 διαιρουμένου
1014 1959 1081 1991 οἷον
1101 1959 1270 2004 ἔκπρισμα
1286 1961 1420 2005 γίνεται

422 2010 484 2043 τοῦ
510 2009 688 2052 σώματος,
713 2006 772 2037 καὶ
797 2017 904 2042 ουτως
930 2004 967 2036 ὲκ
991 2004 1055 2035 τοῦ
1079 2003 1238 2050 μεγέθους
1264 2005 1363 2049 σῶμοί
1386 2018 1420 2038 τι

424 2052 635 2098 ἀπέρχεται,
663 2052 679 2084 ὀ
705 2049 809 2086 αὐτὸς
833 2048 951 2095 λόγος,
980 2046 1087 2080 έκεῖνο
1112 2050 1180 2086 πῶς
1206 2044 1278 2080 διαι
1300 2050 1390 2082 ετόν.

355 2100 393 2131 Εἰ
417 2095 454 2131 δὲ
479 2098 526 2141 μή
551 2098 648 2140 σῶμα
668 2093 743 2128 ἀλλ’
766 2090 853 2132 εἶδός
872 2104 906 2126 τι
923 2092 1089 2138 χωριστὸν
1108 2092 1129 2130 ἦ
1148 2092 1254 2131 πάθος
1274 2105 1290 2126 ο
1310 2094 1419 2131 ἀπῆλ-

421 2143 487 2183 θεν,
514 2143 572 2173 καὶ
598 2141 671 2173 ἔστι
696 2139 738 2172 τό
763 2137 902 2185 μέγεθος
926 2138 1071 2182 στιγμαὶΙ
1096 2136 1117 2174 ἧ
1145 2139 1225 2182 ἀφαὶ
1252 2133 1326 2170 τοδὶ
1354 2151 1419 2171 πα-

421 2187 558 2225 θοῦσαι,
586 2185 716 2218 ἄτοπον
743 2183 779 2215 ἐκ.
804 2183 850 2226 μή
876 2181 1023 2229 μεγεθῶν
1048 2180 1186 2228 μέγεθος
1213 2179 1311 2215 εἶναι.

347 2276 425 2308 Ἔτι
449 2270 486 2307 δέ
512 2275 578 2306 ποῦ
604 2274 742 2305 ἔσονται
765 2273 822 2303 καὶ
851 2271 1005 2307 ἀκίνητοι
1030 2269 1051 2307 ἦ
1076 2269 1271 2314 κινούμεναι
1296 2274 1331 2303 αἱ
1348 2283 1419 2305 στι-

420 2321 526 2366 γμαί;
555 2317 622 2362 ἀφή
648 2329 686 2349 τε
713 2315 764 2348 ἀεὶ
789 2318 851 2359 μία
875 2311 966 2346 δυοῖν
993 2315 1113 2356 τινῶν,
1139 2316 1181 2352 ὠς
1207 2315 1303 2354 ὄντος
1328 2317 1419 2355 τινος

421 2363 516 2408 παραὶ
540 2363 604 2399 τήν
631 2360 718 2415 ἀρήν
742 2363 799 2392 καὶ
826 2359 889 2396 τήν
910 2358 1070 2404 διαίρεσιν
1095 2361 1153 2391 καὶ
1171 2359 1236 2396 τήν
1253 2360 1415 2407 στιγμήν.

420 2408 458 2439 Ei
482 2403 528 2443 δή
553 2418 604 2444 τις
628 2405 773 2442 θησεται
800 2405 913 2436 ὁτιοῦν
933 2403 953 2440 ἦ
973 2404 1194 2441 ὁπηλικονοῦν
1217 2404 1314 2448 σῶμα
1332 2402 1418 2438 εἶναι

421 2450 537 2494 ποίντῃ
562 2446 746 2495 διαιρετόν,
774 2448 893 2482 πάντα
918 2449 1036 2481 ταῦτα
1061 2447 1249 2492 συμβαίνει.

452 2539 460 2548 0
480 2539 486 2549 ι
623 2537 630 2548 ι
761 2537 778 2546 -ι
839 2536 846 2547 x
903 2536 909 2546 ι
1004 2536 1017 2547 ν
1111 2535 1124 2546 ν
1264 2535 1271 2545 1
1381 2531 1383 2533 ’

346 2540 424 2573 Ἔτι
449 2551 507 2572 εαν
533 2534 650 2570 διελων
675 2535 781 2568 συνθω
805 2548 847 2569 το
871 2535 970 2576 ξυλον
996 2549 1017 2573 η
1042 2547 1077 2568 τι
1104 2537 1200 2576 αλλο,
1221 2537 1324 2568 παλιν
1346 2538 1417 2569 ἴσον

421 2596 459 2616 τε
483 2584 542 2615 καὶ
567 2581 613 2614 ἕν.
651 2581 778 2613 Οὐκοῦν
811 2579 918 2618 οὕτως
945 2580 1014 2625 ἔχει
1045 2575 1205 2616 δηλονότι
1236 2578 1299 2612 κᾶν
1325 2579 1417 2625 τέμω

421 2627 462 2659 τὸ
487 2628 586 2668 ξύλον
611 2624 686 2657 καθ’
709 2625 823 2657 ὁτιοῦν
849 2628 998 2668 σημεῖον.
1025 2623 1142 2667 Ποίντῃ
1168 2623 1233 2669 ἀρα
1254 2619 1417 2668 διῄρηται

420 2667 571 2715 δυνάμει.
599 2671 636 2700 Τί
658 2665 714 2701 οὖν
733 2669 806 2701 ἔστι
823 2668 919 2711 παραὶ
938 2668 1002 2704 τὴν
1023 2663 1203 2708 διαίρεσιν;
1229 2668 1258 2700 εἰ
1274 2669 1338 2715 γὰρ
1358 2670 1417 2701 καὶ

422 2715 496 2748 ἔστι
521 2726 555 2747 τι
580 2713 707 2754 πάθος,
736 2713 826 2746 ἀλλά
850 2713 919 2750 πῶς
942 2713 987 2750 εἰς
1012 2713 1131 2744 ταῦτα
1154 2707 1336 2745 διαλύεται
1359 2715 1417 2745 καὶ

420 2762 554 2806 γίνεται
579 2759 615 2790 ἐκ.
641 2756 794 2797 τούτων;
821 2757 841 2794 ἦ
868 2758 936 2794 πῶς
961 2757 1143 2802 χωρίζεται
1168 2757 1308 2798 ταῦτα;

355 2847 433 2879 ὥστ’
462 2849 553 2892 εἴπερ
581 2841 752 2878 ἀδύνατον
779 2845 813 2886 ἐξ
841 2846 929 2888 ἀφῶν
955 2843 975 2881 ἦ
1002 2844 1150 2890 στιγμῶν
1180 2841 1265 2877 εἶναι
1290 2844 1338 2878 τά
1387 2857 1416 2876 ε-

446 2891 520 2932 έθη,
549 2889 680 2936 ἀνάγκη
706 2887 791 2922 εἶναι
816 2889 962 2933 σώματα
989 2884 1170 2932 ἀδιαίρετα
1193 2892 1250 2921 καὶ
1276 2889 1358 2936 μεγέ
1379 2902 1412 2926 η.

419 2904 464 2968 gc,
490 2934 555 2979 μὴν
576 2934 666 2967 ἀλλά
688 2935 746 2966 καὶ
764 2934 882 2966 ταῦτα
899 2932 1047 2977 θεμένοις
1066 2933 1130 2977 οὐχ
1147 2932 1253 2970 ἧττον
1276 2934 1415 2978 σνμβαί-

419 2992 466 3012 νει
493 2975 676 3012 ἀδύνατον.
707 2978 900 3010 Ἔσκεπται
924 2973 961 3010 δὲ
987 2980 1059 3021 περὶ
1086 2978 1199 3010 αὐτῶν
1223 2976 1254 3010 έν
1275 2978 1413 3023 ἑτέροις.

405 3077 554 3104 Smopsts.
571 3092 605 3096 —
630 3085 651 3103 ι.
673 3075 885 3112 Argumentum
906 3081 934 3102 et
955 3074 1058 3103 divisio
1079 3081 1180 3103 textus.
1201 3091 1221 3095 —
1243 3082 1269 3103 2.
1293 3075 1415 3111 Oportet

352 3125 457 3153 corpus
478 3116 523 3144 vel
544 3115 682 3152 componi
703 3124 736 3143 ex
751 3114 978 3150 indivisibilibus,
994 3115 1038 3143 vel
1052 3124 1114 3143 esse
1129 3114 1269 3142 divisibile
1289 3115 1414 3149 omnino,

351 3156 425 3184 idest
445 3156 605 3184 secundum
626 3155 832 3192 quodcumque
847 3154 960 3192 signum
975 3155 1085 3183 datum.
1109 3155 1167 3182 Sed
1181 3154 1204 3183 si
1219 3161 1261 3182 est
1276 3153 1415 3182 divisibile

351 3195 482 3231 omnino,
498 3195 567 3223 nihil
582 3194 745 3232 prohibebit
759 3194 854 3231 ipsum
869 3203 931 3222 esse
946 3194 1031 3222 simul
1047 3193 1169 3222 divisum
1192 3201 1415 3231 quantumcum-

352 3245 408 3272 que
423 3235 511 3263 dividi
525 3241 628 3272 potest.
642 3251 661 3256 -
673 3234 698 3262 3.
714 3235 788 3262 Nam
803 3234 879 3271 quia,
895 3233 991 3271 posito
1006 3233 1146 3271 possibili,
1161 3234 1272 3262 nullum
1287 3234 1416 3271 sequitur

351 3274 537 3311 impossibile,
559 3274 632 3303 sicut
653 3283 758 3310 corpus
773 3275 853 3311 quod
868 3280 910 3302 est
930 3273 1069 3302 divisibile
1090 3280 1160 3310 puta
1175 3273 1205 3302 in
1220 3273 1296 3302 mille
1310 3280 1415 3310 partes,

351 3315 459 3351 absque
474 3314 686 3343 inconvenienti
700 3313 770 3350 poni
785 3320 880 3350 potest
894 3313 924 3342 in
939 3320 982 3342 tot
996 3320 1091 3351 partes
1105 3313 1237 3349 divisum,
1253 3313 1293 3341 ita
1304 3314 1415 3342 nullum

352 3354 433 3390 sequi
448 3355 532 3382 debet
546 3353 732 3390 impossibile,
748 3353 771 3381 si
786 3363 891 3391 corpus
906 3353 1046 3382 divisibile
1068 3354 1227 3382 secundum
1242 3359 1345 3388 totum,
1361 3362 1415 3390 po—

352 3399 436 3421 natur
463 3403 523 3422 esse
544 3393 667 3422 totaliter
689 3392 820 3422 divisum.
843 3393 932 3430 Atqui
954 3394 1010 3422 hoc
1034 3393 1128 3430 ipsum
1157 3399 1200 3422 est
1227 3392 1414 3430 impossibile.

352 3434 428 3470 Ergo
450 3433 625 3470 impossibile
644 3439 686 3461 est
700 3434 780 3470 quod
801 3442 906 3470 corpus
926 3433 962 3461 sit
976 3433 1116 3461 divisibile
1131 3433 1290 3461 secundum
1309 3439 1413 3461 totum.

352 3473 404 3500 Est
418 3481 485 3510 ergo
497 3473 690 3509 compositum
705 3482 739 3500 ex
753 3472 981 3501 indivisibilibus.
995 3490 1014 3494 -
1025 3482 1053 3508 4.
1069 3472 1239 3501 Ostenditur
1252 3482 1314 3501 non
1328 3482 1414 3509 posse

353 3521 458 3548 corpus
479 3521 539 3540 esse
560 3512 684 3540 totaliter
705 3512 845 3547 divisum,
867 3521 900 3540 ex
922 3513 978 3541 hoc
999 3513 1079 3549 quod
1102 3522 1162 3541 non
1183 3519 1226 3541 est
1246 3513 1315 3541 dare
1340 3511 1413 3550 quid

352 3558 499 3580 remaneat
526 3558 591 3588 post
612 3551 792 3580 divisionem.
820 3553 856 3580 Et
876 3552 971 3588 primo
1000 3552 1161 3580 ostenditur
1182 3553 1262 3589 quod
1289 3561 1350 3581 non
1371 3558 1414 3580 est

353 3590 496 3627 assignare
511 3591 580 3628 quid
595 3598 749 3626 remaneat,
765 3598 903 3628 tanquam
919 3601 985 3628 pars
998 3591 1162 3628 principalis
1176 3591 1307 3629 corporis
1322 3591 1412 3620 divisi.

352 3631 427 3658 Nam
436 3632 464 3667 a)
476 3640 535 3659 non
550 3637 678 3660 remanet
689 3640 794 3667 corpus
809 3631 854 3659 vel
868 3631 1051 3668 magnitudo:
1065 3631 1133 3668 quia
1144 3631 1184 3660 sic
1195 3632 1239 3660 vel
1253 3638 1414 3660 remaneret

1478 852 1496 871 *
1517 852 1623 883 Habet
1645 859 1753 884 autem
1775 854 2006 894 quaestionem,
2021 855 2047 885 si
2062 855 2134 896 quis
2157 862 2257 896 ponat
2275 866 2392 897 corpus
2414 857 2547 899 aliquod
2572 862 2658 912 “1835
2667 868 2720 892 0⁸9·
2732 869 2751 886 ¹¹
2764 866 2782 886 οἱ

1545 906 1612 927 esse
1637 904 1667 928 et
1689 898 1944 937 magnitudinem
1961 899 2096 930 omnino
2120 900 2320 939 divisibilem,
2337 907 2368 932 et
2385 901 2449 932 hoc
2471 912 2546 943 pos-

1545 940 1649 971 sibile:
1673 941 1751 982 quid
1767 941 1853 972 enim
1869 942 1927 974 erit
1948 944 2038 985 quod
2061 943 2252 976 divisionem
2271 943 2396 986 effugit?
2410 945 2443 976 Si
2460 946 2547 978 enim

1545 984 1679 1016 omnino
1703 985 1875 1026 divisibile,
1899 993 1930 1018 et
1952 987 2102 1028 possibile
2124 988 2202 1028 hoc,
2227 996 2257 1020 et
2279 989 2375 1020 simul
2404 989 2461 1021 erit
2483 990 2546 1023 hoc

1545 1029 1680 1059 omnino
1709 1029 1862 1070 divisum,
1891 1031 1948 1062 etsi
1975 1042 2042 1063 non
2066 1032 2162 1063 simul
2185 1032 2357 1065 dividatur:
2382 1040 2413 1065 et
2435 1034 2461 1065 si
2483 1034 2546 1067 hoc

1543 1072 1609 1111 fiat,
1633 1073 1712 1104 nihil
1735 1073 1793 1105 erit
1815 1074 2021 1114 impossibile.

1479 1117 1683 1158 Quapropter
1701 1124 1732 1149 et
1746 1119 1924 1150 secundum
1946 1120 2091 1151 medium
2113 1120 2267 1160 similiter,
2284 1126 2319 1152 et'
2329 1121 2547 1154 universaliter

1544 1161 1570 1192 si
1594 1162 1728 1192 omnino
1751 1162 1898 1194 innatum
1921 1170 1968 1195 est
1990 1164 2155 1204 divisibile,
2179 1171 2210 1196 et
2232 1165 2258 1196 si
2282 1165 2450 1206 dividatur,
2473 1167 2546 1199 nul-

1542 1206 1613 1237 lum
1629 1206 1686 1237 erit
1699 1206 1896 1247 impossibile
1911 1216 2057 1239 nascens:
2073 1208 2229 1250 quoniam
2243 1219 2348 1251 neque
2363 1210 2390 1240 si
2406 1209 2440 1242 in
2459 1210 2547 1244 mille

1543 1250 1644 1281 millia
1667 1251 1765 1282 divisa
1787 1251 1882 1283 fuerit
1896 1252 2095 1293 magnitudo,
2118 1253 2246 1284 nullum
2263 1253 2472 1295 impossibile,
2488 1255 2547 1287 etsi

1544 1295 1652 1326 nullus
1675 1295 1787 1336 utique
1809 1296 1937 1328 dividat.
1962 1297 2127 1335 Quoniam
2143 1307 2217 1338 ergo
2241 1297 2376 1329 omnino
2396 1298 2458 1330 tale
2477 1309 2546 1331 cor-

1542 1349 1615 1380 pus,
1639 1339 1804 1371 dividatur.

1478 1385 1565 1423 Quid
1589 1396 1664 1426 ergo
1689 1386 1746 1417 erit
1768 1383 1947 1427 reliquum?
1970 1384 2177 1427 Magnitudo?
2198 1386 2274 1417 Non
2290 1386 2377 1418 enim
2400 1394 2447 1419 est
2469 1397 2545 1430 pos-

1544 1430 1651 1461 sibile:
1677 1430 1734 1461 erit
1757 1430 1842 1460 enim
1871 1430 2037 1471 quidpiam
2065 1441 2131 1461 non
2163 1430 2317 1470 divisum,
2345 1437 2412 1463 erat
2437 1438 2546 1464 autem

1544 1475 1678 1506 omnino
1707 1474 1869 1506 divisibile.
1904 1474 1967 1506 Sed
1996 1475 2022 1506 si
2052 1475 2180 1506 nullum
2214 1475 2271 1507 erit
2301 1485 2418 1517 corpus
2440 1486 2546 1520 neque

1544 1519 1744 1560 magnitudo,
1769 1518 1881 1549 divisio
1905 1525 2013 1550 autem
2036 1519 2110 1559 erit,
2135 1526 2190 1551 aut
2212 1529 2250 1551 ex
2267 1520 2394 1560 punctis
2417 1520 2491 1560 erit,
2514 1527 2547 1553 et

1544 1564 1611 1594 sine
1634 1563 1852 1604 magnitudine
1875 1573 1912 1593 ea
1934 1570 2027 1594 erunt
2049 1574 2087 1594 ex
2109 1564 2226 1605 quibus
2249 1564 2469 1605 compositum
2485 1571 2545 1606 eet,

1542 1615 1598 1639 aut
1616 1608 1695 1639 nihil
1717 1608 1862 1639 omnino.
1887 1607 2090 1649 Quapropter
2113 1614 2144 1639 et
2161 1608 2361 1650 generabitur
2379 1619 2417 1640 ex
2431 1609 2545 1649 nihilo,

1543 1659 1574 1684 et
1597 1653 1654 1684 erit
1670 1651 1902 1692 compositum,
1926 1658 1957 1683 et
1980 1662 2077 1683 omne
2099 1652 2212 1694 utique
2230 1653 2320 1692 nihil,
2343 1660 2375 1684 et
2396 1663 2464 1685 non
2487 1653 2546 1686 erit

1543 1697 1688 1735 existens,
1711 1697 1767 1727 sed
1790 1706 1944 1737 apparens
1957 1703 2092 1728 tantum.
2109 1696 2259 1728 Similiter
2273 1704 2382 1729 autem
2401 1705 2433 1730 et
2445 1697 2473 1729 si
2485 1697 2547 1731 erit

1542 1752 1579 1773 ex
1598 1740 1734 1782 punctis,
1756 1750 1823 1771 non
1847 1740 1904 1772 erit
1921 1747 2089 1782 quantum.
2113 1741 2252 1779 Quando
2272 1741 2360 1772 enim
2374 1742 2547 1784 tangebant

1542 1796 1587 1825 se,
1612 1792 1642 1817 et
1665 1795 1730 1816 una
1757 1791 1822 1816 erat
1844 1784 2043 1825 magnitudo,
2067 1791 2098 1816 et
2120 1785 2217 1816 simul
2239 1792 2338 1825 erant,
2361 1792 2428 1818 non
2450 1786 2544 1819 faeie-

1542 1830 1618 1861 bant
1646 1829 1750 1860 maius
1774 1836 1887 1859 omne:
1912 1828 2067 1860 divisione
2084 1829 2170 1860 enim
2184 1829 2218 1860 in
2234 1830 2300 1861 duo
2314 1830 2364 1861 vel
2383 1830 2475 1871 plura
2488 1840 2543 1863 ne-

1542 1884 1605 1915 que
1628 1873 1731 1904 maius
1754 1883 1858 1914 neque
1881 1872 1988 1903 minus
2004 1883 2100 1904 omne
2116 1873 2224 1914 priori.
2249 1874 2454 1915 Quapropter
2471 1881 2503 1907 et
2517 1875 2544 1906 ei

1542 1928 1654 1949 omnes
1678 1924 1925 1958 componantur,
1948 1917 2070 1948 nullam
2093 1917 2207 1949 facient
2229 1918 2493 1959 magnitudinem.

1475 1963 1537 1995 Sed
1560 1969 1591 1994 et
1614 1962 1639 1993 si
1663 1973 1742 2004 qua,
1767 1962 1869 1993 diviso
1893 1971 2035 2002 corpore,
2059 1962 2151 2003 quasi
2173 1972 2282 1994 rasura
2305 1973 2406 1994 serrae
2428 1961 2484 1995 fiat
2505 1972 2544 1995 ex

1542 2017 1687 2047 corpore,
1711 2013 1742 2038 et
1757 2006 1801 2037 sic
1817 2016 1854 2037 ex
1869 2006 2087 2046 magnitudine
2109 2006 2242 2047 quidem
2265 2017 2382 2048 corpus
2405 2007 2543 2048 egredia-

1540 2058 1602 2090 tur,
1626 2051 1713 2082 idem
1736 2058 1860 2081 sermo:
1884 2050 1965 2081 illud
1987 2057 2096 2081 autem
2118 2051 2288 2092 quomodo
2312 2049 2485 2084 divisibile?

1474 2096 1507 2127 Si
1531 2102 1638 2127 autem
1657 2105 1723 2126 non
1748 2101 1794 2126 est
1817 2104 1948 2135 corpus,
1977 2095 2031 2126 sed
2060 2095 2179 2135 species
2203 2095 2308 2137 aliqua
2331 2095 2542 2137 segregabilis,

1541 2146 1596 2171 aut
1626 2139 1731 2180 passio
1764 2139 1895 2180 quidem
1924 2149 2006 2180 quae
2038 2139 2182 2178 secessit,
2210 2146 2242 2171 et
2275 2146 2322 2171 est
2353 2140 2541 2181 magnitudo

1540 2184 1651 2225 puncti
1673 2184 1724 2214 vel
1746 2189 1868 2222 tactus,
1891 2183 1954 2214 hoc
1977 2183 2130 2224 patientes
2153 2183 2391 2224 inconveniens,
2415 2194 2452 2216 ex
2474 2194 2542 2217 non

1539 2228 1811 2269 magnitudinibus
1835 2227 2089 2268 magnitudinem
2111 2238 2189 2260 esse.
2494 2260 2498 2263 ,

1473 2273 1622 2314 Amplius
1645 2279 1771 2311 autem,
1796 2272 1850 2303 ubi
1874 2279 1966 2303 erunt
1992 2271 2173 2304 immobiles
2197 2279 2252 2304 aut
2274 2272 2388 2304 mutati
2410 2271 2542 2315 puncti?

1539 2318 1659 2348 Tactus
1690 2316 1777 2348 enim
1807 2326 1932 2357 semper
1959 2323 2006 2348 est
2034 2327 2118 2348 unus
2152 2317 2293 2348 duorum
2316 2317 2540 2359 quorundam,

1540 2361 1631 2403 quasi
1656 2361 1804 2392 existente
1827 2360 1936 2402 aliquo
1960 2368 2082 2401 praeter
2104 2367 2224 2392 tactum
2248 2368 2278 2393 et
2301 2361 2491 2393 divisionem
2510 2367 2542 2394 et

1540 2412 1708 2447 punctum.
1727 2405 1759 2436 Si
1777 2405 1887 2446 utique
1904 2405 1975 2446 quis
1991 2405 2227 2446 praedictorum
2243 2413 2344 2446 ponet
2363 2405 2540 2448 quodlibet,

1540 2456 1596 2481 aut
1611 2450 1820 2490 quantitatem
1843 2456 1899 2480 aut
1914 2459 2030 2489 corpus
2046 2449 2180 2480 omnino
2197 2459 2264 2480 esse
2281 2450 2446 2490 divisibile,
2460 2449 2539 2482 haec

1541 2494 1738 2534 contingunt.

1473 2538 1622 2578 Amplius
1650 2537 1694 2575 si,
1725 2547 1800 2568 curn
1828 2536 1964 2567 divisero
1990 2536 2135 2578 lignum,
2160 2547 2343 2578 compono,
2373 2544 2430 2569 aut
2460 2537 2540 2580 quid

1538 2581 1636 2620 aliud,
1660 2581 1791 2622 aequale
1815 2587 1845 2611 et
1868 2589 1981 2611 unum.
2007 2582 2210 2622 Quapropter
2233 2581 2277 2613 sic
2300 2592 2333 2613 se
2355 2582 2451 2613 habet
2472 2591 2539 2614 ma-

1540 2625 1698 2659 nifestum,
1714 2625 1869 2667 quoniam
1886 2631 1916 2656 et
1932 2625 1957 2655 si
1980 2625 2087 2656 incido
2103 2626 2227 2666 lignum
2243 2627 2420 2657 secundum
2436 2626 2539 2668 quod-

1539 2679 1678 2711 cumque
1701 2669 1839 2710 signum.
1864 2668 2007 2700 Omnino
2031 2669 2127 2709 igitur
2151 2670 2288 2701 divisum
2306 2677 2353 2702 est
2372 2676 2537 2712 potestate.

1539 2713 1627 2752 Quid
1650 2723 1724 2753 ergo
1748 2713 1805 2744 erit
1827 2720 1950 2754 praeter
1972 2711 2181 2745 divisionem?
2203 2714 2236 2746 Si
2259 2714 2345 2746 enim
2364 2721 2411 2746 est
2433 2714 2540 2756 aliqua

1538 2758 1655 2799 passio,
1678 2758 1734 2788 sed
1752 2758 1920 2799 quomodo
1943 2757 1975 2788 in
1996 2758 2073 2788 haec
2096 2758 2296 2798 dissolvetur,
2320 2766 2351 2791 et
2372 2765 2539 2800 generatur

1540 2813 1576 2833 ex
1599 2800 1665 2833 his?
1687 2804 1754 2833 Aut
1776 2802 1944 2843 quomodo
1968 2803 2196 2842 separabuntur
2218 2801 2314 2834 haec?

1473 2847 1690 2887 Quapropter,
1715 2846 1740 2876 si
1765 2852 1811 2876 est
1833 2846 2030 2886 impossibile
2054 2856 2090 2876 ex
2113 2846 2247 2878 tactibus
2270 2854 2326 2879 aut
2348 2858 2386 2879 ex
2411 2850 2538 2890 punctis

1537 2890 1789 2931 magnitudinem
1808 2900 1886 2929 esse,
1903 2900 2029 2921 necesse
2045 2897 2092 2922 est
2107 2901 2241 2931 corpora
2254 2891 2456 2924 indivisibilia
2469 2903 2538 2926 esee

1538 2942 1568 2966 et
1582 2934 1825 2975 magnitudines.
1847 2934 1910 2965 Sed
1925 2941 1956 2965 et
1970 2934 2033 2966 hoc
2048 2935 2241 2976 ponentibus
2258 2945 2323 2966 non
2339 2935 2447 2968 minus
2461 2947 2537 2970 con*

1537 2979 1628 3019 tingit
1650 2978 1863 3019 impossibile:
1888 2985 2063 3010 scrutatum
2082 2985 2128 3010 est
2150 2985 2258 3010 autem
2277 2979 2316 3011 de
2334 2980 2384 3012 his
2405 2980 2439 3012 in
2457 2981 2536 3015 aliis.

1468 3074 1576 3112 aliquid
1591 3074 1731 3103 divisibile
1745 3084 1807 3103 non
1821 3074 1955 3110 divisum,
1975 3074 2021 3103 vel
2042 3074 2212 3112 magnitudo
2233 3084 2295 3104 non
2317 3082 2392 3105 esset
2412 3076 2536 3106 omnino

1469 3114 1626 3150 divisibilis,
1642 3120 1743 3143 contra
1762 3113 1955 3151 suppositum.
1971 3115 1998 3150 b)
2014 3114 2044 3143 Si
2066 3124 2161 3152 neque
2175 3124 2281 3152 corpus
2295 3122 2427 3145 remanet
2439 3125 2536 3155 neque

1468 3154 1654 3192 magnitudo,
1677 3154 1848 3191 relinquitur
1868 3160 1918 3182 aut
1939 3154 2019 3191 quod
2048 3163 2153 3191 corpus
2174 3154 2298 3184 finaliter
2323 3155 2486 3185 resolvatur
2505 3155 2536 3186 in

1467 3201 1583 3231 puncta,
1595 3200 1645 3223 aut
1656 3194 1736 3231 quod
1746 3193 1776 3222 id
1787 3194 1867 3231 quod
1879 3199 1922 3222 est
1933 3194 2081 3222 residuum
2092 3201 2159 3231 post
2169 3194 2351 3231 divisionem,
2363 3195 2401 3224 sit
2412 3195 2535 3225 omnino

1468 3233 1547 3262 nihil.
1570 3236 1596 3269 c)
1618 3235 1675 3262 Sed
1696 3234 1752 3262 hoc
1773 3234 1934 3262 secundum
1948 3240 1991 3262 est
2005 3233 2128 3263 omnino
2150 3234 2337 3271 impossibile.
2360 3235 2436 3264 Cum
2456 3235 2535 3264 enim

1467 3274 1699 3311 unumquodque
1720 3279 1872 3311 generetur
1892 3283 1926 3302 ex
1940 3273 1974 3302 iis
1988 3273 2018 3302 in
2033 3283 2108 3311 quae
2122 3274 2281 3310 resolvitur,
2304 3283 2409 3312 corpus
2423 3275 2460 3304 de
2473 3284 2534 3312 quo

1468 3313 1561 3350 agitur
1574 3319 1759 3351 generaretur
1772 3322 1806 3342 ex
1827 3313 1926 3349 nihilo,
1942 3319 1970 3342 et
1991 3313 2031 3342 ita
2045 3313 2117 3342 nihil
2137 3320 2226 3342 esset:
2249 3321 2277 3342 et
2297 3315 2399 3343 eadem
2421 3313 2534 3344 ratione

1467 3359 1562 3381 totum
1577 3353 1744 3382 universum
1763 3362 1825 3382 non
1846 3359 1921 3382 esset
1941 3353 1996 3381 nisi
2018 3354 2178 3382 secundum
2196 3353 2394 3391 apparentiam
2408 3360 2532 3383 tantum.

1468 3394 1498 3429 d)
1510 3393 1615 3430 Nequit
1626 3402 1732 3430 corpus
1743 3393 1848 3421 resolvi
1862 3393 1892 3421 in
1906 3399 2027 3430 puncta:
2043 3399 2267 3430 componeretur
2277 3393 2355 3422 enim
2365 3402 2399 3422 ex
2410 3393 2533 3430 punctis,

1468 3439 1495 3461 et
1516 3432 1582 3461 ideo
1604 3442 1665 3461 non
1686 3439 1761 3462 esset
1782 3439 1932 3470 quantum.
1959 3434 2070 3462 Puncta
2090 3432 2182 3469 enim,
2209 3442 2275 3462 cum
2297 3442 2358 3462 non
2379 3433 2436 3462 sint
2455 3433 2535 3462 aliud

1468 3481 1556 3510 quam
1578 3472 1735 3501 divisiones
1755 3472 1882 3510 partium
1903 3472 2005 3508 lineae,
2027 3471 2097 3501 nihil
2112 3471 2204 3501 maius
2219 3479 2268 3501 aut
2282 3473 2379 3502 minus
2393 3470 2532 3502 efficiunt.

1468 3529 1486 3534 —
1510 3512 1535 3540 5.
1564 3512 1733 3541 Ostenditur
1760 3513 1841 3549 quod
1869 3521 1930 3540 non
1955 3518 2050 3549 potest
2077 3511 2216 3550 assignari
2241 3512 2360 3550 aliquod
2385 3513 2532 3541 residuum

1467 3551 1631 3587 divisionis,
1659 3559 1798 3589 tanquam
1826 3551 1935 3589 aliquid
1962 3552 2043 3589 quod
2070 3551 2192 3581 elabitur
2220 3561 2254 3581 ex
2281 3552 2429 3581 divisione.
2458 3553 2533 3580 Nam

1467 3591 1572 3628 primo,
1594 3592 1650 3620 hoc
1670 3591 1818 3620 residuum
1838 3601 1899 3620 non
1920 3597 2016 3628 potest
2036 3601 2099 3620 esse
2119 3601 2240 3628 corpus:
2258 3598 2332 3620 esset
2346 3591 2423 3620 enim
2437 3591 2533 3620 adhuc

1468 3631 1616 3667 divisibile,
1631 3637 1659 3659 et
1673 3638 1770 3660 tamen
1788 3630 1907 3668 ponitur
1920 3640 2026 3668 corpus
2039 3631 2170 3660 naturale
2183 3640 2245 3660 esse
2259 3630 2384 3660 totaliter
2397 3630 2531 3659 divisum.
