2782 4134
330 287 404 324 190

1007 279 1078 315 DE
1108 277 1284 314 CAELO
1314 277 1385 313 ET
1414 275 1609 313 MUNDO
1639 276 1734 312 LIB.
1766 276 1797 312 II

935 454 1231 510 LECTIO
1269 453 1919 508 DECIMAOCTAVA

336 601 554 633 SOLVITUR
572 600 704 631 PRIMA
723 598 962 630 DUBITATlO
986 597 1112 628 LECT.
1130 597 1282 628 PRAEC.
1298 596 1465 635 POSITA,
1481 597 1538 627 DE
1553 597 1739 629 NUMERO
1759 598 1955 629 MOTUUM
1972 597 2250 629 CAELESTIUM
2270 596 2529 629 CORPORUM:

529 658 652 695 QUEM
676 657 813 687 ETIAM
836 658 866 686 A
889 655 1111 686 MODERNIS
1134 654 1408 685 ASTROLOGIS
1433 654 1776 686 CONVENIENTER
1799 656 2024 687 ASSIGNARI
2048 655 2330 687 OSTENDITUR

325 779 418 811 Ἀλλ’
447 779 540 821 ἡμεῖς
573 778 613 831 ως
648 778 719 828 περῇ.
749 775 918 829 σωμάτων
954 773 1067 808 αὐτῶν
1098 775 1218 820 μόνον,
1251 777 1310 807 καὶ
1343 787 1401 819 μο-
1456 777 1474 796 *
1492 777 1555 808 Sed
1578 788 1638 808 nos
1662 785 1698 808 ut
1721 778 1760 808 de
1784 779 1971 819 corporibus
1994 779 2071 820 ipsis
2095 779 2172 810 solis
2202 786 2234 810 et
2261 779 2423 819 solitariis,
2448 779 2531 810 ordi-

399 818 507 854 νάδων
545 821 642 862 ταξιν
676 832 735 864 μεν
773 821 943 864 ἑχοντων,
983 819 1120 865 ἀψύχων
1154 815 1192 852 δὲ
1229 819 1398 863 πάμπαν,

399 863 645 910 διανοούμεθα·
681 862 734 897 δεῖ
762 860 790 896 δ’
819 866 860 902 ὠς
892 865 1109 910 μετεχόντων
1142 864 1398 908 ὑπολαμβάνειν

399 924 423 943 π
447 910 550 951 άξεως
573 912 629 942 καὶ
651 909 757 952 ζωῆς·
785 908 875 941 οὕτω
893 910 958 955 γάρ
977 908 1071 942 οὐθὲν
1089 905 1182 950 δόξει
1200 909 1398 955 παράλογον

397 966 484 987 ειναι
509 955 550 988 τὸ
575 955 771 998 συμβαῖνον.

324 1001 435 1032 Ἔοικε
460 1000 523 1044 γάρ
549 1000 596 1040 τῷ
622 999 681 1042 μὲν
709 999 834 1040 ἄριστα
860 998 975 1044 ἔχοντι
1002 997 1166 1044 ὑπάρχειν
1191 998 1233 1031 τὸ
1259 996 1296 1030 εὖ
1321 998 1398 1030 ἄνευ

399 1045 562 1088 πράξεως,
581 1044 629 1084 τῷ
647 1039 677 1075 δ’
699 1042 881 1089 ἐγγύτατα
905 1039 966 1075 διαὶ
990 1043 1104 1089 ὀλίγης
1129 1045 1186 1074 καὶ
1213 1044 1306 1087 μιᾶς,
1327 1046 1399 1080 τοῖς

398 1084 435 1120 δέ
462 1087 672 1132 πορρωτάτω
698 1083 757 1120 διαὶ
782 1086 965 1129 πλειόνων,

330 1134 439 1177 ὥσπερ
465 1135 519 1165 ἐπὶ
542 1131 700 1177 σώματος
727 1132 768 1166 τὸ
793 1132 852 1176 μὲν
879 1127 958 1164 οὐδὲ
979 1130 1230 1178 γυμναζόμενον
1253 1130 1291 1164 εὖ
1312 1132 1395 1177 ἔχει,

398 1178 438 1210 τό
463 1173 501 1209 δὲ
530 1177 632 1222 μικροὶ
656 1177 923 1220 περιπατῆσαν,
960 1179 1007 1219 τῷ
1033 1172 1071 1208 δὲ
1102 1179 1160 1208 καὶ
1192 1171 1318 1221 δρόμου
1349 1173 1402 1209 δεῖ

395 1224 454 1254 καὶ
480 1221 590 1259 πάλης
615 1224 673 1253 καὶ
697 1223 873 1262 κονίσεως,

330 1266 432 1299 πάλιν
456 1261 485 1297 δ’
507 1266 608 1311 ἑτέρῳ
635 1261 706 1298 οὐδ’
730 1266 902 1299 ὁποσαοῦν
926 1266 1088 1298 πονοῦντι
1106 1264 1215 1298 τοῦτο’
1235 1267 1264 1312 γ’
1289 1265 1327 1299 ἂν
1346 1266 1398 1299 ἔτι

396 1310 545 1355 ὑπάρξαι
570 1309 743 1357 τάγαθόν,
772 1309 844 1343 ἀλλ’
875 1309 989 1354 ἕτερόν
1015 1322 1061 1343 τι.

321 1355 419 1388 Ἐστι
443 1350 481 1387 δέ
507 1356 548 1387 τό
572 1354 940 1401 κατορθοῦνχαλεπὸν
966 1354 988 1392 ἦ
1014 1355 1056 1387 τὸ
1082 1354 1196 1387 πολλοὶ
1213 1353 1234 1391 ἦ
1253 1355 1295 1387 τὸ
1317 1356 1399 1386 πολ-

393 1399 512 1441 λάκις,
590 1445 598 1455 .
735 1442 742 1453 1
1054 1447 1068 1455 ⁴
1116 1443 1124 1454 t
1171 1442 1178 1453 Ι
1330 1443 1338 1454 ¹
1386 1444 1394 1455 .

329 1444 397 1476 οἷον
423 1446 556 1489 μυρίους
583 1445 823 1490 αστραγαλους
848 1445 947 1480 Χίους
969 1443 1084 1484 βαλειν
1108 1455 1301 1488 αμηχανον,
1322 1444 1385 1477 αλλ

395 1488 455 1521 ἕνα
481 1487 502 1526 ἦ
527 1484 588 1520 δύο
613 1489 708 1533 ῥᾷον.

327 1534 393 1565 Καὶ
426 1533 528 1565 πάλιν
565 1531 648 1566 ὅταν
677 1527 753 1564 τοδὶ
785 1532 845 1576 μὲν
877 1526 938 1575 δέῃ
971 1527 1067 1564 τοῦδ’
1097 1531 1195 1564 ἕνεκα
1232 1533 1396 1573 ποιῆσαι,

395 1579 502 1611 τοῦτο
527 1573 556 1609 δ’
580 1578 686 1610 α”λλου
709 1578 769 1608 καὶ
795 1577 901 1609 τοῦτο
927 1576 1058 1621 ἐτέρου,
1078 1578 1110 1609 ἐν
1136 1577 1195 1619 μέν
1222 1578 1268 1609 ἑνὶ
1286 1576 1306 1614 ἦ
1323 1572 1398 1608 δυσὶ

393 1623 474 1667 ῥᾷον
508 1622 703 1666 ἐπιτυχεῖν,
739 1620 802 1662 ὅσῳ
834 1617 862 1652 δ’
894 1619 932 1653 ἃν
957 1616 1017 1653 διά
1047 1621 1208 1653 πλειόνων
1241 1621 1399 1667 χαλεπώ-

396 1679 504 1710 τερον.

328 1712 384 1745 Διά
410 1706 462 1743 δεῖ
485 1711 628 1755 νομίζειν
653 1712 710 1742 καὶ
736 1709 801 1746 τήν
828 1710 894 1741 τῶν
923 1710 1055 1752 οἴστρων
1081 1709 1201 1753 πρᾶξιν
1224 1707 1311 1742 εἶναι
1329 1722 1400 1743 τοι-

396 1755 506 1792 αύτην
533 1755 588 1787 οἵα
614 1767 674 1798 περ
693 1755 714 1791 ἡ
732 1756 799 1787 τῶν
823 1753 916 1796 ζῴων
940 1756 998 1786 καὶ
1024 1756 1153 1798 φυτῶν·
1179 1756 1238 1786 καὶ
1261 1755 1326 1801 γάρ
1349 1756 1400 1787 ὲν-

395 1799 510 1833 ταῦθα
537 1802 571 1832 αἱ
598 1801 661 1832 τοῦ
689 1798 864 1843 ἀνθρώπου
892 1801 1055 1831 πλεῖσται
1081 1798 1236 1841 προέξεις·
1264 1800 1397 1832 πολλῶν

393 1845 458 1892 γάρ
484 1845 550 1877 τῶν
576 1842 613 1876 εὖ
638 1840 787 1876 δύναται
817 1847 951 1888 τυχεῖν,
979 1842 1066 1875 ὥστε
1092 1843 1207 1875 πολλοὶ
1232 1843 1395 1888 πράττει,

393 1891 452 1922 καὶ
480 1889 588 1922 ἄλλων
615 1887 724 1920 ἕνεκα.
753 1889 805 1930 Τῷ
831 1883 859 1919 δ’
881 1889 922 1926 ὠς
950 1887 1074 1931 ἄριστα
1096 1888 1212 1934 ἔχοντι
1233 1889 1329 1920 οὐθὲν
1347 1884 1399 1920 δεῖ

395 1933 564 1979 πράξεως·
593 1934 666 1966 ἔστι
690 1933 754 1979 γάρ
781 1933 869 1965 αὐτὸ
895 1933 937 1965 τό
964 1932 1002 1978 οὗ
1028 1932 1142 1965 ἕνεκα·
1170 1934 1190 1969 ἡ
1216 1927 1254 1965 δέ
1277 1932 1398 1976 πρᾶξις

396 1979 447 2012 ἀεί
478 1979 569 2011 ἐστιν
604 1979 636 2009 ὲν
667 1974 780 2019 δυσίν,
814 1976 899 2010 ὅταν
931 1978 989 2009 καὶ
1020 1977 1058 2009 οὖ
1091 1976 1189 2010 ἕνεκα
1216 1976 1236 2021 ᾖ
1267 1979 1327 2010 καὶ
1356 1978 1397 2011 τὸ

394 2023 522 2056 τούτου
554 2021 663 2054 ἕνεκα.
698 2023 769 2053 Τῶν
794 2017 822 2053 δ’
854 2023 962 2054 ἄλλων
987 2021 1078 2064 ζῴων
1112 2020 1302 2064 ἐλάττους,
1329 2024 1396 2055 τῶν

393 2064 431 2100 δέ
457 2068 568 2112 φυτῶν
593 2066 696 2111 μικρά
721 2079 771 2104 τις
796 2069 854 2099 καὶ
880 2069 940 2110 μία
957 2068 1052 2104 ἴσως·
1079 2065 1099 2103 ἦ
1116 2067 1181 2113 γάρ
1200 2068 1232 2100 ἓν
1253 2070 1285 2099 τί
1305 2065 1397 2100 ἐστιν

394 2112 432 2145 οὗ
458 2112 559 2157 τύχοι
586 2112 639 2152 ἄν,
663 2110 774 2154 ὥσπερ
799 2113 857 2143 καὶ
884 2110 1071 2154 ἄνθρωπος,
1091 2110 1112 2148 ’ἢ
1129 2114 1187 2144 καὶ
1213 2112 1260 2144 τά
1285 2112 1403 2145 πολλοὶ

394 2156 514 2190 πάντα
540 2157 603 2201 πρὸ
630 2152 710 2188 ὁδοῦ
736 2156 809 2188 ἐστὶ
836 2156 916 2200 πρὸς
942 2156 983 2189 τὸ
1011 2156 1161 2200 ἄριστον.

325 2247 371 2280 Τό
397 2245 455 2290 μὲν
477 2243 534 2277 οὖν
554 2245 624 2290 ἔχει
648 2246 705 2276 καὶ
727 2244 866 2290 μετέχει
886 2245 948 2277 τοῦ
969 2244 1122 2287 ἀρίστου,
1143 2245 1184 2277 τὸ
1201 2240 1231 2276 δ’
1254 2245 1399 2289 ἀφικνεῖ-

392 2302 451 2323 ται
478 2290 577 2336 ἐγγύς
603 2285 641 2321 δι’
670 2289 806 2335 ὀλίγων,
826 2289 868 2321 τό
893 2285 931 2321 δὲ
957 2284 1016 2321 διά
1036 2290 1184 2330 πολλῶν,
1205 2290 1246 2322 vo*
1272 2286 1300 2322 δ’
1323 2286 1394 2323 οὐδ’

392 2336 549 2381 ἐγχειρεῖ,
579 2333 651 2366 ἀλλ’
674 2334 788 2366 ἱκανὸν
814 2335 859 2372 εἱς
885 2333 925 2367 τὸ
952 2334 1052 2380 ἐγγύς
1077 2335 1140 2367 τοῦ
1167 2334 1318 2380 ἐσχάτου
1345 2336 1397 2367 ἐλ-

391 2379 478 2418 θεῖν,
506 2379 574 2411 οἷον
600 2379 628 2410 εἱ
654 2380 774 2425 ὑγίεια,
791 2378 906 2416 τέλος·
934 2379 975 2411 τό
1000 2378 1059 2423 μὲν
1086 2374 1129 2415 δή
1158 2379 1208 2412 ἀεὶ
1236 2380 1394 2426 ύγιαίνει,

392 2424 433 2458 τὸ
458 2420 488 2455 δ’
507 2422 699 2469 ὶσχνανθέν,
719 2423 760 2456 τὸ
785 2418 823 2455 δὲ
848 2418 977 2468 δραμόν
1001 2425 1060 2455 καὶ
1085 2423 1276 2469 ἱσχνανθέν,
1296 2425 1337 2458 ‘td
1357 2420 1396 2457 δὲ

390 2471 448 2501 καὶ
468 2469 551 2501 ἄλλο
570 2479 604 2499 τι
622 2468 756 2512 πράξαν
775 2469 838 2500 τοῦ
855 2463 995 2512 δραμεῖν
1018 2467 1134 2508 ἕνεκα,
1154 2468 1242 2501 ὥστε
1262 2471 1397 2508 πλείους

392 2516 426 2546 αἱ
455 2513 613 2550 κινήσεις.
647 2512 785 2558 Ἕτερον
811 2507 840 2544 δ’
872 2507 1039 2545 ἀδυνατεῖ
1068 2512 1149 2557 πρὸς
1183 2513 1224 2546 τὰ
1258 2515 1275 2545 d
1303 2515 1397 2546 ιᾶναι

392 2557 511 2599 ἐλθεῖν,
532 2557 624 2590 ἀλλά
648 2558 728 2602 πρός
755 2557 796 2590 τὸ
820 2552 960 2600 δραμεῖν
979 2556 1081 2601 μόνον
1107 2557 1127 2593 ἧ
1153 2526 1395 2603 ἰσχνανθίῆναι·

389 2606 447 2636 καὶ
473 2602 606 2636 τούτων
632 2601 775 2646 θάτερον
794 2601 892 2640 τέλος
911 2602 1043 2639 αὐτοῖς.
1069 2601 1234 2635 Μάλιστα
1251 2604 1311 2648 μὲν
1331 2603 1396 2649 γάρ

393 2649 517 2681 ἐκείνου
543 2652 658 2692 τυχεῖν
686 2647 825 2690 ἄριστον
855 2647 940 2679 πᾶσι
965 2647 1029 2679 τοῦ
1054 2645 1190 2684 τέλους·
1218 2647 1246 2679 εἱ
1271 2643 1309 2681 δὲ
1333 2647 1396 2691 μή,

394 2692 444 2726 ἀεὶ
472 2691 605 2736 ἄμεινόν
632 2694 723 2726 ἐστιν
751 2690 814 2732 ὅσῳ
842 2691 880 2724 ἄν
906 2691 1089 2738 ἐγγύτερον
1115 2689 1137 2734 ᾖ
1159 2692 1222 2724 τοῦ
1241 2692 1396 2735 ἀρίστου.

391 2739 456 2770 Καὶ
481 2733 541 2770 διαὶ
565 2739 673 2770 τοῦτο
699 2738 719 2774 ἡ
746 2736 805 2779 μὲν
830 2737 876 2782 γῆ
908 2735 991 2774 ὅλως
1022 2733 1060 2768 οὗ
1091 2740 1257 2778 κινεῖται,
1293 2737 1341 2770 τοὶ
1364 2732 1395 2768 δ’

394 2780 493 2829 ἐγγύς
527 2779 644 2826 ὀλίγας
675 2781 840 2818 κινήσεις·
868 2779 906 2813 οὐ
930 2781 995 2827 γάρ
1023 2778 1214 2825 ἀφικνεῖται
1246 2782 1327 2826 πρὸς
1356 2781 1398 2815 τὸ

394 2827 556 2881 ἔσχατον,
577 2827 669 2860 ἀλλὰ
693 2826 734 2870 μέ
762 2837 790 2868 ρι
817 2824 898 2858 ὅτου
922 2822 1070 2859 δυ’ναται
1097 2830 1212 2882 τυχεῖν
1231 2827 1293 2864 τῆς
1312 2825 1398 2858 θειο-

394 2884 502 2909 τατης
530 2872 648 2917 ἀρχῆς.
684 2873 722 2903 ’0
767 2872 934 2915 ἐπρῶτος
961 2870 1100 2915 οὐρανὸς
1118 2870 1213 2909 ευθυς
1233 2870 1398 2917 τυγχάνει

394 2912 452 2948 διαὶ
476 2917 554 2960 μιᾶς
578 2916 752 2954 κινήσεως.
789 2917 840 2948 Τά
864 2911 894 2947 δ’
917 2917 950 2949 ἓν
975 2914 1063 2960 μέσῳ
1090 2916 1152 2947 τοῦ
1178 2915 1315 2958 πρώτου
1339 2917 1397 2947 καὶ

396 2962 462 2993 τῶν
488 2960 643 3006 ἐσχάτων
672 2959 863 3006 ἀφικνεῖται
887 2960 966 3005 μέν,
993 2955 1053 2992 διαὶ
1077 2959 1239 2992 πλειόνων
1264 2956 1295 2992 δ’
1325 2958 1397 3004 ἀφι-

394 3009 525 3038 κνεῖται
549 3005 725 3042 κινήσεων.

390 3101 538 3128 smopsm.
554 3117 572 3121 -
591 3109 614 3128 1.
629 3101 841 3137 Argumentum
856 3106 884 3128 et
899 3099 1002 3128 divisio
1017 3105 1118 3128 textus.
1132 3115 1153 3120 -
1165 3099 1213 3127 Ad
1227 3099 1397 3128 solvendam

330 3140 454 3177 primam
469 3139 678 3168 dubitationem
702 3140 775 3175 (lect.
791 3149 886 3176 praec.
901 3149 930 3168 n.
949 3140 986 3175 3),
1002 3146 1119 3176 oportet
1134 3139 1319 3168 considerare
1333 3149 1398 3168 cor-

331 3189 404 3216 pora
425 3179 572 3214 caelestia,
595 3189 655 3207 non
677 3180 772 3208 solum
794 3186 825 3207 ut
847 3179 983 3208 habentia
1004 3179 1138 3208 ordinem
1163 3180 1325 3216 quendam,
1347 3180 1397 3207 sed

333 3219 419 3247 etiarn
439 3219 525 3247 veluti
546 3219 745 3255 participantia
766 3220 853 3248 vitam
876 3226 903 3248 et
923 3219 1067 3248 actionem
1090 3219 1119 3247 in
1141 3219 1229 3247 finem
1244 3219 1397 3254 directam,

335 3258 407 3286 sicut
428 3268 501 3294 quae
529 3258 656 3286 animam
685 3259 791 3287 habent
819 3259 1005 3288 rationalem:
1028 3268 1081 3287 nec
1110 3259 1195 3287 refert
1221 3266 1319 3287 utrum
1347 3268 1398 3296 per

335 3298 455 3325 modum
474 3298 587 3326 animae
601 3307 701 3333 necne,
723 3299 882 3327 substantia
896 3299 1094 3327 intellectualis
1109 3298 1149 3327 eis
1164 3298 1366 3336 coniungatur.
1378 3316 1398 3320 —

335 3344 363 3364 2.
385 3337 545 3365 Subdivisio
571 3344 672 3366 textus.
693 3354 713 3358 —
739 3338 964 3367 Praemittuntur
990 3339 1132 3376 principia
1159 3338 1263 3376 quibus
1290 3338 1396 3367 solutio

336 3375 540 3404 manifestatur.
563 3393 582 3398 -
607 3377 782 3413 Principium
811 3379 848 3406 ad
877 3378 1119 3407 manifestandum
1147 3388 1237 3416 quare
1264 3379 1397 3415 planetae

338 3421 489 3442 moventur
510 3415 638 3451 pluribus
660 3417 795 3452 motibus,
818 3418 944 3454 primum
966 3425 1062 3447 autem
1079 3418 1187 3447 mobile
1208 3428 1268 3447 uno
1283 3425 1396 3447 tantum

338 3460 429 3482 motu.
452 3454 566 3490 Triplex
587 3456 691 3491 gradus
713 3456 855 3484 invenitur
870 3466 971 3485 eorum
994 3468 1067 3495 quae
1089 3459 1126 3486 ad
1147 3458 1267 3495 aliquod
1284 3459 1396 3486 bonum

337 3493 495 3530 perfectum
516 3494 663 3530 pervenire
690 3502 825 3531 possunt:
855 3504 942 3532 prout
970 3507 1074 3534 nempe
1103 3498 1234 3526 obtinent
1261 3498 1332 3526 illud
1353 3499 1398 3526 vel

285 3542 288 3544 ·
338 3533 448 3569 absque
475 3532 533 3560 ulla
558 3533 685 3568 actione,
714 3535 758 3562 vel
786 3545 859 3570 una,
887 3537 931 3564 vel
958 3537 1097 3573 pluribus.
1126 3538 1325 3566 Manifestatur
1345 3547 1398 3575 per

339 3572 510 3608 exemplum.
527 3588 545 3593 -
568 3572 594 3599 3.
617 3572 791 3609 Principium
813 3575 850 3602 ad
871 3575 1112 3605 manifestandum
1134 3587 1222 3614 quare
1248 3577 1397 3606 inferiores

337 3611 471 3648 planetae
486 3611 669 3648 paucioribus
684 3613 809 3641 motibus
824 3621 977 3642 moventur
991 3625 1079 3652 quam
1094 3617 1265 3653 superiores.
1281 3619 1397 3646 Praeter

1523 832 1599 852 nem
1615 822 1747 863 quidem
1758 822 1959 862 habentibus,
1976 824 2157 855 inanimatis
2174 831 2282 855 autem
2298 824 2444 863 omnino,
2461 834 2530 865 per-

1524 866 1692 908 quirimus
1717 867 1854 907 Oportet
1877 875 1985 899 autem
2008 875 2162 910 tanquam
2186 869 2405 909 participantia
2429 869 2530 899 existi-

1523 921 1610 941 mare
1641 911 1765 942 actione
1797 918 1827 942 et
1857 912 1940 943 vita:
1972 912 2016 944 sic
2045 913 2132 944 enim
2154 913 2234 943 nihil
2261 913 2385 944 videtur
2408 921 2531 954 praeter

1523 955 1680 986 rationem
1707 955 1857 986 accidere.
2272 971 2274 975 ν

1455 1000 1472 1019 *
1499 1000 1633 1031 Videtur
1663 1007 1771 1031 autem
1802 1000 1924 1040 optime
1954 1001 2087 1041 quidem
2116 1001 2246 1032 habenti
2280 1002 2410 1033 existere
2441 1002 2531 1043 quod

1522 1045 1602 1075 bene
1626 1045 1693 1075 sine
1717 1044 1852 1083 actione,
1877 1045 2153 1086 propinquissimo
2182 1053 2291 1077 autem
2314 1056 2371 1087 per
2393 1057 2531 1087 paucam

1523 1097 1553 1120 et
1577 1099 1694 1127 unam,
1718 1089 1767 1119 his
1791 1096 1900 1119 autem
1923 1089 1980 1130 qui
2002 1089 2132 1130 longius
2156 1101 2212 1131 per
2235 1091 2353 1131 plures.

1455 1134 1741 1172 Quemadmodum
1758 1133 1790 1163 in
1808 1143 1941 1174 corpore
1964 1135 2027 1165 hoc
2050 1134 2181 1175 quidem
2205 1145 2309 1176 neque
2327 1135 2531 1166 exercitatum

1521 1179 1602 1209 bene
1625 1179 1760 1216 habere,
1789 1178 1852 1208 hoc
1880 1185 1988 1209 autem
2016 1179 2182 1210 modicum
2211 1180 2439 1219 deambulans;
2467 1179 2531 1211 hoc

1523 1230 1631 1254 autem
1654 1230 1685 1254 et
1708 1233 1802 1253 cursu
1826 1222 1946 1263 indiget
1965 1229 1996 1254 et
2018 1224 2104 1254 lucta
2127 1230 2158 1254 et
2181 1233 2299 1264 pugna.

1455 1268 1574 1299 Iterum
1598 1275 1706 1298 autem
1729 1267 1817 1298 alteri
1840 1277 1946 1308 neque
1969 1275 2270 1309 quantumcumque
2292 1268 2450 1299 laboranti
2467 1267 2530 1299 hoc

1521 1313 1633 1353 utique
1657 1312 1761 1343 adhuc
1784 1312 1894 1343 existet
1917 1313 2052 1351 bonum,
2077 1313 2133 1343 sed
2156 1313 2292 1343 alterum
2315 1312 2446 1354 aliquid.

1454 1356 1471 1375 *
1489 1357 1547 1388 Est
1569 1364 1677 1388 autem
1700 1356 1831 1397 dirigere
1855 1356 1980 1388 difficile
2003 1364 2059 1388 aut
2081 1357 2183 1389 multa
2210 1364 2266 1389 aut
2288 1357 2462 1389 multoties.

1454 1446 1534 1476 Puta
1550 1445 1670 1486 myrios
1694 1445 1864 1486 astragalos
1886 1445 1986 1477 Chios
2001 1445 2101 1477 iacere
2117 1445 2254 1486 difficile,
2271 1446 2327 1477 sed
2347 1456 2453 1477 unum
2475 1453 2531 1478 aut

1522 1490 1588 1520 duo
1613 1490 1714 1520 facile.

1454 1534 1496 1565 Et
1524 1534 1658 1573 iterum,
1687 1535 1817 1575 quando
1847 1535 1910 1566 hoc
1939 1535 2070 1576 quidem
2102 1535 2272 1576 indiguerit
2300 1535 2396 1566 huius
2430 1534 2531 1576 gratia

1522 1579 1656 1619 operari,
1673 1579 1735 1610 hoc
1750 1586 1859 1610 autem
1878 1579 2016 1618 alterius,
2033 1587 2064 1610 et
2078 1580 2141 1611 hoc
2157 1580 2303 1618 alterius;
2326 1579 2359 1610 in
2376 1590 2444 1611 uno
2458 1579 2530 1622 qui-

1522 1624 1596 1654 dem
1619 1630 1674 1654 aut
1698 1624 1825 1654 duobus
1854 1623 1943 1655 facile
1967 1624 2115 1665 adipisci,
2139 1631 2261 1666 quanto
2286 1631 2394 1656 autem
2417 1624 2529 1667 utique

1521 1678 1578 1708 per
1601 1668 1708 1708 plura,
1733 1667 1901 1700 difficilius.

1453 1713 1586 1753 Propter
1602 1713 1691 1753 quod
1707 1719 1835 1752 oportet
1857 1719 1968 1753 putare
1987 1720 2146 1744 astrorum
2163 1713 2322 1744 actionem
2337 1723 2404 1744 esse
2419 1713 2528 1753 talem,

1521 1756 1624 1797 qualis
1655 1757 1787 1797 quidem
1815 1757 2004 1788 animalium
2037 1764 2067 1788 et
2097 1758 2289 1798 plantarum.
2321 1758 2450 1789 Etenim
2476 1758 2530 1790 hic

1520 1801 1661 1832 hominis
1684 1801 1840 1841 plurimae
1865 1802 2082 1842 operationes:
2107 1802 2287 1834 multorum
2310 1803 2397 1834 enim
2413 1813 2529 1834 eorum

1521 1855 1603 1887 quae
1627 1847 1707 1876 bene
1731 1852 1868 1886 possunt
1891 1846 2039 1886 adipisci,
2063 1852 2100 1877 ut
2123 1852 2154 1877 et
2177 1846 2279 1878 multa
2302 1853 2476 1888 operentur
2497 1853 2529 1879 et

1521 1890 1658 1921 afiorum
1681 1890 1790 1930 gratia.
1818 1888 1834 1904 ²*
1854 1891 1953 1928 Quod
1976 1897 2083 1921 autem
2108 1897 2155 1922 est
2177 1897 2214 1922 ut
2241 1891 2364 1932 optime
2386 1891 2528 1932 habens,

1522 1934 1600 1965 nihil
1616 1935 1735 1975 indiget
1751 1934 1892 1965 actione:
1910 1942 1957 1966 est
1971 1935 2058 1966 enim
2077 1934 2186 1975 ipsum
2201 1936 2292 1977 quod
2310 1936 2401 1968 cuius
2413 1936 2528 1977 δαείη

1521 1979 1602 2010 actio
1626 1987 1734 2010 autem
1750 1989 1875 2020 semper
1891 1987 1938 2010 est
1962 1979 1996 2010 in
2020 1980 2160 2019 duobus,
2184 1990 2258 2011 cum
2276 1987 2307 2012 et
2325 1981 2416 2012 cuius
2430 1981 2530 2022 gratia

1521 2024 1579 2062 sit,
1604 2031 1635 2054 et
1662 2024 1751 2065 quod
1774 2024 1871 2054 huius
1894 2024 2002 2065 gratia.
2026 2024 2177 2055 Aliorum
2207 2032 2316 2056 autem
2339 2025 2529 2057 animalium

1520 2068 1705 2109 pauciores;
1737 2068 1918 2109 plantarum
1948 2076 2057 2100 autem
2087 2079 2183 2110 parva
2214 2071 2373 2111 quaedam
2403 2076 2435 2102 et
2463 2079 2529 2101 una

1520 2113 1612 2144 forte.
1630 2116 1696 2144 Aut
1712 2113 1798 2143 enim
1822 2123 1926 2144 unum
1947 2114 2067 2155 aliquid
2089 2121 2135 2146 est
2154 2124 2222 2156 quo
2241 2115 2390 2146 sortietur
2404 2114 2528 2156 utique,

1520 2158 1798 2199 quemadmodum
1814 2165 1844 2189 et
1867 2158 1987 2198 homo;
2011 2165 2067 2190 aut
2091 2166 2121 2190 et
2143 2159 2246 2190 multa
2269 2159 2379 2190 omnia
2402 2159 2530 2201 praevia

1520 2209 1595 2233 sunt
1618 2203 1658 2232 ad
1681 2202 1854 2242 optimum.

1452 2247 1524 2277 Hoc
1541 2247 1674 2288 quidem
1698 2247 1793 2287 igitur
1816 2247 1911 2278 habet
1934 2254 1965 2278 et
1988 2247 2155 2288 participat
2170 2248 2308 2289 optimo,
2332 2248 2396 2280 hoc
2419 2254 2528 2280 autem

1519 2291 1643 2332 attingit
1666 2301 1767 2332 prope
1791 2302 1848 2332 per
1870 2301 1991 2332 paucos
2014 2299 2142 2331 motus,
2166 2292 2228 2323 hoc
2245 2300 2353 2324 autem
2372 2303 2429 2334 per
2444 2292 2527 2324 mul-

1519 2343 1584 2375 tos;
1599 2336 1661 2367 hoc
1677 2343 1785 2367 autem
1808 2346 1912 2378 neque
1931 2336 2108 2377 participat,
2125 2337 2181 2368 sed
2196 2337 2356 2368 sufficiens
2370 2338 2411 2368 ad
2426 2347 2529 2379 prope

1519 2387 1660 2412 extremo
1679 2380 1795 2412 venire.
1816 2381 1897 2412 Puta
1917 2381 1942 2412 si
1959 2381 2075 2412 sanitas
2091 2381 2174 2420 finis,
2190 2381 2253 2412 hoc
2269 2382 2402 2423 quidem
2416 2382 2528 2426 utique

1519 2435 1644 2466 semper
1660 2435 1775 2456 sanum
1795 2432 1852 2464 est,
1874 2425 1936 2456 hoc
1952 2426 2085 2466 quidem
2099 2433 2316 2465 extenuatum,
2340 2426 2404 2458 hoc
2419 2433 2528 2458 autem

1520 2480 1648 2500 currens
1679 2476 1710 2500 et
1740 2476 1966 2509 extenuatum,
1994 2470 2058 2501 hoc
2085 2477 2194 2501 autem
2227 2477 2258 2501 et
2289 2470 2376 2501 aliud
2406 2470 2527 2513 aliquid

1519 2524 1654 2554 operans
1669 2514 1814 2545 currendi
1828 2514 1944 2554 gratia:
1970 2524 2067 2555 quare
2083 2514 2190 2554 plures
2205 2521 2324 2546 motus.
2348 2515 2365 2534 *
2379 2515 2526 2546 Alterum

1519 2565 1628 2589 autem
1651 2568 1718 2589 non
1742 2565 1848 2599 potest
1871 2559 1911 2589 ad
1934 2559 2035 2589 sanari
2060 2558 2234 2599 pervenire,
2259 2559 2314 2590 sed
2338 2560 2379 2590 ad
2402 2569 2526 2594 currere

1519 2603 1627 2634 solum
1657 2610 1712 2634 aut
1743 2603 1924 2634 extenuari:
1959 2610 1990 2634 et
2020 2603 2138 2634 horum
2169 2603 2305 2634 alterum
2335 2603 2407 2634 finis
2437 2604 2524 2646 ipsis.

1519 2645 1534 2662 *
1553 2647 1691 2678 Maxime
1707 2647 1839 2688 quidem
1856 2647 1942 2678 enim
1958 2647 2014 2678 illo
2032 2647 2136 2679 sortiri
2159 2647 2222 2679 fine
2239 2648 2402 2689 optimum
2418 2649 2524 2680 omni-

1519 2693 1596 2723 bus:
1621 2692 1647 2722 si
1667 2699 1775 2723 autem
1797 2702 1880 2730 non,
1905 2702 2030 2733 semper
2053 2692 2168 2723 melius
2192 2692 2250 2724 erit
2273 2699 2394 2734 quanto
2414 2693 2525 2736 utique

1518 2736 1733 2777 propinquius
1757 2736 1796 2767 sit
1820 2737 1957 2777 optimo.
1986 2737 2027 2767 Et
2050 2743 2180 2777 propter
2203 2737 2265 2768 hoc
2289 2744 2369 2768 terra
2392 2737 2525 2779 quidem

1519 2781 1656 2812 totaliter
1679 2791 1746 2812 non
1770 2788 1934 2819 movetur,
1958 2781 2142 2822 propinqua
2166 2788 2274 2813 autem
2297 2781 2407 2823 paucis
2430 2782 2525 2814 moti-

1518 2826 1578 2856 bus
1602 2823 1683 2868 (non
1703 2825 1789 2856 enim
1806 2825 1965 2866 attingunt
1988 2826 2028 2856 ad
2051 2833 2240 2865 extremum,
2265 2827 2320 2857 sed
2337 2836 2440 2868 usque
2456 2837 2524 2869 quo

1518 2877 1655 2911 possunt
1678 2870 1780 2901 sortiri
1812 2870 2010 2901 divinissimo
2035 2869 2225 2913 principio);
2249 2870 2392 2911 primum
2415 2878 2524 2903 autem

1519 2915 1643 2945 caelum
1663 2914 1832 2946 confestim
1848 2915 1978 2946 sortitur
2001 2925 2058 2955 per
2081 2925 2184 2946 unum
2199 2922 2346 2954 motum;
2370 2925 2452 2957 quae
2468 2926 2524 2947 au-

1519 2966 1583 2990 tem
1600 2959 1633 2989 in
1650 2959 1757 2990 medio
1777 2959 1871 3000 primi
1896 2966 1927 2990 et
1947 2966 2174 2998 extremorum,
2198 2959 2357 3000 attingunt
2380 2960 2524 3002 quidem,

1519 3014 1575 3044 per
1598 3004 1704 3044 plures
1728 3010 1836 3035 autem
1859 3003 2018 3044 attingunt
2041 3010 2159 3035 motus.

1451 3099 1615 3136 praedictos
1629 3101 1745 3137 gradus,
1767 3106 1810 3128 est
1824 3099 1910 3128 etiam
1926 3106 2056 3137 quartus,
2078 3109 2181 3128 eorum
2196 3099 2303 3129 scilicet
2317 3109 2392 3138 quae
2406 3100 2525 3130 nonnisi

1451 3140 1571 3177 aliquod
1598 3141 1710 3168 bonum
1739 3139 1835 3168 minus
1863 3140 1992 3176 perfecto
2017 3139 2226 3177 adipiscuntur.
2248 3157 2267 3162 -
2288 3139 2460 3169 Ostenditur
2479 3140 2525 3169 di-

1451 3179 1569 3208 versitas
1598 3189 1672 3217 quae
1700 3179 1730 3208 in
1758 3181 1815 3208 hoc
1843 3180 1934 3217 gradu
1962 3179 2116 3208 invenitur.
2142 3179 2312 3208 Afferuntur
2339 3180 2479 3217 exempla.
2503 3196 2524 3203 -

1450 3229 1478 3255 4.
1501 3219 1679 3256 Principium
1701 3229 1788 3257 supra
1810 3221 1906 3256 (num.
1929 3221 2040 3257 praeest)
2065 3219 2194 3256 positum
2223 3219 2457 3257 exemplificatur.
2479 3220 2523 3248 Ex

1451 3255 1616 3296 praemissis
1638 3266 1753 3297 oportet
1775 3259 1937 3288 existimare
1952 3266 2050 3288 motus
2064 3260 2220 3296 stellarum,
2236 3260 2336 3297 quoad
2356 3268 2524 3295 numerum,

1450 3299 1601 3328 assimilari
1622 3299 1785 3328 actionibus
1806 3299 1975 3328 animalium
1990 3306 2019 3328 et
2039 3300 2212 3337 plantarum.
2234 3299 2312 3327 Finis
2333 3298 2383 3336 qui
2405 3305 2448 3328 est
2468 3300 2523 3328 bo-

1450 3349 1521 3367 num
1543 3340 1700 3376 perfectum
1722 3349 1774 3368 seu
1795 3339 1954 3375 beatitudo,
1977 3349 2051 3377 quae
2072 3349 2090 3368 a
2111 3341 2175 3368 Deo
2196 3340 2306 3377 absque
2327 3338 2442 3368 actione
2462 3339 2523 3368 ulla

1450 3379 1606 3415 obtinetur,
1628 3386 1656 3408 et
1677 3381 1713 3408 ab
1734 3379 1854 3408 homine
1875 3389 1927 3416 per
1949 3379 2121 3416 multiplices
2147 3379 2332 3416 operationes
2353 3378 2524 3416 acquiritur,

1450 3420 1486 3447 ab
1508 3419 1681 3448 animalibus
1703 3425 1731 3448 et
1751 3419 1857 3456 plantis
1879 3420 1960 3448 nullo
1982 3420 2074 3448 modo
2086 3418 2206 3456 ,acquiri
2226 3425 2334 3455 potest:
2357 3419 2429 3447 haec
2443 3418 2522 3447 enim

1449 3459 1567 3487 nonnisi
1589 3460 1733 3497 quaedam
1755 3468 1830 3496 quae
1852 3460 1889 3488 ad
1912 3459 1998 3488 talem
2020 3459 2108 3487 finem
2129 3458 2360 3496 praeexiguntur,
2382 3458 2525 3496 attingere

1449 3506 1586 3535 possunt;
1609 3506 1640 3528 ut
1661 3499 1736 3527 vitae
1757 3499 2009 3528 conservationem
2031 3499 2156 3536 plantae,
2176 3498 2313 3527 animalia
2331 3504 2428 3527 autem
2450 3497 2521 3527 irra-

1449 3539 1576 3574 t10nalia,
1592 3545 1705 3576 praeter
1715 3539 1780 3574 hoc,
1797 3539 1976 3567 sensibilium
1986 3538 2194 3576 cognitionem.
2204 3555 2224 3559 -
2238 3539 2263 3567 5.
2277 3540 2421 3575 Respectu
2436 3537 2522 3575 igitur

1449 3578 1519 3607 boni
1536 3578 1662 3615 perfecti,
1678 3578 1807 3616 quinque
1823 3587 1885 3607 esse
1900 3578 2017 3607 ordines
2031 3587 2128 3607 rerum
2143 3578 2276 3607 infertur:
2297 3584 2423 3615 quatuor
2442 3576 2521 3605 enim

1449 3618 1507 3647 iam
1529 3618 1612 3647 dictis
1633 3619 1740 3647 addere
1762 3625 1878 3655 oportet
1899 3618 1928 3646 id
1950 3619 2031 3656 quod
2051 3618 2164 3647 nullum
2186 3618 2401 3655 praedictorum
2425 3618 2524 3646 bono-

2557 777 2693 827 ieie&-
2700 784 2741 807 ¹¹¹’
2749 781 2778 801 “

2558 1004 2568 1014 '¹
2582 1003 2653 1025 Text.
2668 1003 2710 1026 60.

2557 1361 2650 1385 wrm
2666 1362 2707 1392 ⁶³—

2553 1894 2564 1904 '
2578 1893 2648 1916 Text.
2661 1893 2706 1922 64.

2553 2518 2563 2528 ·
2578 2516 2648 2540 Text.
2664 2517 2705 2546 65.

2551 2651 2562 2662 ⁶
2576 2649 2647 2674 Text.
2662 2649 2707 2674 ⁶⁶.
