2554 4062
2273 291 2382 317 XXXIII

169 366 292 416 ptum
335 358 584 400 Aristotelis
626 362 792 398 textum
834 354 1038 396 videntur
1080 354 1324 410 appositae.
1372 356 1516 397 Notae
1556 370 1663 397 vero
1703 370 1816 411 quae
1861 358 1916 399 ad
1950 372 2039 400 rem
2086 367 2278 403 nostram
2319 363 2381 404 fa-

169 423 302 471 ciunt,
347 422 599 477 pertingunt
637 425 755 460 certo
795 430 934 472 usque
978 417 1033 458 ad
1074 418 1206 459 finem
1239 418 1436 459 lectionis
1472 418 1679 460 decimae.
1721 420 1897 461 Praeter
1929 434 1980 462 ea
2013 435 2126 476 quae
2167 423 2208 464 in
2242 439 2380 466 anno-

167 485 332 526 tatione
365 484 582 525 variarum
615 481 850 523 lectionum
886 480 996 521 circa
1029 486 1195 521 textum
1230 494 1263 522 s.
1288 481 1488 523 Thomae
1521 482 1658 523 videri
1698 489 1900 537 possunt,
1941 483 2029 525 duo
2069 487 2266 541 exempla
2299 488 2382 529 hoc

166 549 267 590 loco
303 547 470 596 damus,
505 545 692 600 primum
715 556 769 584 ex
793 543 1117 599 marginalibus,
1152 544 1333 585 alterum
1369 558 1422 585 ex
1456 544 1800 587 interlinearibus
1834 546 1948 587 notis
1984 546 2273 603 desumptum.
2309 550 2382 591 Ad

168 611 240 652 illa
262 610 398 652 verba
431 614 574 650 textus
609 620 700 662 cap.
725 618 767 655 V,
791 607 980 661 Propter
1010 605 1130 660 quod
1157 609 1202 647 et
1231 606 1412 648 rz’dztule
1445 613 1535 656 etc.,
1571 607 1677 648 haec
1700 614 1880 649 annotat
1901 610 2159 664 postillator,
2194 611 2264 653 fol.
2298 612 2374 654 151

169 679 310 715 recto:
345 690 360 709 ‹
386 669 612 713 Habitatio
646 675 784 710 terrae
819 668 1129 710 determinatur
1160 669 1403 710 secundum
1437 670 1705 711 latitudinem
1741 684 1794 712 ex
1828 685 1913 712 una
1946 679 2066 727 parte
2099 673 2155 714 ad
2189 674 2284 716 loca
2319 677 2382 716 in-

168 734 420 778 habitabilia
452 746 529 788 per
561 738 752 780 aestum,
789 737 831 773 et
865 744 919 772 ex
951 731 1034 772 alia
1067 737 1186 786 parte
1221 731 1517 772 inhabitabilia
1550 739 1726 788 propter
1757 733 1914 790 frigus;
1958 735 2037 776 sed
2082 742 2292 790 quantum
2326 738 2381 779 ad

168 796 487 854 longitudinem
520 801 673 850 posset
706 794 898 850 copulari
922 794 1117 843 circulus,
1141 799 1189 835 ut
1214 800 1306 835 tota
1328 807 1428 849 pars
1461 800 1598 835 terrae
1620 795 1839 850 praedicta
1871 792 2064 853 undique
2098 798 2380 850 habitaretur,

167 866 345 917 propter
384 859 477 900 eius
515 858 856 913 temperantiam.
891 857 995 898 Non
1030 856 1145 898 enim
1185 856 1402 898 invenitur
1435 870 1641 899 excessus
1674 858 1844 914 frigoris
1880 866 1922 901 et
1955 861 2109 902 caloris
2142 863 2382 904 secundum

169 922 416 965 distantiam
439 920 618 962 orientis
641 926 684 961 et
706 920 956 969 occidentis,
982 919 1223 961 secundum
1247 933 1379 974 quam
1403 919 1649 961 distantiam
1685 928 1749 962 est
1782 921 2011 979 longitudo
2045 930 2182 966 terrae
2215 925 2382 966 habita-

168 986 285 1028 bilis:
321 983 562 1027 secundum
597 983 712 1024 enim
747 982 869 1038 quod
903 983 970 1024 sol
1004 989 1206 1024 movetur
1239 983 1294 1023 ab
1330 982 1496 1024 oriente
1524 983 1567 1024 in
1591 983 1873 1034 occidentem,
1909 986 1970 1027 sic
2004 1000 2093 1028 non
2128 994 2275 1028 causat
2308 1001 2382 1030 ex-

169 1061 342 1092 cessum
365 1047 543 1096 caloris;
579 1046 652 1101 qui
677 1046 855 1101 quidem
880 1051 1026 1087 motus
1049 1045 1204 1086 dicitur
1226 1051 1371 1087 motus
1401 1045 1591 1087 diurnus.
1628 1046 1719 1088 Sed
1753 1048 1991 1090 secundum
2026 1049 2147 1104 quod
2182 1057 2384 1092 movetur

169 1117 291 1154 motu
325 1110 516 1181 proprio,
550 1109 683 1151 habet
714 1122 894 1155 causare
929 1121 1155 1150 excessum
1181 1108 1336 1149 caloris
1371 1114 1413 1149 et
1445 1109 1628 1164 frigoris,
1662 1123 1740 1164 per
1772 1123 1995 1152 accessum
2031 1118 2072 1153 et
2105 1125 2323 1154 recessum
2357 1128 2383 1154 a

169 1173 299 1217 nobis
332 1173 377 1216 in
408 1172 604 1215 zodiaco.
640 1172 698 1213 Et
730 1178 908 1227 propter
939 1171 1024 1212 hoc
1053 1170 1156 1212 dicit
1182 1171 1425 1242 Equsztor
1455 1171 1577 1226 quod
1612 1185 1816 1213 excessus
1850 1173 2020 1229 frigoris
2055 1181 2097 1215 et
2130 1175 2284 1216 caloris
2319 1182 2384 1217 est

169 1234 411 1280 secundum
445 1234 727 1283 latitudinem,
763 1247 876 1289 quae
909 1233 1143 1275 attenditur
1175 1228 1416 1274 secun¹dum
1452 1234 1698 1276 distantiam
1722 1235 1811 1290 poli
1845 1236 1899 1276 ad
1934 1236 2138 1278 circulum
2171 1238 2382 1293 aequino-

170 1299 353 1343 ctialem.
378 1298 570 1352 Quando
594 1297 710 1346 enirn
732 1297 799 1338 sol
823 1296 1145 1352 appropinquat
1168 1296 1351 1345 Cancro,
1377 1302 1419 1337 et
1440 1303 1675 1351 postquam
1698 1298 1859 1339 recedit
1881 1313 1906 1339 a
1922 1299 2104 1349 Cancro,
2124 1313 2212 1342 non
2235 1307 2380 1342 tamen

170 1363 316 1419 longe,
341 1367 407 1403 est
439 1366 607 1402 aestus:
642 1359 820 1414 quando
855 1364 922 1400 est
954 1359 998 1400 in
1031 1364 1151 1413 parte
1186 1358 1329 1400 circuli
1364 1359 1578 1414 opposita,
1614 1366 1661 1401 ut
1694 1360 1736 1401 in
1772 1361 2050 1416 Capricorno,
2087 1369 2151 1404 est
2178 1376 2382 1405 excessus

169 1424 356 1482 frigoris.
381 1442 397 1461 ι
427 1423 551 1464 Haec
583 1428 729 1464 autem
763 1427 868 1463 nota
899 1421 1056 1477 partim
1090 1420 1321 1476 desumpta
1355 1428 1420 1463 est
1452 1422 1508 1463 ad
1541 1423 1725 1464 verbum
1761 1437 1815 1465 ex
1848 1437 2028 1465 numero
2053 1427 2080 1466 3
2103 1425 2299 1467 lectionis
2332 1438 2381 1475 x;

170 1487 326 1544 partim
358 1499 467 1528 vero
502 1498 557 1527 ex
589 1497 772 1526 numero
803 1496 857 1525 10
890 1483 1088 1526 lectionis
1121 1496 1182 1525 vn
1217 1483 1476 1540 deprompta
1508 1492 1686 1540 apparet
1720 1485 1784 1540 (cf.
1810 1486 1938 1528 etiam
1973 1487 2144 1536 lect.1x,
2181 1502 2296 1529 num.
2321 1489 2380 1543 8).

170 1548 476 1604 “Exemplum
510 1546 633 1602 quod
666 1546 802 1588 modo
838 1546 1094 1588 exhibemus
1128 1547 1411 1589 interlinearis
1445 1554 1587 1597 notae,
1623 1548 1807 1603 pertinet
1838 1548 1893 1590 ad
1926 1549 2122 1590 ultimum
2157 1563 2383 1592 numerum

169 1611 369 1656 lectionis
391 1623 433 1652 x,
467 1610 557 1652 Illic
590 1615 734 1651 textus
768 1609 1017 1651 Aristotelis
1051 1609 1203 1651 habet:
1246 1627 1261 1646 ‹
1285 1610 1360 1651 Ille
1394 1615 1539 1652 autem
1567 1611 1690 1652 locus
1724 1611 1823 1663 (sub
1856 1612 2017 1666 tropico
2049 1612 2246 1664 aestivo),
2282 1627 2383 1668 pro-

169 1680 265 1731 pter
297 1673 402 1716 solis
425 1672 715 1721 vicinantiam,
740 1685 883 1727 neque
907 1672 1039 1714 habet
1061 1686 1198 1727 aquas
1223 1686 1366 1727 neque
1393 1686 1567 1728 pascua
1595 1691 1610 1710 »
1641 1674 1740 1715 Hoc
1763 1674 1959 1715 ultimum
1988 1675 2172 1716 verbum
2197 1677 2381 1730 pascua,

170 1750 250 1781 seu
274 1734 502 1793 pabulum,
538 1734 791 1777 Alexander
824 1735 907 1776 hoc
941 1735 1077 1776 modo
1112 1735 1432 1790 interpretatur:
1474 1753 1489 1772 ι
1512 1748 1590 1791 per
1612 1736 1830 1791 pabulum
1863 1750 1970 1778 vero
2005 1751 2214 1792 aquarum
2248 1744 2384 1779 mate-

170 1800 278 1844 riam
310 1812 390 1841 seu
423 1797 820 1868 suppeditationem
855 1797 1065 1854 intelligit,
1097 1798 1222 1853 quasi
1256 1812 1468 1853 aquarum
1502 1798 1775 1848 alimentum;
1801 1817 1815 1836 ›
1845 1799 2002 1840 eodem
2037 1799 2172 1841 modo
2208 1801 2386 1855 exponit

169 1863 326 1906 Petrus
360 1861 416 1903 de
449 1860 671 1910 Alvernia,
696 1860 915 1915 inquiens,
959 1863 1174 1916 «pascua,
1199 1860 1313 1902 idest
1335 1861 1537 1902 alimenta
1559 1875 1823 1916 aquarum.»
1864 1863 1948 1903 Ast
1968 1868 2199 1903 annotator
2222 1863 2383 1904 codicis

169 1924 388 1974 Vaticani,
422 1924 496 1979 qui
530 1930 656 1966 notas
686 1923 979 1965 interlineares
1013 1923 1239 1978 hucusque
1272 1937 1326 1965 ex
1359 1924 1670 1965 commentario
1706 1925 1762 1965 D.
1784 1924 1996 1973 Thomae,
2032 1931 2160 1980 prout
2194 1931 2310 1966 extat
2342 1926 2384 1967 in

171 1987 362 2030 editione
395 1987 543 2035 Piana,
578 1986 879 2041 utplurimum
911 1986 1101 2041 accepit,-
1119 1986 1247 2028 etiam
1271 1986 1476 2028 hocloco
1505 1986 1561 2027 ad
1585 1986 1772 2028 eundem
1807 1988 2163 2029 commentarium
2197 1988 2383 2037 recurrit,

171 2063 271 2094 cum
305 2062 449 2105 eoque
474 2051 648 2104 pascua
681 2049 984 2104 interpretatur
1017 2049 1111 2090 loca
1143 2048 1327 2091 humida
1361 2049 1446 2104 (fol.
1480 2048 1556 2090 151
1591 2050 1752 2104 verso).

297 2112 414 2155 Satis
448 2125 556 2168 ergo
590 2111 857 2153 auctoritatis
890 2111 1104 2153 habemus
1126 2125 1206 2167 pro
1240 2111 1513 2153 vindicandis
1537 2112 1734 2168 angelico
1769 2113 1953 2154 Doctori
1978 2113 2181 2154 omnibus
2215 2120 2382 2169 septem

173 2181 216 2217 et
248 2175 400 2217 decem
434 2174 694 2216 lectionibus
729 2174 770 2215 in
817 2174 1016 2229 primum,
1052 2181 1095 2215 et
1133 2174 1285 2216 decem
1330 2174 1547 2230 prioribus
1587 2175 1629 2215 in
1670 2175 1910 2216 secundum
1955 2176 2385 2230 Meteorologicorum

171 2237 343 2287 librum,
367 2242 498 2292 prout
530 2236 627 2278 illae
661 2242 808 2277 extant
841 2236 883 2277 in
918 2236 1109 2277 editione
1132 2237 1347 2278 Romana.
1372 2237 1564 2278 Aliunde
1587 2238 1693 2278 haec
1727 2238 1875 2278 omnia
1897 2237 1952 2278 ad
1975 2238 2241 2292 Aquinatem
2276 2238 2384 2294 legi·
2424 2234 2427 2238 ’

172 2300 326 2342 timum
360 2306 584 2355 parentem
606 2299 832 2354 pertinere,
857 2298 1095 2340 ostendunt
1116 2299 1342 2340 manifeste
1364 2299 1498 2348 stilus,
1524 2300 1789 2341 tractationis
1812 2299 1983 2348 modus,
2009 2301 2204 2355 aliaeque
2237 2301 2385 2342 intrin-

172 2375 300 2407 secae
333 2362 472 2411 dotes,
497 2375 612 2418 quae
635 2362 679 2404 S.
705 2362 913 2403 Doctoris
937 2361 1160 2417 ingenium
1195 2375 1400 2416 expresse
1423 2362 1622 2403 referunt.
1648 2362 1739 2404 Sed
1774 2363 1894 2417 quod
1918 2363 2067 2404 attinet
2090 2363 2145 2404 ad
2175 2364 2384 2418 reliquam

161 2425 554 2470 ‚commentationis
587 2430 766 2480 partem,
808 2437 920 2479 quae
955 2424 998 2465 in
1032 2424 1223 2466 editione
1255 2425 1392 2465 Piana
1426 2425 1662 2474 exhibetur,
1704 2425 1809 2466 haec
1842 2425 1897 2466 ab
1932 2425 2162 2466 undecima
2201 2426 2386 2468 lectione

171 2488 353 2531 secundi
386 2488 482 2530 libri
520 2487 576 2529 ad
610 2488 741 2529 finem
780 2500 921 2542 usque
958 2487 1124 2542 operis,
1158 2493 1250 2528 tota
1283 2501 1309 2528 a
1341 2488 1396 2528 D.
1427 2487 1601 2528 Thoma
1635 2487 1923 2528 abiudicanda
1960 2494 2036 2529 est.
2071 2488 2194 2529 Nam*
2217 2489 2382 2543 primo,

171 2556 429 2608 argumenta
461 2556 504 2592 et
536 2550 776 2592 divisiones
810 2556 954 2591 textus
989 2564 1077 2591 non
1111 2549 1378 2605 respondent
1411 2549 1700 2591 divisionibus
1735 2556 1777 2591 et
1809 2550 2075 2606 argumentis
2109 2564 2221 2605 quae
2254 2565 2386 2606 supra

171 2619 476 2670 proponuntur
508 2613 563 2654 ab
599 2613 695 2668 ipso
730 2626 763 2654 s.
788 2613 973 2654 Thoma.
1009 2612 1223 2660 Secundo,
1259 2612 1382 2653 stilus
1418 2612 1640 2662 diversus,
1684 2626 1734 2654 ac
1769 2612 1941 2654 diversa
1984 2613 2091 2654 ratio
2138 2614 2384 2668 exponendi

171 2676 499 2718 Aristotelicum
542 2682 729 2725 textum,
771 2676 903 2716 alium
946 2689 1124 2730 prorsus
1168 2682 1391 2716 auctorem
1434 2675 1635 2730 produnt.
1681 2676 1839 2724 Tertio,
1882 2675 1966 2716 hoc
2013 2676 2382 2730 supplementum,

172 2738 321 2795 quoad
354 2738 596 2780 secundum
631 2744 674 2779 et
705 2738 878 2779 tertium
915 2731 1093 2787 librum,
1129 2737 1216 2779 fere
1250 2744 1390 2780 totum
1425 2738 1704 2794 desumptum
1739 2744 1805 2779 est
1838 2751 1891 2779 ex
1925 2738 2236 2779 commentario
2271 2739 2384 2780 Petri

173 2801 228 2843 de
261 2801 483 2843 Alvernia.
519 2800 681 2855 Quoad
716 2807 917 2856 quartum
950 2813 1070 2850 vero,
1106 2807 1149 2842 et
1182 2801 1223 2841 in
1259 2800 1414 2842 eadem
1448 2801 1562 2842 Petri
1597 2801 1883 2856 expositione,
1919 2806 1961 2842 et
1994 2801 2036 2841 in
2071 2802 2383 2843 commentario

171 2865 221 2906 B.
245 2864 433 2914 Alberti,
469 2870 512 2905 et
544 2864 587 2905 in
627 2864 742 2905 notis
782 2863 1095 2919 marginalibus
1135 2863 1230 2905 cod.
1266 2863 1405 2906 Vatic.
1443 2875 1561 2918 2072
1606 2863 1771 2918 (usque
1810 2863 1865 2904 ad
1903 2869 2100 2918 quartam
2134 2864 2382 2913 lectionem,

173 2939 272 2968 cum
306 2940 394 2982 qua
427 2932 599 2969 cessant
632 2932 762 2968 notae
786 2926 828 2967 in
853 2926 936 2967 isto
961 2925 1141 2981 codice),
1177 2940 1266 2967 non
1290 2940 1386 2968 raro
1412 2926 1794 2982 deprehenduntur
1814 2926 1912 2967 loca
1940 2939 2038 2967 cum
2062 2926 2219 2980 quibus
2244 2926 2383 2982 magis

173 2994 247 3029 aut
279 2989 422 3030 minus
456 2989 766 3030 commentatio
800 2988 1077 3044 supposititia
1100 2985 1316 3030 convenit.
1353 2990 1457 3030 Duo
1482 2990 1586 3030 haec
1610 2989 1853 3044 posteriora
1875 2994 2131 3044 argumenta
2159 3002 2247 3029 non
2271 3002 2383 3043 opus

174 3055 240 3092 est
272 3051 468 3106 pluribus
501 3052 648 3093 verbis
672 3051 910 3093 declarare:
945 3057 1094 3107 patent
1116 3051 1230 3093 enim
1253 3058 1344 3093 tum
1370 3065 1423 3093 ex
1447 3052 1655 3107 exemplis
1684 3065 1796 3106 quae
1829 3065 1933 3091 mox
1967 3050 2255 3099 subiiciemus‚
2291 3057 2383 3092 tum

173 3125 228 3154 ex
262 3113 495 3154 collatione
527 3115 660 3169 partis
692 3114 910 3170 genuinae
943 3128 1043 3155 cum
1076 3121 1197 3169 parte
1231 3115 1492 3169 apocrypha,
1517 3128 1630 3169 quae
1657 3115 1699 3155 in
1722 3113 1961 3169 appendice
1984 3113 2201 3167 reperitur.
2227 3113 2382 3155 Solum

171 3175 302 3232 igitur
334 3175 521 3230 primum
555 3183 860 3232 argumentum
892 3177 961 3218 hic
994 3177 1184 3218 breviter
1217 3177 1526 3232 exponendum
1562 3183 1638 3218 est.
1949 3171 1953 3175 ⁴

298 3238 510 3279 Lectione
542 3250 604 3279 Vn
637 3239 818 3280 secundi
851 3239 968 3288 libri,
1005 3240 1152 3294 incipit
1185 3254 1219 3281 s.
1243 3240 1440 3281 Thomas
1485 3253 1582 3280 cum
1626 3238 1861 3280 Aristotele
1900 3243 2081 3279 tractare
2124 3238 2178 3279 de
2218 3239 2382 3288 ventis,

173 3307 215 3342 et
247 3306 475 3342 tractatum
509 3314 596 3341 una
629 3314 728 3342 cum
761 3307 880 3342 textu
915 3302 957 3343 in
991 3303 1105 3343 hunc
1144 3302 1326 3343 modum
1367 3302 1540 3342 dividit:
1583 3319 1598 3337 ‹
1628 3302 1868 3355 Postquam
1909 3301 2201 3356 Philosophus
2242 3301 2383 3342 deter-

173 3363 354 3405 minavit
388 3363 442 3404 de
477 3363 601 3412 mari,
638 3363 759 3404 cuius
793 3364 968 3405 salsedo
1009 3371 1209 3406 causatur
1248 3378 1301 3405 ex
1339 3364 1605 3405 admixtio-ne
1646 3363 1929 3404 exhalationis
1972 3364 2111 3404 siccae
2151 3364 2382 3413 terrestris,

173 3432 492 3481 consequenter
525 3425 782 3467 determinat
814 3425 869 3466 de
902 3427 1056 3475 ventis,
1082 3427 1156 3482 qui
1190 3427 1246 3468 ab
1282 3427 1434 3468 eadem
1470 3426 1740 3467 exhalatione
1770 3425 1884 3467 sicca
1918 3432 2158 3467 causantur.
2183 3427 2239 3467 Et
2273 3426 2383 3467 divi-

173 3488 287 3530 ditur
319 3489 362 3529 in
395 3495 539 3543 partes
574 3489 705 3529 duas:
741 3488 783 3528 in
816 3489 954 3543 prima
994 3489 1269 3530 determinat
1294 3489 1347 3530 de
1383 3489 1485 3544 ipsis
1520 3488 1682 3537 ventis;
1719 3489 1761 3529 in
1806 3489 1999 3530 secunda
2033 3489 2086 3530 de
2122 3489 2383 3544 quibusdam

171 3551 450 3606 passionibus
485 3565 539 3593 ex
571 3551 713 3592 ventis
749 3551 946 3599 causatis,
972 3551 1053 3592 ibi:
1088 3552 1160 3592 De
1187 3552 1426 3606 agitatione
1458 3554 1603 3592 autem
1637 3554 1681 3592 et
1699 3554 1816 3593 motu
1851 3557 1928 3593 etc.
1953 3551 2097 3593 Prima
2131 3552 2284 3592 iterum
2319 3551 2383 3592 di-

171 3613 334 3654 viditur
366 3613 408 3654 in
443 3614 574 3655 duas:
610 3614 652 3654 in
688 3614 826 3668 prima
860 3613 1118 3654 determinat
1151 3613 1205 3655 de
1238 3615 1380 3655 ventis
1415 3614 1456 3654 in
1492 3614 1731 3663 communi;
1766 3614 1808 3655 in
1842 3614 2035 3655 secunda
2069 3614 2122 3655 de
2156 3614 2383 3669 speciebus

171 3682 415 3726 ventorum,
440 3676 524 3717 ibi:
558 3677 631 3717 De
653 3677 869 3731 posz'tzbne
903 3682 980 3717 ete.
1004 3676 1149 3717 Prima
1183 3676 1388 3718 dividitur
1422 3676 1463 3717 in
1493 3683 1579 3718 tres
1613 3682 1777 3732 partes:
1813 3677 1856 3718 in
1880 3677 2018 3732 prima
2052 3677 2305 3718 determinat
2329 3676 2382 3716 de

318 3755 389 3787 Opp.
409 3755 440 3779 D.
455 3755 571 3780 Turonas
590 3755 622 3780 Τ.
638 3756 679 3781 ΙΙΙ.
