2690 4062
313 263 418 288 LXXVI

313 329 512 373 infrigidata,
540 328 701 362 exhalatio
725 328 931 362 concluditur
953 328 988 360 in
1011 336 1095 360 terra
1119 335 1151 360 et
1174 334 1284 359 causat
1307 334 1390 369 ter-v

312 382 513 414 raemotum,
537 381 570 406 et
591 372 628 406 fit
650 373 684 405 in
708 383 779 405 aere
803 371 1027 416 tranquillitas.

369 417 433 451 Sed
457 418 533 462 quia
555 425 667 461 posset
694 416 810 460 aliquis
841 416 947 449 dicere
979 414 1068 459 quod
1096 413 1262 447 interdum
1295 421 1372 446 sunt

312 461 448 506 eclipses
465 472 533 495 non
549 461 705 494 existente
721 459 951 504 tranquillitate
969 459 1062 498 aeris,
1079 459 1155 502 quia
1172 456 1371 502 quandoque

311 505 348 538 fit
358 514 476 539 ventus
491 514 564 539 ante
580 504 704 538 futuras
720 504 780 537 ecli
805 515 856 537 ses
871 514 930 547 per
941 514 998 536 sex
1009 502 1106 535 horas
1122 501 1223 546 (sicut
1237 500 1371 545 quando

311 549 420 583 futura
444 558 492 582 est
515 549 642 593 eclipsis
666 549 700 582 in
723 515 832 581 medio
856 547 973 587 noctis,
997 555 1075 579 tunc
1098 545 1135 578 fit
1157 553 1274 578 ventus
1295 553 1370 578 ante

312 595 346 627 in
369 594 530 638 principio
554 593 674 633 noctis,
699 592 756 625 sed
779 591 911 636 quando
937 590 1033 624 debet
1055 589 1125 622 fieri
1146 590 1183 622 ‘in
1207 588 1368 630 diluculo,

311 647 390 671 tunc
411 638 448 671 fit
471 637 698 671 antecedenter
719 644 836 669 ventus
859 635 894 668 in
909 634 1020 668 medio
1038 633 1172 678 noctis),
1193 633 1371 677 respondet

311 681 533 726 Philosophus
550 690 583 714 et
598 680 684 721 dicit,
701 679 791 724 quod
807 679 893 712 illius
909 679 943 711 in
958 689 1054 711 causa
1071 686 1130 718 est,
1144 678 1220 722 quia
1236 676 1369 722 quando

310 726 388 759 luna
411 738 450 770 ap
476 726 651 769 ropinquat
673 724 713 757 ad
735 723 847 757 locum
871 723 904 756 in
928 734 996 767 quo
1019 721 1128 755 futura
1150 731 1200 755 est
1222 721 1367 766 eclipsis,

310 779 388 803 tunc
413 781 448 802 ca
462 769 554 803 iditas
585 779 668 813 quae
691 776 842 801 causatur
859 778 878 800 a
897 767 974 800 luna
997 767 1032 800 in
1055 766 1227 811 superficie
1250 775 1368 806 terrae,

310 815 424 858 incipit
438 824 634 846 marcescere
651 820 683 845 et
697 812 838 852 remitti,
860 823 924 856 qua
942 811 1095 851 remissa,
1115 822 1169 844 aer
1196 810 1252 855 qui
1301 810 1368 843 rius

310 867 376 891 erat
401 857 591 901 tranquillus
618 864 753 900 propter
779 867 948 889 excessum
976 854 1108 895 caloris,
1132 855 1188 899 qui
1213 866 1274 899 pro
1299 854 1367 887 ibe-

309 902 363 935 bat
388 910 517 934 motum
547 899 770 940 exhalationis,
794 900 908 944 incipit
931 899 1057 932 moveri
1081 911 1140 943 per
1162 907 1292 932 motum
1315 910 1368 931 ex-

308 945 497 978 halationis:
520 953 552 978 et
574 953 652 978 tunc
674 943 711 977 fit
734 952 862 984 ventus,
879 952 971 976 tanto
998 942 1120 977 tardior
1140 951 1264 988 quanto
1292 942 1367 975 ecli-

331 990 374 1022 sis
397 989 433 1022 fit
455 988 590 1029 tardior,
614 997 651 1021 ut
673 988 797 1021 dictum
821 997 879 1021 est.
904 988 956 1021 Fit
979 988 1088 1032 itaque
1112 988 1195 1020 circa
1218 986 1367 1031 eclipsim

320 1045 403 1066 unae
425 1041 542 1066 ventus
573 1041 606 1066 et
632 1040 868 1065 terraemotus:
900 1040 933 1065 et
960 1031 1058 1065 huius
1081 1032 1164 1065 ratio
1188 1039 1259 1072 est,
1291 1031 1368 1075 quia

307 1077 383 1110 luna
414 1077 505 1110 cuius
529 1085 577 1109 est
599 1087 732 1110 movere
756 1075 906 1117 humida,
922 1077 1112 1120 praesertim
1136 1087 1174 1108 ea
1197 1083 1311 1108 movet
1332 1075 1366 1108 in

307 1122 373 1154 suis
397 1120 677 1161 revolutionibus,
709 1129 745 1154 ut
768 1121 966 1165 experientia
990 1120 1087 1154 docet
1114 1121 1147 1153 in
1172 1118 1366 1164 corporibus

306 1164 516 1205 animalium,
547 1173 579 1198 et
609 1176 648 1198 ex
671 1164 735 1198 hoc
765 1165 800 1198 in
826 1164 884 1198 ino
907 1173 1056 1209 tempore
1088 1172 1199 1197 causat
1227 1163 1366 1197 multam

1015 247 1602 287 METEOROLOGICORUM
1630 247 1725 284 LIB.
1757 249 1789 284 11

1428 324 1690 365 exhalationem,
1715 336 1799 369 quae
1823 334 1879 358 aut
1903 327 2011 359 existit
2034 327 2068 360 in
2092 339 2167 361 aere
2190 339 2291 373 supra
2313 338 2444 371 terram,
2466 339 2500 365 et

1427 368 1512 402 fiunt
1534 369 1641 409 venti,
1669 377 1727 402 aut
1748 368 1928 403 includitur
1950 370 2034 404 intra
2058 382 2213 406 cavernas
2236 382 2359 415 terrae,
2388 383 2422 408 et
2443 385 2499 419 ge-

1427 421 1559 445 neratur
1581 419 1814 447 terraemotus:

1483 456 1548 490 Sed
1564 456 1695 490 videtur
1709 457 1905 500 Aristoteles
1929 458 2153 493 contradicere
2169 460 2220 494 his
2241 472 2326 513 quae
2345 463 2498 506 superius

1427 500 1512 533 dicta
1535 508 1621 533 sunt.
1654 500 1761 544 Supra
1792 501 1882 534 enim
1913 501 1995 536 dixit
2025 502 2116 554 quod
2146 504 2329 549 praedictas
2358 506 2498 551 eclipses

1426 553 1459 577 et
1474 553 1709 577 terraemotum
1726 545 1888 589 contingit
1903 545 1974 579 fieri
1990 555 2150 582 existente
2169 549 2419 594 tranquillitate:
2443 550 2498 589 hic

1426 597 1537 621 autem
1561 588 1638 622 dicit
1662 588 1754 633 quod
1783 598 1858 623 ante
1885 590 2025 635 eclipses
2055 591 2154 626 lunae
2184 595 2347 638 contingit
2379 603 2497 629 ventos

1425 632 1504 666 fieri.
1529 633 1624 666 Hanc
1648 641 1759 666 autem
1783 635 2011 678 quaestionem
2034 635 2221 671 Alexander
2242 637 2343 672 solvit
2366 638 2497 674 duobus

1425 676 1545 717 modis,
1562 688 1602 710 ex
1618 676 1739 721 quibus
1762 686 1872 712 tamen
1896 679 2083 724 completur
2105 692 2172 715 una
2195 682 2320 716 solutio
2343 682 2496 727 persecu.

1426 722 1549 762 Primo,
1573 721 1651 772 quia
1674 721 1766 766 quod
1789 731 1866 756 ante
1889 723 2028 768 eclipses
2051 725 2118 759 sint
2139 726 2240 768 venti,
2263 726 2329 761 hoc
2351 735 2402 761 est
2419 738 2496 772 pro·

1448 774 1496 816 ter
1518 776 1749 816 remissionem
1772 766 1909 809 caloris,
1940 769 1998 813 qui
2020 769 2216 813 prohibebat
2245 780 2377 805 motum
2399 771 2496 806 exha-

1437 818 1574 850 ationis,
1606 821 1645 843 ex
1668 821 1734 855 qua
1764 821 1964 856 generantur
1984 814 2092 847 venti:
2123 814 2182 848 sed
2205 815 2297 860 quod
2319 826 2390 849 non
2412 815 2496 858 sint,

1424 854 1510 905 sicut
1531 854 1623 898 prius
1647 853 1784 896 dixerat,
1809 855 1928 890 accidit
1941 866 2086 934 ιἵιιόρῑει·
2108 857 2389 911 infrigidationem
2412 861 2496 894 aeris

1424 909 1509 931 circa
1531 906 1651 931 terram
1664 925 1673 939 ,
1706 910 1747 932 ex
1792 911 1835 933 ua
1861 911 1940 945 repe
1968 902 2032 935 'tur
2058 902 2221 938 exhalatio
2251 904 2337 938 intra
2363 913 2495 939 terram.

1425 941 1580 976 Secundo
1603 942 1683 976 dicit
1706 954 1774 988 quo
1820 942 1902 978 haec
1926 944 1995 979 duo
2010 945 2097 980 dicta
2119 947 2259 993 intelligi
2282 959 2353 982 non
2376 948 2496 983 debent

1423 986 1606 1038 secundum
1636 986 1725 1021 idem
1752 996 1885 1033 tempus
1899 1001 1914 1022 :.
1939 989 2017 1034 quia
2047 991 2139 1043 quod
2169 992 2224 1026 hic
2253 992 2373 1027 dicitur
2402 992 2496 1038 quod

1423 1039 1497 1064 ante
1521 1030 1660 1076 eclipses
1687 1030 1774 1065 fiunt
1794 1033 1906 1074 venti,
1937 1034 2131 1079 intelligitur
2161 1035 2201 1070 de
2231 1045 2383 1081 tempore
2404 1045 2495 1072 anw-

1423 1074 1559 1126 cedente
1583 1075 1732 1128 eclipsim
1755 1087 1816 1121 per
1837 1088 1895 1111 sex
1917 1077 2031 1120 horas,
2055 1079 2114 1113 sed
2137 1080 2229 1132 quod
2252 1081 2345 1126 prius
2369 1080 2495 1118 dietum

1423 1128 1489 1160 est,
1513 1119 1651 1164 intelligi
1682 1120 1779 1159 debet
1809 1121 1850 1155 de
1880 1130 2031 1168 tempore
2058 1134 2251 1170 propinquo
2281 1125 2495 1160 termeno-iii

1422 1163 1475 1197 vel
1497 1163 1622 1209 eclipsi.

2448 1226 2487 1243 ΗΡ]
