2782 4134
166 2711 175 2720 '¹
189 2711 251 2733 Sic?

421 247 500 283 420
1129 229 1717 269 METEOROLOGICORUM
1744 230 1839 266 LIB.
1869 230 1902 265 ΙΙ

421 317 514 353 duos
538 327 661 362 conos,
691 314 787 352 idest
815 314 911 351 duos
940 313 1109 361 angulos,
1134 323 1222 348 cum
1242 311 1341 347 linea
1370 309 1483 346 ducta
1539 308 1649 357 quasi
1679 308 1918 345 circularem:
1947 309 2023 345 hoc
2052 307 2155 345 enim
2183 315 2343 357 apparet
2375 309 2611 359 impossibile

420 381 490 419 per
517 368 759 418 superficiem
795 375 937 413 terrae,
966 367 1066 402 hunc
1102 364 1251 413 quidem
1286 363 1483 399 habentem

421 422 540 459 basim
564 422 746 470 tropicum
766 426 787 466 ²,
815 420 910 456 idest
939 418 1158 455 existentem
1186 416 1225 452 in
1246 415 1326 452 basi
1345 415 1384 451 in
1408 422 1483 451 tro-

419 475 507 524 pico
535 482 688 524 puncto,
709 475 808 511 hunc
825 484 916 510 vero
940 482 1087 519 semper
1113 469 1366 517 manifestum,
1387 467 1484 504 idest

421 528 536 565 alium
574 528 753 575 angulum
791 526 892 574 apud
930 523 1133 560 terminum
1166 521 1283 570 partis
1313 521 1482 557 caelestis

420 593 572 630 semper
598 580 709 617 nobis
736 578 975 623 manifestae3
1003 575 1180 613 verticem
1208 579 1355 620 autem,
1386 573 1482 610 idest

420 641 532 683 caput
556 632 726 680 trianguli
753 631 863 677 ZBC,
895 629 1000 666 cuius
1029 627 1130 665 basis
1159 634 1215 664 est
1242 627 1320 674 BC,
1342 627 1482 664 faciunt

419 687 456 724 in
476 687 597 723 medio
617 691 750 730 terrae,
767 684 862 720 idest
880 682 918 719 in
939 689 1079 718 centro.
1096 702 1120 708 -
1138 681 1186 717 Et
1205 680 1343 717 eodem
1360 680 1479 717 modo

419 752 464 776 ex
484 739 555 776 alia
573 746 677 787 parte
693 749 825 774 versus
853 735 1070 772 inferiorem
1087 735 1239 782 polum:
1269 733 1358 782 quia
1377 733 1479 770 illam

416 799 564 841 partem
603 790 778 827 excidunt
814 789 912 825 duae
949 788 1071 824 lineae
1111 787 1246 824 ductae
1274 800 1296 824 a
1326 794 1478 835 centro,

417 845 556 882 scilicet
583 844 621 880 in
649 845 683 880 D
705 850 741 879 et
767 842 807 878 in
827 842 872 878 E.

469 899 517 934 Et
535 898 607 934 hae
628 896 724 933 duae
743 902 868 943 partes
888 894 992 931 solae
1007 901 1168 943 possunt
1186 893 1357 930 habitari.
1374 893 1478 930 Nam

415 951 475 987 illa
509 962 596 998 pars
631 961 727 997 quae
767 955 822 984 est
854 948 950 984 inter
979 947 1076 984 duos
1110 947 1298 996 tropicos,
1327 946 1479 984 videtur

414 1001 663 1040 inhabitabilis
700 1008 857 1049 propter
889 1000 1186 1037 immensitatem
1229 1000 1389 1037 caloris:
1429 1012 1476 1036 eo

414 1055 518 1105 quod
545 1055 600 1091 sol
628 1054 828 1103 pertransit
853 1054 960 1103 quasi
994 1054 1133 1091 directe
1162 1065 1275 1102 super
1304 1066 1411 1101 eam,
1442 1061 1479 1090 et

414 1121 527 1158 super
563 1107 822 1145 summitatem
852 1107 984 1156 capitis
1013 1106 1282 1155 habitantium,
1312 1106 1343 1143 si
1371 1106 1477 1143 habi—

413 1169 551 1199 taretur
570 1161 594 1197 ζ.
625 1161 733 1197 Aliae
752 1173 847 1198 vero
867 1168 1005 1209 partes,
1031 1172 1129 1209 quae
1159 1167 1246 1197 sunt
1270 1160 1341 1197 sub
1370 1167 1477 1209 parte

414 1215 504 1252 caeli
541 1226 694 1263 semper
720 1213 920 1250 manifesta
954 1221 990 1250 et
1018 1214 1166 1250 occulta
1194 1213 1326 1261 nobis,
1354 1226 1476 1262 prope

411 1275 616 1315 utrumque
643 1267 791 1316 polum,
818 1274 905 1303 sunt
931 1266 1195 1303 inhabitabiles
1223 1274 1379 1316 propter
1406 1266 1476 1303 im-

412 1320 651 1358 mensitatem
688 1320 834 1368 frigoris
874 1332 919 1356 ex
949 1319 1123 1357 distantia
1155 1320 1256 1357 solis.
1284 1321 1334 1357 Et
1371 1320 1475 1369 quod

410 1374 471 1411 illa
498 1387 586 1423 pars
606 1386 704 1423 quae
734 1381 789 1411 est
807 1373 903 1410 ultra
922 1373 1111 1422 tropicum
1141 1373 1375 1421 aestivalem,
1396 1386 1476 1410 non

409 1427 608 1474 habitetur,
630 1427 794 1464 ostendit
821 1426 922 1475 quia,
944 1426 974 1463 si
1003 1426 1246 1474 habitaretur,
1267 1439 1347 1463 non
1375 1439 1475 1464 sern—

408 1493 478 1530 per
510 1481 611 1530 apud
640 1493 776 1517 omnes
809 1479 986 1517 homines
1022 1492 1158 1518 versus
1194 1481 1329 1529 polum
1367 1480 1474 1517 arcti-

409 1546 497 1571 cum
525 1534 736 1571 habitantes
763 1534 903 1571 umbra
939 1534 1048 1570 fieret
1080 1545 1214 1571 versus
1252 1533 1474 1582 septentrio-

409 1600 511 1624 nem.
543 1587 582 1624 Si
612 1587 714 1624 enirn
744 1587 800 1623 sol
839 1586 1044 1635 aliquando
1083 1594 1182 1624 esset
1218 1586 1314 1624 inter
1343 1599 1409 1624 eos
1439 1595 1475 1624 et

408 1640 727 1689 septentrionem,
762 1640 870 1677 fieret
907 1640 1110 1689 aliquando
1153 1639 1206 1677 eis
1249 1641 1388 1677 umbra
1425 1641 1474 1678 ad

407 1694 619 1741 meridiem,
650 1694 688 1730 in
717 1693 938 1743 oppositum
976 1693 1115 1730 scilicet
1143 1693 1250 1740 solis3
1280 1693 1311 1730 si
1345 1701 1473 1731 autem

406 1747 520 1797 aliqui
547 1747 760 1784 habitarent
777 1747 875 1784 ultra
903 1747 1092 1796 tropicum
1119 1746 1322 1794 aestivum,
1352 1759 1472 1796 prope

405 1802 539 1849 polum
567 1801 760 1847 arcticum,
787 1808 876 1837 tunc
905 1801 1060 1849 quando
1091 1801 1147 1837 sol
1177 1807 1232 1837 est
1259 1800 1297 1836 in
1326 1800 1471 1849 tropico

407 1854 564 1902 aestivo,
587 1862 684 1891 esset
711 1854 808 1891 inter
837 1866 903 1891 eos
924 1861 960 1891 et
988 1855 1121 1902 polum
1149 1853 1349 1900 arcticum;
1370 1854 1472 1891 unde

405 1908 542 1945 umbra
561 1915 652 1944 tunc
680 1908 788 1944 fieret
817 1907 869 1944 eis
888 1919 1023 1945 versus
1051 1906 1263 1944 meridiem.
1291 1907 1368 1944 Sed
1396 1908 1472 1944 hoc

406 1973 484 1998 non
512 1960 703 1998 invenitur
730 1961 780 1998 ad
807 1961 892 1997 loca
919 1960 1154 2007 habitabilia,
1186 1960 1291 2010 quod
1321 1960 1473 1998 deficiat

403 2015 543 2051 umbra
571 2021 635 2051 aut
661 2021 899 2063 permutetur
918 2014 965 2051 ad
995 2013 1207 2051 meridiem.
1230 2013 1285 2050 Ibi
1314 2014 1470 2062 quidem

404 2067 532 2105 deficit
558 2068 718 2115 umbra,
747 2067 814 2104 ubi
843 2068 899 2105 sol
928 2067 1049 2104 existit
1086 2079 1200 2116 super
1232 2067 1471 2105 summitates

404 2121 592 2169 capitum,
626 2129 668 2158 ut
696 2120 749 2158 sic
785 2121 823 2158 in
852 2121 996 2158 nullam
1029 2128 1178 2170 partem
1215 2120 1354 2158 umbra
1388 2121 1470 2158 fieri

401 2174 537 2223 possit:
564 2173 615 2211 ibi
643 2182 772 2212 autem
792 2174 931 2211 umbra
949 2174 993 2211 fit
1011 2174 1060 2211 ad
1089 2173 1301 2221 meridiem,
1325 2174 1392 2211 ubi
1413 2175 1469 2211 sol

403 2228 563 2265 declinat
600 2228 720 2276 magis
757 2229 806 2265 ad
844 2227 1154 2277 septentrionem.
1191 2227 1301 2264 Talia
1338 2235 1466 2264 autem

401 2281 485 2317 loca
513 2280 601 2318 dicit
630 2293 710 2318 esse
740 2280 1016 2329 inhabitabilia,
1047 2281 1135 2330 quia
1161 2281 1227 2318 etsi
1258 2280 1374 2329 aliqui
1401 2282 1466 2318 ha-

401 2334 519 2371 bitent
547 2334 609 2383 ibi,
630 2342 786 2384 propter
811 2335 977 2383 aliquam
1008 2334 1374 2383 contemperantiam
1403 2342 1468 2372 aut

402 2399 588 2436 aquarum
617 2396 682 2425 aut
709 2388 920 2435 montium,
950 2395 1080 2425 tamen
1109 2400 1216 2426 rarae
1246 2395 1334 2425 sunt
1361 2388 1468 2425 habi-

400 2441 560 2478 tationes
594 2449 630 2478 et
667 2454 813 2490 graves.
845 2441 950 2478 Sicut
986 2449 1114 2478 autern
1148 2441 1341 2491 praedicta
1381 2442 1466 2479 loca

401 2494 657 2531 inhabitabilia
676 2502 762 2532 sunt
775 2502 932 2544 propter
947 2494 1109 2532 nimium
1131 2503 1291 2543 aestum,
1308 2494 1358 2531 ita
1382 2496 1466 2532 loca

401 2560 499 2596 quae
528 2555 614 2585 sunt
633 2549 702 2585 sub
732 2548 1014 2586 constellatione
1035 2549 1167 2596 Ursae,
1189 2560 1288 2596 quae
1308 2548 1466 2597 quidem

401 2613 488 2649 pars
518 2601 610 2638 caeli
629 2614 780 2650 semper
808 2601 918 2639 nobis
940 2609 1109 2651 apparet,
1132 2610 1219 2639 sunt
1242 2601 1467 2639 inhabitabi-

401 2654 449 2690 lia
468 2663 623 2703 propter
651 2655 775 2703 frigus,
798 2662 996 2692 causatum
1018 2667 1063 2692 ex
1092 2655 1267 2693 distantia
1286 2655 1387 2692 solis.
1410 2655 1466 2692 Si-

403 2707 539 2744 militer
556 2707 576 2729 *
605 2720 693 2756 ergo
714 2721 802 2758 pars
830 2709 900 2746 ista
919 2716 1041 2746 terrae
1070 2708 1108 2745 in
1138 2721 1213 2758 qua
1233 2721 1303 2745 nos
1323 2709 1467 2746 habita-

403 2773 502 2809 mus,
533 2769 588 2798 est
615 2762 710 2799 inter
736 2770 942 2811 utrumque
972 2762 1174 2810 circulum,
1205 2762 1344 2799 scilicet
1371 2762 1467 2799 inter

404 2826 491 2851 eum
521 2815 584 2863 qui
604 2815 734 2852 transit
760 2828 829 2865 per
847 2815 1037 2864 tropicum
1057 2815 1289 2862 aestivalem,
1311 2823 1348 2852 et
1377 2828 1465 2853 eum

403 2867 466 2916 qui
494 2868 671 2905 terminat
697 2877 847 2917 partem
876 2869 968 2906 caeli
988 2881 1141 2918 semper
1169 2868 1279 2906 nobis
1309 2869 1467 2907 manife-

402 2928 509 2957 stam.
532 2922 580 2958 Et
598 2922 673 2958 hoc
693 2922 888 2959 evidenter
907 2930 1064 2971 apparet
1085 2934 1129 2959 ex
1148 2923 1222 2959 hoc
1251 2923 1356 2973 quod
1377 2935 1466 2960 con-

402 2974 558 3011 stellatio
579 2975 767 3022 Coronae,
785 2988 882 3024 quae
898 2976 1055 3025 quidem
1077 2983 1132 3012 est
1150 2976 1246 3013 inter
1260 2983 1465 3025 utrumque

403 3027 589 3064 dictorum
609 3028 847 3075 circulorum,
869 3029 911 3066 fit
939 3029 1048 3067 nobis
1069 3042 1184 3078 super
1205 3030 1463 3067 summitatem

403 3080 579 3128 capitum,
601 3081 755 3130 quando
775 3082 885 3119 fuerit
903 3082 940 3119 in
961 3082 1098 3119 circulo
1119 3083 1340 3129 meridiano,
1371 3083 1466 3120 idest

403 3132 440 3169 in
469 3133 605 3170 circulo
643 3134 707 3182 qui
744 3135 874 3172 transit
910 3148 979 3184 per
1012 3137 1122 3185 polos
1160 3136 1294 3174 mundi
1323 3144 1360 3173 et
1396 3149 1466 3186 per

402 3194 586 3234 punctum
616 3187 679 3235 qui
709 3195 764 3224 est
792 3201 906 3237 supra
933 3197 1046 3238 caput
1074 3197 1260 3227 nostrum.

458 3239 491 3275 3.
521 3240 668 3277 Deinde
698 3253 785 3277 curn
815 3242 918 3278 dicit:
952 3243 1112 3291 Propter
1139 3243 1240 3291 quod
1266 3249 1303 3280 et
1327 3243 1463 3280 ridicu-

403 3290 437 3326 le
466 3299 554 3338 etc.,
583 3294 743 3330 excludit
776 3295 1016 3342 quorundam
1055 3296 1188 3333 falsam
1227 3296 1461 3345 opinionem.

404 3344 452 3379 Et
484 3344 571 3381 dicit
600 3347 703 3393 quod
732 3359 799 3394 per
822 3348 1013 3396 praedicta
1043 3356 1200 3398 apparet
1229 3350 1333 3398 quod
1367 3350 1464 3387 deri-

405 3395 518 3445 dendi
538 3405 623 3435 sunt
643 3399 897 3437 describentes
917 3409 1056 3438 terram
1083 3402 1290 3439 habitatam
1311 3415 1332 3439 a
1352 3403 1463 3440 nobis

456 3518 477 3551 ε)
498 3519 579 3544 basim
599 3520 736 3552 tropicum.
757 3535 775 3540 —
795 3523 873 3547 talem
899 3523 1029 3555 tropicum
1056 3525 1102 3549 Pa.
1122 3538 1140 3542 -
1159 3525 1179 3549 B
1198 3525 1292 3550 omittit
1312 3530 1414 3558 puncto
1440 3531 1465 3550 et

403 3561 474 3578 vero.

456 3588 480 3622 ζ)
499 3589 523 3614 si
541 3589 714 3615 habitaretur.
728 3605 746 3610 —
761 3592 816 3616 Hoc
830 3600 882 3616 om.
896 3593 930 3623 B;
951 3598 975 3618 et
988 3594 1060 3626 quod
1076 3602 1165 3619 revera
1183 3596 1265 3620 omitti
1283 3596 1373 3628 possit,
1394 3597 1464 3621 colli-

1541 369 1577 398 et
1600 361 1814 398 secundum
1834 361 2034 409 rationem,
2057 369 2093 398 et
2121 361 2336 399 secundum
2361 362 2467 411 signa
2494 375 2613 413 appa-

1539 415 1670 452 rentia.
1691 415 1803 452 Ratio
1826 415 1929 452 enim
1958 414 2122 452 ostendit
2150 415 2256 463 quod
2274 415 2459 453 habitatio
2488 423 2611 454 terrae

1540 467 1814 505 determinatur
1832 469 2046 506 secundum
2065 467 2316 516 latitudinem,
2339 480 2384 506 ex
2406 481 2485 506 una
2503 478 2610 519 parte

1538 521 1588 558 ad
1615 522 1700 558 loca
1727 521 1987 568 inhabitabilia
2014 529 2172 571 propter
2200 529 2370 570 aestum,
2402 529 2438 560 et
2466 535 2511 560 ex
2539 523 2611 560 alia

1536 581 1643 623 parte
1673 574 1932 612 inhabitabilia
1967 582 2125 624 propter
2158 575 2284 623 frigus.
2316 575 2394 612 Sed
2423 583 2609 624 quantum

1538 628 1587 664 ad
1615 628 1889 676 longitudinem
1918 636 2049 677 posset
2069 628 2239 677 copulari
2269 628 2440 676 circulus,
2461 636 2503 666 ut
2530 636 2609 666 tota

1535 693 1625 729 pars
1645 688 1766 718 terrae
1783 681 1980 730 praedicta
1997 681 2168 731 undique
2187 681 2432 730 habitaretur,
2451 690 2610 732 propter

1537 734 1617 771 eius
1637 734 1948 783 temperantiam:
1977 747 2058 772 non
2086 735 2188 772 enim
2211 734 2404 772 invenitur
2432 747 2608 773 excessus

1535 787 1683 836 frigoris
1718 795 1755 824 et
1783 788 1918 825 caloris
1955 788 2169 826 secundum
2208 788 2425 825 distantiam
2454 788 2609 826 orientis

1536 848 1573 878 et
1600 841 1826 888 occidentis,
1857 841 2070 878 secundum
2099 854 2217 890 quarn
2251 842 2446 890 longitudo
2484 849 2607 879 terrae

1535 894 1750 942 attenditur,
1772 894 1840 931 sed
1859 894 2075 931 secundum
2095 894 2347 943 latitudinem,
2368 907 2468 944 quae
2488 902 2606 933 atten-

1535 948 1635 985 ditur
1662 947 1876 985 secundum
1906 947 2121 985 distantiam
2149 948 2228 997 poli
2256 949 2306 986 ad
2333 948 2517 986 circulum
2545 960 2607 986 ae-

1533 1001 1827 1050 quinoctialem;
1849 1013 1895 1037 eo
1915 1001 2021 1050 quod
2039 1001 2078 1038 in
2094 1001 2296 1050 superficie
2315 1002 2440 1039 maior
2458 1001 2606 1040 dimen-

1533 1055 1589 1092 sio
1618 1062 1779 1092 vocatur
1814 1053 2032 1102 longitudo,
2062 1054 2191 1091 minor
2217 1067 2312 1092 vero
2350 1054 2526 1103 latitudo,
2557 1055 2605 1092 ab

1533 1108 1678 1145 oriente
1706 1120 1801 1145 vero
1829 1107 1868 1144 in
1896 1107 2137 1144 occidentem
2172 1107 2391 1156 designatur
2417 1114 2520 1145 totus
2547 1119 2605 1146 se-

1532 1162 1756 1210 micirculus,
1777 1173 1799 1198 a
1817 1161 1909 1210 polo
1938 1168 2067 1198 autem
2093 1160 2232 1198 arctico
2256 1173 2379 1209 usque
2407 1161 2458 1199 ad
2476 1161 2605 1211 aequi-

1533 1215 1737 1252 noctialem
1767 1214 1962 1262 circulum,
1983 1221 2117 1263 quarta
2144 1226 2232 1264 pars
2261 1213 2402 1251 circuli.
2423 1214 2605 1252 Rationa-

1532 1269 1655 1306 biliter
1683 1268 1797 1305 etiarn
1827 1268 2001 1305 distantia
2039 1267 2194 1305 orientis
2224 1275 2260 1305 et
2288 1267 2498 1305 occidentis
2525 1279 2605 1305 non

1533 1321 1764 1359 diversificat
1793 1322 1960 1358 calorem
1990 1329 2027 1358 et
2054 1321 2180 1369 frigus,
2207 1320 2298 1370 quia
2324 1333 2394 1371 per
2421 1321 2496 1359 hoc
2522 1332 2604 1359 non

1531 1376 1574 1413 fit
1602 1375 1726 1413 maior
1753 1383 1818 1412 aut
1846 1375 1973 1412 minor
1994 1374 2317 1424 appropinquatio
2337 1374 2387 1412 ad
2414 1374 2520 1412 viam
2539 1386 2600 1412 so-

1530 1429 1587 1477 lis,
1608 1429 1703 1466 sicut
1730 1429 1773 1466 fit
1800 1441 1870 1477 per
1897 1428 2114 1465 distantiam
2143 1427 2360 1466 latitudinis.
2385 1427 2510 1476 Unde,
2531 1427 2603 1465 nisi

1530 1482 1666 1519 alicubi
1693 1481 1914 1532 prohiberet
1949 1481 2150 1519 multitudo
2178 1481 2314 1529 maris,
2344 1488 2468 1518 toturn
2505 1488 2605 1518 esset

1529 1535 1831 1585 perambulabile
1866 1535 1972 1584 quod
2009 1543 2065 1572 est
2092 1535 2141 1572 ab
2177 1535 2376 1573 occidente
2409 1534 2448 1572 in
2480 1534 2603 1572 orien-

1529 1597 1623 1637 tem,
1655 1597 1691 1626 et
1719 1589 1857 1626 iterum
1886 1589 1934 1625 ab
1970 1588 2115 1626 oriente
2145 1588 2183 1626 in
2212 1588 2478 1635 occidentem,
2511 1587 2603 1639 quia

1528 1650 1653 1680 totum
1680 1642 1832 1680 videtur
1861 1654 1944 1679 esse
1972 1649 2240 1691 temperatum.
2267 1642 2361 1679 Non
2388 1649 2519 1679 tamen
2546 1641 2603 1679 in-

1528 1696 1682 1733 venitur
1708 1695 1920 1732 habitatum
1941 1695 1989 1732 de
2017 1703 2128 1743 terra,
2149 1695 2220 1733 nisi
2239 1694 2453 1733 secundum
2480 1706 2602 1745 quan-

1527 1749 1672 1787 titatem
1702 1748 1926 1786 semicirculi
1955 1748 2002 1785 ab
2023 1748 2169 1786 oriente
2197 1749 2237 1786 in
2265 1748 2522 1786 occidentem:
2551 1747 2602 1786 ad

1528 1803 1644 1840 alium
1674 1802 1774 1839 enim
1803 1801 2084 1839 semicirculum
2107 1801 2286 1851 prohibet
2314 1813 2512 1839 accessum
2532 1813 2601 1839 no-

1527 1856 1585 1893 bis
1614 1855 1817 1893 multitudo
1837 1854 1964 1893 maris.
1987 1854 2050 1892 Sic
2078 1855 2189 1903 igitur
2207 1854 2302 1892 ratio
2332 1854 2498 1892 ostendit
2524 1854 2600 1892 suf—

1527 1909 1699 1947 ficienter
1732 1908 1839 1958 quod
1872 1908 2092 1958 superficies
2129 1915 2250 1946 terrae
2278 1907 2491 1945 habitabilis
2518 1918 2599 1946 non

1529 1971 1583 2000 est
1613 1962 1801 2000 circularis
1829 1962 1891 1999 vel
1920 1961 2130 2011 sphaerica.

1581 2017 1630 2054 Et
1666 2017 1742 2053 hoc
1780 2015 1894 2052 etiam
1929 2023 2088 2065 apparet
2128 2026 2198 2064 per
2239 2014 2344 2063 signa
2378 2013 2600 2064 apparentia

1527 2070 1623 2107 circa
1652 2069 1913 2118 navigationes
1939 2077 1976 2106 et
1995 2068 2146 2106 itinera:
2172 2068 2260 2118 quia
2288 2067 2452 2105 multum
2473 2066 2600 2106 differt

1525 2123 1741 2160 secundum
1769 2122 2019 2172 quantitatem
2048 2121 2246 2170 longitudo
2275 2134 2297 2159 a
2325 2120 2539 2168 latitudine,
2561 2128 2598 2160 et

1525 2176 1578 2214 sic
1598 2176 1820 2226 superficies
1839 2183 1962 2213 terrae
1980 2174 2196 2213 habitabilis
2211 2187 2290 2213 non
2311 2182 2367 2213 est
2386 2174 2596 2224 sphaerica.

1524 2231 1573 2267 Et
1601 2230 1708 2279 quod
1737 2230 1900 2267 multum
1929 2229 2089 2277 differat,
2119 2236 2223 2278 patet
2253 2228 2343 2278 quia
2370 2227 2462 2266 illud
2490 2228 2597 2278 quod

1524 2291 1579 2321 est
1598 2296 1620 2320 a
1641 2283 1840 2321 Columnis
1861 2282 2047 2330 Herculis,
2069 2294 2168 2332 quae
2189 2290 2276 2319 sunt
2294 2281 2333 2319 in
2351 2281 2493 2319 ultimis
2510 2293 2598 2332 par-

1522 2337 1622 2374 tibus
1650 2336 1671 2359 ‘¹‘
1700 2336 1918 2386 Hispaniae,
1941 2336 2048 2386 quasi
2076 2337 2114 2373 in
2142 2335 2277 2373 ultimo
2306 2334 2469 2373 termino
2497 2334 2597 2373 occi-

1523 2390 1656 2438 dentis,
1677 2402 1799 2439 usque
1819 2390 1867 2428 ad
1887 2389 2053 2427 Tanaim
2071 2389 2092 2411 *
2111 2389 2298 2437 Indicum,
2319 2401 2419 2438 quae
2439 2395 2497 2426 est
2514 2389 2597 2426 lon·
2622 2396 2635 2408 ·

1522 2444 1664 2492 gitudo,
1684 2444 1770 2493 plus
1803 2443 1950 2480 excedit
1977 2443 2191 2480 secundum
2223 2441 2528 2491 magnitudinem
2555 2441 2595 2479 id
2622 2454 2633 2486 ,-
2672 2439 2690 2504 '-

1521 2497 1627 2547 quod
1656 2504 1712 2534 est
1740 2497 1787 2533 ab
1807 2496 1948 2534 ultimis
1975 2495 2147 2533 terminis
2166 2495 2370 2544 Ethiopiae
2397 2507 2520 2544 usque
2545 2494 2595 2532 ad

1522 2558 1692 2587 extrema
1722 2549 1899 2599 Scythiae
1927 2550 2023 2596 loca,
2045 2561 2144 2599 quae
2174 2557 2230 2586 est
2254 2548 2411 2586 latitudo
2440 2554 2593 2586 nostrae

1521 2603 1745 2650 habitabilis,
1777 2615 1893 2652 quarn
1923 2602 1969 2640 sit
1997 2601 2194 2652 proportio
2234 2602 2400 2651 quinque
2434 2601 2484 2639 ad
2510 2601 2592 2639 tria.

1523 2657 1562 2694 Si
1591 2657 1675 2706 quis
1695 2655 1939 2694 ratiocinetur
1966 2655 2228 2704 navigationes
2249 2663 2286 2692 et
2313 2655 2459 2703 itinera,
2477 2661 2594 2705 prout

1523 2710 1722 2757 convenit,
1752 2710 1884 2747 talium
1922 2709 2184 2747 distantiarum
2213 2708 2372 2758 accipiet
2406 2707 2592 2746 certitudi-

1523 2776 1624 2801 nem.
1652 2763 1729 2801 Sed
1757 2763 1796 2801 in
1824 2764 1899 2801 hoc
1928 2763 2053 2801 differt
2072 2763 2286 2800 secundum
2315 2761 2593 2811 longitudinem

1523 2825 1558 2854 et
1577 2817 1825 2864 latitudinem,
1847 2816 1937 2865 quia
1965 2816 2106 2853 scimus
2128 2823 2253 2854 totum
2282 2815 2374 2853 illud
2401 2814 2508 2865 quod
2537 2821 2593 2852 est

1520 2870 1726 2908 habitabile
1765 2870 1811 2908 de
1841 2878 1939 2907 terra
1966 2870 2181 2907 secundum
2220 2868 2478 2916 latitudinem,
2508 2878 2591 2905 esse

1521 2924 1732 2961 habitatum
1761 2936 1883 2973 usque
1912 2923 1960 2960 ad
1984 2924 2068 2961 loca
2096 2922 2364 2970 inhabitabilia,
2384 2933 2483 2972 quae
2512 2932 2592 2958 non

1521 2977 1737 3015 habitantur
1764 2978 1825 3014 vel
1846 2984 2003 3027 propter
2022 2976 2136 3025 frigus
2164 2976 2227 3013 vel
2246 2983 2403 3025 propter
2421 2981 2590 3012 aestum:

1521 3031 1589 3068 sed
1618 3043 1696 3068 non
1726 3038 1781 3067 est
1809 3030 1858 3067 ita
1879 3031 1925 3068 de
1955 3029 2203 3078 longitudine,
2217 3029 2312 3079 -quia
2341 3028 2380 3066 id
2408 3027 2515 3078 quod
2536 3034 2592 3065 est

1522 3084 1619 3121 circa
1638 3084 1846 3121 terminum
1867 3083 2041 3121 Indicum
2058 3095 2102 3120 ex
2118 3090 2224 3133 parte
2245 3082 2412 3130 orientis,
2429 3088 2466 3119 et
2485 3079 2591 3131 quod

1521 3145 1575 3174 est
1605 3137 1702 3174 circa
1723 3138 1931 3175 Columnas
1961 3136 2134 3174 Herculis
2164 3149 2208 3174 ex
2235 3143 2343 3186 parte
2372 3133 2590 3183 occidentis,

1521 3203 1599 3228 non
1635 3191 1814 3228 videntur
1851 3203 1965 3240 posse
2004 3190 2174 3240 copulari
2207 3189 2446 3236 adinvicem,
2475 3195 2517 3225 ut
2544 3187 2592 3225 sit

1521 3244 1662 3281 reditus
1692 3256 1736 3281 ex
1765 3244 1836 3281 alia
1864 3251 1984 3294 parte,
2015 3251 2051 3281 et
2079 3243 2132 3281 sic
2159 3250 2239 3280 tota
2267 3242 2336 3280 ista
2364 3241 2488 3291 portio
2518 3248 2589 3279 ter-

1521 3310 1584 3334 rae
1614 3297 1660 3334 sit
1679 3297 1889 3334 habitabilis
1918 3297 2108 3344 continue,
2130 3296 2220 3345 quia
2239 3295 2445 3345 impeditur
2463 3305 2589 3332 acces-

1520 3363 1583 3387 sus
1611 3359 1767 3400 propter
1796 3363 1912 3388 mare.
1944 3351 2056 3388 Unde
2085 3363 2162 3387 non
2198 3357 2255 3387 est
2282 3348 2392 3386 nobis
2422 3355 2588 3396 certum,

1519 3411 1649 3441 utrum
1680 3404 1794 3453 aliqui
1823 3403 1993 3441 habitent
2020 3403 2072 3441 ibi
2099 3404 2162 3441 vel
2190 3415 2280 3440 non.

1518 3526 1586 3559 gitur
1605 3526 1681 3551 etiam
1701 3534 1731 3551 ex
1750 3526 1780 3551 iis
1800 3534 1867 3559 quae
1891 3531 2036 3559 sequuntur
2054 3526 2079 3551 in
2098 3526 2148 3551 hoc
2166 3526 2224 3559 ipso
2244 3533 2367 3557 numero,
2394 3525 2490 3550 scilicet
2513 3523 2589 3550 Tana

1519 3562 1740 3622 αρῖἑέζῇῖὲξὲῃῖῐσ.
1753 3576 1771 3580 -
1785 3562 1856 3587 Idem
1874 3562 1954 3587 codex
1968 3561 2023 3586 finit
2037 3562 2068 3587 ad
2080 3562 2159 3587 verba
2174 3564 2316 3594 utrumque
2324 3561 2419 3593 polum
2433 3562 2511 3589 sunu
2529 3559 2589 3585 vide
