<?xml version="1.0" encoding="UTF-8"?>
<!DOCTYPE html PUBLIC "-//W3C//DTD XHTML 1.0 Transitional//EN"
    "http://www.w3.org/TR/xhtml1/DTD/xhtml1-transitional.dtd">
<html xmlns="http://www.w3.org/1999/xhtml" xml:lang="en" lang="en">
 <head>
  <title>
</title>
<meta http-equiv="Content-Type" content="text/html;charset=utf-8" />
  <meta name='ocr-system' content='tesseract 3.04.00' />
  <meta name='ocr-capabilities' content='ocr_page ocr_carea ocr_par ocr_line ocrx_word'/>
</head>
<body>
  <div class='ocr_page' id='page_1' title='image "./operaomniaiussui03thom_0275.png"; bbox 0 0 2782 4134; ppageno 0'>
   <div class='ocr_carea' id='block_1_1' title="bbox 0 702 199 783">
    <p class='ocr_par' dir='ltr' id='par_1_1' title="bbox 0 702 199 783">
     <span class='ocr_line' id='line_1_1' title="bbox 14 702 199 730; baseline -0.011 -4"><span class='ocrx_word' id='word_1_1' title='bbox 14 702 130 730; x_wconf 74' lang='lat' dir='ltr'>ct.1ih.1‚</span> <span class='ocrx_word' id='word_1_2' title='bbox 145 702 199 724; x_wconf 83' lang='lat' dir='ltr'>lect.</span> 
     </span>
     <span class='ocr_line' id='line_1_2' title="bbox 0 735 124 757; baseline -0.008 -5"><span class='ocrx_word' id='word_1_3' title='bbox 0 736 53 756; x_wconf 73' lang='lat' dir='ltr'>mn,</span> <span class='ocrx_word' id='word_1_4' title='bbox 68 735 94 751; x_wconf 89' lang='lat' dir='ltr'>n.</span> <span class='ocrx_word' id='word_1_5' title='bbox 103 735 124 757; x_wconf 94' lang='lat'>7.</span> 
     </span>
     <span class='ocr_line' id='line_1_3' title="bbox 15 760 160 783; baseline 0 -1"><span class='ocrx_word' id='word_1_6' title='bbox 15 760 51 783; x_wconf 76' lang='lat' dir='ltr'>Cf.</span> <span class='ocrx_word' id='word_1_7' title='bbox 66 766 130 782; x_wconf 87' lang='lat' dir='ltr'>num.</span> <span class='ocrx_word' id='word_1_8' title='bbox 144 766 160 782; x_wconf 74' lang='grc' dir='ltr'>ι.</span> 
     </span>
    </p>
   </div>
   <div class='ocr_carea' id='block_1_2' title="bbox 0 807 201 858">
    <p class='ocr_par' dir='ltr' id='par_1_2' title="bbox 0 807 201 858">
     <span class='ocr_line' id='line_1_4' title="bbox 0 807 201 858; baseline 0 -28"><span class='ocrx_word' id='word_1_9' title='bbox 0 807 136 858; x_wconf 52' lang='grc' dir='ltr'><strong><em>ὥέιιοά</em></strong></span> <span class='ocrx_word' id='word_1_10' title='bbox 156 814 201 836; x_wconf 77' lang='lat' dir='ltr'>nr,</span> 
     </span>
    </p>
   </div>
   <div class='ocr_carea' id='block_1_3' title="bbox 11 972 201 1000">
    <p class='ocr_par' dir='ltr' id='par_1_3' title="bbox 11 972 201 1000">
     <span class='ocr_line' id='line_1_5' title="bbox 11 972 201 1000; baseline 0.005 -6"><span class='ocrx_word' id='word_1_11' title='bbox 11 972 77 995; x_wconf 69' lang='lat' dir='ltr'>Lect-</span> <span class='ocrx_word' id='word_1_12' title='bbox 85 978 135 1000; x_wconf 83' lang='lat' dir='ltr'>vm,</span> <span class='ocrx_word' id='word_1_13' title='bbox 149 978 172 995; x_wconf 80' lang='grc' dir='ltr'>ιι.</span> <span class='ocrx_word' id='word_1_14' title='bbox 184 979 201 995; x_wconf 83' lang='grc' dir='ltr'>ι.</span> 
     </span>
    </p>
   </div>
   <div class='ocr_carea' id='block_1_4' title="bbox 1127 300 1301 348">
    <p class='ocr_par' dir='ltr' id='par_1_4' title="bbox 1127 300 1301 348">
     <span class='ocr_line' id='line_1_6' title="bbox 1127 300 1301 348; baseline 0.006 -12"><span class='ocrx_word' id='word_1_15' title='bbox 1127 300 1239 337; x_wconf 84' lang='lat' dir='ltr'>CAP.</span> <span class='ocrx_word' id='word_1_16' title='bbox 1270 301 1301 348; x_wconf 90' lang='lat'>1,</span> 
     </span>
    </p>
   </div>
   <div class='ocr_carea' id='block_1_5' title="bbox 229 376 1301 1010">
    <p class='ocr_par' dir='ltr' id='par_1_5' title="bbox 229 376 1301 1010">
     <span class='ocr_line' id='line_1_7' title="bbox 284 376 1298 427; baseline 0.004 -14"><span class='ocrx_word' id='word_1_17' title='bbox 284 377 320 413; x_wconf 90' lang='lat'>6.</span> <span class='ocrx_word' id='word_1_18' title='bbox 350 376 499 413; x_wconf 90' lang='lat' dir='ltr'><strong>Deinde</strong></span> <span class='ocrx_word' id='word_1_19' title='bbox 534 388 623 412; x_wconf 90' lang='lat' dir='ltr'>cum</span> <span class='ocrx_word' id='word_1_20' title='bbox 653 376 757 413; x_wconf 88' lang='lat' dir='ltr'>dicit:</span> <span class='ocrx_word' id='word_1_21' title='bbox 787 378 848 414; x_wconf 89' lang='lat' dir='ltr'>De</span> <span class='ocrx_word' id='word_1_22' title='bbox 876 378 1004 425; x_wconf 89' lang='lat' dir='ltr'>primo</span> <span class='ocrx_word' id='word_1_23' title='bbox 1034 379 1181 426; x_wconf 82' lang='lat' dir='ltr'>quidem</span> <span class='ocrx_word' id='word_1_24' title='bbox 1216 387 1298 427; x_wconf 92' lang='lat' dir='ltr'>etc.‚</span> 
     </span>
     <span class='ocr_line' id='line_1_8' title="bbox 230 429 1299 481; baseline 0.004 -15"><span class='ocrx_word' id='word_1_25' title='bbox 230 429 395 466; x_wconf 90' lang='lat' dir='ltr'>ostendit</span> <span class='ocrx_word' id='word_1_26' title='bbox 422 429 515 478; x_wconf 89' lang='lat' dir='ltr'>quid</span> <span class='ocrx_word' id='word_1_27' title='bbox 543 436 630 477; x_wconf 91' lang='lat' dir='ltr'>post</span> <span class='ocrx_word' id='word_1_28' title='bbox 658 429 756 466; x_wconf 89' lang='lat' dir='ltr'>dicta</span> <span class='ocrx_word' id='word_1_29' title='bbox 776 437 889 466; x_wconf 90' lang='lat' dir='ltr'>restet</span> <span class='ocrx_word' id='word_1_30' title='bbox 913 430 1131 468; x_wconf 88' lang='lat' dir='ltr'>dicendum.</span> <span class='ocrx_word' id='word_1_31' title='bbox 1158 434 1207 470; x_wconf 89' lang='lat' dir='ltr'>Et</span> <span class='ocrx_word' id='word_1_32' title='bbox 1226 433 1299 481; x_wconf 90' lang='lat' dir='ltr'>pri-</span> 
     </span>
     <span class='ocr_line' id='line_1_9' title="bbox 230 480 1299 531; baseline 0.003 -12"><span class='ocrx_word' id='word_1_33' title='bbox 230 492 296 519; x_wconf 89' lang='lat' dir='ltr'>mo</span> <span class='ocrx_word' id='word_1_34' title='bbox 317 490 502 531; x_wconf 90' lang='lat' dir='ltr'>quantum</span> <span class='ocrx_word' id='word_1_35' title='bbox 525 482 574 519; x_wconf 94' lang='lat' dir='ltr'>ad</span> <span class='ocrx_word' id='word_1_36' title='bbox 593 482 820 518; x_wconf 87' lang='lat' dir='ltr'>substantias</span> <span class='ocrx_word' id='word_1_37' title='bbox 839 480 867 527; x_wconf 83' lang='lat'>⁰3</span> <span class='ocrx_word' id='word_1_38' title='bbox 898 483 1027 519; x_wconf 91' lang='lat' dir='ltr'>dicens</span> <span class='ocrx_word' id='word_1_39' title='bbox 1048 484 1190 521; x_wconf 89' lang='lat' dir='ltr'>dictum</span> <span class='ocrx_word' id='word_1_40' title='bbox 1217 499 1299 522; x_wconf 91' lang='lat' dir='ltr'>esse</span> 
     </span>
     <span class='ocr_line' id='line_1_10' title="bbox 231 535 1299 584; baseline 0.003 -12"><span class='ocrx_word' id='word_1_41' title='bbox 231 535 277 572; x_wconf 92' lang='lat' dir='ltr'>de</span> <span class='ocrx_word' id='word_1_42' title='bbox 305 536 431 584; x_wconf 90' lang='lat' dir='ltr'>primo</span> <span class='ocrx_word' id='word_1_43' title='bbox 461 547 623 584; x_wconf 90' lang='lat' dir='ltr'>corpore</span> <span class='ocrx_word' id='word_1_44' title='bbox 645 535 747 578; x_wconf 79' lang='lat' dir='ltr'>¹inter</span> <span class='ocrx_word' id='word_1_45' title='bbox 776 536 974 582; x_wconf 87' lang='lat' dir='ltr'>elementa,</span> <span class='ocrx_word' id='word_1_46' title='bbox 1004 536 1101 573; x_wconf 91' lang='lat' dir='ltr'>idest</span> <span class='ocrx_word' id='word_1_47' title='bbox 1127 538 1173 575; x_wconf 90' lang='lat' dir='ltr'>de</span> <span class='ocrx_word' id='word_1_48' title='bbox 1195 539 1299 575; x_wconf 89' lang='lat' dir='ltr'>caelo</span> 
     </span>
     <span class='ocr_line' id='line_1_11' title="bbox 230 589 1300 638; baseline 0.001 -12"><span class='ocrx_word' id='word_1_49' title='bbox 230 589 350 638; x_wconf 91' lang='lat' dir='ltr'>(quod</span> <span class='ocrx_word' id='word_1_50' title='bbox 376 596 491 626; x_wconf 87' lang='lat' dir='ltr'>vocat</span> <span class='ocrx_word' id='word_1_51' title='bbox 516 589 768 635; x_wconf 84' lang='lat' dir='ltr'>elementum,</span> <span class='ocrx_word' id='word_1_52' title='bbox 799 589 1012 625; x_wconf 87' lang='lat' dir='ltr'>secundum</span> <span class='ocrx_word' id='word_1_53' title='bbox 1040 590 1300 627; x_wconf 84' lang='lat' dir='ltr'>Alexandrum</span> 
     </span>
     <span class='ocr_line' id='line_1_12' title="bbox 230 641 1300 691; baseline 0 -12"><span class='ocrx_word' id='word_1_54' title='bbox 230 642 319 691; x_wconf 90' lang='lat' dir='ltr'>quia</span> <span class='ocrx_word' id='word_1_55' title='bbox 348 649 404 679; x_wconf 91' lang='lat' dir='ltr'>est</span> <span class='ocrx_word' id='word_1_56' title='bbox 430 654 519 690; x_wconf 86' lang='lat' dir='ltr'>pars</span> <span class='ocrx_word' id='word_1_57' title='bbox 548 641 703 688; x_wconf 87' lang='lat' dir='ltr'>mundi,</span> <span class='ocrx_word' id='word_1_58' title='bbox 738 642 952 678; x_wconf 88' lang='lat' dir='ltr'>secundum</span> <span class='ocrx_word' id='word_1_59' title='bbox 986 649 1115 678; x_wconf 86' lang='lat' dir='ltr'>autem</span> <span class='ocrx_word' id='word_1_60' title='bbox 1150 643 1300 691; x_wconf 89' lang='lat' dir='ltr'>Simpli-</span> 
     </span>
     <span class='ocr_line' id='line_1_13' title="bbox 231 694 1299 744; baseline 0 -12"><span class='ocrx_word' id='word_1_61' title='bbox 231 695 333 732; x_wconf 89' lang='lat' dir='ltr'>cium</span> <span class='ocrx_word' id='word_1_62' title='bbox 371 695 460 744; x_wconf 87' lang='lat' dir='ltr'>quia</span> <span class='ocrx_word' id='word_1_63' title='bbox 493 702 549 731; x_wconf 89' lang='lat' dir='ltr'>est</span> <span class='ocrx_word' id='word_1_64' title='bbox 586 707 725 743; x_wconf 89' lang='lat' dir='ltr'>corpus</span> <span class='ocrx_word' id='word_1_65' title='bbox 760 694 920 743; x_wconf 84' lang='lat' dir='ltr'>simplex</span> <span class='ocrx_word' id='word_1_66' title='bbox 955 695 1016 739; x_wconf 72' lang='lat'>&#39;);</span> <span class='ocrx_word' id='word_1_67' title='bbox 1052 694 1100 731; x_wconf 91' lang='lat' dir='ltr'>de</span> <span class='ocrx_word' id='word_1_68' title='bbox 1133 707 1210 743; x_wconf 90' lang='lat' dir='ltr'>quo</span> <span class='ocrx_word' id='word_1_69' title='bbox 1246 696 1299 732; x_wconf 93' lang='lat' dir='ltr'>di—</span> 
     </span>
     <span class='ocr_line' id='line_1_14' title="bbox 231 747 1301 797; baseline 0 -12"><span class='ocrx_word' id='word_1_70' title='bbox 231 756 334 786; x_wconf 89' lang='lat' dir='ltr'>ctum</span> <span class='ocrx_word' id='word_1_71' title='bbox 355 756 410 785; x_wconf 91' lang='lat' dir='ltr'>est</span> <span class='ocrx_word' id='word_1_72' title='bbox 431 749 450 769; x_wconf 66' lang='lat'>⁷³</span> <span class='ocrx_word' id='word_1_73' title='bbox 480 749 592 796; x_wconf 95' lang='lat' dir='ltr'>quale</span> <span class='ocrx_word' id='word_1_74' title='bbox 611 748 658 784; x_wconf 89' lang='lat' dir='ltr'>sit</span> <span class='ocrx_word' id='word_1_75' title='bbox 676 747 889 785; x_wconf 86' lang='lat' dir='ltr'>secundum</span> <span class='ocrx_word' id='word_1_76' title='bbox 918 755 1106 794; x_wconf 87' lang='lat' dir='ltr'>naturam,</span> <span class='ocrx_word' id='word_1_77' title='bbox 1128 748 1217 797; x_wconf 90' lang='lat' dir='ltr'>quia</span> <span class='ocrx_word' id='word_1_78' title='bbox 1246 756 1301 785; x_wconf 89' lang='lat' dir='ltr'>est</span> 
     </span>
     <span class='ocr_line' id='line_1_15' title="bbox 229 800 1300 850; baseline -0.001 -12"><span class='ocrx_word' id='word_1_79' title='bbox 229 802 442 839; x_wconf 88' lang='lat' dir='ltr'>animatum</span> <span class='ocrx_word' id='word_1_80' title='bbox 472 809 508 838; x_wconf 90' lang='lat' dir='ltr'>et</span> <span class='ocrx_word' id='word_1_81' title='bbox 535 801 790 850; x_wconf 88' lang='lat' dir='ltr'>sphaericum,</span> <span class='ocrx_word' id='word_1_82' title='bbox 821 808 857 837; x_wconf 89' lang='lat' dir='ltr'>et</span> <span class='ocrx_word' id='word_1_83' title='bbox 885 800 974 849; x_wconf 91' lang='lat' dir='ltr'>quia</span> <span class='ocrx_word' id='word_1_84' title='bbox 990 801 1010 821; x_wconf 74' lang='lat'>&#39;¹‘</span> <span class='ocrx_word' id='word_1_85' title='bbox 1026 800 1140 837; x_wconf 88' lang='lat' dir='ltr'>etiam</span> <span class='ocrx_word' id='word_1_86' title='bbox 1168 809 1223 837; x_wconf 89' lang='lat' dir='ltr'>est</span> <span class='ocrx_word' id='word_1_87' title='bbox 1245 801 1300 837; x_wconf 93' lang='lat' dir='ltr'>in-</span> 
     </span>
     <span class='ocr_line' id='line_1_16' title="bbox 230 853 1300 903; baseline -0.001 -12"><span class='ocrx_word' id='word_1_88' title='bbox 230 854 472 903; x_wconf 87' lang='lat' dir='ltr'>corruptibile</span> <span class='ocrx_word' id='word_1_89' title='bbox 501 862 538 891; x_wconf 90' lang='lat' dir='ltr'>et</span> <span class='ocrx_word' id='word_1_90' title='bbox 566 854 788 902; x_wconf 80' lang='lat' dir='ltr'>ingenitum.</span> <span class='ocrx_word' id='word_1_91' title='bbox 818 854 932 891; x_wconf 88' lang='lat' dir='ltr'><strong>Unde</strong></span> <span class='ocrx_word' id='word_1_92' title='bbox 961 853 1150 903; x_wconf 90' lang='lat' dir='ltr'>reliquum</span> <span class='ocrx_word' id='word_1_93' title='bbox 1170 862 1227 890; x_wconf 92' lang='lat' dir='ltr'>est</span> <span class='ocrx_word' id='word_1_94' title='bbox 1246 854 1300 890; x_wconf 92' lang='lat' dir='ltr'>di-</span> 
     </span>
     <span class='ocr_line' id='line_1_17' title="bbox 230 907 1301 956; baseline -0.002 -11"><span class='ocrx_word' id='word_1_95' title='bbox 230 920 315 945; x_wconf 89' lang='lat' dir='ltr'>cere</span> <span class='ocrx_word' id='word_1_96' title='bbox 345 908 392 945; x_wconf 91' lang='lat' dir='ltr'>de</span> <span class='ocrx_word' id='word_1_97' title='bbox 421 907 501 944; x_wconf 90' lang='lat' dir='ltr'>aliis</span> <span class='ocrx_word' id='word_1_98' title='bbox 535 907 687 944; x_wconf 87' lang='lat' dir='ltr'>duobus</span> <span class='ocrx_word' id='word_1_99' title='bbox 720 907 957 956; x_wconf 84' lang='lat' dir='ltr'>corporibus.</span> <span class='ocrx_word' id='word_1_100' title='bbox 998 907 1207 944; x_wconf 87' lang='lat' dir='ltr'>Ostensum</span> <span class='ocrx_word' id='word_1_101' title='bbox 1246 915 1301 944; x_wconf 91' lang='lat' dir='ltr'>est</span> 
     </span>
     <span class='ocr_line' id='line_1_18' title="bbox 230 960 1299 1010; baseline -0.001 -12"><span class='ocrx_word' id='word_1_102' title='bbox 230 961 333 998; x_wconf 89' lang='lat' dir='ltr'>enirn</span> <span class='ocrx_word' id='word_1_103' title='bbox 352 961 391 998; x_wconf 92' lang='lat' dir='ltr'>in</span> <span class='ocrx_word' id='word_1_104' title='bbox 410 961 536 1010; x_wconf 89' lang='lat' dir='ltr'>primo</span> <span class='ocrx_word' id='word_1_105' title='bbox 556 961 651 997; x_wconf 91' lang='lat' dir='ltr'>libro</span> <span class='ocrx_word' id='word_1_106' title='bbox 668 962 688 982; x_wconf 81' lang='lat'>*</span> <span class='ocrx_word' id='word_1_107' title='bbox 705 973 787 998; x_wconf 90' lang='lat' dir='ltr'>esse</span> <span class='ocrx_word' id='word_1_108' title='bbox 807 961 876 997; x_wconf 90' lang='lat' dir='ltr'>tria</span> <span class='ocrx_word' id='word_1_109' title='bbox 897 973 1071 1010; x_wconf 87' lang='lat' dir='ltr'>corpora,</span> <span class='ocrx_word' id='word_1_110' title='bbox 1091 973 1215 997; x_wconf 89' lang='lat' dir='ltr'>unum</span> <span class='ocrx_word' id='word_1_111' title='bbox 1231 960 1299 997; x_wconf 87' lang='lat' dir='ltr'>sci-</span> 
     </span>
    </p>
   </div>
   <div class='ocr_carea' id='block_1_6' title="bbox 0 1013 1300 1075">
    <p class='ocr_par' dir='ltr' id='par_1_6' title="bbox 0 1013 1300 1075">
     <span class='ocr_line' id='line_1_19' title="bbox 0 1013 1300 1075; baseline 0.002 -28"><span class='ocrx_word' id='word_1_112' title='bbox 0 1026 204 1075; x_wconf 49' lang='lat' dir='ltr'>ffena-nmo·</span> <span class='ocrx_word' id='word_1_113' title='bbox 229 1014 316 1052; x_wconf 80' lang='lat' dir='ltr'>licet</span> <span class='ocrx_word' id='word_1_114' title='bbox 331 1015 351 1035; x_wconf 76' lang='lat'>’¹‘</span> <span class='ocrx_word' id='word_1_115' title='bbox 373 1013 479 1063; x_wconf 90' lang='lat' dir='ltr'>quod</span> <span class='ocrx_word' id='word_1_116' title='bbox 507 1022 687 1050; x_wconf 87' lang='lat' dir='ltr'>movetur</span> <span class='ocrx_word' id='word_1_117' title='bbox 714 1013 812 1051; x_wconf 87' lang='lat' dir='ltr'>circa</span> <span class='ocrx_word' id='word_1_118' title='bbox 840 1014 1026 1061; x_wconf 89' lang='lat' dir='ltr'>medium,</span> <span class='ocrx_word' id='word_1_119' title='bbox 1057 1013 1104 1050; x_wconf 91' lang='lat' dir='ltr'>de</span> <span class='ocrx_word' id='word_1_120' title='bbox 1125 1026 1202 1064; x_wconf 91' lang='lat' dir='ltr'>quo</span> <span class='ocrx_word' id='word_1_121' title='bbox 1223 1013 1300 1050; x_wconf 90' lang='lat' dir='ltr'>iam</span> 
     </span>
    </p>
   </div>
   <div class='ocr_carea' id='block_1_7' title="bbox 0 3060 28 3858">
    <p class='ocr_par' dir='ltr' id='par_1_7' title="bbox 0 3060 28 3858">
     <span class='ocr_line' id='line_1_20' title="bbox 0 3060 28 3858; baseline 0 276"><span class='ocrx_word' id='word_1_122' title='bbox 0 3060 28 3858; x_wconf 95' lang='lat' dir='ltr'> </span> 
     </span>
    </p>
   </div>
   <div class='ocr_carea' id='block_1_8' title="bbox 228 1067 1298 1170">
    <p class='ocr_par' dir='ltr' id='par_1_8' title="bbox 228 1067 1298 1170">
     <span class='ocr_line' id='line_1_21' title="bbox 230 1067 1298 1116; baseline -0.003 -10"><span class='ocrx_word' id='word_1_123' title='bbox 230 1067 374 1106; x_wconf 86' lang='lat' dir='ltr'>dictum</span> <span class='ocrx_word' id='word_1_124' title='bbox 403 1075 474 1114; x_wconf 90' lang='lat' dir='ltr'>est;</span> <span class='ocrx_word' id='word_1_125' title='bbox 505 1067 608 1105; x_wconf 88' lang='lat' dir='ltr'>aliud</span> <span class='ocrx_word' id='word_1_126' title='bbox 636 1067 742 1116; x_wconf 93' lang='lat' dir='ltr'>quod</span> <span class='ocrx_word' id='word_1_127' title='bbox 765 1075 945 1105; x_wconf 89' lang='lat' dir='ltr'>movetur</span> <span class='ocrx_word' id='word_1_128' title='bbox 964 1080 986 1104; x_wconf 87' lang='lat' dir='ltr'>a</span> <span class='ocrx_word' id='word_1_129' title='bbox 1003 1067 1150 1113; x_wconf 88' lang='lat' dir='ltr'>medio;</span> <span class='ocrx_word' id='word_1_130' title='bbox 1172 1075 1209 1103; x_wconf 92' lang='lat' dir='ltr'>et</span> <span class='ocrx_word' id='word_1_131' title='bbox 1226 1075 1298 1103; x_wconf 93' lang='lat' dir='ltr'>ter-</span> 
     </span>
     <span class='ocr_line' id='line_1_22' title="bbox 228 1120 1298 1170; baseline -0.002 -11"><span class='ocrx_word' id='word_1_132' title='bbox 228 1121 325 1159; x_wconf 88' lang='lat' dir='ltr'>tium</span> <span class='ocrx_word' id='word_1_133' title='bbox 340 1120 447 1170; x_wconf 92' lang='lat' dir='ltr'>quod</span> <span class='ocrx_word' id='word_1_134' title='bbox 462 1128 641 1158; x_wconf 85' lang='lat' dir='ltr'>movetur</span> <span class='ocrx_word' id='word_1_135' title='bbox 656 1121 706 1158; x_wconf 90' lang='lat' dir='ltr'>ad</span> <span class='ocrx_word' id='word_1_136' title='bbox 720 1121 911 1167; x_wconf 89' lang='lat' dir='ltr'>medium;</span> <span class='ocrx_word' id='word_1_137' title='bbox 928 1120 975 1157; x_wconf 92' lang='lat' dir='ltr'>de</span> <span class='ocrx_word' id='word_1_138' title='bbox 990 1120 1130 1169; x_wconf 92' lang='lat' dir='ltr'>quibus</span> <span class='ocrx_word' id='word_1_139' title='bbox 1145 1121 1298 1158; x_wconf 89' lang='lat' dir='ltr'>duobus</span> 
     </span>
    </p>
   </div>
   <div class='ocr_carea' id='block_1_9' title="bbox 224 1278 1221 1316">
    <p class='ocr_par' dir='ltr' id='par_1_9' title="bbox 224 1278 1221 1316">
     <span class='ocr_line' id='line_1_23' title="bbox 224 1278 1221 1316; baseline -0.003 -10"><span class='ocrx_word' id='word_1_140' title='bbox 224 1286 251 1289; x_wconf 65' lang='grc'>““</span> <span class='ocrx_word' id='word_1_141' title='bbox 266 1278 309 1316; x_wconf 61' lang='grc' dir='ltr'>Ἤ)</span> <span class='ocrx_word' id='word_1_142' title='bbox 330 1283 458 1314; x_wconf 76' lang='lat' dir='ltr'>quantum</span> <span class='ocrx_word' id='word_1_143' title='bbox 477 1280 515 1305; x_wconf 85' lang='lat' dir='ltr'>ad</span> <span class='ocrx_word' id='word_1_144' title='bbox 532 1279 705 1306; x_wconf 79' lang='lat' dir='ltr'>substantias.</span> <span class='ocrx_word' id='word_1_145' title='bbox 717 1293 736 1299; x_wconf 99' lang='lat'>-</span> <span class='ocrx_word' id='word_1_146' title='bbox 749 1279 813 1312; x_wconf 81' lang='lat' dir='ltr'>quid</span> <span class='ocrx_word' id='word_1_147' title='bbox 827 1279 917 1313; x_wconf 81' lang='lat' dir='ltr'>quoad</span> <span class='ocrx_word' id='word_1_148' title='bbox 934 1278 1112 1304; x_wconf 75' lang='lat' dir='ltr'>substantiam</span> <span class='ocrx_word' id='word_1_149' title='bbox 1133 1279 1221 1303; x_wconf 73' lang='lat' dir='ltr'>Pinna.</span> 
     </span>
    </p>
   </div>
   <div class='ocr_carea' id='block_1_10' title="bbox 230 1314 1305 1378">
    <p class='ocr_par' dir='ltr' id='par_1_10' title="bbox 230 1314 1305 1378">
     <span class='ocr_line' id='line_1_24' title="bbox 242 1314 1305 1350; baseline -0.002 -9"><span class='ocrx_word' id='word_1_150' title='bbox 242 1330 246 1331; x_wconf 34' lang='grc' dir='ltr'><em>ν</em></span> <span class='ocrx_word' id='word_1_151' title='bbox 285 1315 304 1350; x_wconf 89' lang='grc' dir='ltr'>ι)</span> <span class='ocrx_word' id='word_1_152' title='bbox 323 1317 388 1349; x_wconf 81' lang='lat' dir='ltr'>quia</span> <span class='ocrx_word' id='word_1_153' title='bbox 406 1317 479 1341; x_wconf 77' lang='lat' dir='ltr'>vel...</span> <span class='ocrx_word' id='word_1_154' title='bbox 491 1323 509 1340; x_wconf 87' lang='lat' dir='ltr'>a</span> <span class='ocrx_word' id='word_1_155' title='bbox 527 1319 637 1341; x_wconf 82' lang='lat' dir='ltr'>natura.</span> <span class='ocrx_word' id='word_1_156' title='bbox 649 1329 668 1335; x_wconf 90' lang='lat'><em>-</em></span> <span class='ocrx_word' id='word_1_157' title='bbox 680 1315 744 1348; x_wconf 80' lang='lat' dir='ltr'>quia</span> <span class='ocrx_word' id='word_1_158' title='bbox 763 1315 825 1340; x_wconf 75' lang='lat' dir='ltr'>talis</span> <span class='ocrx_word' id='word_1_159' title='bbox 837 1314 981 1349; x_wconf 76' lang='lat' dir='ltr'>generatio</span> <span class='ocrx_word' id='word_1_160' title='bbox 998 1317 1048 1339; x_wconf 83' lang='lat' dir='ltr'>aut</span> <span class='ocrx_word' id='word_1_161' title='bbox 1061 1314 1128 1339; x_wconf 82' lang='lat' dir='ltr'>nihil</span> <span class='ocrx_word' id='word_1_162' title='bbox 1145 1317 1186 1340; x_wconf 79' lang='lat' dir='ltr'>est</span> <span class='ocrx_word' id='word_1_163' title='bbox 1203 1314 1250 1339; x_wconf 81' lang='lat' dir='ltr'>sed</span> <span class='ocrx_word' id='word_1_164' title='bbox 1264 1316 1305 1339; x_wconf 78' lang='lat' dir='ltr'>est</span> 
     </span>
     <span class='ocr_line' id='line_1_25' title="bbox 230 1351 536 1378; baseline -0.007 0"><span class='ocrx_word' id='word_1_165' title='bbox 230 1355 332 1378; x_wconf 81' lang='lat' dir='ltr'>remote</span> <span class='ocrx_word' id='word_1_166' title='bbox 350 1359 368 1377; x_wconf 85' lang='lat' dir='ltr'>a</span> <span class='ocrx_word' id='word_1_167' title='bbox 386 1355 488 1377; x_wconf 83' lang='lat' dir='ltr'>natura</span> <span class='ocrx_word' id='word_1_168' title='bbox 506 1351 536 1376; x_wconf 88' lang='lat' dir='ltr'>P.</span> 
     </span>
    </p>
   </div>
   <div class='ocr_carea' id='block_1_11' title="bbox 1332 301 1529 338">
    <p class='ocr_par' dir='ltr' id='par_1_11' title="bbox 1332 301 1529 338">
     <span class='ocr_line' id='line_1_26' title="bbox 1332 301 1529 338; baseline 0 -1"><span class='ocrx_word' id='word_1_169' title='bbox 1332 301 1484 338; x_wconf 92' lang='lat' dir='ltr'>LECT.</span> <span class='ocrx_word' id='word_1_170' title='bbox 1515 301 1529 337; x_wconf 97' lang='lat' dir='ltr'>I</span> 
     </span>
    </p>
   </div>
   <div class='ocr_carea' id='block_1_12' title="bbox 1351 380 2424 1172">
    <p class='ocr_par' dir='ltr' id='par_1_12' title="bbox 1354 380 2424 536">
     <span class='ocr_line' id='line_1_27' title="bbox 1354 380 2424 429; baseline 0.001 -12"><span class='ocrx_word' id='word_1_171' title='bbox 1354 387 1467 418; x_wconf 90' lang='lat' dir='ltr'>restat</span> <span class='ocrx_word' id='word_1_172' title='bbox 1487 380 1692 418; x_wconf 88' lang='lat' dir='ltr'>dicendum</span> <span class='ocrx_word' id='word_1_173' title='bbox 1712 383 1818 428; x_wconf 88' lang='lat' dir='ltr'>(narn</span> <span class='ocrx_word' id='word_1_174' title='bbox 1839 380 1887 418; x_wconf 92' lang='lat' dir='ltr'>de</span> <span class='ocrx_word' id='word_1_175' title='bbox 1907 388 2004 417; x_wconf 88' lang='lat' dir='ltr'>terra</span> <span class='ocrx_word' id='word_1_176' title='bbox 2024 392 2139 429; x_wconf 89' lang='lat' dir='ltr'>supra</span> <span class='ocrx_word' id='word_1_177' title='bbox 2154 381 2174 402; x_wconf 74' lang='lat'>&#39;¹¹</span> <span class='ocrx_word' id='word_1_178' title='bbox 2196 380 2338 418; x_wconf 90' lang='lat' dir='ltr'>dictum</span> <span class='ocrx_word' id='word_1_179' title='bbox 2368 388 2424 418; x_wconf 91' lang='lat' dir='ltr'>est</span> 
     </span>
     <span class='ocr_line' id='line_1_28' title="bbox 1354 434 2423 482; baseline 0 -12"><span class='ocrx_word' id='word_1_180' title='bbox 1354 446 1433 470; x_wconf 91' lang='lat' dir='ltr'>non</span> <span class='ocrx_word' id='word_1_181' title='bbox 1461 442 1648 482; x_wconf 89' lang='lat' dir='ltr'>quantum</span> <span class='ocrx_word' id='word_1_182' title='bbox 1668 434 1717 471; x_wconf 91' lang='lat' dir='ltr'>ad</span> <span class='ocrx_word' id='word_1_183' title='bbox 1737 446 1847 470; x_wconf 90' lang='lat' dir='ltr'>suam</span> <span class='ocrx_word' id='word_1_184' title='bbox 1867 442 2055 480; x_wconf 88' lang='lat' dir='ltr'>naturam,</span> <span class='ocrx_word' id='word_1_185' title='bbox 2077 434 2144 470; x_wconf 89' lang='lat' dir='ltr'>sed</span> <span class='ocrx_word' id='word_1_186' title='bbox 2165 442 2349 482; x_wconf 89' lang='lat' dir='ltr'>quantum</span> <span class='ocrx_word' id='word_1_187' title='bbox 2374 434 2423 471; x_wconf 89' lang='lat' dir='ltr'>ad</span> 
     </span>
     <span class='ocr_line' id='line_1_29' title="bbox 1355 487 2188 536; baseline 0 -13"><span class='ocrx_word' id='word_1_188' title='bbox 1355 487 1618 524; x_wconf 87' lang='lat' dir='ltr'>habitudinem</span> <span class='ocrx_word' id='word_1_189' title='bbox 1647 500 1764 536; x_wconf 89' lang='lat' dir='ltr'>quarn</span> <span class='ocrx_word' id='word_1_190' title='bbox 1792 487 1907 523; x_wconf 90' lang='lat' dir='ltr'>habet</span> <span class='ocrx_word' id='word_1_191' title='bbox 1935 487 1985 523; x_wconf 92' lang='lat' dir='ltr'>ad</span> <span class='ocrx_word' id='word_1_192' title='bbox 2013 487 2188 533; x_wconf 91' lang='lat' dir='ltr'>caelum).</span> 
     </span>
    </p>

    <p class='ocr_par' dir='ltr' id='par_1_13' title="bbox 1351 540 2424 1172">
     <span class='ocr_line' id='line_1_30' title="bbox 1409 540 2422 588; baseline -0.001 -12"><span class='ocrx_word' id='word_1_193' title='bbox 1409 552 1445 588; x_wconf 91' lang='lat'>7.</span> <span class='ocrx_word' id='word_1_194' title='bbox 1467 541 1646 578; x_wconf 89' lang='lat' dir='ltr'>Secundo</span> <span class='ocrx_word' id='word_1_195' title='bbox 1667 540 1735 577; x_wconf 89' lang='lat' dir='ltr'>ibi:</span> <span class='ocrx_word' id='word_1_196' title='bbox 1757 540 1879 577; x_wconf 85' lang='lat' dir='ltr'>Simul</span> <span class='ocrx_word' id='word_1_197' title='bbox 1895 546 2021 576; x_wconf 87' lang='lat' dir='ltr'>autem</span> <span class='ocrx_word' id='word_1_198' title='bbox 2037 540 2180 576; x_wconf 85' lang='lat' dir='ltr'>accidet</span> <span class='ocrx_word' id='word_1_199' title='bbox 2197 546 2280 585; x_wconf 84' lang='lat' dir='ltr'>etc.‚</span> <span class='ocrx_word' id='word_1_200' title='bbox 2298 546 2422 576; x_wconf 88' lang='lat' dir='ltr'>osten-</span> 
     </span>
     <span class='ocr_line' id='line_1_31' title="bbox 1355 592 2424 642; baseline 0 -14"><span class='ocrx_word' id='word_1_201' title='bbox 1355 592 1408 636; x_wconf 89' lang='lat' dir='ltr'>dit</span> <span class='ocrx_word' id='word_1_202' title='bbox 1427 593 1518 641; x_wconf 90' lang='lat' dir='ltr'>quid</span> <span class='ocrx_word' id='word_1_203' title='bbox 1548 601 1660 630; x_wconf 89' lang='lat' dir='ltr'>restet</span> <span class='ocrx_word' id='word_1_204' title='bbox 1689 593 1895 631; x_wconf 88' lang='lat' dir='ltr'>dicendum</span> <span class='ocrx_word' id='word_1_205' title='bbox 1924 600 2111 642; x_wconf 89' lang='lat' dir='ltr'>quantum</span> <span class='ocrx_word' id='word_1_206' title='bbox 2139 592 2188 629; x_wconf 90' lang='lat' dir='ltr'>ad</span> <span class='ocrx_word' id='word_1_207' title='bbox 2209 604 2326 640; x_wconf 90' lang='lat' dir='ltr'>opera</span> <span class='ocrx_word' id='word_1_208' title='bbox 2347 593 2367 613; x_wconf 37' lang='grc' dir='ltr'>’ὅ</span> <span class='ocrx_word' id='word_1_209' title='bbox 2387 599 2424 629; x_wconf 90' lang='lat' dir='ltr'>et</span> 
     </span>
     <span class='ocr_line' id='line_1_32' title="bbox 1354 645 2420 695; baseline 0 -14"><span class='ocrx_word' id='word_1_210' title='bbox 1354 646 1562 693; x_wconf 87' lang='lat' dir='ltr'>passiones.</span> <span class='ocrx_word' id='word_1_211' title='bbox 1585 647 1634 682; x_wconf 92' lang='lat' dir='ltr'>Et</span> <span class='ocrx_word' id='word_1_212' title='bbox 1653 647 1741 683; x_wconf 90' lang='lat' dir='ltr'>dicit</span> <span class='ocrx_word' id='word_1_213' title='bbox 1769 646 1874 695; x_wconf 91' lang='lat' dir='ltr'>quod</span> <span class='ocrx_word' id='word_1_214' title='bbox 1894 646 2006 682; x_wconf 90' lang='lat' dir='ltr'>simul</span> <span class='ocrx_word' id='word_1_215' title='bbox 2027 658 2116 682; x_wconf 90' lang='lat' dir='ltr'>cum</span> <span class='ocrx_word' id='word_1_216' title='bbox 2136 645 2194 682; x_wconf 91' lang='lat' dir='ltr'>his</span> <span class='ocrx_word' id='word_1_217' title='bbox 2217 645 2368 682; x_wconf 92' lang='lat' dir='ltr'>duobus</span> <span class='ocrx_word' id='word_1_218' title='bbox 2390 646 2420 691; x_wconf 73' lang='lat'>²¹⁸,</span> 
     </span>
     <span class='ocr_line' id='line_1_33' title="bbox 1356 698 2420 747; baseline 0.001 -14"><span class='ocrx_word' id='word_1_219' title='bbox 1356 705 1468 734; x_wconf 90' lang='lat' dir='ltr'>restat</span> <span class='ocrx_word' id='word_1_220' title='bbox 1487 698 1757 747; x_wconf 91' lang='lat' dir='ltr'>inquirendum</span> <span class='ocrx_word' id='word_1_221' title='bbox 1774 700 1821 736; x_wconf 91' lang='lat' dir='ltr'>de</span> <span class='ocrx_word' id='word_1_222' title='bbox 1841 699 2086 747; x_wconf 85' lang='lat' dir='ltr'>generatione</span> <span class='ocrx_word' id='word_1_223' title='bbox 2106 706 2142 735; x_wconf 90' lang='lat' dir='ltr'>et</span> <span class='ocrx_word' id='word_1_224' title='bbox 2162 698 2420 746; x_wconf 88' lang='lat' dir='ltr'>corruptione:</span> 
     </span>
     <span class='ocr_line' id='line_1_34' title="bbox 1356 750 2423 798; baseline 0.002 -13"><span class='ocrx_word' id='word_1_225' title='bbox 1356 750 1444 797; x_wconf 89' lang='lat' dir='ltr'>quia</span> <span class='ocrx_word' id='word_1_226' title='bbox 1462 751 1524 786; x_wconf 90' lang='lat' dir='ltr'>vel</span> <span class='ocrx_word' id='word_1_227' title='bbox 1544 752 1734 798; x_wconf 86' lang='lat' dir='ltr'>generatio</span> <span class='ocrx_word' id='word_1_228' title='bbox 1764 752 1854 789; x_wconf 85' lang='lat' dir='ltr'>nihil</span> <span class='ocrx_word' id='word_1_229' title='bbox 1875 760 1950 798; x_wconf 87' lang='lat' dir='ltr'>est,</span> <span class='ocrx_word' id='word_1_230' title='bbox 1981 752 2048 789; x_wconf 90' lang='lat' dir='ltr'>sed</span> <span class='ocrx_word' id='word_1_231' title='bbox 2073 759 2128 789; x_wconf 90' lang='lat' dir='ltr'>est</span> <span class='ocrx_word' id='word_1_232' title='bbox 2147 759 2296 788; x_wconf 87' lang='lat' dir='ltr'>remota</span> <span class='ocrx_word' id='word_1_233' title='bbox 2315 763 2338 787; x_wconf 89' lang='lat' dir='ltr'>a</span> <span class='ocrx_word' id='word_1_234' title='bbox 2357 763 2423 788; x_wconf 90' lang='lat' dir='ltr'>na-</span> 
     </span>
     <span class='ocr_line' id='line_1_35' title="bbox 1354 803 2423 850; baseline 0.002 -12"><span class='ocrx_word' id='word_1_235' title='bbox 1354 810 1438 839; x_wconf 91' lang='lat' dir='ltr'>tura</span> <span class='ocrx_word' id='word_1_236' title='bbox 1453 803 1588 840; x_wconf 78' lang='lat' dir='ltr'>‘totius</span> <span class='ocrx_word' id='word_1_237' title='bbox 1616 804 1799 850; x_wconf 89' lang='lat' dir='ltr'>universi;</span> <span class='ocrx_word' id='word_1_238' title='bbox 1830 813 1894 842; x_wconf 90' lang='lat' dir='ltr'>aut</span> <span class='ocrx_word' id='word_1_239' title='bbox 1922 806 2048 842; x_wconf 89' lang='lat' dir='ltr'>solum</span> <span class='ocrx_word' id='word_1_240' title='bbox 2082 804 2272 842; x_wconf 88' lang='lat' dir='ltr'>invenitur</span> <span class='ocrx_word' id='word_1_241' title='bbox 2299 804 2338 841; x_wconf 90' lang='lat' dir='ltr'>in</span> <span class='ocrx_word' id='word_1_242' title='bbox 2365 804 2423 841; x_wconf 90' lang='lat' dir='ltr'>his</span> 
     </span>
     <span class='ocr_line' id='line_1_36' title="bbox 1356 855 2423 904; baseline 0.003 -14"><span class='ocrx_word' id='word_1_243' title='bbox 1356 855 1552 892; x_wconf 90' lang='lat' dir='ltr'>elementis</span> <span class='ocrx_word' id='word_1_244' title='bbox 1580 869 1678 904; x_wconf 87' lang='lat' dir='ltr'>quae</span> <span class='ocrx_word' id='word_1_245' title='bbox 1709 866 1912 894; x_wconf 91' lang='lat' dir='ltr'>moventur</span> <span class='ocrx_word' id='word_1_246' title='bbox 1940 866 2049 895; x_wconf 89' lang='lat' dir='ltr'>motu</span> <span class='ocrx_word' id='word_1_247' title='bbox 2076 865 2192 904; x_wconf 87' lang='lat' dir='ltr'>rectO,</span> <span class='ocrx_word' id='word_1_248' title='bbox 2214 865 2251 894; x_wconf 92' lang='lat' dir='ltr'>et</span> <span class='ocrx_word' id='word_1_249' title='bbox 2278 857 2317 894; x_wconf 92' lang='lat' dir='ltr'>in</span> <span class='ocrx_word' id='word_1_250' title='bbox 2341 869 2423 894; x_wconf 93' lang='lat' dir='ltr'>cor-</span> 
     </span>
     <span class='ocr_line' id='line_1_37' title="bbox 1353 908 2423 959; baseline 0.003 -16"><span class='ocrx_word' id='word_1_251' title='bbox 1353 908 1512 956; x_wconf 92' lang='lat' dir='ltr'>poribus</span> <span class='ocrx_word' id='word_1_252' title='bbox 1541 921 1639 957; x_wconf 91' lang='lat' dir='ltr'>quae</span> <span class='ocrx_word' id='word_1_253' title='bbox 1674 922 1718 945; x_wconf 83' lang='lat' dir='ltr'>ex</span> <span class='ocrx_word' id='word_1_254' title='bbox 1747 910 1800 946; x_wconf 88' lang='lat' dir='ltr'>eis</span> <span class='ocrx_word' id='word_1_255' title='bbox 1830 919 2123 959; x_wconf 86' lang='lat' dir='ltr'>componuntur.</span> <span class='ocrx_word' id='word_1_256' title='bbox 2158 912 2266 947; x_wconf 91' lang='lat' dir='ltr'>Haec</span> <span class='ocrx_word' id='word_1_257' title='bbox 2293 918 2423 947; x_wconf 89' lang='lat' dir='ltr'>autem</span> 
     </span>
     <span class='ocr_line' id='line_1_38' title="bbox 1355 961 2424 1010; baseline 0.002 -13"><span class='ocrx_word' id='word_1_258' title='bbox 1355 961 1608 998; x_wconf 89' lang='lat' dir='ltr'>consideratio</span> <span class='ocrx_word' id='word_1_259' title='bbox 1641 963 1771 1001; x_wconf 88' lang='lat' dir='ltr'>locum</span> <span class='ocrx_word' id='word_1_260' title='bbox 1801 976 1879 1000; x_wconf 93' lang='lat' dir='ltr'>non</span> <span class='ocrx_word' id='word_1_261' title='bbox 1907 965 2073 1001; x_wconf 88' lang='lat' dir='ltr'>habebat</span> <span class='ocrx_word' id='word_1_262' title='bbox 2102 965 2139 1010; x_wconf 87' lang='lat'>*‚</span> <span class='ocrx_word' id='word_1_263' title='bbox 2170 964 2263 1001; x_wconf 90' lang='lat' dir='ltr'>dum</span> <span class='ocrx_word' id='word_1_264' title='bbox 2299 963 2424 1000; x_wconf 91' lang='lat' dir='ltr'>adhuc</span> 
     </span>
     <span class='ocr_line' id='line_1_39' title="bbox 1355 1014 2423 1066; baseline 0.002 -16"><span class='ocrx_word' id='word_1_265' title='bbox 1355 1014 1402 1051; x_wconf 92' lang='lat' dir='ltr'>de</span> <span class='ocrx_word' id='word_1_266' title='bbox 1419 1014 1532 1051; x_wconf 89' lang='lat' dir='ltr'>rebus</span> <span class='ocrx_word' id='word_1_267' title='bbox 1547 1014 1891 1064; x_wconf 88' lang='lat' dir='ltr'>incorruptibilibus</span> <span class='ocrx_word' id='word_1_268' title='bbox 1907 1025 2089 1064; x_wconf 86' lang='lat' dir='ltr'>ageretur.</span> <span class='ocrx_word' id='word_1_269' title='bbox 2113 1018 2423 1066; x_wconf 61' lang='lat' dir='ltr'>Oportet‘autem</span> 
     </span>
     <span class='ocr_line' id='line_1_40' title="bbox 1353 1064 2424 1119; baseline 0.004 -16"><span class='ocrx_word' id='word_1_270' title='bbox 1353 1068 1453 1104; x_wconf 88' lang='lat' dir='ltr'>hanc</span> <span class='ocrx_word' id='word_1_271' title='bbox 1474 1067 1818 1105; x_wconf 84' lang='lat' dir='ltr'>considerationem</span> <span class='ocrx_word' id='word_1_272' title='bbox 1847 1071 2085 1117; x_wconf 86' lang='lat' dir='ltr'>praemittere</span> <span class='ocrx_word' id='word_1_273' title='bbox 2101 1077 2126 1118; x_wconf 53' lang='grc' dir='ltr'>κ,</span> <span class='ocrx_word' id='word_1_274' title='bbox 2149 1070 2236 1119; x_wconf 91' lang='lat' dir='ltr'>quia</span> <span class='ocrx_word' id='word_1_275' title='bbox 2251 1064 2424 1107; x_wconf 81' lang='lat' dir='ltr'>&#39;multum</span> 
     </span>
     <span class='ocr_line' id='line_1_41' title="bbox 1351 1120 2309 1172; baseline 0.005 -16"><span class='ocrx_word' id='word_1_276' title='bbox 1351 1121 1455 1157; x_wconf 87' lang='lat' dir='ltr'>valet</span> <span class='ocrx_word' id='word_1_277' title='bbox 1482 1120 1531 1157; x_wconf 92' lang='lat' dir='ltr'>ad</span> <span class='ocrx_word' id='word_1_278' title='bbox 1561 1121 1882 1159; x_wconf 84' lang='lat' dir='ltr'>considerandum</span> <span class='ocrx_word' id='word_1_279' title='bbox 1911 1130 2062 1160; x_wconf 88' lang='lat' dir='ltr'>naturas</span> <span class='ocrx_word' id='word_1_280' title='bbox 2091 1135 2309 1172; x_wconf 89' lang='lat' dir='ltr'>corporum.</span> 
     </span>
    </p>
   </div>
   <div class='ocr_carea' id='block_1_13' title="bbox 2345 300 2417 337">
    <p class='ocr_par' dir='ltr' id='par_1_14' title="bbox 2345 300 2417 337">
     <span class='ocr_line' id='line_1_42' title="bbox 2345 300 2417 337; baseline -0.014 0"><span class='ocrx_word' id='word_1_281' title='bbox 2345 300 2417 337; x_wconf 81' lang='lat'>231</span> 
     </span>
    </p>
   </div>
   <div class='ocr_carea' id='block_1_14' title="bbox 1358 1277 2417 1374">
    <p class='ocr_par' dir='ltr' id='par_1_15' title="bbox 1358 1277 2417 1374">
     <span class='ocr_line' id='line_1_43' title="bbox 1412 1277 2417 1312; baseline 0.003 -10"><span class='ocrx_word' id='word_1_282' title='bbox 1412 1277 1438 1312; x_wconf 76' lang='grc' dir='ltr'>κ)</span> <span class='ocrx_word' id='word_1_283' title='bbox 1454 1278 1639 1310; x_wconf 77' lang='lat' dir='ltr'>praemittere.</span> <span class='ocrx_word' id='word_1_284' title='bbox 1653 1293 1673 1298; x_wconf 93' lang='lat'>-</span> <span class='ocrx_word' id='word_1_285' title='bbox 1682 1279 1901 1311; x_wconf 81' lang='lat' dir='ltr'>praetermittere</span> <span class='ocrx_word' id='word_1_286' title='bbox 1920 1280 1978 1305; x_wconf 84' lang='lat' dir='ltr'>Par.</span> <span class='ocrx_word' id='word_1_287' title='bbox 1993 1284 2018 1304; x_wconf 90' lang='lat' dir='ltr'>et</span> <span class='ocrx_word' id='word_1_288' title='bbox 2032 1280 2129 1311; x_wconf 85' lang='lat' dir='ltr'>Oxon.;</span> <span class='ocrx_word' id='word_1_289' title='bbox 2144 1288 2197 1305; x_wconf 80' lang='lat' dir='ltr'>non</span> <span class='ocrx_word' id='word_1_290' title='bbox 2207 1280 2383 1312; x_wconf 75' lang='lat' dir='ltr'>praemittere</span> <span class='ocrx_word' id='word_1_291' title='bbox 2396 1280 2417 1304; x_wconf 85' lang='lat' dir='ltr'>P</span> 
     </span>
     <span class='ocr_line' id='line_1_44' title="bbox 1358 1314 2415 1374; baseline 0.001 -36"><span class='ocrx_word' id='word_1_292' title='bbox 1358 1318 1437 1374; x_wconf 43' lang='lat' dir='ltr'>{el-{gf</span> <span class='ocrx_word' id='word_1_293' title='bbox 1446 1318 1566 1374; x_wconf 56' lang='grc' dir='ltr'>εὲνι-Ξρῐε</span> <span class='ocrx_word' id='word_1_294' title='bbox 1578 1322 1626 1346; x_wconf 88' lang='lat' dir='ltr'>pro</span> <span class='ocrx_word' id='word_1_295' title='bbox 1640 1321 1692 1340; x_wconf 81' lang='lat' dir='ltr'>non</span> <span class='ocrx_word' id='word_1_296' title='bbox 1707 1315 1933 1346; x_wconf 79' lang='lat' dir='ltr'>praetermittere,</span> <span class='ocrx_word' id='word_1_297' title='bbox 1947 1315 2017 1348; x_wconf 85' lang='lat' dir='ltr'>quod</span> <span class='ocrx_word' id='word_1_298' title='bbox 2031 1315 2109 1341; x_wconf 85' lang='lat' dir='ltr'>habet</span> <span class='ocrx_word' id='word_1_299' title='bbox 2122 1316 2164 1341; x_wconf 84' lang='lat' dir='ltr'>ed.</span> <span class='ocrx_word' id='word_1_300' title='bbox 2181 1314 2261 1346; x_wconf 79' lang='lat'><strong>1516;</strong></span> <span class='ocrx_word' id='word_1_301' title='bbox 2276 1316 2308 1341; x_wconf 82' lang='lat' dir='ltr'>cf.</span> <span class='ocrx_word' id='word_1_302' title='bbox 2321 1316 2379 1340; x_wconf 92' lang='lat' dir='ltr'>Vol.</span> <span class='ocrx_word' id='word_1_303' title='bbox 2394 1315 2415 1340; x_wconf 92' lang='lat'>11</span> 
     </span>
    </p>
   </div>
   <div class='ocr_carea' id='block_1_15' title="bbox 915 2201 1764 2643">
    <p class='ocr_par' dir='ltr' id='par_1_16' title="bbox 915 2201 1764 2643">
     <span class='ocr_line' id='line_1_45' title="bbox 915 2201 1764 2643; baseline 0 1491"><span class='ocrx_word' id='word_1_304' title='bbox 915 2201 1764 2643; x_wconf 95' lang='lat' dir='ltr'> </span> 
     </span>
    </p>
   </div>
   <div class='ocr_carea' id='block_1_16' title="bbox 2449 392 2688 447">
    <p class='ocr_par' dir='ltr' id='par_1_17' title="bbox 2449 392 2688 447">
     <span class='ocr_line' id='line_1_46' title="bbox 2450 392 2663 420; baseline 0.005 -6"><span class='ocrx_word' id='word_1_305' title='bbox 2450 393 2461 404; x_wconf 73' lang='lat'>⁸</span> <span class='ocrx_word' id='word_1_306' title='bbox 2469 392 2521 414; x_wconf 87' lang='lat' dir='ltr'>Lib.</span> <span class='ocrx_word' id='word_1_307' title='bbox 2527 392 2555 420; x_wconf 92' lang='lat'>11,</span> <span class='ocrx_word' id='word_1_308' title='bbox 2564 392 2616 415; x_wconf 76' lang='lat' dir='ltr'>lect.</span> <span class='ocrx_word' id='word_1_309' title='bbox 2623 399 2663 420; x_wconf 82' lang='lat' dir='ltr'>xx,</span> 
     </span>
     <span class='ocr_line' id='line_1_47' title="bbox 2449 425 2688 447; baseline -0.004 -6"><span class='ocrx_word' id='word_1_310' title='bbox 2449 425 2501 447; x_wconf 82' lang='lat' dir='ltr'>sqq.</span> <span class='ocrx_word' id='word_1_311' title='bbox 2685 425 2688 427; x_wconf 91' lang='lat'>·</span> 
     </span>
    </p>
   </div>
   <div class='ocr_carea' id='block_1_17' title="bbox 2450 603 2665 630">
    <p class='ocr_par' dir='ltr' id='par_1_18' title="bbox 2450 603 2665 630">
     <span class='ocr_line' id='line_1_48' title="bbox 2450 603 2665 630; baseline 0.005 -6"><span class='ocrx_word' id='word_1_312' title='bbox 2450 603 2460 614; x_wconf 79' lang='lat'>⁸</span> <span class='ocrx_word' id='word_1_313' title='bbox 2475 603 2626 630; x_wconf 78' lang='lat' dir='ltr'>operationes</span> <span class='ocrx_word' id='word_1_314' title='bbox 2639 609 2665 625; x_wconf 65' lang='grc' dir='ltr'>ι’.</span> 
     </span>
    </p>
   </div>
   <div class='ocr_carea' id='block_1_18' title="bbox 2449 651 2664 700">
    <p class='ocr_par' dir='ltr' id='par_1_19' title="bbox 2449 651 2664 700">
     <span class='ocr_line' id='line_1_49' title="bbox 2449 651 2664 700; baseline -0.005 -27"><span class='ocrx_word' id='word_1_315' title='bbox 2449 651 2604 700; x_wconf 52' lang='lat' dir='ltr'>Lcorporibus</span> <span class='ocrx_word' id='word_1_316' title='bbox 2609 651 2664 673; x_wconf 82' lang='lat' dir='ltr'>add.</span> 
     </span>
    </p>
   </div>
   <div class='ocr_carea' id='block_1_19' title="bbox 2453 974 2597 996">
    <p class='ocr_par' dir='ltr' id='par_1_20' title="bbox 2453 974 2597 996">
     <span class='ocr_line' id='line_1_50' title="bbox 2453 974 2597 996; baseline 0 0"><span class='ocrx_word' id='word_1_317' title='bbox 2453 976 2461 984; x_wconf 94' lang='grc'>·</span> <span class='ocrx_word' id='word_1_318' title='bbox 2476 974 2564 996; x_wconf 78' lang='lat' dir='ltr'>habeat</span> <span class='ocrx_word' id='word_1_319' title='bbox 2575 981 2597 996; x_wconf 76' lang='lat' dir='ltr'>P.</span> 
     </span>
    </p>
   </div>
  </div>
 </body>
</html>
