2690 4062
1084 222 1197 259 CAP.
1227 222 1278 259 111
1306 195 1459 259 LECT.
1490 223 1543 260 Ν

268 324 288 345 v:
356 325 361 328 .
406 323 410 339 1
432 326 445 344 a
460 297 556 331 einde
580 309 656 331 cum
680 298 775 332 dicit:
800 299 903 333 Primo
920 305 1020 332 autem
1035 299 1070 332 de
1082 300 1190 344 figura
1213 308 1286 339 etc„

272 345 291 387 ξ
422 347 425 350 “
460 343 648 386 praemissis
664 343 950 387 suppositionibus
966 344 1156 376 necessariis
1173 343 1214 376 ad
1233 343 1287 376 de-

279 399 287 423 1
461 386 672 419 clarationem
685 395 752 419 tam
765 386 930 420 dictorum
944 399 1043 432 quam
1060 387 1287 428 dicendorum,

422 470 427 478 <
461 439 703 475 consequenter
725 432 937 475 prosequitur
960 431 1000 465 de
1024 431 1120 470 halo,
1152 431 1232 465 iride
1256 441 1288 465 et

280 486 283 489 “
404 478 424 498 ⁵
435 476 444 488 “
461 474 605 519 reliquis.
621 475 663 508 Et
679 476 787 519 primo
805 475 1000 508 determinat
1015 475 1054 509 de
1067 476 1158 516 halo;
1172 487 1288 508 secun-

213 518 262 553 do
279 517 319 552 de
334 517 426 559 iride,
450 518 510 552 ibi:
534 519 595 553 Iris
611 526 712 552 autem
727 518 743 536 '⁶‘
759 528 821 552 etc.
828 531 837 560 ;
863 528 896 552 et
918 520 1014 553 tertio
1039 519 1079 553 de
1103 519 1232 564 pareliis
1256 529 1288 553 et

214 564 328 615 virgis,
353 562 410 596 ibi:
434 563 565 597 Easdem
588 570 689 597 autem
712 563 805 597 dictas
820 563 836 580 *¹
853 572 913 597 etc.
940 564 1036 597 Circa
1054 565 1200 608 primum
1220 563 1287 597 duo

215 607 309 642 facit:
326 608 436 652 primo
453 608 598 651 assignat
617 619 750 641 causam
769 608 991 652 generationis
1011 616 1044 641 et
1062 608 1202 642 modum
1209 620 1219 648 3
1239 620 1288 640 se-

217 651 328 686 cundo
344 651 451 685 reddit
467 663 600 685 causam
614 651 786 686 cuiusdam
799 651 976 686 accidentis
989 651 1076 693 halo,
1090 652 1148 685 ibi:
1165 652 1220 686 Sae
1246 653 1288 685 'us

216 697 345 731 autem*
358 705 418 730 etc.
437 697 548 730 Prima
564 698 683 730 iterum
700 697 734 730 in
753 705 833 730 tres:
882 698 967 730 rimo
985 696 1129 730 ostendit
1149 708 1205 730 mo
1230 708 1288 729 um

239 742 438 776 enerationis
461 740 557 782 halo;
581 740 729 775 secundo
749 708 894 775 ostendit
918 753 1051 774 causam
1066 741 1189 785 figurae
1206 741 1287 781 eius,

215 798 227 820 1
249 787 276 820 i:
307 786 446 831 Undique
468 792 569 820 autem
583 787 602 807 ’⁸‘
624 794 698 826 etc.;
722 786 818 830 tertio
843 785 988 820 ostendit
1011 797 1144 819 causam
1168 784 1288 819 coloris

215 830 315 872 illius,
330 830 392 864 ibi:
413 829 539 876 Oportet
554 836 655 864 autem
665 831 684 851 *
699 838 760 863 etc.
779 831 954 871 Quantum
971 830 1011 864 ad
1027 831 1173 875 primum
1189 830 1290 874 igitur

239 876 326 909 rimo
349 875 529 920 praemittit
552 875 773 908 intentionem
789 887 894 908 suam.
919 875 961 909 Et
978 875 1056 909 dicit
1072 874 1162 920 quod
1179 874 1288 919 primo

239 919 394 954 “cendum
418 928 468 953 est
484 919 524 955 de
540 919 616 953 halo
633 928 666 953 et
683 918 723 953 de
745 919 851 964 figura
875 920 945 953 eius
969 920 1003 953 in
1027 919 1172 964 speciali,
1188 930 1288 964 quare

211 963 340 999 scilicet
363 963 401 998 fit
424 964 589 998 circularis
612 963 737 1008 figurae
750 990 759 1005 ,
790 973 823 998 et
849 973 962 997 utrum
985 963 1042 997 fiat
1070 965 1154 997 circa
1182 963 1288 997 solem

215 1017 250 1044 et
264 1008 390 1050 lunam,
407 1018 439 1043 et
455 1008 604 1042 similiter
628 1009 712 1042 circa
736 1008 799 1042 alia
821 1017 918 1050 astra,
942 1017 976 1042 et
990 1019 1059 1042 non
1075 1020 1115 1042 ex
1131 1007 1288 1052 opposito

215 1053 270 1088 vel
285 1065 326 1087 ex
340 1053 440 1087 latere
457 1053 612 1087 alicuius:
631 1054 708 1099 quia
723 1052 839 1087 eadem
856 1062 905 1087 est
920 1053 1003 1086 ratio
1020 1052 1060 1086 de
1077 1052 1242 1086 omnibus.

274 1107 304 1131 2.
322 1097 478 1132 Secundo
502 1097 564 1131 ibi:
588 1098 640 1132 Fit
654 1097 774 1143 quidem
796 1098 890 1142 igitur
905 1106 978 1138 etc.,
996 1098 1073 1142 quia
1096 1096 1172 1130 halo
1190 1108 1230 1140 ap
1257 1107 1288 1128 a-

215 1151 267 1177 ret
289 1153 329 1176 ex
351 1142 546 1179 refractione
561 1143 652 1177 visus
676 1143 875 1176 consistente
898 1153 1023 1186 vapore
1038 1140 1092 1174 vel
1108 1152 1192 1180 aere,
1212 1141 1222 1173 i
1248 1151 1288 1173 eo

199 1186 625 1232 ‚Philosophussdeclarass
653 1186 826 1232 quomodo
849 1198 884 1220 se
908 1185 1026 1220 habeat
1048 1196 1153 1237 vapor
1176 1184 1289 1217 huius-

215 1231 310 1266 modi
333 1243 352 1265 a
375 1243 444 1276 quo
467 1231 504 1264 fit
527 1230 688 1265 refractio.
706 1231 748 1265 Et
764 1230 843 1264 dicit
866 1230 957 1275 quod
973 1229 1124 1264 refracno
1147 1230 1238 1262 visus
1255 1230 1288 1261 in

215 1275 478 1322 apparitionibus
501 1275 578 1309 halo
601 1275 639 1309 fit
662 1287 680 1309 a
703 1287 744 1309 va
770 1286 827 1308 ore
851 1274 904 1308 vel
928 1286 1016 1316 aere,
1045 1273 1130 1308 idest
1152 1273 1191 1307 ab
1216 1286 1289 1311 aere

215 1331 395 1366 vaporoso,
412 1321 599 1364 ingrossato
623 1332 642 1354 a
665 1287 784 1364 frigido
808 1320 844 1352 in
866 1318 990 1352 nubem
1020 1327 1154 1352 tenuem
1178 1330 1290 1362 parva-

215 1376 292 1400 rum
304 1373 338 1399 et
351 1377 386 1398 re
434 1364 553 1398 larium
567 1365 720 1416 partium.
734 1363 776 1398 Et
790 1363 855 1397 hoc
867 1362 1054 1396 manifestat
1066 1374 1125 1407 per
1141 1363 1288 1407 signum:

217 1410 296 1456 quia
317 1410 346 1444 si
370 1410 380 1443 i
406 1421 424 1443 e
446 1420 552 1454 vapor
568 1421 602 1442 m
626 1420 694 1461 quo
719 1416 854 1452 apparet
874 1406 962 1448 halo,
979 1408 1194 1451 ingrossetur‚
1211 1418 1290 1443 tunc

217 1462 268 1489 est
290 1455 424 1499 signum
447 1453 596 1498 pluviae;
620 1465 648 1486 Sl
672 1461 783 1486 autem
800 1451 998 1486 distrahatur
1021 1460 1054 1485 et
1075 1451 1289 1496 disgregetur,

216 1508 299 1535 tunc
321 1507 372 1534 est
395 1499 528 1543 signum
550 1498 660 1538 venti;
684 1497 711 1530 si
734 1507 814 1530 vero
845 1504 1019 1529 evanescat
1042 1504 1074 1529 et
1097 1499 1290 1531 extermine-

206 1553 282 1587 .tur,
298 1552 379 1578 tunc
403 1551 453 1577 est
476 1543 609 1586 signum
634 1541 826 1575 serenitatis.
843 1539 965 1574 Probat
987 1548 1098 1574 autem
1122 1542 1289 1585 primum:

217 1589 296 1636 quia
315 1588 388 1622 talis
412 1586 612 1631 ingrossatio
629 1586 763 1630 vaporis
788 1584 932 1619 ostendit
954 1585 1146 1618 continuam
1169 1587 1289 1631 inspis-

217 1634 382 1668 sationem
397 1631 506 1672 nubis,
523 1642 624 1676 quam
646 1629 780 1664 tandem
800 1630 1022 1663 necessarium
1046 1638 1095 1662 est
1111 1631 1290 1674 permutari

217 1678 254 1713 in
275 1671 415 1723 aquam3
443 1684 476 1710 et
504 1683 640 1720 propter
674 1674 739 1708 hoc
771 1673 966 1708 huiusmodi
996 1673 1101 1707 nubes
1133 1676 1290 1709 continue

216 1721 304 1757 fiunt
325 1721 507 1766 nigriores,
532 1719 750 1764 quoadusque
773 1718 914 1752 finaliter
937 1717 1101 1763 dispareat
1123 1718 1211 1753 halo.
1237 1719 1292 1753 Se-

217 1766 366 1802 cundum
384 1776 465 1799 vero
481 1763 723 1798 manifestatur:
741 1764 818 1808 quia
834 1762 888 1796 illa
905 1762 1072 1796 distractio
1096 1774 1165 1796 non
1181 1773 1292 1808 potest

217 1810 290 1847 fieri
312 1810 376 1844 nisi
395 1821 414 1843 a
429 1817 542 1850 vento,
559 1809 616 1853 qui
639 1808 705 1841 iam
721 1808 838 1852 incipit
859 1807 948 1841 flare.
964 1807 1004 1841 In
1027 1808 1161 1851 signum
1185 1809 1290 1849 cuius,

218 1854 353 1902 quando
377 1853 567 1888 distrahitur
589 1851 666 1886 halo
680 1877 689 1893 ,
715 1861 835 1886 ventus
859 1852 975 1896 incipit
997 1851 1168 1885 manifeste
1192 1864 1290 1897 appa-

217 1911 290 1935 rere
313 1910 354 1933 ex
376 1898 431 1932 illa
454 1906 545 1950 parte
569 1898 604 1930 in
623 1908 689 1942 qua
707 1897 853 1941 incoepit
876 1895 930 1929 illa
954 1895 1136 1938 distr-actim
1159 1908 1199 1930 ex
1223 1909 1290 1942 quo

242 1955 399 1979 ossumus
423 1951 523 1976 etiam
540 1940 750 1982 concludere,
767 1940 858 1986 quod
880 1949 999 1974 ventus
1021 1941 1112 1985 prius
1135 1940 1243 1982 flabat,
1260 1950 1292 1975 et

218 1955 419 2024 gisuahebat
441 1986 530 2027 halo,
546 1985 604 2019 sed
620 1985 772 2019 nondum
788 1994 856 2019 erat
879 1984 976 2018 nobis
998 1996 1152 2029 praesens
1176 1994 1208 2019 et
1224 1997 1292 2019 ma-

218 2027 377 2069 nffe'stus:
401 2031 455 2065 vel
477 2031 569 2083 prius
600 2029 699 2064 flabat
722 2030 756 2062 in
781 2029 851 2063 aliis
875 2029 1033 2074 partibus,
1059 2029 1118 2063 sed
1141 2029 1291 2063 nondum

219 2085 290 2113 erat
312 2086 468 2123 praesens
483 2074 530 2108 illi
555 2075 639 2119 parti
653 2074 688 2108 in
713 2085 777 2119 qua
795 2073 833 2107 fit
856 2073 944 2107 halo.
961 2073 1157 2107 Marcefacta
1181 2082 1292 2108 autem

219 2123 290 2157 sive
313 2131 513 2156 evanescens
537 2128 587 2153 est
610 2119 745 2163 signum
768 2119 968 2152 serenitatis:
994 2119 1070 2164 quia
1086 2130 1155 2152 non
1179 2119 1292 2152 distra-

209 2166 311 2201 hitur
331 2165 396 2200 nisi
413 2176 431 2198 a
455 2163 561 2198 calido
587 2163 795 2208 disgregante
809 2174 969 2207 vaporem
991 2162 1101 2204 nubis,
1121 2171 1154 2197 et
1168 2164 1215 2196 sic
1237 2175 1292 2197 aer

218 2211 275 2246 vel
295 2221 401 2256 vapor
427 2217 564 2254 propter
594 2207 658 2241 tale
683 2207 826 2241 calidum
856 2218 926 2240 non
957 2215 1068 2252 potest
1098 2207 1293 2241 condensari

219 2256 256 2291 in
277 2254 418 2294 nubem,
442 2265 483 2287 ex
505 2264 573 2298 quo
596 2252 633 2286 fit
657 2252 823 2286 serenitas.
850 2250 948 2286 Unde
971 2251 1177 2297 relinquitur,
1201 2251 1292 2296 quod

218 2299 299 2335 halo
313 2299 371 2333 fiat
386 2299 421 2332 in
436 2297 524 2331 nube
540 2297 632 2330 tenui
653 2305 686 2330 et
702 2296 836 2330 densata
852 2308 870 2329 a
890 2295 1022 2340 frigido,
1039 2301 1077 2330 ut
1092 2295 1217 2330 dictum
1233 2305 1291 2330 est.

279 2354 309 2388 3.
325 2342 456 2378 Deinde
473 2353 550 2375 cum
563 2341 659 2375 dicit:
675 2341 874 2392 Refrangitur
885 2347 986 2374 autem
1001 2352 1022 2374 a
1037 2341 1207 2375 consistente
1221 2349 1293 2382 etc„

221 2387 369 2423 ostendit
384 2386 558 2432 quomodo
581 2394 615 2419 et
633 2385 772 2430 quahter
790 2397 824 2418 se
848 2385 988 2419 habente
1005 2385 1092 2419 nube
1109 2384 1293 2419 secundum

221 2433 425 2479 positionem
453 2430 494 2464 ad
524 2439 650 2464 astrum
678 2429 725 2463 ful
751 2429 860 2470 ‘dum,
883 2429 941 2463 fiat
962 2429 1123 2463 refractio.
1148 2430 1190 2463 Et
1216 2429 1295 2463 dicit

221 2476 315 2524 quod
329 2477 421 2511 visus
437 2474 634 2519 refrangitur
656 2486 675 2508 a
691 2486 728 2508 ca
742 2475 750 2507 i
776 2475 829 2508 ine
853 2474 1011 2507 existente
1028 2475 1112 2507 inter
1135 2475 1246 2518 ipsum
1262 2482 1295 2507 et

222 2521 328 2557 solem
344 2520 398 2555 vel
413 2520 538 2561 lunam,
555 2528 588 2553 et
603 2527 738 2564 propter
777 2530 818 2552 oc
833 2529 902 2551 non
919 2527 1054 2563 apparet
1069 2530 1108 2552 ex
1125 2530 1146 2551 ο
1172 2519 1294 2563 posito,

222 2567 310 2601 sicut
332 2566 399 2606 iris,
415 2576 499 2609 quae
524 2572 660 2609 apparet
683 2564 718 2596 in
740 2562 829 2596 nube
853 2564 1008 2608 opposita
1024 2562 1087 2596 soli
1110 2575 1150 2596 ve
1187 2563 1295 2603 lunae,

221 2611 297 2645 visu
320 2610 479 2644 existente
502 2609 538 2642 in
560 2608 683 2649 medio,
700 2619 762 2641 nec
785 2608 884 2641 etiam
909 2616 1044 2652 apparet
1067 2619 1107 2641 ex
1130 2607 1295 2648 lateribus,

223 2655 310 2689 sicut
331 2654 442 2698 virgae
466 2661 500 2686 et
522 2652 647 2697 parelii.
664 2672 684 2678 -
707 2652 761 2685 Ad
785 2652 880 2685 cuius
911 2651 1162 2696 intelligentiam
1186 2652 1295 2685 consi-

223 2698 406 2734 derandum
429 2705 500 2737 est,
520 2696 612 2741 quod
635 2697 670 2729 in
693 2697 899 2740 apparitione
923 2696 999 2730 halo
1023 2697 1108 2729 inter
1129 2697 1239 2729 visum
1263 2705 1296 2729 et

223 2752 349 2778 astrum
372 2741 495 2775 mediat
518 2740 623 2774 nubes
645 2741 766 2781 tenuis,
783 2752 801 2773 a
825 2752 890 2784 qua
909 2740 947 2774 fit
969 2740 1130 2781 refractio,
1146 2741 1191 2773 ita
1228 2740 1296 2774 uod

223 2796 349 2822 astrum
370 2785 502 2820 videtur
534 2796 593 2830 per
616 2785 722 2829 ipsam
730 2797 740 2826 ;
766 2793 902 2829 propter
930 2784 1021 2829 quod
1045 2785 1144 2817 etiam
1166 2752 1297 2818 videtur

223 2833 259 2867 in
277 2831 393 2866 eadem
417 2829 590 2874 superficie
606 2841 683 2862 cum
707 2830 792 2873 ipsa:
818 2829 894 2874 quia
914 2828 1047 2874 quando
1071 2828 1206 2873 aliquod
1223 2840 1296 2862 cor-

223 2888 288 2922 pus
302 2883 469 2910 remotum
485 2874 616 2908 videtur
634 2885 693 2918 per
716 2873 851 2918 aliquod
867 2885 988 2918 corpus
1008 2872 1156 2906 medium
1173 2873 1296 2906 distans

224 2932 244 2955 a
265 2922 362 2961 visu,
390 2928 470 2953 tunc
493 2919 660 2952 obiectum
684 2917 814 2951 videtur
837 2929 908 2951 esse
939 2917 1039 2951 simul
1063 2929 1140 2950 cum
1163 2917 1296 2958 medio,

247 2965 303 2999 uia
324 2966 416 2998 visus
433 2973 569 3010 propter
592 2962 780 2996 distantiam
797 2963 1130 3007 improportionatam
1150 2961 1211 2995 sibi
1227 2973 1297 2995 non

249 3009 382 3043 ‘iudicat
397 3009 619 3043 remotionem
635 3008 734 3040 unius
751 3006 790 3040 ab
808 3006 921 3040 altero.
937 3007 979 3040 Et
1002 3015 1138 3051 propter
1158 3005 1297 3039 eandem

225 3065 358 3088 causam
393 3065 515 3098 corpus
549 3051 759 3096 sphaericum
794 3063 813 3085 a
843 3052 979 3084 remotis
1018 3051 1128 3084 visum
1168 3061 1298 3094 semper

224 3106 360 3150 apparet
382 3098 498 3143 planae
522 3096 718 3141 superficiei,
757 3096 812 3129 uia
838 3096 929 3129 visus
953 3104 1089 3140 propter
1112 3095 1297 3146 impropor-

224 3151 385 3177 nonatam
409 3142 608 3182 distantiam,
635 3141 721 3174 sicut
763 3141 865 3174 ictum
889 3149 948 3180 est,
972 3151 1042 3173 non
1069 3139 1226 3173 diiudicat
1249 3139 1298 3172 di-

185 3209 197 3214 -
225 3188 391 3228 stantiam,
407 3199 516 3232 neque
538 3185 679 3230 figuram
702 3187 720 3206 *
742 3194 775 3218 et
798 3185 979 3218 maximum
1004 3183 1165 3217 circulum
1189 3184 1269 3216 eius.

281 3242 314 3275 4.
330 3231 460 3265 Deinde
477 3242 555 3264 curn
571 3230 669 3264 dicit:
692 3230 831 3274 Undique
843 3235 943 3262 autem
957 3229 1095 3262 similiter
1106 3236 1178 3268 etc.,
1191 3236 1298 3260 osten-

225 3276 275 3310 dit
297 3287 381 3320 quae
405 3277 448 3309 sit
469 3275 575 3319 figura
598 3274 686 3307 halo.
713 3274 755 3307 Et
778 3273 857 3307 dicit
881 3272 971 3317 quod
995 3271 1082 3305 nube
1111 3272 1157 3304 sic
1182 3283 1216 3304 se
1240 3271 1297 3304 ha-

225 3319 323 3354 bente
346 3329 384 3353 ut
407 3320 532 3354 dictum
557 3327 616 3360 est,
635 3329 769 3352 necesse
794 3326 843 3350 est
862 3316 953 3361 quod
976 3315 1049 3349 talis
1068 3315 1218 3348 refractio
1241 3315 1298 3348 fiat

225 3364 410 3398 secundum
433 3363 609 3404 circulum3
633 3371 666 3396 et
698 3362 773 3395 ideo
797 3372 931 3394 necesse
962 3369 1011 3393 est
1034 3359 1111 3393 halo
1135 3371 1206 3392 esse
1238 3360 1296 3391 cir-

226 3408 362 3450 culum,
389 3409 416 3441 si
439 3408 544 3441 nubes
568 3408 611 3440 sit
643 3407 799 3440 continua
823 3414 856 3439 et
885 3404 1064 3448 regularis,
1094 3403 1148 3436 vel
1171 3411 1297 3447 partem

226 3452 339 3486 circuli
365 3453 392 3486 si
415 3453 520 3486 nubes
545 3453 587 3485 sit
603 3451 812 3484 discontinua
835 3458 867 3482 et
883 3448 1077 3492 irregularis.
1096 3447 1201 3487 Quod
1225 3448 1296 3491 qui-

227 3497 304 3531 dem
326 3497 420 3530 facile
444 3506 493 3530 est
516 3495 666 3540 probare,
683 3496 710 3528 si
727 3504 956 3538 supponamus
980 3491 1163 3525 secundum
1177 3492 1296 3524 verita-

227 3549 295 3574 tem
319 3541 410 3586 quod
432 3540 637 3584 refrangatur
653 3539 831 3578 obiectum,
847 3549 915 3570 non
939 3537 1040 3569 visus.
1056 3536 1145 3570 Nam
1169 3534 1296 3568 visibile

226 3585 504 3630 producitradios
522 3596 600 3618 suos
617 3582 878 3628 pyramidaliter:
900 3582 993 3614 cuius
1013 3579 1193 3624 pyramidis
1210 3578 1296 3612 basis

2325 239 2411 265 XCIII

1342 308 1392 332 est
1415 300 1449 332 in
1473 300 1547 344 ipso
1571 300 1712 341 obiecto,
1730 312 1834 334 conus
1857 313 1937 335 vero
1957 302 2136 346 pyramidis
2160 304 2353 337 terminatur
2368 304 2410 338 ad

1341 344 1451 376 visum
1475 345 1502 377 si
1526 343 1607 378 radii
1630 345 1696 378 sint
1710 346 1801 386 recti,
1820 345 1873 379 vel
1897 346 1924 379 si
1948 347 2014 379 sint
2030 346 2157 380 refracti
2182 359 2285 381 conus
2309 357 2359 381 est
2374 349 2409 382 in

1342 397 1467 432 puncto
1490 388 1705 430 refracfionis,
1722 389 1798 423 licet
1813 391 1856 423 sit
1874 391 1979 434 magis
1996 390 2150 432 obtusus;
2167 392 2200 425 in
2216 392 2281 425 fine
2297 401 2408 426 autem

1342 432 1521 483 pyramidis
1546 444 1677 477 semper
1707 445 1724 466 a
1773 443 1841 467 aret
1869 434 1974 478 figura
2005 435 2120 468 similis
2152 436 2299 477 obiecto,
2324 437 2410 470 sicut

1342 477 1541 553 exlperientia
1564 485 1710 511 testatur.
1763 490 1821 511 um
1844 478 1954 519 etiam,
1972 479 2049 523 quia
2072 490 2172 512 omne
2193 492 2292 524 agens
2315 490 2409 514 natu-

1342 532 1376 553 ra
1391 521 1451 554 iter
1466 521 1626 565 imprimit
1641 534 1735 556 suam
1752 522 2000 556 similitudinem
2020 524 2054 556 in
2073 535 2207 568 passum
2225 524 2408 559 secundum

1343 576 1414 598 esse
1438 564 1630 609 perfectum,
1653 567 1716 600 nisi
1745 567 1960 611 impediatur;
1986 579 2063 600 cum
2087 569 2186 612 igitur
2215 577 2339 602 astrum
2367 570 2409 602 sit

1343 609 1507 642 circularis
1530 609 1671 653 figurae,
1695 612 1765 644 eius
1789 611 1970 645 similitudo
1995 613 2154 657 impressa
2179 621 2251 646 tum
2278 614 2312 646 in
2337 613 2409 646 cali-

1342 653 1419 696 gine
1442 662 1514 686 tum
1538 655 1637 687 etiam
1657 656 1691 688 in
1708 655 1819 697 oculo,
1835 657 1896 689 erit
1918 655 2042 700 figurae
2059 656 2234 690 circularis.
2252 656 2317 691 Sed
2337 658 2409 691 Ari·
2447 691 2451 693 ,

1343 696 1477 730 stoteles
1500 697 1554 730 hic
1569 709 1638 731 non
1662 701 1780 744 accipit
1795 709 1919 734 astrum
1939 701 1973 734 in
1989 700 2158 734 alterando
2181 700 2333 745 refrangi,
2350 701 2408 735 sed

1342 742 1451 792 visum
1466 766 1474 781 ‚
1502 742 1587 775 sicut
1610 742 1735 776 dictum
1759 753 1809 778 est
1831 746 1942 789 prius,
1968 756 2038 778 non
2061 745 2196 790 quidem
2224 745 2407 779 secundum

1342 785 1472 819 radium
1488 786 1802 830 perpendicularem,
1814 789 1872 823 sed
1887 789 2071 823 secundum
2084 789 2194 824 radios
2207 789 2407 824 declinantes

1343 842 1362 863 a
1385 830 1656 874 perpendiculari.

1399 875 1619 919 Assumptum
1641 887 1720 910 vero
1744 877 1791 909 sic
1814 877 1930 921 probat
1953 889 2012 922 per
2041 878 2203 912 rationem
2225 878 2406 912 mathema-

1342 918 1483 952 ticalem.
1500 919 1595 953 Radii
1619 921 1676 964 qui
1700 932 1736 954 ae
1761 920 1877 955 ualiter
1900 921 2020 955 distant
2043 934 2061 956 a
2083 921 2355 967 perpendiculari,
2376 931 2409 956 et

1342 962 1574 1007 refranguntur
1589 963 1630 997 ad
1653 976 1739 1008 angu
1754 976 1791 998 os
1807 965 1969 1010 aequales,
1986 965 2139 1000 facientes
2163 966 2287 1000 scilicet
2306 978 2408 1011 angu-

1343 1006 1393 1041 los
1418 1007 1569 1052 aequales
1593 1008 1628 1041 in
1675 1018 1776 1042 uncto
1800 1009 2017 1051 refractionis‚
2038 1010 2162 1044 faciunt
2184 1009 2324 1054 figuram
2348 1011 2408 1044 cir-

1344 1051 1488 1085 cularem
1498 1064 1507 1093 ;
1524 1052 1582 1086 sed
1605 1020 1686 1086 radii
1706 1053 1824 1097 quibus
1847 1054 1976 1087 videtur
1992 1054 2078 1095 halo,
2096 1066 2132 1088 ae
2157 1054 2273 1088 ualiter
2288 1054 2409 1088 distant

1343 1107 1361 1129 a
1385 1096 1657 1140 perpendiculari,
1681 1105 1714 1130 et
1735 1097 1963 1142 refranguntur
1987 1099 2020 1132 in
2045 1100 2171 1144 aequai
2196 1098 2347 1132 distantia
2367 1099 2408 1133 ad

1343 1140 1648 1184 perpendicularem
1673 1140 1713 1174 ad
1737 1153 1777 1174 an
1826 1141 1876 1175 los
1907 1143 2074 1187 aequales3
2099 1154 2178 1187 ergo
2201 1142 2324 1176 faciunt
2347 1144 2407 1176 cir-

1344 1184 1467 1217 culum.
1484 1185 1594 1218 Maior
1616 1193 1665 1218 est
1687 1153 1871 1220 manifielgta:
1898 1188 1973 1231 quia
1996 1195 2119 1220 astrum
2143 1187 2319 1232 aequaliter
2342 1188 2409 1231 agit

1343 1237 1376 1261 et
1399 1228 1564 1262 illuminat
1586 1238 1693 1273 partes
1729 1231 1902 1263 existentes
1926 1232 2009 1264 inter
2036 1240 2199 1265 extremos
2230 1231 2338 1265 radios
2362 1243 2409 1264 re-

1343 1272 1474 1313 fractos,
1492 1274 1568 1317 quia
1591 1273 1768 1318 aequaliter
1791 1274 1921 1308 distant.
1940 1275 2107 1308 Minorem
2129 1287 2209 1308 vero
2233 1275 2350 1319 probat
2373 1276 2408 1308 in

1343 1317 1491 1350 terminis
1516 1317 1748 1351 communibus
1765 1318 1829 1352 hoc
1852 1318 1966 1352 modo.
1985 1319 2034 1352 Sit
2049 1320 2079 1352 A
2102 1320 2192 1352 visus
2216 1320 2272 1364 qui
2289 1318 2407 1352 refran-

1344 1362 1442 1404 gitur,
1458 1362 1483 1394 B
1507 1370 1617 1394 autem
1633 1363 1675 1395 sit
1698 1371 1822 1395 astrum
1838 1363 1878 1396 ad
1895 1363 1984 1408 quod
1999 1363 2036 1396 fit
2051 1362 2201 1396 refractio
2225 1363 2407 1396 secundum

1344 1406 1509 1450 antiquos,
1526 1414 1558 1438 et
1581 1405 1788 1449 protrahatur
1810 1406 1895 1440 linea
1919 1407 2195 1451 perpendicularis
2216 1407 2254 1441 ab
2278 1408 2309 1441 A
2332 1408 2366 1440 in
2381 1408 2406 1441 B

1344 1461 1403 1493 per
1425 1449 1574 1483 medium
1597 1449 1743 1493 caliginis
1767 1450 1980 1494 refrangentis
2007 1452 2131 1493 visum,
2154 1452 2187 1484 in
2211 1460 2335 1496 puncto
2361 1452 2407 1492 C,

1345 1502 1377 1526 et
1398 1494 1569 1537 signentur
1591 1495 1652 1526 tria
1673 1503 1794 1538 puncta
1817 1507 1919 1539 aeque
1943 1495 2094 1528 distantia
2116 1507 2134 1528 a
2157 1496 2185 1529 C
2206 1497 2239 1528 in
2261 1495 2409 1540 periphe-

1344 1538 1402 1578 ria,
1422 1538 1490 1570 sive
1515 1537 1786 1579 circumferentia,
1809 1539 1917 1579 nubis,
1937 1539 2060 1573 scilicet
2084 1539 2114 1573 G
2131 1541 2161 1573 D
2179 1541 2215 1579 Z,
2231 1541 2265 1573 in
2289 1540 2407 1584 quibus

1344 1580 1540 1626 franguntur
1562 1581 1642 1615 radii
1661 1582 1819 1616 luminosi
1843 1583 1883 1616 ad
1899 1583 2019 1616 lineam
2042 1583 2355 1628 perpendicularem,
2376 1593 2408 1617 et

1345 1634 1546 1659 concurrunt
1568 1627 1601 1659 in
1618 1636 1742 1670 puncto
1759 1628 1799 1660 A.
1816 1627 1915 1661 Tunc
1932 1627 1975 1661 ibi
1993 1628 2218 1672 intelliguntur
2234 1637 2297 1661 tres
2314 1629 2409 1661 trian-

1391 1669 1414 1703 li
1437 1670 1591 1710 maiores,
1607 1670 1730 1704 scilicet
1748 1671 1849 1712 AGB,
1866 1673 1954 1706 ADB
1972 1681 2004 1705 et
2018 1673 2112 1713 AZB,
2128 1673 2184 1717 qui
2200 1681 2276 1705 sunt
2291 1684 2408 1716 aequa-

1357 1726 1403 1755 es,
1420 1723 1457 1747 ut
1478 1723 1590 1766 potest
1612 1715 1780 1759 practicari
1804 1727 1862 1760 per
1885 1717 2128 1760 propositiones
2152 1716 2408 1755 mathematicas,

1346 1767 1378 1792 et
1401 1770 1542 1792 mamme
1567 1771 1626 1803 per
1650 1768 1799 1804 quartam
1815 1761 1913 1804 primi
1937 1760 2096 1794 Euclidis:
2115 1772 2197 1805 quae
2219 1760 2296 1793 dicit
2319 1760 2409 1805 quod

1346 1803 1490 1837 duorum
1514 1803 1776 1847 triangulorum,
1806 1816 1949 1849 quorum
1980 1804 2047 1838 duo
2078 1805 2176 1838 latera
2210 1805 2308 1837 unius
2333 1813 2410 1837 sunt

1346 1846 1494 1892 aequalia
1518 1847 1648 1881 duobus
1665 1847 1818 1882 lateribus
1835 1848 1977 1889 alterius,
1995 1858 2027 1882 et
2051 1849 2117 1882 duo
2145 1848 2255 1892 anguli
2279 1848 2409 1882 duobus

1346 1891 1486 1936 anguliS,
1506 1892 1567 1925 toti
1583 1892 1666 1925 trian
1714 1892 1736 1925 li
1753 1901 1848 1926 erunt
1864 1905 1900 1926 ae
1926 1893 2026 1926 uales.
2043 1894 2215 1926 Ducantur
2233 1893 2332 1936 igitur
2346 1901 2409 1925 tres

1345 1936 1451 1969 lineae
1474 1947 1532 1980 per
1557 1936 1674 1970 endicu
1690 1948 1759 1970 ares
1783 1949 1882 1982 super
1922 1939 2028 1970 ineam
2051 1938 2107 1971 AB
2135 1936 2175 1970 ad
2198 1946 2358 1981 punctum
2381 1937 2409 1970 C

1346 1980 1385 2014 ab
1409 1979 1473 2013 illis
1489 1948 1591 2014 trifius
1608 1982 1738 2026 punctis
1756 1981 1787 2015 G
1800 1982 1830 2015 D
1844 1983 1867 2015 Z
1886 1983 1919 2015 in
1939 1981 2121 2026 peripheria
2144 1980 2240 2014 nubis
2262 1981 2409 2025 signatis:

1346 2034 1426 2058 tunc
1449 2026 1696 2059 constituuntur
1727 2035 1791 2059 tres
1825 2027 1917 2070 parvi
1945 2025 2120 2070 trianguli,
2147 2025 2270 2058 scilicet
2292 2025 2409 2064 AGC,

1346 2069 1441 2103 ADC
1466 2078 1499 2102 et
1521 2069 1619 2110 AZC,
1637 2079 1669 2103 et
1684 2070 1737 2103 isti
1761 2070 1914 2114 trianguli
1938 2071 2036 2104 etiam
2056 2078 2133 2103 sunt
2148 2069 2309 2114 aequaleS,
2326 2070 2411 2102 sicut

1370 2113 1478 2147 robari
1498 2122 1607 2157 potest
1621 2125 1679 2158 per
1697 2114 1835 2148 eandem
1852 2123 2009 2159 quartam,
2027 2123 2059 2147 et
2073 2125 2131 2158 per
2147 2122 2295 2147 octavam
2312 2114 2410 2157 primi

1346 2125 1504 2192 Euclidis.
1522 2157 1587 2191 Sed
1604 2159 1683 2191 istae
1698 2167 1762 2192 tres
1778 2158 1882 2192 lineae
1902 2159 2067 2193 ducuntur
2084 2158 2203 2191 directe
2219 2169 2258 2191 ex
2275 2157 2409 2191 diversis

1346 2201 1493 2254 partibus
1512 2202 1546 2235 in
1570 2202 1712 2236 eundem
1731 2212 1903 2247 punctum,
1920 2212 1952 2236 et
1968 2211 2044 2236 sunt
2085 2202 2172 2235 lures
2193 2213 2292 2246 quam
2311 2201 2408 2234 duae:

1346 2247 1447 2291 igitur
1469 2245 1542 2279 talis
1566 2255 1708 2291 punctus
1733 2256 1782 2280 est
1798 2256 1947 2280 centrum
1971 2214 2094 2287 cinnii,
2114 2255 2146 2280 et
2169 2246 2255 2279 linea
2273 2254 2409 2289 tangens

1347 2291 1566 2325 extremitates
1590 2290 1719 2324 illarum
1734 2291 1893 2325 linearum
1918 2293 1978 2325 erit
1994 2291 2144 2331 circulus,
2163 2299 2201 2323 ut
2224 2290 2302 2323 dicit
2324 2291 2411 2333 vige-

1347 2335 1524 2369 simatertia
1547 2336 1733 2380 propositio
1758 2337 1842 2369 tertii
1866 2335 2020 2370 Euclidis.
2041 2336 2083 2369 Et
2106 2335 2167 2368 ista
2189 2335 2294 2378 magis
2322 2342 2411 2378 pate-

1347 2380 1430 2414 bunt
1453 2379 1487 2412 in
1511 2381 1661 2424 sequenti
1684 2379 1798 2424 figura.
2341 2393 2348 2398 ·

1409 3103 1438 3136 5.
1458 3093 1586 3127 Deinde
1622 3103 1698 3125 cum
1729 3091 1822 3124 dicit:
1858 3090 1888 3124 Ο
1908 3096 1981 3124 ortet
2014 3096 2113 3122 autem
2143 3088 2303 3132 intelligere
2330 3096 2412 3128 etc.,

1353 3138 1547 3172 determinat
1571 3136 1610 3169 de
1635 3135 1744 3169 colore
1768 3135 1854 3168 halo.
1905 3143 1917 3167 t
1941 3134 2018 3167 dicit
2041 3133 2131 3178 quod
2154 3134 2188 3166 in
2211 3132 2298 3165 nube
2329 3131 2413 3164 clara

1351 3191 1383 3215 et
1400 3181 1520 3222 subtili,
1538 3192 1621 3225 quae
1636 3181 1750 3223 incipit
1767 3179 1912 3212 converti
1929 3179 1962 3211 in
1979 3189 2097 3222 aquam
2118 3186 2150 3210 et
2169 3176 2287 3210 dicitur
2309 3175 2413 3209 nubes

1350 3225 1469 3266 rorida,
1486 3226 1520 3258 in
1537 3236 1601 3269 qua
1617 3232 1751 3268 apparet
1767 3223 1854 3264 halo,
1867 3231 1943 3255 sunt
1958 3221 2117 3267 quaedam
2132 3232 2249 3265 parvae
2266 3219 2413 3264 guttulae

1351 3269 1564 3303 indivisibiles
1588 3267 1771 3301 secundum
1787 3278 1932 3307 sensum,
1949 3278 2032 3311 quae
2052 3274 2129 3298 sunt
2147 3276 2247 3309 parva
2269 3264 2412 3309 specula,

1351 3315 1384 3347 in
1409 3313 1527 3358 quibus
1559 3321 1692 3356 apparet
1726 3320 1854 3344 tantum
1883 3310 1975 3343 color
2005 3310 2151 3354 corporis
2181 3309 2318 3349 obiecti,
2345 3319 2414 3341 non

1350 3358 1470 3401 figura:
1487 3369 1527 3390 ex
1543 3368 1610 3401 quo
1628 3357 1662 3389 in
1676 3355 1738 3389 illis
1758 3355 1856 3388 simul
1872 3355 2011 3398 sumptis
2028 3362 2162 3398 apparet
2178 3352 2280 3394 color,
2292 3354 2413 3386 mixtus

1351 3414 1391 3435 ex
1414 3401 1539 3434 lumine
1563 3400 1673 3433 stellae
1697 3409 1729 3433 et
1752 3399 1862 3433 colore
1885 3398 1981 3432 nubis
2005 3410 2023 3431 a
2047 3409 2111 3442 qua
2134 3397 2171 3430 fit
2190 3397 2351 3431 refractio.
2373 3397 2414 3430 Et

1351 3446 1415 3479 hoc
1438 3445 1525 3486 ideo,
1568 3445 1622 3477 uia
1644 3443 1748 3477 nubes
1771 3455 1840 3477 non
1864 3452 1913 3476 est
1936 3442 2107 3487 speculum
2131 3453 2269 3486 purum:
2286 3453 2363 3474 nam
2386 3442 2413 3473 si

1352 3498 1438 3523 esset
1460 3500 1560 3533 specu
1575 3500 1632 3521 um
1672 3500 1781 3529 urum,
1800 3499 1869 3521 non
1885 3487 2067 3520 admixtum
2090 3486 2181 3519 alteri
2198 3485 2312 3526 colori,
2332 3496 2413 3529 pure

1351 3541 1587 3578 representaret
1611 3544 1650 3566 co
1665 3544 1756 3566 orem
1792 3531 1920 3565 obiecti.
1947 3532 1989 3564 Et
2019 3531 2096 3575 quia
2120 3530 2211 3563 color
2242 3530 2333 3563 albus
2365 3537 2414 3562 est

1352 3578 1570 3622 propinquior
1593 3576 1711 3610 lumini
1734 3576 1837 3621 ipsius
1857 3575 1978 3616 stellae,
1995 3574 2070 3609 ideo
2094 3575 2129 3608 in
2145 3574 2199 3608 illa
2222 3583 2313 3618 parte
2337 3572 2412 3606 halo
