2690 4062
82 425 91 434 ³
109 423 179 446 Num.
192 429 239 451 seq.

79 779 89 788 ·
108 783 155 799 non
173 778 289 805 possibile

78 804 146 826 peab.

77 831 114 878 Σὺ
122 836 169 852 non
189 831 243 852 add.
261 836 289 852 pc

74 1082 230 1129 {fener-‘Ilum
237 1087 285 1103 om.

73 1135 81 1143 '
95 1134 235 1161 priusquam
249 1134 284 1155 ita

64 1160 149 1188 fuerit
162 1160 196 1182 Pb.

69 1477 81 1488 ⁸
103 1477 167 1505 quod
193 1477 282 1499 scilicet

70 1509 119 1525 om.
134 1510 172 1525 ca.

323 262 406 286 LVIII

321 327 437 371 repetit
459 324 657 370 praedictam
681 324 918 369 quaestionem,
935 331 971 355 ut
994 322 1110 355 melius
1135 332 1207 354 eam
1231 320 1380 354 declaret.

321 371 363 404 Et
387 371 470 403 circa
492 369 556 402 hoc
580 369 647 402 duo
671 368 763 401 facit:
788 369 896 411 primo
920 367 1014 411 ponit
1031 378 1121 406 eam;
1146 364 1292 398 secundo
1313 363 1381 415 ⁸sol-

320 415 367 447 vit
390 425 480 454 eam,
504 413 566 446 ibi:
590 413 658 446 Aut
678 424 739 446 non
761 412 857 445 adhuc
876 411 892 428 *
913 420 973 444 etc.
1000 410 1140 450 Quaerit
1168 419 1248 453 ergo
1271 419 1381 451 pr1mo

320 467 431 491 utrum
448 458 559 491 omnia
583 469 666 502 quae
689 464 894 500 generantur,
912 456 977 487 sint
995 453 1070 486 talia
1095 452 1186 497 quod
1210 464 1250 485 ex
1265 463 1379 485 neces-

319 503 412 535 sitate
436 510 646 545 generentur,
670 509 726 533 aut
748 511 817 532 non
841 508 917 531 sunt
939 498 1015 531 talia
1039 497 1166 537 omnia,
1191 495 1248 529 sed
1272 495 1381 540 aliqua

320 547 564 590 contingenter,
589 554 620 578 et
651 543 810 588 quaedam
840 542 1041 581 necessario,
1066 542 1109 574 ita
1142 540 1265 573 scilicet
1289 539 1380 584 quod

319 591 360 623 sit
383 591 467 623 sicut
489 591 524 622 in
546 589 661 628 rebus,
689 587 778 632 quod
807 586 966 631 quaedam
994 594 1072 618 sunt
1100 585 1324 628 contingentia
1348 592 1380 617 et

318 633 486 678 possibilia
509 645 577 666 non
601 644 688 672 esse,
716 640 748 664 et
771 630 931 675 quaedam
953 640 1087 662 necesse
1116 637 1165 662 est
1189 628 1380 672 simpliciter

318 690 388 711 esse
408 690 489 722 quae
506 676 706 720 impossibile
723 684 772 708 est
787 685 854 707 non
875 683 962 707 esse:
988 684 1028 706 an
1045 674 1089 706 ita
1105 681 1154 706 est
1178 673 1261 705 circa
1284 684 1381 716 gene-

316 731 492 762 rationem,
516 720 605 765 quod
629 719 788 764 quaedam
818 718 1001 751 necessario
1025 725 1222 761 generentur
1245 716 1379 761 quibus-

317 766 391 799 dam
414 766 595 809 generatis,
619 773 651 797 et
681 762 840 807 quaedam
863 761 1019 806 possibile
1046 771 1115 794 non
1138 761 1154 778 *
1176 761 1324 805 generari
1347 760 1379 778 **

315 810 474 853 generatis
498 809 570 842 illis.
595 807 694 841 Verbi
717 807 839 850 gratia,
870 807 898 838 si
922 815 970 839 est
1001 817 1133 839 necesse
1159 805 1230 838 fieri
1259 816 1378 839 conver-

314 854 423 894 siones,
448 853 530 886 idest
554 863 629 885 cum
651 851 820 884 videamus
845 849 935 895 quod
964 850 1198 890 universaliter,
1221 858 1377 893 generato

315 897 497 942 posteriori,
521 907 653 929 necesse
676 896 718 928 sit
747 903 939 938 generatum
963 895 1053 945 prius
1077 905 1159 934 esse,
1176 905 1217 926 an
1244 905 1377 926 necesse

314 942 356 974 sit
378 951 578 980 econverso,
602 939 724 972 scilicet
746 947 900 982 generato
924 949 1034 982 priore
1057 949 1190 971 necesse
1214 938 1256 970 sit
1279 949 1376 981 gene-

314 985 375 1018 rari
398 985 569 1028 posterius.
600 983 700 1016 Verbi
723 983 842 1026 gratia,
873 994 935 1015 nos
965 982 1115 1016 videmus
1147 981 1237 1027 quod
1265 982 1293 1014 si
1318 981 1376 1015 do-

313 1040 385 1061 mus
413 1037 461 1062 est
487 1036 648 1072 generata,
671 1038 804 1060 necesse
831 1035 880 1060 est
905 1026 1157 1060 fundamentum
1181 1037 1251 1059 esse
1274 1037 1374 1069 gene-

312 1081 432 1113 ratum,
457 1081 488 1105 et
511 1073 538 1104 si
561 1071 812 1105 fundamentum
836 1079 884 1104 est
907 1079 1100 1114 generatum
1121 1070 1152 1111 *‚
1176 1082 1308 1103 necesse
1326 1079 1375 1103 est

311 1117 400 1161 prius
423 1117 442 1136 '³‘
464 1124 654 1160 generatum
670 1115 769 1148 fuisse
785 1115 908 1155 lutum3
938 1126 1133 1160 quaeramus
1158 1126 1237 1158 ergo
1262 1123 1374 1148 utrum

312 1169 527 1200 convertatur,
551 1159 642 1204 quod
665 1160 691 1192 si
708 1159 959 1193 fundamentum
983 1168 1032 1192 est
1054 1168 1258 1203 generatum,
1283 1159 1373 1203 quod

311 1205 407 1238 etiam
431 1204 549 1238 domus
573 1204 614 1237 sit
636 1212 806 1248 generata,
829 1203 882 1237 vel
905 1215 974 1236 non
999 1212 1215 1237 convertatur.

365 1258 394 1291 5.
419 1248 546 1281 Deinde
571 1259 647 1281 cum
671 1248 764 1281 dicit:
789 1249 856 1281 Aut
871 1259 931 1281 non
950 1256 1022 1288 etc.,
1047 1247 1146 1281 solvit
1165 1248 1371 1292 propositam

332 1293 546 1331 uaesdonem,
571 1292 681 1326 dicens
705 1292 795 1337 quod
814 1303 883 1325 non
903 1300 951 1324 est
967 1303 1100 1325 necesse
1118 1292 1371 1325 conversionem

332 1337 394 1377 eri,
423 1337 467 1369 ita
491 1336 580 1381 quod
604 1347 671 1369 uno
701 1345 856 1380 generato
884 1345 1058 1380 generetur
1085 1335 1173 1370 aliud
1204 1345 1237 1369 et
1260 1348 1277 1369 e
1292 1347 1371 1369 con-

307 1392 413 1421 verso,
437 1393 476 1413 ex
493 1381 695 1421 necessitate,
718 1381 781 1413 nisi
804 1389 959 1424 generato
983 1380 1085 1425 priori
1105 1380 1297 1425 simpliciter
1314 1392 1370 1414 ne-

308 1436 395 1458 cesse
419 1425 460 1458 sit
479 1425 625 1468 generari
649 1426 821 1469 posterius.
848 1425 882 1458 Si
906 1433 1016 1458 autem
1040 1425 1084 1458 ita
1105 1424 1202 1458 fuerit
1217 1426 1251 1458 in
1268 1425 1369 1458 domo

308 1477 339 1502 et
354 1468 579 1509 fundamento,
605 1469 694 1514 quod
718 1469 840 1503 scilicet
854 1471 872 1490 *
886 1478 1039 1512 generata
1059 1468 1161 1503 domo
1177 1481 1310 1503 necesse
1327 1470 1369 1503 sit

306 1514 496 1546 necessitate
520 1513 668 1547 absoluta
691 1514 838 1557 generari
861 1513 1135 1555 fundamentum,
1166 1523 1245 1547 tunc
1269 1515 1368 1547 etiarn

305 1569 437 1590 necesse
461 1566 510 1590 est
532 1557 745 1591 fundamento
776 1567 932 1602 generato
963 1559 1110 1602 generari
1139 1558 1286 1592 domurn.
1313 1559 1367 1592 Sic

306 1602 393 1635 enim
411 1610 580 1635 ostensum
602 1611 651 1636 est
670 1614 779 1647 supra,
795 1602 886 1647 quod
905 1603 996 1646 prius
1013 1602 1077 1636 hoc
1093 1602 1196 1637 modo
1219 1615 1254 1636 se
1270 1603 1367 1636 habet

356 1754 382 1787 γ)
402 1761 439 1779 ex
451 1754 605 1779 necessitate
615 1754 742 1788 futurum
792 1754 818 1779 in
838 1754 968 1780 omnibus.
980 1767 999 1774 —
1012 1762 1050 1780 ex
1064 1756 1220 1780 necessitate
1231 1756 1367 1790 futurum,

305 1789 366 1822 quia
381 1789 469 1821 posito
488 1793 543 1814 toto
563 1790 631 1815 idest
648 1790 711 1822 quia
724 1790 782 1823 suit
801 1790 940 1815 necessitas
963 1790 1153 1823 suppositionis
1171 1798 1208 1816 ex
1226 1791 1369 1824 hypothesi

305 1825 367 1857 quia
380 1825 470 1856 posito
489 1828 544 1850 toto
563 1832 665 1850 necesse
677 1825 736 1859 suit
753 1825 867 1858 supponi
884 1829 910 1850 et
917 1829 1026 1858 partem
1031 1834 1040 1856 ;
1053 1827 1220 1852 convertitur
1239 1827 1266 1851 in
1281 1827 1367 1852 omni-

305 1860 351 1885 bus
370 1860 423 1889 Ca,·
441 1861 470 1885 B.
481 1861 615 1885 Albertus:
637 1870 650 1883 ι
662 1861 713 1885 Sed
731 1868 784 1885 non
797 1866 903 1894 propter
917 1861 941 1886 id
955 1862 1026 1894 quod
1041 1862 1135 1887 domus
1149 1862 1181 1887 sit
1195 1870 1274 1887 causa
1287 1870 1367 1896 gene—

817 247 888 284 DE
918 244 1306 283 GENERATIONE
1335 243 1405 280 ET
1435 241 1820 279 CORRUPTIONE
1850 241 1945 278 LIB.
1977 242 2009 277 11

1439 319 1479 352 ad
1495 319 1670 363 posterius,
1687 318 1811 351 scilicet
1835 317 1926 370 quod
1950 329 2020 350 uno
2044 326 2202 362 generato
2226 327 2401 362 generatur
2424 319 2513 354 aliud

1438 372 1470 396 et
1494 375 1511 396 e
1525 373 1703 395 converso:
1729 363 1806 406 quia
1829 373 1856 395 ει
1880 363 2045 406 posterius
2069 371 2119 395 est
2141 371 2353 406 generatum,
2377 375 2512 398 necesse

1438 415 1486 439 est
1508 406 1656 450 generari
1681 407 1788 450 prius,
1813 415 1845 439 et
1869 418 1886 439 e
1900 417 2078 447 converso,
2102 415 2136 440 et
2158 407 2186 440 si
2209 409 2374 451 posterius
2397 420 2513 442 neces-

1437 452 1523 484 sario
1546 459 1742 494 generatur,
1765 462 1900 483 necesse
1917 459 1966 483 est
1981 451 2130 494 generari
2154 452 2246 495 prius
2259 477 2269 493 ,
2293 461 2326 485 et
2349 454 2511 487 converti-

1436 504 1490 528 tur
1497 508 1507 536 ;
1526 496 1603 539 quia
1619 495 1647 527 si
1662 494 1744 528 illud
1761 494 1852 539 quod
1868 503 1917 527 est
1933 495 2036 539 priuS,
2052 504 2247 539 generatum
2264 505 2324 537 est,
2341 506 2422 541 puta
2437 496 2511 531 fun-

1436 539 1639 579 damentum,
1664 550 1799 572 necesse
1816 547 1866 572 est
1881 540 2030 582 generari
2053 539 2145 584 quod
2169 549 2219 573 est
2237 542 2414 584 posterius,
2431 550 2512 586 puta

1436 583 1585 617 domum.
1612 582 1677 616 Sed
1702 583 1729 615 si
1752 594 1829 616 vere
1852 582 2039 628 loquamur,
2063 595 2133 617 non
2157 593 2293 629 propter
2315 585 2398 619 illud
2419 586 2511 630 quod

1436 627 1556 661 domus
1580 628 1622 660 sit
1645 638 1743 660 causa
1765 628 1988 671 generationis
2011 627 2236 670 fundamenti,
2267 629 2325 663 sed
2350 631 2510 682 quoniam

1436 671 1621 705 subiectum
1638 671 1681 704 sit
1695 683 1736 704 ex
1751 672 1945 706 necessitate
1968 672 2129 714 futurum,
2154 672 2216 706 fuit
2238 684 2415 708 necessitas
2431 686 2509 719 sup-

1435 716 1610 760 positionis
1635 727 1675 749 ex
1697 715 1898 760 hypothesi:
1931 718 2008 761 quia
2032 718 2144 762 posito
2169 726 2257 759 toto,
2287 730 2423 752 necesse
2445 718 2509 753 fuit

1435 761 1579 804 supponi
1596 769 1629 793 et
1644 768 1782 804 partem.
1807 761 1849 794 Et
1863 760 1940 795 ideo
1964 773 2034 796 non
2053 763 2266 797 convertitur.
2293 763 2508 798 Convertitur

1434 814 1545 838 autem
1561 805 1596 837 in
1612 803 1768 838 omnibus
1778 814 1795 840 Υ
1805 806 1839 838 in
1855 805 1975 850 quibus
1989 808 2155 851 posterius
2171 815 2347 851 generatur
2363 819 2382 841 a
2394 809 2507 852 priori,

1434 850 1519 882 sicut
1538 860 1577 882 ex
1599 857 1670 882 tota
1686 860 1784 883 causa
1806 850 1967 884 materiali
1989 859 2060 884 tota
2082 860 2248 892 manente,
2273 852 2420 904 quodam
2439 852 2506 887 alio

1434 894 1590 944 continue
1614 892 1789 927 accedente
1813 902 1847 927 et
1868 894 2059 929 recedente:
2085 896 2163 940 quia
2185 897 2220 930 in
2235 896 2356 930 talibus
2375 908 2508 942 semper

1432 949 1534 981 pr1or1
1557 945 1725 981 generato,
1748 939 1934 972 necessario
1957 948 2133 983 generatur
2180 942 2333 982 oster-im,
2352 950 2386 975 et
2401 953 2508 976 econ·

1431 993 1567 1015 verso.-
1581 982 1640 1015 Est
1656 993 1736 1025 ergo
1752 994 1883 1016 summa
1906 983 2083 1017 solutionis
2106 985 2141 1018 in
2185 996 2236 1026 oc,
2253 985 2345 1030 quod
2368 986 2504 1031 quando

1431 1026 1562 1059 termini
1578 1026 1800 1070 generationis
1823 1027 1868 1060 ita
1891 1038 1927 1060 se
1949 1027 2082 1069 habent,
2105 1028 2197 1073 quod
2215 1039 2355 1075 uterque
2373 1031 2417 1064 sit
2434 1039 2506 1065 tota

1430 1071 1566 1104 materia
1590 1070 1722 1104 alterius
1746 1079 1779 1104 et
1805 1082 2007 1114 econverso,
2022 1073 2108 1106 sicut
2130 1081 2180 1106 est
2202 1073 2238 1107 in
2258 1074 2418 1119 exemplis
2439 1084 2504 1109 ter-

1430 1126 1484 1148 rae
1509 1114 1710 1159 complutae,
1733 1116 1877 1160 vaporis,
1901 1116 1999 1150 nubis
2023 1126 2057 1150 et
2101 1116 2221 1159 luviae,
2245 1126 2279 1152 et
2301 1118 2452 1153 similiter
2468 1119 2505 1154 in

1429 1160 1641 1203 generatione
1658 1158 1899 1194 elementorum
1915 1160 1976 1194 sub
1992 1162 2057 1195 circ
2095 1173 2116 1195 o
2132 1161 2262 1204 declivi,
2273 1171 2353 1196 tunc
2368 1174 2504 1198 necesse

1429 1213 1479 1237 est
1502 1203 1593 1248 quod
1617 1215 1686 1238 uno
1713 1213 1872 1248 generato
1901 1214 2076 1249 generetur
2099 1205 2206 1248 aliud,
2235 1215 2268 1241 et
2289 1219 2309 1241 e
2322 1218 2504 1251 converso;

1428 1257 1460 1281 et
1484 1247 1549 1281 hoc
1573 1247 1668 1289 ideo,
1700 1249 1778 1293 quia
1800 1258 1980 1294 utrumque
2004 1259 2054 1284 est
2077 1251 2170 1295 prius
2201 1260 2234 1285 et
2263 1253 2430 1296 posterius
2453 1263 2504 1287 re-

1428 1304 1442 1326 s
1468 1301 1542 1325 ectu
1567 1291 1709 1326 alterius.
1735 1293 1883 1334 Quando
1906 1306 1986 1328 vero
2001 1306 2108 1329 unum
2122 1307 2192 1329 non
2215 1305 2267 1330 est
2281 1305 2351 1330 tota
2366 1297 2503 1333 materia

1427 1348 1444 1370 a
1458 1338 1570 1378 terius,
1587 1338 1673 1371 sicut
1687 1337 1942 1372 fundamentum
1965 1350 2035 1373 non
2057 1348 2108 1373 est
2130 1349 2201 1374 tota
2215 1341 2354 1375 materia
2368 1340 2502 1383 domus,

1426 1390 1505 1414 tunc
1535 1393 1606 1415 non
1637 1390 1687 1415 est
1716 1393 1851 1416 necesse
1882 1383 1973 1428 quod
2005 1384 2107 1428 priori
2139 1394 2296 1429 generato
2327 1394 2503 1430 generem

1425 1427 1591 1470 posterius
1604 1451 1613 1466 ‚
1644 1427 1730 1460 sicut
1759 1425 1978 1462 fundamento
2001 1437 2160 1473 generato
2191 1441 2262 1463 non
2293 1438 2344 1464 est
2366 1441 2505 1466 necesse

1424 1471 1572 1514 generari
1596 1470 1746 1505 domum.
1770 1472 1885 1506 Domo
1909 1481 2019 1506 tamen
2041 1475 2196 1518 ge'nerm
2218 1485 2354 1509 necesse
2375 1483 2503 1520 enge-

1424 1515 1531 1548 nerari
1554 1514 1827 1558 fundamentum,
1854 1528 1925 1550 non
1949 1517 2084 1569 quidem
2107 1519 2302 1553 necessitate
2329 1518 2500 1561 absoluta,

1425 1559 1482 1593 sed
1499 1571 1539 1593 ex
1554 1559 1797 1604 suppositione,
1821 1560 1898 1595 dato
1922 1562 2047 1596 scilicet
2069 1561 2162 1608 quod
2185 1562 2439 1600 fimdamentum
2457 1564 2505 1598 sit‘

1424 1615 1499 1648 pars
1517 1603 1653 1638 domus:
1674 1605 1751 1649 quia
1767 1606 1878 1650 posito
1893 1614 1966 1640 toto
1982 1617 2117 1641 necesse
2134 1616 2184 1641 est
2198 1609 2281 1653 poni
2296 1616 2435 1654 partem.

1423 1757 1529 1782 rationis
1548 1757 1722 1789 fundament&
1735 1758 1782 1784 sed
1795 1758 1843 1784 fuit
1855 1759 1997 1785 necessitas
2017 1759 2185 1786 subiectionis
2199 1761 2256 1787 sive
2267 1761 2454 1796 suppum
2467 1769 2500 1789 αι

1422 1791 1575 1825 hypothesi,
1595 1793 1655 1826 quia
1674 1794 1760 1827 posito
1778 1799 1834 1819 toto
1852 1802 1961 1820 necesse
1980 1795 2028 1821 fuit
2046 1797 2159 1830 supponi
2177 1802 2286 1829 partem.
2305 1797 2500 1824 eomes-tunm:-

1422 1835 1485 1861 ergo
1504 1828 1530 1852 in
1549 1829 1672 1854 omnibus
1684 1839 1697 1852 »
1717 1834 1767 1855 etc.
1780 1843 1800 1849 -
1817 1829 1876 1856 [λιι.
1890 1838 1948 1864 seq.
1961 1838 2010 1864 pro
2027 1831 2090 1862 alio,
2110 1832 2183 1865 quod
2201 1832 2315 1866 legimus
2331 1833 2501 1867 naun-§.Are

1421 1863 1508 1895 berto,
1527 1871 1579 1897 quo
1598 1864 1649 1896 Ca,
1668 1872 1724 1891 om.
1738 1865 1775 1890 Pb
