2690 4062
1071 211 1184 248 CAP.
1213 212 1282 259 Vl,
1312 211 1464 249 LECT.
1494 213 1547 248 XI

273 298 303 330 4.
328 286 458 320 Deinde
475 297 548 319 cum
567 286 662 319 dicit:
689 286 733 319 Sit
746 287 840 330 igitur
853 287 886 319 in
901 298 959 330 quo
974 287 1006 320 A
1023 295 1096 327 etc„
1121 287 1287 321 concludit

216 332 438 376 propositum,
451 329 656 374 distinguens
673 330 846 363 horizonta
859 330 1042 365 secundum
1058 331 1184 364 diversa
1199 343 1285 376 pun-

167 383 171 384 ’
216 384 289 416 cta,
319 375 355 408 in
387 374 579 408 habitudine
615 374 655 407 ad
686 373 792 407 solem
825 375 986 407 orientem
1017 384 1049 408 et
1081 375 1286 409 occidentem

217 430 317 463 supra
338 419 459 463 ipsum.
485 419 527 452 Et
550 418 629 451 dicit
653 418 744 462 quod
771 418 812 451 ad
835 418 1034 452 evidentiam
1077 421 1216 463 ropositi
1233 420 1286 453 de-

216 463 377 497 scribatur
399 462 585 507 praedictus
606 462 747 495 circulus
771 462 966 502 horizontis,
983 471 1015 496 et
1062 472 1178 496 ucatur
1200 464 1286 497 linea

216 519 276 552 per
293 515 444 540 centrum
468 508 538 540 eius
563 506 601 539 ab
626 507 751 539 oriente
776 507 810 540 in
834 505 1050 547 occidentem,
1068 519 1151 552 quae
1169 507 1287 541 dicitur

216 550 464 596 aequinoctialis
478 576 487 591 ‚
516 559 549 584 et
571 551 605 583 in
630 562 696 584 una
718 559 809 594 parte
833 551 904 583 eius
918 577 927 591 ‚
957 550 1080 584 scilicet
1102 552 1138 584 in
1161 561 1286 595 puncto

217 595 415 637 occidentis,
445 594 647 630 describatur
669 595 718 635 A,
742 595 776 627 in
800 593 899 628 altera
922 606 1001 627 vero
1025 604 1139 638 parte,
1163 595 1287 628 scilicet

212 641 251 674 vin
270 649 396 684 puncto
421 640 555 673 orientis
580 639 744 672 contrario
764 638 842 679 huic,
867 638 952 672 idest
975 639 1148 679 occidenti,
1169 639 1286 672 descri-

216 684 311 718 batur
333 685 369 718 B.
393 683 523 718 Deinde
548 683 686 717 ducatur
709 683 775 716 alia
798 683 974 723 diametros,
1005 683 1089 716 idest
1116 683 1178 716 alia
1201 683 1287 717 linea

215 737 314 769 recta,
330 729 490 762 transiens
514 739 572 772 per
589 736 739 760 centrum
759 727 942 760 horizontis
967 736 1000 760 et
1027 727 1176 761 dividens
1196 739 1287 772 prae-

216 771 338 807 dictam
353 772 475 806 lineam
490 771 766 817 aequinoctialem
783 771 824 805 ad
840 771 979 815 angulos
996 780 1120 805 rectos:
1141 773 1175 804 in
1193 773 1286 805 cuius

217 818 322 861 capite
346 818 407 850 erit
434 817 528 857 Ursa,
553 815 639 850 idest
661 815 759 860 polus
784 817 1032 860 septentrionis,
1061 817 1094 849 in
1119 816 1183 849 alio
1206 828 1285 849 vero

217 862 323 907 capite
346 861 408 894 erit
430 861 580 901 meridies,
606 859 691 894 idest
714 859 812 904 polus
836 860 1070 894 meridionalis
1096 861 1136 894 In
1159 870 1285 905 puncto

215 916 295 949 ergo
311 905 520 939 meridionali
543 904 744 938 describatur
767 905 814 945 C,
837 905 871 938 in
888 913 1013 949 puncto
1030 913 1140 938 autem
1156 914 1286 949 septen-

215 949 347 984 trionali
362 950 404 984 D.
421 950 549 984 Rursus
571 961 611 982 ex
634 958 725 994 parte
741 949 879 983 aestivali
898 949 1030 990 orientis,
1047 949 1133 983 idest
1148 961 1167 982 a
1185 949 1285 983 latere

215 992 351 1028 orientis
370 1006 410 1027 ex
425 1002 517 1038 parte
540 993 724 1038 aquilonari
747 993 864 1038 (quam
887 1003 985 1027 vocat
1007 994 1104 1028 oriens
1120 994 1284 1034 aestivalis,

215 1039 293 1090 quia
317 1049 394 1072 cum
417 1038 468 1072 sol
491 1046 541 1072 est
563 1039 598 1071 in
621 1037 676 1071 illa
699 1046 790 1082 parte
815 1038 968 1078 orientis,
991 1037 1068 1071 facit
1091 1038 1284 1082 aestatem),

205 1091 364 1134 ,signetur
387 1083 438 1123 H,
462 1082 501 1116 ab
526 1081 591 1116 alio
614 1094 693 1116 vero
721 1082 821 1116 latere
850 1083 985 1115 orientis
1009 1082 1025 1127 (
1056 1081 1125 1115 uod
1148 1091 1286 1115 vocatur

213 1132 312 1162 ὸηοηε
339 1126 495 1167 ὒίεηιαῖἱς,
527 1127 654 1160 13110116
678 1126 861 1171 praedicta:
894 1127 971 1171 quia
999 1138 1037 1160 so
1077 1127 1219 1160 existens
1251 1127 1284 1159 in

213 1170 270 1206 ina
292 1180 384 1216 parte
392 1171 602 1215 hscilioetra·
623 1179 714 1222 parte
745 1170 970 1211 meridionali,
999 1170 1076 1204 facit
1098 1170 1285 1215 hiemem),

211 1214 256 1250 de
275 1215 283 1223 '
332 1215 407 1249 e't'ur
435 1215 476 1249 G.
510 1216 564 1249 Sic
595 1224 694 1248 etiam
725 1227 764 1248 ex
795 1223 886 1260 parte
919 1214 1120 1255 occidentis,
1153 1226 1171 1247 a
1194 1223 1284 1258 parte

213 1270 256 1307 aq
282 1259 399 1294 ‘onari
430 1271 514 1311 quae
547 1268 596 1293 est
626 1259 757 1294 occidens
787 1259 957 1300 aestivalis,
982 1258 1051 1292 desi
1099 1268 1172 1292 etur
1199 1259 1243 1300 F,
1267 1270 1286 1292 a

213 1312 314 1349 parve.
329 1303 536 1338 meridionali
561 1315 645 1349 quae
673 1313 723 1338 est
752 1304 882 1338 occidens
904 1303 1040 1337 hiemalis
1110 1313 1134 1338 τ.
1160 1304 1285 1337 Ι16111111

213 1347 257 1384 ni
277 1347 364 1383 latus
387 1348 556 1389 meridiei,
587 1360 628 1382 ex
683 1356 749 1382 arte
774 1348 928 1388 orientis,
961 1346 1164 1381 describatur
1187 1348 1222 1388 Ι,
1246 1359 1286 1381 ex

213 1401 305 1438 parte
333 1404 413 1427 vero
442 1392 622 1427 occidentis
686 1418 694 1426 .
726 1393 781 1426 Sic
809 1404 849 1426 ex
871 1400 962 1436 parte
995 1391 1176 1436 aquilonis:
1207 1403 1285 1425 nam

212 1448 255 1472 α
350 1449 369 1471 6
392 1438 527 1471 orientis
552 1436 754 1471 describatur
777 1437 823 1477 L,
847 1447 887 1470 ex
910 1444 1001 1480 parte
1024 1447 1104 1469 vero
1130 1436 1285 1470 occiden-

213 1448 394 1517 5331&
417 1481 601 1516 secundum
630 1481 720 1514 hunc
748 1480 900 1514 ordinem
931 1480 1155 1525 disponuntur
1177 1482 1285 1522 venti,

213 1534 252 1560 ut
272 1526 308 1561 in
330 1527 483 1571 sequenti
504 1525 610 1570 figura
631 1534 767 1570 apparet
787 1526 811 1558 ὃ.

274 2693 304 2727 5.
329 2682 458 2718 Deinde
483 2693 560 2715 cum
585 2681 682 2715 dicit:
715 2680 871 2723 Quoniam
894 2679 987 2723 igitur
1009 2678 1183 2724 plurimum
1205 2686 1286 2719 etc»,

217 2727 363 2762 ostendit
385 2728 443 2772 qui
465 2727 555 2760 venti
578 2727 644 2759 sint
668 2725 821 2759 contrarii
845 2723 1039 2757 adinvicem.
1064 2725 1107 2756 Et
1122 2723 1207 2756 circa
1222 2722 1287 2756 hoc

217 2773 286 2808 duo
302 2771 393 2806 facit:
418 2771 527 2816 primo
552 2769 696 2804 ostendit
720 2770 776 2814 qui
801 2769 866 2802 sint
889 2768 1058 2808 contrarii;
1082 2766 1229 2800 secundo
1249 2775 1287 2800 ut

217 2816 336 2852 melius
348 2816 413 2850 hoc
429 2815 641 2859 intelligatur,
654 2813 849 2848 determinat
861 2812 901 2846 de
913 2812 1141 2845 nominatione
1158 2822 1287 2851 eorum,

217 2861 280 2896 ibi:
302 2861 456 2895 Vocantur
471 2866 573 2894 autem
587 2859 603 2876 *
619 2867 680 2892 etc.
697 2859 787 2892 Dicit
808 2868 887 2902 ergo
907 2857 1015 2901 primo
1033 2856 1134 2901 quod,
1155 2868 1194 2889 ex
1218 2867 1285 2900 quo

218 2906 379 2940 contraria
407 2904 592 2938 secundum
624 2903 737 2937 locum
770 2911 847 2935 sunt
880 2913 963 2946 quae
994 2902 1136 2934 maxime
1166 2899 1287 2934 distant

217 2949 403 2984 secundum
425 2949 558 2989 locum,
587 2948 729 2981 maxime
753 2955 864 2980 autem
892 2945 1075 2979 secundum
1098 2945 1212 2978 locum
1236 2943 1285 2977 di-

218 3003 304 3029 stant
328 3006 411 3040 quae
440 3002 516 3027 sunt
545 2993 580 3026 in
612 2992 764 3026 extremis
788 2991 951 3035 oppositis
974 2990 1080 3023 lineae
1102 2997 1221 3028 rectae,
1250 2997 1287 3021 ut

218 3051 317 3084 supra
341 3038 466 3073 dictum
489 3046 560 3078 est,
591 3036 638 3070 illi
661 3037 752 3070 venti
776 3044 853 3069 sunt
877 3034 1052 3075 contrarii,
1085 3034 1141 3078 qui
1165 3032 1286 3066 distant

218 3082 403 3118 secundum
426 3082 547 3116 lineam
570 3090 693 3115 rectam
717 3079 958 3120 diametralem‚
983 3090 1067 3123 quae
1090 3078 1206 3111 transit
1252 3088 1287 3110 er

219 3137 369 3162 centrum
392 3127 585 3160 horizontis.
604 3124 783 3159 Sciendum
799 3133 909 3157 tamen
933 3132 983 3156 est
1006 3122 1098 3167 quod
1113 3122 1203 3155 venti
1251 3133 1285 3154 a-

218 3172 298 3209 bent
325 3171 491 3216 duplicem
522 3170 785 3204 contrarietatem
816 3167 1022 3208 adinvicem,
1055 3178 1195 3211 quarum
1219 3177 1285 3198 una

219 3225 270 3251 est
292 3215 475 3250 secundum
498 3215 632 3255 locum,
664 3214 704 3248 de
729 3225 794 3258 qua
816 3212 869 3246 hic
897 3212 1045 3256 loquitur
1067 3209 1285 3250 Aristoteles,

273 3333 300 3368 γ)
315 3334 420 3359 Rursus
430 3339 468 3357 ex
481 3335 597 3364 parte...
611 3331 733 3356 hiemalis
747 3330 781 3355 E.
794 3343 814 3350 -
827 3329 876 3354 Ed.
885 3335 903 3353 a
916 3328 1096 3358 hallucinatur,
1110 3332 1197 3360 partes
1212 3327 1290 3351 aesti-

219 3369 291 3395 vales
309 3369 415 3394 orientis
428 3373 454 3392 et
467 3367 607 3392 occidentis
621 3366 743 3399 ponendo
755 3372 793 3390 ex
806 3367 888 3396 parte
906 3363 1077 3389 meridionali
1090 3363 1170 3395 signis
1184 3362 1208 3386 G
1220 3366 1246 3386 et
1257 3362 1287 3392 E,

219 3404 346 3430 hiemales
361 3412 376 3429 e
389 3411 517 3429 converso
534 3410 572 3427 ex
585 3404 668 3434 parte
686 3401 820 3433 aquilonis
839 3400 918 3432 signis
933 3399 958 3423 H
973 3403 999 3423 et
1012 3399 1046 3429 F;
1065 3398 1144 3422 Piana
1163 3397 1288 3422 meridio-

221 3439 278 3465 nali
295 3439 335 3464 bis
354 3439 463 3464 correxit
481 3438 508 3463 in
526 3437 681 3470 aquilonari
699 3441 726 3461 et
742 3435 876 3468 aquilonis
894 3435 921 3459 in
940 3433 1110 3459 meridionali
1127 3437 1156 3457 ut
1170 3440 1227 3463 nos,
1242 3432 1288 3456 sed

221 3475 295 3508 signa
313 3482 366 3499 non
384 3474 500 3499 mutavit.
518 3474 592 3498 Patet
604 3473 644 3497 ed.
658 3479 676 3496 a
691 3471 741 3496 alio
758 3471 837 3495 modo
852 3469 943 3502 corrigi
958 3476 1051 3502 posse;
1071 3475 1165 3500 nempe
1179 3467 1289 3499 legendo

221 3510 330 3535 hiemali
347 3517 395 3543 pro
413 3509 536 3534 aestivali
549 3513 576 3533 et
587 3508 699 3533 hiemem
714 3514 762 3539 pro
774 3508 915 3534 aestatem,
935 3509 960 3529 et
975 3512 989 3529 e
1002 3511 1128 3529 converso
1133 3511 1141 3535 ;
1155 3502 1186 3527 cf.
1201 3507 1255 3527 not.
1268 3510 1288 3526 ε.

275 3544 300 3578 ὃ)
318 3545 360 3570 Ad
378 3545 503 3570 maiorem
522 3542 716 3575 intelligentiam
736 3540 893 3566 conferimus
912 3540 986 3572 signa
1008 3538 1106 3572 figurae
1129 3545 1189 3562 cum
1208 3537 1288 3569 signis

221 3585 306 3606 textus
325 3586 351 3606 et
368 3579 551 3610 translationis,
567 3578 685 3603 addendo
704 3576 809 3601 nomina
827 3580 979 3600 ventorum:
999 3575 1022 3599 A
1041 3573 1197 3607 (zephyrus,
1217 3573 1288 3597 favo-

365 3633 434 3665 Opp.
448 3632 480 3657 D.
499 3632 613 3656 Tamus
632 3631 664 3655 T.
684 3630 723 3655 ΙΙΙ.
743 3630 887 3654 Amanum.

2339 228 2410 252 LXV

1342 289 1443 322 altera
1466 298 1516 322 est
1539 289 1722 322 secundum
1750 289 1921 334 qualitates
1945 291 2065 323 activas
2089 299 2121 324 et
2145 292 2300 335 passivaS‚
2325 304 2408 336 quae

1343 333 1521 366 attenditur
1544 345 1613 366 non
1637 333 1820 366 secundum
1845 335 2106 367 contrarietatem
2129 337 2227 368 unius
2245 336 2408 380 qualitatis

1343 386 1482 418 tantum,
1499 377 1556 411 sed
1573 378 1755 422 utriusque.
1771 378 1812 411 Et
1829 378 2013 411 secundum
2033 379 2096 412 hoc
2120 379 2327 420 subsolanus,
2352 381 2408 425 qui

1343 423 1446 455 oritur
1461 422 1496 454 in
1512 430 1636 466 puncto
1660 423 1704 462 B,
1729 430 1761 455 et
1784 431 1833 455 est
1857 422 1980 456 calidus
2003 431 2035 456 et
2059 424 2408 464 siccus‚·contrariatur

1341 465 1476 499 favonio
1510 466 1566 510 qui
1598 466 1701 499 oritur
1731 467 1765 499 in
1789 475 1914 510 puncto
1937 467 1968 500 A
1997 467 2194 508 occidentis,
2219 477 2251 501 et
2274 477 2324 501 est
2353 468 2407 502 fri-

1342 509 1439 553 gidus
1456 519 1488 543 et
1504 510 1671 543 humidus.
1685 511 1806 543 Auster
1819 519 1929 544 autern
1947 511 2004 555 qui
2020 512 2124 544 oritur
2139 512 2199 544 sub
2212 521 2337 555 puncto
2351 513 2379 547 C
2392 515 2409 534 *

1342 554 1502 594 meridiei,
1527 563 1576 587 est
1599 554 1722 588 calidus
1747 563 1779 587 et
1801 554 1969 596 humidus,
1990 564 2021 588 et
2042 556 2256 589 contrariatur
2280 566 2407 600 septen-

1342 598 1440 630 trioni
1466 599 1523 642 qui
1547 599 1650 631 oritur
1673 598 1733 632 sub
1750 607 1875 642 puncto
1898 600 1930 632 D
1958 599 2133 644 aquilonis,
2150 608 2182 633 et
2203 609 2252 633 est
2271 600 2408 644 frigidus

1342 650 1375 674 et
1398 643 1512 674 siccus.
1533 642 1690 675 Similiter
1712 643 1887 676 vulturnus
1912 644 1968 688 qui
1993 644 2097 677 oritur
2120 643 2180 677 sub
2205 654 2330 688 puncto
2355 645 2405 685 H,

1342 694 1374 718 et
1398 694 1447 718 est
1471 686 1594 719 calidus
1618 695 1808 730 temperate,
1833 688 1940 720 siccus
1963 696 2073 721 autem
2098 687 2291 722 excellenter
2314 688 2408 733 (quia

1342 730 1518 762 remittitur
1534 729 1678 763 caliditas
1695 732 1765 764 eius
1782 740 1917 776 propter
1932 733 2215 776 propinquitatem
2228 732 2268 766 ad
2281 742 2409 777 septen—

1342 774 1494 813 trionem,
1511 782 1544 806 et
1560 782 1697 817 augetur
1713 776 1839 808 siccitas
1863 785 1998 820 propter
2021 776 2159 810 eandem
2178 777 2342 822 causam),
2359 786 2408 810 est

1343 818 1524 851 contrarius
1541 817 1642 851 africo
1667 819 1723 862 qui
1747 821 1850 852 oritur
1866 819 1926 853 sub
1949 829 2073 864 puncto
2097 821 2138 861 E,
2159 829 2191 854 et
2206 830 2255 854 est
2270 820 2406 865 frigidus

1342 871 1520 906 temperate
1552 870 1584 895 et
1607 861 1764 896 humidus
1788 863 1982 897 excellenter
2005 864 2104 909 (quia
2127 865 2304 899 remittitur
2322 865 2408 909 frigi-

1342 906 1425 940 ditas
1442 907 1521 940 eiusr
1534 914 1670 950 propter
1693 908 1813 951 propin
1837 909 1973 941 uitatem
1997 907 2037 942 ad
2062 917 2220 950 austrum,
2243 918 2276 943 et
2292 909 2407 943 eadem

1342 962 1439 984 causa
1455 962 1495 984 au
1521 959 1594 984 etur
1608 950 1812 996 humiditas).
1856 963 1933 985 urus
1951 953 2007 997 qui
2024 954 2127 986 oritur
2143 953 2204 986 sub
2244 962 2346 987 uncto
2364 954 2406 995 G,

1341 1004 1374 1028 et
1394 1003 1442 1028 est
1467 1006 1503 1028 ca
1517 994 1591 1028 idus
1615 994 1809 1028 excellenter
1833 1005 1865 1029 et
1888 998 1994 1029 siccus
2018 1006 2196 1041 temperate
2219 965 2312 1074 {quia
2331 1009 2407 1042 pro-

1341 1048 1413 1084 pter
1442 1040 1643 1072 vicinitatem
1680 1039 1720 1072 ad
1751 1049 1896 1073 austrum
1926 1049 2064 1084 augetur
2094 1042 2164 1074 eius
2193 1042 2338 1075 ca1ditas
2373 1051 2406 1075 et

1340 1084 1518 1116 remittitur
1548 1083 1721 1160 siccitas),
1752 1093 1801 1117 est
1830 1085 2011 1118 contrarius
2042 1096 2121 1118 coro
2153 1086 2209 1130 qui
2239 1086 2344 1119 oritur
2372 1087 2407 1119 in

1340 1136 1465 1172 puncto
1486 1128 1526 1168 F,
1550 1136 1582 1161 et
1601 1135 1649 1160 est
1684 1127 1809 1171 rigidus
1833 1128 2026 1162 excellenter
2050 1138 2082 1162 et
2105 1129 2262 1163 humidus
2282 1139 2407 1174 tempe-

1340 1180 1407 1205 rate
1423 1171 1518 1249 (ἓυίει
1537 1180 1672 1216 propter
1695 1172 1904 1205 vicinantiam
1927 1173 1967 1206 ad
1990 1175 2248 1217 septentrionem
2269 1183 2407 1218 augetur

1340 1217 1411 1250 eius
1464 1215 1594 1259 igiditas
1625 1225 1658 1249 et
1680 1217 1855 1250 remittitur
1877 1217 2081 1262 humiditas).
2111 1218 2153 1251 Et
2176 1227 2310 1262 propter
2332 1230 2407 1252 ean-

1341 1260 1416 1294 dem
1433 1271 1565 1293 causam
1581 1260 1811 1294 austroafricus
1823 1262 1842 1280 '²'
1854 1270 1903 1294 est
1919 1261 2042 1295 calidus
2062 1270 2240 1306 temperate
2256 1271 2289 1296 et
2300 1263 2407 1296 humi-

1341 1304 1401 1338 dus
1425 1304 1630 1345 excellenter,
1649 1313 1682 1338 et
1701 1306 1915 1338 contrariatur
1938 1306 2095 1350 aquiloni,
2120 1307 2177 1351 qui
2199 1315 2248 1340 est
2268 1306 2406 1350 frigidus

1340 1357 1519 1393 temperate
1543 1358 1576 1382 et
1598 1350 1704 1382 siccus
1727 1349 1929 1383 excellenter.
1953 1350 2007 1383 Sic
2030 1351 2128 1383 etiarn
2152 1359 2342 1384 euroauster
2358 1360 2408 1384 est

1341 1394 1523 1427 contrarius
1554 1393 1652 1426 circio
1666 1418 1675 1433 ,
1707 1394 1784 1438 quia
1814 1393 1929 1426 eadem
1965 1395 2091 1427 ratione
2124 1394 2177 1427 ille
2206 1403 2255 1428 est
2282 1395 2406 1428 calidus

1341 1437 1536 1471 excellenter
1566 1446 1599 1471 et
1627 1437 1784 1470 humidus
1813 1446 1990 1481 temperate
2004 1464 2013 1478 ‚
2045 1438 2098 1471 hic
2128 1447 2238 1472 autem
2269 1438 2405 1483 frigidus

1342 1490 1520 1526 temperate
1537 1490 1570 1514 et
1586 1482 1691 1514 siccus
1715 1481 1918 1515 excellenter.
1945 1482 1998 1515 Sic
2022 1482 2121 1526 igitur
2143 1482 2177 1515 hi
2202 1494 2316 1516 omnes
2360 1495 2407 1516 er·

1342 1525 1424 1560 fecte
1441 1526 1680 1559 contrariantur
1702 1525 1764 1559 hac
1787 1525 1909 1570 duplici
1933 1527 2068 1567 ratione,
2085 1526 2208 1560 scilicet
2227 1528 2303 1578 quia
2351 1536 2407 1561 ant

1342 1582 1382 1604 ex
1405 1570 1562 1615 opposito
1594 1569 1777 1603 secundum
1807 1570 1927 1603 lineam
1955 1579 2100 1611 rectam,
2131 1579 2164 1604 et
2187 1583 2263 1615 quia
2285 1571 2407 1605 habent

1343 1614 1515 1659 qualitates
1539 1615 1726 1648 contrarias.
1752 1614 1931 1657 Sciendum
1954 1616 2053 1648 etiarn
2077 1623 2136 1655 est,
2158 1615 2248 1659 quod
2272 1626 2348 1648 cum
2372 1617 2411 1649 in'

1343 1659 1498 1693 omnibus
1522 1659 1628 1692 ventis
1651 1659 1836 1692 inveniatur
1859 1658 2020 1692 exhalatio
2038 1659 2122 1692 sicca
2138 1660 2238 1692 mixta
2255 1671 2331 1692 cum
2347 1659 2406 1692 hu-

1342 1703 1441 1745 mida,
1457 1703 1533 1737 licet
1549 1704 1583 1736 in
1598 1703 1644 1736 eis
1661 1702 1822 1736 exhalatio
1845 1704 1931 1736 sicca
1954 1703 2231 1747 praedominetur‚
2248 1713 2284 1736 ut
2307 1715 2406 1748 supra

1343 1747 1468 1781 dictum
1491 1756 1550 1788 est,
1575 1746 1758 1780 secundum
1782 1746 1943 1780 diversam
1966 1748 2218 1792 proportionem
2238 1749 2406 1781 mixtionis

1342 1792 1582 1836 praedictarum
1607 1791 1800 1836 qualitatum
1823 1792 1912 1824 venti
1936 1793 2040 1835 magis
2065 1801 2096 1824 et
2119 1793 2229 1824 minus
2246 1792 2406 1826 excedunt

1342 1837 1375 1869 in
1399 1836 1572 1880 praedictis
1597 1835 1823 1880 qualitatibus:
1854 1847 1937 1880 quae
1961 1844 2071 1869 tamen
2099 1836 2134 1868 in
2158 1836 2204 1869 eis
2229 1836 2327 1869 etiam
2351 1848 2406 1869 au-

1340 1890 1459 1924 gentur
1494 1889 1628 1924 propter
1657 1879 1729 1913 loca
1752 1880 1786 1913 in
1820 1879 1938 1924 quibus
1970 1881 2137 1920 oriuntur,
2179 1889 2211 1913 et
2238 1892 2296 1924 per
2323 1892 2406 1925 quae

1340 1933 1520 1958 transeunt.

1397 1971 1427 2003 6.
1452 1968 1582 2003 Deinde
1606 1980 1682 2001 cum
1707 1968 1802 2001 dicit:
1832 1968 1986 2002 Vocantur
2001 1974 2101 2001 autem
2117 1977 2189 2009 etc„
2214 1968 2407 2001 determinat

1341 2014 1381 2048 de
1405 2013 1634 2047 nominatione
1665 2021 1864 2054 ventorum,
1895 2025 1935 2046 ex
1963 2024 2030 2057 quo
2061 2013 2166 2056 magis
2194 2012 2406 2045 determinate

1341 2067 1476 2102 apparet
1499 2058 1556 2102 qui
1579 2057 1669 2090 venti
1700 2056 1819 2101 quibus
1851 2065 1927 2094 sunt
1958 2057 2120 2090 contrarii.
2150 2057 2191 2090 Et
2215 2056 2292 2089 dicit
2316 2056 2406 2101 quod

1340 2103 1430 2135 venti
1462 2101 1718 2138 denominantur
1748 2100 1931 2134 secundum
1962 2101 2163 2144 positionem
2194 2100 2344 2134 locorum
2368 2112 2408 2133 ex

1341 2146 1460 2191 quibus
1479 2146 1576 2179 flant:
1602 2146 1678 2196 quia
1702 2144 1867 2189 zephyrus
1887 2145 2004 2178 dicitur
2027 2144 2080 2178 ille
2105 2146 2160 2189 qui
2187 2145 2291 2178 oritur
2306 2144 2344 2178 ab
2361 2146 2407 2185 A,

1341 2191 1464 2224 scilicet
1487 2190 1526 2223 ab
1551 2188 1713 2222 occ1denti
1737 2188 1967 2233 aequinoctiali
1976 2201 1985 2230 ;
2018 2198 2050 2222 et
2074 2189 2254 2222 contrarius
2278 2190 2325 2229 ei,
2351 2189 2407 2233 qui

1341 2235 1464 2268 scilicet
1492 2233 1589 2267 distat
1620 2232 1803 2266 secundum
1835 2233 2031 2267 diametrum
2062 2242 2094 2266 et
2127 2233 2183 2266 flat
2213 2233 2251 2266 ab
2282 2234 2407 2266 oriente

1341 2278 1572 2324 aequinoctiali
1596 2277 1656 2310 sub
1704 2286 1804 2311 uncto
1828 2278 1871 2318 B,
1896 2277 2015 2311 dicitur
2043 2276 2200 2321 apeliotes
2223 2278 2250 2310 ὓ.
2276 2278 2406 2310 Primus

1341 2332 1451 2356 autern
1479 2335 1496 2356 a
1520 2322 1645 2355 Latinis
1677 2289 1796 2355 dicitur
1818 2321 1987 2362 favonius,
2012 2321 2175 2355 secundus
2200 2330 2310 2354 autem
2334 2321 2408 2355 sub-

1341 2367 1484 2401 solanus.
1509 2367 1630 2400 Boreas
1654 2375 1775 2407 autem,
1800 2367 1857 2410 qui
1880 2365 1936 2399 flat
1960 2377 1978 2398 a
2001 2366 2032 2399 D
2057 2365 2113 2399 ubi
2137 2374 2186 2398 est
2205 2366 2300 2406 Ursa,
2324 2365 2409 2400 idest

1341 2424 1359 2445 a
1382 2411 1463 2456 polo
1493 2411 1743 2455 septentrionis,
1774 2409 1892 2444 dicitur
1920 2410 2100 2454 aparctias,
2133 2422 2152 2443 a
2174 2409 2270 2443 nobis
2298 2418 2409 2443 autem

1342 2456 1460 2490 dicitur
1482 2455 1673 2499 septentrio.
1699 2455 1893 2488 Contrarius
1917 2463 2027 2487 autem
2051 2454 2143 2495 huic,
2169 2455 2224 2498 qui
2248 2453 2304 2487 flat
2326 2465 2344 2486 a
2365 2454 2408 2494 C,

1342 2501 1398 2545 qui
1415 2509 1464 2534 est
1480 2507 1623 2544 punctus
1646 2498 1805 2539 meridiei,
1826 2498 1945 2532 dicitur
1971 2507 2088 2539 auster,
2108 2510 2126 2531 a
2144 2498 2277 2531 Graecis
2299 2507 2409 2532 autem

1340 2553 1479 2578 vocatur
1502 2544 1566 2577 alio
1590 2544 1726 2576 nomine
1750 2551 1859 2576 notus.
1884 2544 1915 2576 A
1940 2543 1970 2576 G
1994 2554 2091 2583 vero,
2116 2542 2206 2587 quod
2231 2550 2280 2575 est
2300 2543 2408 2576 oriens

1341 2588 1513 2629 hiemalis,
1537 2588 1595 2621 flat
1624 2599 1732 2621 eurus.
1759 2587 1953 2621 Contrarius
1982 2596 2092 2620 autem
2121 2587 2151 2619 ei
2174 2595 2237 2627 est,
2261 2598 2330 2620 non
2354 2588 2410 2631 qui

1340 2633 1398 2667 flat
1414 2632 1452 2667 ab
1470 2631 1641 2666 occidente
1665 2631 1809 2672 hiemali,
1826 2631 1884 2665 sed
1908 2632 1965 2676 qui
1981 2631 2038 2664 flat
2061 2631 2099 2664 ab
2122 2630 2291 2664 occidente
2316 2632 2409 2664 aesti-

1340 2677 1423 2719 vali,
1448 2678 1505 2722 qui
1528 2686 1578 2710 est
1601 2677 1631 2710 ei
1662 2677 1837 2720 oppositus
1861 2675 2044 2708 secundum
2068 2675 2188 2708 lineam
2219 2683 2352 2715 rectam,
2377 2684 2409 2708 et

1342 2722 1462 2756 dicitur
1481 2733 1589 2762 corus,
1605 2719 1657 2754 vel
1681 2729 1834 2764 argesteS‚
1851 2719 1904 2753 vel
1929 2719 2107 2764 olympius,
2123 2719 2175 2752 vel
2199 2720 2336 2752 scirona.
2358 2719 2408 2752 Ab

1341 2765 1512 2800 occidente
1536 2774 1648 2799 autem
1671 2764 1804 2798 hiemali
1825 2763 1885 2797 sub
1907 2773 2031 2808 puncto
2052 2764 2077 2797 E
2098 2763 2153 2796 flat
2180 2762 2233 2796 ille
2254 2764 2310 2807 qui
2330 2763 2408 2796 dici-

1341 2819 1394 2844 tur
1417 2822 1435 2843 a
1458 2809 1554 2843 nobis
1586 2808 1726 2849 africus,
1758 2808 1811 2841 vel
1837 2808 1921 2848 libs,
1952 2817 1984 2841 et
2013 2807 2193 2840 contrarius
2223 2815 2272 2839 est
2295 2808 2324 2839 ei
2353 2808 2409 2851 qui

1341 2856 1446 2888 oritur
1469 2854 1529 2887 sub
1546 2862 1671 2898 puncto
1696 2853 1728 2886 H
1753 2852 1791 2886 ab
1817 2853 1942 2886 oriente
1967 2851 2121 2892 aestivali,
2141 2860 2174 2884 et
2197 2850 2314 2884 dicitur
2338 2862 2407 2883 cae-

1341 2900 1406 2933 cias
1428 2898 1482 2932 vel
1505 2897 1569 2931 alio
1593 2897 1729 2930 nomine
1753 2907 1774 2929 ε.

1397 2954 1426 2986 7.
1451 2942 1580 2976 Deinde
1605 2953 1681 2974 cum
1706 2941 1798 2974 dicit:
1817 2940 1885 2973 Alii
1908 2946 2008 2973 autem
2025 2945 2096 2972 sunt
2115 2947 2194 2978 etc.,
2215 2938 2408 2971 determinat

1341 2988 1380 3021 de
1406 2987 1632 3020 contrarietate
1656 2994 1830 3018 ventorum
1861 2985 1970 3016 minus
2001 2982 2240 3027 principalium.
2267 2983 2307 3015 Et
2331 2982 2408 3016 dicit

1341 3031 1432 3077 quod
1461 3031 1514 3063 alii
1539 3039 1616 3063 sunt
1639 3030 1730 3062 venti
1760 3029 1870 3061 minus
1893 3027 2107 3073 principaleS,
2132 3035 2164 3060 et
2186 3026 2349 3059 manifesti
2373 3027 2407 3059 in

1341 3088 1374 3109 re
1400 3077 1475 3109 ione
1494 3076 1566 3115 ista,
1583 3073 1702 3118 quibus
1726 3084 1795 3105 non
1818 3081 1895 3105 sunt
1918 3071 2018 3115 aliqui
2042 3071 2194 3104 contrarii
2218 3070 2313 3103 nobis
2337 3081 2407 3103 ma-

1340 3088 1459 3153 nifesti.
1479 3119 1570 3152 Sicut
1594 3126 1643 3151 est
1666 3117 1838 3157 thrascias,
1862 3116 1918 3160 qui
1941 3115 1997 3148 flat
2022 3127 2040 3148 a
2060 3123 2185 3159 puncto
2208 3115 2261 3155 M,
2286 3123 2318 3147 et
2340 3126 2408 3147 me-

1341 3164 1408 3198 diat
1435 3164 1519 3196 inter
1546 3170 1706 3206 argestem
1737 3163 1769 3194 et
1798 3160 1990 3204 aparctiam,
2014 3159 2098 3192 idest
2120 3159 2204 3191 inter
2234 3170 2349 3198 corum
2373 3167 2404 3191 et

1341 3208 1615 3252 septentrionem,
1644 3214 1676 3238 et
1710 3217 1727 3238 a
1755 3204 1850 3237 nobis
1886 3203 2005 3237 dicitur
2028 3203 2153 3236 circius.
2184 3203 2225 3235 Et
2260 3201 2408 3235 similiter

1342 3325 1410 3357 nius)
1430 3329 1456 3348 et
1474 3325 1495 3348 B
1515 3323 1664 3355 (apeliotes,
1685 3320 1853 3353 subsolanus)
1873 3320 1956 3350 idem;
1976 3320 1996 3344 C
2016 3319 2124 3351 (notus,
2144 3318 2245 3351 auster)
2266 3316 2306 3349 Θ,
2326 3318 2365 3349 Τ;
2384 3319 2407 3342 D

1343 3359 1486 3393 (aparctias,
1501 3357 1653 3391 septentrio)
1673 3358 1706 3386 H,
1719 3357 1743 3386 1;
1763 3357 1784 3381 E
1804 3356 1872 3388 (libs,
1888 3355 1991 3387 africus)
2010 3353 2047 3384 Γ,
2067 3355 2103 3385 G;
2122 3354 2142 3378 F
2163 3354 2304 3386 (argestes,
2323 3355 2407 3388 olym-

1342 3396 1409 3428 pius.
1430 3395 1538 3424 scirona,
1558 3393 1645 3424 corus)
1665 3393 1694 3421 E,
1713 3392 1734 3416 E
1741 3400 1749 3423 3
1769 3391 1793 3416 G
1813 3391 1912 3423 (eurus)
1933 3389 1963 3422 A,
1976 3391 2013 3421 D;
2033 3390 2057 3414 H
2077 3389 2197 3422 (6366135,
2216 3389 2365 3421 vulturnus)
2380 3389 2408 3418 Z,

1342 3431 1376 3461 Z;
1396 3431 1405 3454 Ι
1425 3429 1592 3462 (phoenicias,
1611 3432 1766 3456 euronotus,
1786 3426 1954 3458 euroauster)
1975 3426 2010 3457 N,
2030 3425 2067 3455 N;
2086 3424 2109 3449 K
2134 3424 2344 3457 (austroafricus)
2364 3424 2407 3452 M,

1342 3466 1380 3497 M;
1400 3466 1421 3489 L
1442 3465 1547 3497 (meses,
1567 3463 1665 3495 aquilo)
1684 3463 1715 3492 Κ,
1735 3463 1771 3492 Κ;
1791 3461 1815 3485 M
1836 3461 1979 3493 (thrascias,
1999 3460 2101 3492 circius)
2122 3460 2140 3489 I,
2160 3460 2189 3484 C.

1395 3501 1417 3533 ε)
1431 3501 1456 3524 A
1473 3501 1498 3523 G
1511 3506 1573 3524 vero
1627 3498 1681 3522 alio
1701 3497 1816 3523 nomine.
1828 3510 1847 3515 -
1859 3496 1907 3521 Hic
1927 3496 1965 3520 Pa
1984 3496 2073 3528 legunt
2091 3495 2227 3520 aestivalis
2247 3499 2272 3519 et
2285 3493 2408 3519 aestivali

1342 3543 1389 3569 pro
1408 3535 1529 3560 hiemalis
1548 3539 1573 3558 et
1591 3533 1713 3563 hiemali,
1733 3537 1758 3557 et
1777 3540 1791 3557 e
1810 3539 1936 3556 converso
1943 3539 1950 3562 ;
1970 3536 2031 3564 post
2052 3531 2106 3556 alio
2129 3531 2236 3555 nomine
2261 3529 2406 3554 addendum

1341 3571 1442 3596 videtur
1461 3570 1610 3595 vulturnus.

2179 3626 2195 3651 9
2207 3618 2221 3633 *

2436 519 2533 541 ‘Epa

2434 1273 2443 1282 ·
2459 1272 2625 1300 austerasrico

2433 1304 2471 1320 ra.

2436 2288 2445 2296 '
2459 2286 2584 2314 aparctias
2598 2291 2637 2308 ra.
