2690 4062
66 2058 76 2068 '¹
90 2056 161 2079 Num.
175 2062 197 2084 7.

67 2156 80 2168 ⁴⁸
93 2156 164 2178 Num.
178 2162 198 2183 5.

67 2468 79 2480 ”
93 2473 139 2489 una
160 2467 265 2490 absolute

70 2500 107 2516 ca.

67 2776 79 2788 ⁴
96 2777 171 2797 mutat
192 2776 228 2798 ed.
249 2782 277 2804 a,

70 2804 157 2824 narrat
170 2808 190 2824 c.

302 275 386 300 XLVI

370 340 429 384 μέν
454 338 517 384 γάρ
543 335 723 382 ἐνυπάρχει
757 337 841 368 πᾶσι
865 331 923 366 διά
948 334 988 366 td
1015 332 1160 365 ἕκαστον
1189 327 1275 362 εἶναι
1299 328 1363 372 μά-

369 386 473 416 λιστα
496 384 554 414 καὶ
581 382 740 413 πλεῖστον
767 382 798 412 ἑν
825 381 872 420 τῷ
897 379 1003 419 οἰκείῳ
1021 376 1128 417 τόπῳ,
1147 370 1232 415 ὕδωρ
1250 370 1287 405 δέ
1305 369 1364 405 διά

371 428 412 460 τὸ
437 424 504 459 δεῖν
537 425 596 470 μὲν
632 423 796 469 ὁρίζεσθαι
821 424 862 456 τὸ
887 422 1069 461 σύνθετον,
1096 419 1195 463 μόνον
1221 415 1251 450 δ’
1278 415 1363 449 εἶναι

371 473 436 504 τῶν
464 472 579 504 ἁπλῶν
604 469 775 514 εὐόριστον
802 468 841 500 τὸ
869 463 966 511 ὕδωρ,
990 466 1040 497 ἔτι
1065 461 1103 496 δὲ
1127 465 1183 495 καὶ
1210 462 1274 499 τήν
1298 462 1363 507 γῆν

373 517 449 549 ἄνευ
475 516 537 548 τοῦ
556 514 657 559 ὑγροῦ
682 513 728 556 μή
754 510 916 545 δύνασθαι
941 508 1130 553 συμμένειν,
1151 507 1241 540 ἀλλαῖ
1261 506 1358 538 τοῦτ’

371 558 456 592 εἶναι
477 559 518 592 τὸ
536 557 674 602 συνέχον
687 571 693 577 ·
720 557 747 588 εἰ
771 556 834 603 γάρ
860 553 1041 599 ἐξαιρεθείη
1061 552 1183 590 τελέως
1201 551 1235 592 ἐξ
1254 550 1363 587 αὐτῆς

371 605 412 638 τὸ
438 604 558 650 ὑγρόν,
584 597 767 634 διαπίπτοι
793 601 844 632 οἷν.
871 599 917 635 Γῆ
943 598 1002 642 μὲν
1029 595 1084 630 οὖν
1109 598 1168 628 καὶ
1194 592 1279 640 ὕδωρ
1305 590 1364 626 διαὶ

371 648 506 686 ταύτας
533 645 711 699 ἐνυπάρχει
736 644 798 682 τάς
825 644 952 680 αἰτίας·
1345 683 1363 691 ..

307 694 370 738 ἀήρ
396 688 433 725 δὲ
456 694 514 724 καὶ
539 692 623 733 πῦρ,
651 691 705 722 ὁτι
738 689 878 721 ἐναντία
913 688 985 720 ἐστὶ
1009 687 1055 732 γῇ
1086 687 1145 717 καὶ
1171 679 1293 716 ὕδατι·
1319 695 1364 728 γη

371 737 429 781 μὲν
453 737 516 781 γάο
539 734 623 778 ἀέρι,
641 730 726 775 ὕδωρ
748 728 785 764 δὲ
803 733 878 774 πυρὶ
903 732 1057 763 ἐναντίον
1083 728 1188 770 ἐστίν,
1207 729 1249 766 ὠς
1275 723 1366 759 ἑνδέ-

369 793 470 826 χεται
496 768 610 813 οὐσίαν
638 776 734 818 οὐσίᾳ
760 777 918 810 ἐναντίαν
940 772 1037 807 εἶναι.
1066 775 1162 806 Ἐπεὶ
1183 770 1238 805 οὖν
1257 774 1291 803 αἱ
1309 784 1362 818 γε-

370 824 472 862 νέσεις
497 826 533 857 ἐκ
557 827 623 858 τῶν
649 822 812 855 ἐναντίων
838 820 936 861 εἰσίν,
963 818 1146 864 ἐνυπάρχει
1169 812 1207 849 δὲ
1232 815 1363 860 θάτερα

372 869 457 912 ἄκρα
475 870 541 901 τῶν
560 868 732 907 ἐναντίων,
754 863 884 910 ἀνάγκη
909 866 966 896 καὶ
987 862 1129 904 θάτερον
1148 860 1361 905 ἐνυπάρχειν,

369 912 447 946 ὥστ’
466 911 498 945 ἑν
519 912 647 946 ἅπαντι
666 913 712 952 τῷ
732 909 877 950 συνθέτῳ
896 908 1014 941 πάντα
1032 907 1080 940 τά
1098 907 1194 939 άπλᾶ
1210 904 1360 937 ἐνέσται.

303 1004 487 1045 Μαρτυρεῖν
513 995 541 1032 δ’
562 1002 648 1034 ἔοικε
671 1000 731 1031 καὶ
755 999 776 1034 ἡ
801 997 908 1042 τροφή
935 996 1107 1029 ἑκάστων·
1135 994 1277 1026 ἅπαντα
1302 993 1361 1037 μὲν

394 1046 432 1090 dp
458 1044 618 1090 τρέφεται
643 1047 713 1081 τοῖς
740 1042 858 1079 αὐτοῖς
885 1040 919 1082 ἑξ
944 1041 1051 1085 ὦνπερ
1078 1040 1188 1079 ἐστίν,
1216 1036 1362 1070 ἅπαντα

367 1056 404 1124 {5¹
430 1092 560 1122 πλείοσι
594 1088 767 1133 τρέφεται.
804 1087 870 1117 Καὶ
895 1086 961 1131 γάρ’
988 1084 1071 1128 ἅπερ
1098 1083 1136 1116 ἂν
1161 1078 1288 1124 δόξειεν
1314 1083 1362 1113 ἑνὶ

368 1134 455 1181 μόνῳ
479 1133 671 1178 τρέφεσθαι,
693 1132 742 1173 τῷ
768 1126 871 1162 ὕδατι
897 1130 944 1163 τοὶ
967 1129 1070 1174 φυτά,
1093 1129 1224 1160 πλείοσι
1249 1125 1363 1171 τρέφε-

369 1191 445 1212 ται·
471 1178 634 1223 μέμικται
650 1177 715 1224 γάρ
733 1176 781 1217 τῷ
809 1170 912 1206 ὕδατι
935 1175 999 1220 γῆ·
1025 1169 1078 1205 διὸ
1097 1173 1155 1204 καὶ
1173 1174 1203 1204 01
1220 1172 1361 1218 γεωργοὶ

369 1224 551 1267 πειρῶνται
576 1222 734 1267 μίξαντες
762 1214 884 1262 ἄρδειν.
1253 1259 1260 1267 Ι

295 1271 391 1302 Ἐπεὶ
414 1264 443 1300 δ’
464 1268 556 1300 ἐστὶν
574 1268 595 1304 ἡ
613 1267 672 1310 μὲν
698 1263 805 1308 τροφή
832 1264 894 1300 τῆς
916 1261 1010 1300 ὕλης,
1029 1261 1071 1294 τό
1095 1256 1359 1316 δὲκτρεφομενον

366 1311 596 1356 συνειλημένον
618 1311 662 1353 τῇ
689 1309 764 1352 ὕλῃ,
790 1309 810 1345 ἡ
828 1307 937 1352 μορφή
960 1308 1018 1338 καὶ
1043 1305 1085 1338 τὸ
1101 1307 1202 1346 ειὸος,
1221 1305 1361 1348 εὔλογον

368 1356 432 1395 ’ἤδη
459 1356 499 1389 τὸ
530 1355 630 1400 μόνον
664 1355 730 1387 τῶν
765 1353 879 1385 ἁπλῶν
914 1350 1081 1395 σωμάτων
1114 1348 1295 1394 τρέφεσθαι
1321 1348 1362 1380 τό

368 1403 431 1446 πῦρ
458 1401 621 1434 ἁπάντων
647 1398 682 1440 ἐξ
709 1397 865 1434 ἀλλήλων
890 1395 1086 1442 γινομένων,
1112 1393 1221 1438 ὥσπερ
1246 1395 1304 1425 καὶ
1329 1395 1359 1425 οἱ

367 1445 524 1490 πρότεροι
546 1443 720 1490 λέγουσιν·
746 1442 847 1486 μόνον
867 1440 932 1487 γάρ
950 1441 1024 1473 ἐστι
1047 1440 1106 1471 καὶ
1123 1438 1277 1483 μάλιστα
1299 1438 1361 1470 τοῦ

370 1486 476 1528 εἴδους
501 1490 542 1522 τὸ
567 1491 631 1535 πῦρ
655 1484 715 1520 διά
739 1487 780 1519 τὸ
806 1484 989 1530 πεφυκέναι
1013 1482 1170 1529 φέρεσθαι
1194 1482 1274 1527 προς
1302 1482 1361 1514 τόν

368 1534 457 1578 ὅρον.
490 1533 659 1567 Ἕκαστον
690 1528 728 1564 δὲ
753 1530 896 1575 πέφυκεν
929 1530 973 1567 εἰς
999 1529 1063 1565 τήν
1090 1529 1216 1561 ἑαυτοῦ
1249 1525 1362 1572 χώραν

390 1577 539 1624 έρεσθαι·
566 1580 587 1615 ἡ
612 1573 650 1610 δὲ
673 1576 783 1621 μορφή
806 1577 864 1607 καὶ
890 1575 930 1607 τὸ
951 1570 1038 1612 εἶδος
1057 1572 1220 1606 ἁπάντων
1239 1571 1271 1603 ἐν
1291 1575 1362 1609 τοῖς

367 1635 463 1668 οροις.
489 1622 566 1656 Ὅτι
586 1623 645 1667 μὲν
668 1620 723 1654 οὖν
750 1620 893 1653 ἅπαντα
912 1619 959 1652 τά
975 1618 1123 1663 σώματα
1143 1617 1178 1658 ἐξ
1197 1615 1361 1649 ἁπάντων

366 1668 549 1705 συνέστηκε
574 1668 641 1701 τῶν
667 1666 804 1707 άπλῶν,
830 1666 975 1709 εἴρηται.

434 1784 445 1796 ,
482 1774 501 1786 -.
529 1765 538 1777 =
554 1762 704 1797 ostquam
721 1750 943 1795 Philosophus
963 1749 1191 1783 determinavit
1211 1747 1251 1781 de
1267 1759 1364 1792 gene-

380 1809 384 1822 *
423 1790 442 1838 ”,,,
468 1794 474 1798 ⁴
509 1798 677 1831 -ratione
694 1796 943 1834 elementorum,
960 1794 1013 1827 hic
1029 1793 1223 1828 determinat
1246 1792 1286 1825 de
1309 1804 1363 1836 ge-

500 1851 523 1881 .,'
553 1842 720 1875 neratione
752 1840 1015 1884 compositorum
1047 1850 1087 1871 ex
1117 1837 1296 1871 elementis.
1322 1837 1363 1870 Et

501 1920 505 1930 ⁴
526 1902 538 1925 ς
555 1887 638 1919 circa
667 1885 731 1918 hoc
762 1884 829 1918 duo
859 1883 949 1917 facit:
974 1884 1082 1927 primo
1106 1882 1300 1916 determinat
1323 1880 1363 1914 de

499 1934 524 1945 ‘¹‘
554 1930 762 1974 generatione
780 1929 1041 1972 compositorum
1058 1939 1097 1960 ex
1109 1926 1296 1967 elementis;
1314 1937 1362 1959 se-

305 1975 411 2010 cundo
421 1974 562 2008 ostendit
572 1973 661 2019 quod
671 1973 711 2007 ad
721 1974 965 2018 generationem
977 1972 1069 2005 mixti
1080 1972 1191 2004 omnia
1202 1970 1362 2004 elementa

304 2027 511 2060 concurrunt,
531 2019 591 2052 ibi:
611 2018 726 2053 Omnia
743 2024 842 2051 autem
864 2018 961 2051 mixta
976 2023 1101 2062 corpora
1120 2015 1163 2042 α*
1182 2025 1243 2049 etc.
1267 2015 1363 2049 Circa

272 2067 274 2069 '
302 2066 445 2109 primum
458 2063 524 2098 duo
539 2063 628 2096 facit:
646 2064 752 2107 primo
769 2062 875 2106 arguit
891 2061 931 2095 ad
945 2059 1186 2095 ostendendum
1203 2060 1276 2105 quis
1292 2071 1361 2093 non

302 2109 405 2153 possit
422 2120 491 2141 esse
507 2119 603 2141 verus
626 2106 746 2141 modus
762 2107 982 2151 generationis
998 2106 1194 2145 mixtorum;
1215 2104 1362 2138 secundo

303 2153 494 2187 determinat
515 2153 694 2192 veritatem,
719 2151 779 2185 ibi:
808 2151 999 2196 Quapropter
1020 2150 1164 2195 quoniam
1178 2151 1196 2170 *
1211 2158 1272 2183 etc.

356 2197 450 2231 Circa
473 2197 615 2241 primum
646 2195 919 2230 considerandum
943 2204 1007 2235 est,
1039 2194 1129 2239 quod
1152 2195 1237 2228 sicut
1265 2205 1363 2238 supra

303 2242 416 2286 patuit,
434 2240 554 2286 duplex
569 2250 618 2274 est
633 2241 746 2285 opinio
764 2239 803 2274 de
820 2239 1000 2273 elementis.
1018 2238 1193 2280 Quaedam
1210 2247 1259 2272 est
1274 2250 1361 2279 vera,

303 2285 424 2319 scilicet
462 2285 529 2319 uod
554 2285 711 2319 elementa
731 2297 769 2318 ex
786 2284 904 2329 quibus
921 2293 998 2317 sunt
1018 2295 1156 2328 corpora
1173 2283 1364 2323 constituta,

303 2330 422 2363 habent
437 2342 454 2363 a
469 2330 559 2375 iquid
582 2341 757 2363 commune
774 2328 864 2374 quod
888 2338 937 2362 est
960 2340 1025 2362 una
1044 2329 1187 2361 materia.
1206 2327 1363 2362 Similiter

303 2386 433 2408 necesse
453 2383 501 2408 est
517 2374 633 2414 dicere,
649 2373 738 2418 quod
762 2375 789 2407 si
813 2373 972 2409 elementa
991 2381 1250 2406 transmutantur
1272 2372 1362 2406 adin-

302 2420 418 2460 vicem,
435 2430 566 2452 necesse
590 2427 639 2452 est
663 2418 752 2463 quod
776 2417 916 2451 habeant
935 2429 1034 2450 unam
1059 2429 1273 2451 communem
1296 2428 1363 2451 ma-

303 2463 432 2496 teriam:
453 2475 535 2508 quae
559 2462 675 2496 dicitur
698 2474 763 2496 una
786 2462 825 2496 ab
850 2463 972 2495 unitate
988 2462 1003 2479 *
1020 2463 1186 2506 potentiae
1205 2473 1289 2507 quae
1313 2470 1362 2495 est

304 2507 337 2540 in
361 2519 415 2548 ea,
439 2517 470 2541 et
493 2516 542 2540 est
565 2508 709 2551 potentia
741 2507 781 2540 ad
803 2506 961 2547 formam,
984 2518 1061 2540 cum
1085 2517 1215 2551 semper
1244 2505 1362 2540 habeat

304 2552 484 2602 potentiam
507 2551 547 2585 ad
563 2563 678 2584 omnes
701 2550 821 2585 formas
838 2551 1091 2592 elementorum3
1112 2560 1144 2584 et
1163 2562 1297 2584 necesse
1313 2560 1363 2584 est

304 2606 409 2639 ipsam
432 2595 588 2640 compleri
612 2607 668 2639 per
692 2596 932 2629 successionem
963 2604 1073 2629 motus
1098 2596 1132 2628 in
1155 2606 1272 2629 omnes
1296 2594 1362 2628 for-

304 2651 394 2673 mas:
423 2649 456 2673 et
477 2641 523 2673 sic
546 2652 678 2673 necesse
702 2649 751 2673 est
781 2640 870 2684 quod
902 2640 941 2674 de
965 2651 1030 2673 una
1058 2639 1163 2673 forma
1198 2639 1239 2674 ad
1263 2639 1361 2674 aliam

305 2692 552 2725 transmutetur;
576 2693 608 2718 et
630 2684 712 2718 hanc
737 2685 928 2728 opinionem
952 2685 1059 2729 primo
1084 2685 1189 2729 ponit.

349 2728 498 2762 Secunda
510 2729 624 2773 opinio
640 2728 701 2762 fuit
717 2728 935 2773 Empedoclis,
949 2730 1005 2774 qui
1018 2728 1098 2762 dixit
1112 2729 1274 2762 elementa
1289 2740 1361 2762 esse

304 2772 602 2813 intransmutabilia,
618 2781 650 2806 et
665 2773 748 2806 hanc
764 2774 870 2806 innuit
885 2775 902 2795 *
917 2773 976 2807 ibi:
998 2773 1186 2818 Quicumque
1204 2774 1283 2807 enim
1299 2782 1360 2807 etc.

304 2816 345 2850 Et
368 2817 520 2851 dividitur
542 2818 576 2850 in
600 2826 740 2862 quatuor
762 2826 878 2862 partes.
902 2819 939 2852 In
963 2819 1067 2862 prima
1091 2818 1245 2859 ostendit,
1269 2817 1360 2863 quod

304 2861 484 2895 secundum
507 2862 698 2906 opinionem
716 2861 930 2906 Empedoclis
949 2874 1017 2896 non
1041 2872 1150 2907 potest
1173 2862 1240 2896 dari
1263 2874 1361 2896 verus

304 2905 422 2939 modus
444 2907 662 2949 generationis
685 2907 872 2948 mixtorum,
893 2906 1003 2940 dicens
1027 2906 1117 2951 quod
1133 2906 1267 2958 quidam
1284 2916 1361 2940 sunt

304 2950 360 2995 qui
395 2950 506 2983 dicunt
530 2949 689 2984 elementa
712 2962 780 2984 non
804 2950 986 2984 adinvicem
1009 2963 1174 2995 generar1;
1200 2951 1246 2985 illi
1262 2952 1360 2985 etiam

304 3005 372 3027 non
395 2994 506 3027 dicunt
529 2994 618 3039 quod
641 2995 902 3040 unumquodque
926 2995 1125 3029 elementum
1149 2995 1205 3029 fiat
1220 3008 1260 3029 ex
1283 3008 1361 3041 qua-

303 3038 380 3071 libet
413 3047 502 3082 parte
533 3040 678 3083 corporis
711 3041 824 3080 mixti,
848 3039 905 3073 sed
935 3039 1049 3074 dicunt
1079 3039 1169 3085 quod
1200 3040 1361 3074 elementa

304 3082 386 3115 fiunt
404 3094 443 3115 ex
466 3094 612 3127 corpore,
628 3084 719 3117 'sicut
742 3083 865 3128 lapides
889 3093 920 3117 et
943 3084 1058 3118 lateres
1082 3096 1122 3118 ex
1145 3085 1276 3129 pariete.
1295 3084 1360 3118 Sed

304 3126 367 3159 hoc
383 3135 432 3160 est
447 3127 697 3161 inconveniens:
721 3139 790 3161 non
806 3129 894 3161 enim
910 3138 1051 3173 possunt
1065 3128 1171 3162 dicere
1188 3129 1360 3174 quomodo

305 3182 344 3203 ex
366 3170 532 3204 elementis
548 3171 594 3204 sic
615 3183 688 3205 com
714 3173 816 3213 ositis‚
832 3184 900 3206 non
923 3185 999 3206 vere
1022 3173 1143 3214 mixtis,
1160 3174 1225 3206 sint
1248 3185 1360 3207 carnes

305 3223 337 3247 et
360 3226 433 3247 ossa
458 3224 490 3248 et
512 3227 684 3260 unumquo
709 3228 771 3261 que
795 3216 933 3250 aliorum
964 3228 1141 3262 corporum
1165 3218 1359 3260 mixtorum3

305 3259 332 3291 si
355 3259 442 3291 enim
461 3269 699 3303 componantur
722 3269 754 3293 et
773 3270 1012 3305 congregentur
1026 3261 1186 3295 elementa
1205 3263 1238 3296 in
1255 3274 1360 3296 unum

305 3302 543 3336 remanentibus
571 3303 684 3337 formis
708 3313 740 3337 et
763 3305 915 3348 operibus
940 3306 1029 3346 suis,
1052 3306 1099 3339 sic
1122 3307 1207 3350 ignis
1229 3307 1271 3340 .in
1295 3318 1360 3340 una

306 3354 394 3389 parte
419 3348 591 3391 compositi
619 3349 678 3381 erit
709 3348 847 3382 adurens
875 3358 907 3382 et
942 3361 1026 3394 aqua
1056 3349 1181 3391 fluens,
1205 3360 1290 3385 terra
1313 3352 1360 3384 in-

360 3523 387 3555 α)
405 3524 443 3549 ad
460 3525 688 3557 generationem...
707 3527 796 3552 mixta
820 3535 942 3560 corpora.
960 3542 978 3547 —
996 3529 1033 3554 ad
1056 3530 1254 3563 generationem
1280 3531 1362 3556 mixti

811 259 881 296 DE
912 254 1298 295 GENERATIONE
1327 253 1398 289 ET
1428 250 1810 288 CORRUPTIONE
1840 250 1934 285 LIB.
1966 249 1998 285 11

1486 331 1584 361 Terra
1607 329 1739 370 quidem
1762 328 1843 359 inest
1866 327 2033 367 omnibus;
2059 328 2134 369 quia
2157 329 2416 370 unumquodque
2446 335 2494 360 est

1486 374 1622 405 maxime
1646 379 1677 403 et
1693 372 1833 403 multum
1855 372 1888 402 in
1903 372 2035 412 proprio
2058 372 2155 411 loco;
2179 382 2262 413 aqua
2285 379 2393 403 autem
2417 372 2493 414 quia

1487 424 1613 458 oportet
1629 416 1788 448 terminari
1804 417 2035 457 quodcumque
2051 417 2282 457 compositum:
2300 417 2368 447 sola
2384 423 2493 447 autem

1486 469 1533 493 est
1552 461 1746 501 simplicium
1770 461 1850 491 bene
1877 460 2075 491 terminabile
2098 468 2199 502 aqna;
2223 461 2361 502 amplius
2385 468 2492 492 autem

1487 514 1518 537 et
1539 513 1620 537 terra
1643 505 1711 535 sine
1734 504 1870 535 humido
1894 515 1961 535 non
1984 511 2090 545 potest
2113 505 2321 544 commorari,
2353 505 2408 536 sed
2430 505 2493 536 hoc

1487 557 1533 581 est
1557 549 1646 590 quod
1670 548 1829 579 continet:
1860 548 1885 579 si
1909 549 1995 579 enim
2019 549 2180 580 auferatur
2203 549 2338 581 omnino
2363 559 2400 580 ex
2423 549 2494 590 ipsa

1486 594 1669 631 humidum,
1694 592 1817 623 decidet
1840 593 1961 634 utique.
1979 594 2078 624 Terra
2101 594 2234 636 quidem
2252 594 2348 635 igitur
2363 600 2394 625 et
2409 604 2494 635 aqua

1486 645 1616 680 propter
1639 637 1695 667 has
1718 637 1828 668 insunt
1851 647 1971 669 causas.

1419 686 1483 715 Aer
1499 689 1607 713 autern
1623 687 1654 712 et
1668 681 1760 721 ignis,
1778 682 1934 722 quoniam
1953 682 2110 714 contraria
2123 689 2199 714 sunt
2213 689 2313 713 terrae
2327 689 2359 714 et
2373 690 2492 724 aquae:

1486 735 1567 758 terra
1583 726 1715 767 quidem
1731 726 1816 756 enim
1833 727 1907 765 aeri,
1922 727 1988 767 igni
2011 737 2087 757 vero
2104 737 2188 768 aqua
2206 726 2363 758 contraria
2377 734 2434 765 est,
2458 734 2495 758 ut

1488 770 1644 810 contingit
1659 770 1868 801 substantiam
1891 771 2084 802 substantiae
2100 771 2290 802 contran'am
2306 781 2383 802 esse.
2401 771 2494 809 Quo-

1486 816 1572 846 niam
1595 814 1691 855 igitur
1711 815 1931 855 generationes
1955 826 1993 846 ex
2017 816 2180 847 contrariis
2203 822 2289 855 sunt,
2309 815 2419 847 insunt
2437 825 2493 847 au-

1486 867 1551 891 tem
1574 860 1671 890 altera
1701 866 1840 890 extrema
1869 860 2116 891 contrariorum:
2148 870 2276 892 necesse
2305 867 2337 891 et
2359 860 2494 891 alterum

1485 905 1598 935 inesse.
1618 903 1823 944 Quapropter
1845 904 1878 934 in
1894 905 1985 935 omni
2008 905 2189 946 composito
2212 904 2323 936 omnia
2338 904 2495 945 simplicia

1486 955 1588 980 erunt.

1418 994 1435 1014 *
1449 992 1625 1024 Testificari
1649 999 1757 1023 autem
1772 992 1897 1023 videtur
1919 999 1951 1024 et
1973 993 2207 1024 nutrimentum
2223 993 2492 1036 uniuscuiusque:
2520 997 2532 1010 ⁸

1486 1037 1595 1068 omnia
1619 1036 1751 1078 quidem
1774 1036 1861 1067 enim
1877 1037 2062 1068 nutriuntur
2077 1037 2197 1068 eisdem
2221 1048 2259 1069 ex
2274 1039 2391 1080 quibus
2406 1045 2492 1079 sunt,

1486 1081 1595 1113 omnia
1618 1087 1725 1112 autem
1748 1081 1858 1112 multis
1882 1082 2076 1113 nutriuntur.
2109 1082 2238 1113 Etenim
2269 1092 2493 1125 quaecumque

1484 1126 1632 1157 videntur
1654 1135 1722 1156 uno
1746 1125 1818 1156 solo
1842 1126 1964 1165 nutriri,
1981 1132 2018 1157 ut
2040 1136 2124 1168 aqua
2146 1127 2284 1166 plantae,
2300 1127 2411 1158 multis
2433 1132 2500 1160 nu-'

1484 1170 1641 1202 triuntur:
1665 1169 1764 1200 mixta
1779 1176 1826 1201 est
1848 1170 1934 1201 enim
1958 1180 2060 1212 aquae
2082 1177 2178 1202 terra:
2202 1171 2276 1202 ideo
2296 1172 2405 1203 rustici
2423 1178 2494 1204 ten-

1485 1222 1554 1246 tant
1576 1215 1744 1245 miscentes
1766 1214 1903 1255 irrigare.
2318 1244 2320 1247 ,

1418 1260 1583 1297 Quoniam
1606 1266 1714 1290 autern
1738 1266 1785 1290 est
1807 1260 2041 1290 nutrimentum
2063 1259 2197 1301 quidem
2219 1260 2380 1300 materiae,
2403 1261 2494 1303 quod

1484 1303 1623 1335 nutritur
1645 1309 1754 1334 autem
1773 1304 1982 1335 coniunctum
2005 1303 2154 1335 materiae
2176 1304 2281 1336 forma
2309 1311 2341 1336 et
2361 1305 2493 1346 spacia,

1485 1347 1671 1380 rationabile
1706 1348 1771 1378 iam
1803 1349 1912 1379 solum
1942 1348 2138 1389 simplicium
2170 1359 2345 1389 corporum
2380 1349 2494 1382 nutriri

1483 1393 1592 1433 ignem
1602 1392 1752 1423 omnium
1766 1402 1804 1423 ex
1814 1392 1952 1424 invicem
1963 1400 2199 1434 generatorum,
2215 1394 2495 1435 quemadmodum

1485 1444 1516 1469 et
1534 1437 1655 1478 priores
1679 1435 1805 1468 dicunt:
1830 1437 1918 1468 solus
1942 1438 2027 1468 enim
2051 1445 2083 1469 et
2098 1438 2235 1469 maxime
2258 1438 2381 1480 speciei
2397 1438 2494 1481 parti-

1485 1491 1559 1522 ceps
1575 1488 1623 1513 est
1636 1481 1729 1522 ignis,
1740 1481 1815 1523 quia
1829 1482 1957 1513 innatus
1970 1489 2018 1513 est
2032 1482 2106 1514 ferri
2120 1483 2161 1514 ad
2173 1482 2358 1515 terminum.
2370 1483 2495 1516 Unum·

1485 1526 1640 1567 quodque
1651 1533 1760 1557 autem
1774 1526 1922 1558 innatum
1935 1534 1982 1558 est
1996 1527 2068 1558 ferri
2083 1527 2118 1558 in
2133 1527 2183 1558 sui
2197 1527 2299 1568 ipsius
2310 1527 2493 1569 regionexm

1485 1570 1590 1609 forma
1608 1577 1717 1602 autem
1739 1577 1771 1602 et
1793 1571 1914 1612 species
1936 1571 1970 1602 in
1985 1572 2129 1603 terminis
2153 1572 2303 1603 omnium
2317 1579 2375 1605 est.
2393 1572 2495 1611 Quod

1483 1615 1580 1656 igitur
1602 1615 1712 1646 omnia
1736 1625 1870 1656 corpora
1893 1626 1930 1647 a
1953 1616 2106 1648 omnibus
2128 1616 2299 1648 constitut·
2323 1623 2400 1650 sunt
2412 1616 2493 1649 zim-

1485 1659 1636 1701 plicibus,
1660 1660 1783 1691 dictum
1806 1666 1863 1691 est.

1420 1747 1588 1787 continua,
1612 1758 1667 1780 aer
1690 1748 1873 1791 exspirans3
1898 1747 2048 1781 similiter
2070 1748 2157 1792 ignis
2179 1759 2251 1782 non
2273 1748 2395 1793 ligatus
2417 1759 2493 1783 evo-

1419 1790 1498 1825 labit
1520 1803 1664 1832 sursum‚
1680 1800 1764 1825 terra
1780 1800 1891 1826 autem
1915 1791 2093 1826 descendet
2113 1793 2281 1834 deorsum,
2293 1801 2330 1828 et
2344 1793 2398 1828 sic
2409 1803 2494 1828 nun-

1419 1847 1519 1881 quam
1544 1835 1706 1870 constabit
1729 1845 1767 1870 ut
1789 1835 1885 1870 faciat
1908 1848 1983 1870 ossa
2007 1845 2039 1871 et
2063 1848 2176 1871 carnes
2199 1846 2232 1871 et
2255 1837 2458 1873 huiusmodi.

1464 1890 1493 1914 2.
1513 1881 1668 1915 Secundo
1681 1880 1741 1915 ibi:
1755 1880 1859 1915 Habet
1877 1887 1978 1915 autem
1993 1881 2074 1926 quod
2086 1882 2196 1917 dicitur
2205 1882 2408 1934 quaestionem
2415 1882 2493 1924 ,etc.‚

1419 1925 1563 1959 ostendit
1579 1925 1670 1970 quod
1687 1926 1786 1959 etiam
1801 1925 1986 1961 secundum
2003 1927 2144 1971 primam
2156 1927 2352 1971 opinionem
2367 1936 2419 1962 est
2433 1926 2494 1962 du-

1418 1969 1521 2011 bium,
1539 1969 1711 2015 quomodo
1735 1982 1776 2004 ex
1799 1970 1970 2004 elementis
1994 1979 2193 2015 generentur
2216 1971 2427 2017 composita,
2443 1971 2492 2006 di-

1419 2026 1496 2048 cens
1521 2014 1611 2060 quod
1638 2014 1714 2048 licet
1746 2015 1852 2060 prima
1876 2016 1992 2060 opinio
2016 2016 2058 2049 sit
2080 2027 2180 2057 vera,
2204 2027 2288 2061 quae
2322 2015 2404 2051 dicit
2424 2015 2498 2051 ἀφ’

1418 2068 1530 2093 menta
1553 2060 1587 2093 in
1611 2059 1803 2093 alterutrum
1820 2061 2042 2101 transmutari,
2058 2069 2170 2095 tamen
2185 2060 2371 2096 secundum
2382 2059 2492 2114 ipsam

1418 2113 1468 2138 est
1491 2103 1630 2138 dubium
1654 2104 1828 2149 quomodo
1858 2116 1897 2138 ex
1921 2104 2092 2139 elementis
2119 2113 2234 2157 potest
2259 2104 2492 2150 generandi-

1419 2148 1498 2194 quid
1522 2157 1650 2194 praeter
1673 2150 1752 2194 ipsa.
1771 2148 1942 2184 Elementa
1966 2150 2055 2185 enim
2074 2149 2260 2184 adinvicem
2306 2158 2493 2193 merantur,

1418 2195 1504 2227 sicut
1527 2205 1611 2239 aqua
1634 2205 1674 2227 ex
1697 2194 1785 2238 igne,
1800 2202 1832 2228 et
1856 2206 1896 2228 ex
1919 2205 2004 2239 aqua
2027 2194 2124 2239 ignis,
2147 2203 2184 2229 et
2203 2195 2267 2228 sim
2293 2203 2354 2230 iter
2375 2203 2428 2230 est
2450 2193 2492 2230 de

1418 2238 1506 2272 aliis:
1531 2247 1570 2272 et
1587 2238 1652 2272 hoc
1676 2238 1771 2280 ideo,
1796 2239 1874 2284 quia
1897 2238 2019 2272 habent
2041 2250 2148 2276 unum
2171 2250 2353 2275 commune
2380 2238 2492 2274 subie-

1418 2292 1507 2316 ctum
1526 2292 1564 2316 ut
1588 2282 1713 2317 dictum
1736 2291 1803 2324 est;
1828 2282 1886 2317 sed
1910 2284 2009 2317 etiam
2031 2295 2071 2317 ex
2100 2284 2146 2317 eis
2165 2292 2340 2328 generatur
2363 2293 2439 2319 enm
2459 2292 2494 2318 et

1417 2327 1572 2369 medulla,
1588 2336 1621 2362 et
1637 2327 1698 2362 alia
1714 2329 1816 2362 mixta
1835 2339 1992 2373 corpora:
2017 2328 2075 2362 sed
2094 2328 2268 2373 quomodo
2286 2328 2345 2363 fiat
2367 2327 2503 2365 horum'

1416 2373 1596 2417 generatio,
1620 2372 1728 2408 adhuc
1752 2381 1802 2406 est
1824 2372 1974 2407 dubium.
2426 2398 2429 2402 v
2456 2374 2458 2378 '

1464 2427 1492 2461 3.
1511 2417 1629 2451 Tertio
1653 2416 1712 2451 ibi:
1736 2417 1805 2451 Illis
1828 2417 1950 2468 quidem
1973 2417 2052 2452 enim
2079 2426 2160 2458 etc.‚
2183 2417 2268 2453 redit
2290 2417 2412 2453 itffum
2433 2429 2491 2452 su-

1417 2473 1476 2506 per
1506 2461 1686 2495 secundam
1716 2470 1956 2506 quaestionem,
1981 2470 2018 2496 ut
2045 2461 2164 2495 melius
2196 2461 2349 2497 ostendat
2373 2461 2491 2507 flquo·

1417 2505 1521 2540 modo
1537 2518 1577 2540 ex
1600 2506 1672 2551 ipsa
1689 2517 1759 2540 non
1784 2514 1894 2557 potest
1913 2505 1981 2540 dari
1998 2517 2096 2540 verus
2112 2506 2233 2540 modus
2249 2505 2491 2551 generationis,

1417 2550 1529 2584 dicens
1553 2550 1645 2596 quod
1668 2550 1715 2584 illi
1739 2562 1795 2595 qui
1819 2550 1934 2584 dicunt
1957 2551 2043 2584 sicut
2065 2550 2285 2595 Empedocles
2309 2549 2399 2593 dicit,
2419 2562 2491 2586 non

1417 2604 1559 2640 possunt
1582 2595 1747 2639 assignare
1763 2594 1902 2628 modum
1926 2594 2098 2640 quomodo
2119 2606 2258 2640 corpora
2281 2595 2383 2634 mixta
2402 2606 2491 2630 com-

1416 2648 1584 2685 ponantur
1607 2651 1647 2673 ex
1674 2639 1856 2674 elementis.
1873 2639 2018 2674 Necesse
2042 2648 2091 2673 est
2114 2641 2204 2674 enim
2223 2639 2409 2677 secundum
2423 2651 2490 2675 -eos

1417 2684 1508 2730 quod
1531 2685 1732 2729 compositio
1749 2683 1990 2718 elementorum
2006 2685 2049 2718 sit
2071 2683 2233 2729 quaedam
2247 2685 2393 2719 mixtura
2405 2683 2479 2721 talis

1439 2729 1522 2763 ualis
1546 2738 1595 2762 est
1618 2729 1758 2762 mixtura
1782 2728 1900 2773 lapidis
1924 2729 1958 2762 in
1981 2729 2114 2773 pariete.
2135 2729 2263 2763 Dicunt
2285 2729 2376 2764 enim
2398 2710 2491 2776 quod

1416 2785 1433 2807 e
1447 2782 1578 2808 eruenta
1594 2773 1760 2807 salvantur
1776 2774 1810 2807 in
1826 2774 1930 2806 mixto
1947 2773 2131 2807 secundum
2151 2772 2274 2808 formas
2292 2773 2490 2808 substantia-

1416 2818 1463 2852 les
1487 2827 1520 2852 et
1543 2827 1634 2852 actus
1658 2829 1749 2859 suOS,
1766 2827 1798 2852 et
1821 2817 1894 2851 talis
1917 2818 2117 2863 compositio
2141 2827 2191 2852 est
2209 2817 2394 2853 secundum
2416 2829 2490 2864 par-

1416 2872 1464 2897 tes
1488 2863 1659 2904 minimas;
1679 2861 1770 2908 quod
1793 2871 1843 2896 est
1866 2859 2118 2903 inconveniens,
2143 2863 2220 2908 quia
2243 2861 2335 2915 quod
2357 2862 2417 2898 uni
2439 2871 2490 2897 est

1415 2908 1567 2948 mixtum,
1586 2916 1666 2952 puta
1682 2906 1767 2941 male
1786 2906 1911 2941 videnti
1928 2907 1985 2952 qui
2001 2918 2071 2941 non
2091 2906 2246 2942 discernit
2261 2915 2346 2942 mter
2453 2918 2488 2941 m

1415 2961 1448 2986 et
1464 2960 1602 2997 partem,
1619 2951 1720 2993 alteri,
1733 2951 1857 2985 scilicet
1873 2951 1956 2985 bene
1972 2951 2109 2992 videnti,
2122 2962 2192 2985 non
2204 2960 2292 2986 esset
2303 2951 2320 2969 ⁸
2330 2960 2487 2987 mixtum:
2515 2957 2527 2969 ⁶

1415 3005 1447 3030 et
1471 2997 1519 3030 sic
1543 2996 1631 3030 idem
1655 3005 1741 3030 esset
1763 2997 1904 3030 mixtum
1928 3005 1962 3030 et
1976 3007 2045 3030 non
2069 2997 2220 3030 mixtum.
2245 2995 2366 3031 Adhuc
2389 2997 2489 3031 etiam

1415 3042 1564 3086 sequitur
1587 3040 1676 3075 aliud
1705 3041 1960 3082 inconveniens;
1986 3041 2063 3086 quia
2097 3040 2282 3075 secundum
2305 3041 2387 3076 istos
2417 3051 2499 3076 non·

1415 3097 1456 3119 ex
1486 3097 1627 3130 quacum
1653 3097 1695 3119 ue
1724 3094 1815 3130 parte
1845 3086 1951 3119 carnis
1979 3085 2188 3129 generabitur
2220 3084 2392 3131 quodlibet
2421 3084 2488 3120 ele·

1415 3139 1577 3171 mentum,
1593 3142 1627 3164 se
1674 3142 1714 3164 ex
1737 3141 1803 3164 una
1825 3138 1916 3174 parte
1941 3141 2047 3163 unum
2070 3138 2103 3164 et
2125 3141 2166 3164 ex
2188 3129 2250 3164 alia
2270 3138 2364 3182 parte
2387 3129 2489 3173 aliud,

1415 3175 1500 3208 sicut
1523 3175 1550 3208 si
1567 3186 1606 3208 ex
1629 3186 1695 3208 una
1742 3183 1809 3208 arte
1827 3186 1918 3208 cerae
1942 3174 1999 3208 fiat
2012 3173 2161 3219 sphaera,
2177 3186 2218 3208 ex
2236 3173 2299 3208 alia
2321 3183 2414 3220 parte
2431 3173 2489 3209 fiat

1415 3218 1519 3262 figura
1567 3186 1766 3263 yramidaiis.
1783 3219 1859 3253 Hoc
1882 3228 1993 3252 autem
2017 3227 2107 3263 patet
2130 3230 2202 3252 esse
2225 3217 2345 3253 falsum
2392 3229 2428 3259 er
2449 3230 2489 3254 ea

1417 3275 1500 3308 quae
1529 3230 1614 3297 dlicta
1646 3272 1723 3297 sunt
1746 3275 1856 3308 supra,
1881 3262 2026 3308 capitulo
2049 3262 2090 3297 de
2113 3263 2283 3298 mixtione.
2308 3263 2351 3298 Se
2401 3262 2490 3298 sicut

1416 3308 1450 3340 in
1475 3319 1671 3359 unaquaque
1688 3317 1778 3352 parte
1795 3319 1887 3342 cerae
1911 3316 2021 3352 potest
2036 3307 2200 3353 quaelibet
2218 3306 2324 3352 figura
2342 3306 2488 3350 formari,

1416 3352 1459 3385 ita
1475 3363 1515 3385 ex
1538 3351 1682 3397 qualibet
1698 3361 1788 3397 parte
1805 3353 1899 3386 mixti
1923 3363 1982 3397 per
1996 3351 2236 3386 resolutionem
2256 3360 2366 3397 potest
2381 3351 2489 3398 quod-

1414 3532 1502 3563 nuari,
1522 3537 1547 3557 et
1565 3540 1675 3558 numero
1694 3540 1709 3565 7
1730 3533 1876 3558 convenire.
1892 3547 1912 3553 -
1932 3533 1991 3558 Mox
2014 3540 2062 3566 pro
2079 3533 2117 3558 ad
2135 3532 2327 3559 ostendendam
2351 3532 2427 3566 quis,
2448 3532 2488 3559 ad

307 3558 396 3583 omnia
410 3559 566 3589 (mixtionis
580 3561 620 3585 ed.
634 3561 660 3592 b)
675 3561 799 3587 elementa
815 3567 977 3588 concurrunt
991 3564 1017 3589 in
1032 3564 1090 3598 (pro
1103 3565 1153 3598 ibi)
1167 3566 1257 3590 omnia
1272 3566 1362 3592 mixta
1416 3567 1556 3592 dicendum
1581 3568 1653 3600 quod
1671 3568 1717 3598 Ca,
1737 3569 1775 3594 ad
1793 3568 1985 3594 ostendendum
2004 3568 2076 3602 quod
2095 3569 2140 3594 Pb.

308 3601 422 3626 corpora
436 3594 505 3623 Cab5
523 3594 542 3619 Ρ
558 3595 618 3628 legit
631 3601 659 3620 ut
673 3596 713 3621 ed.
727 3597 750 3625 b,
763 3597 848 3622 addito
868 3598 917 3623 ibi.-
935 3598 1031 3624 Omnia
1044 3600 1112 3624 enim
1127 3600 1228 3631 mixtas
1248 3602 1293 3626 sed
1307 3602 1363 3633 pla-

307 3636 370 3653 num
384 3634 423 3654 est
441 3634 555 3655 nostram
574 3631 659 3663 potius
678 3632 860 3657 correctionem
880 3641 957 3666 quam
976 3634 1111 3659 lectionem
1129 3635 1149 3659 P
1165 3636 1196 3660 ab
1215 3636 1255 3661 ed.
1269 3643 1287 3661 a
1301 3637 1361 3662 insi-

1469 3601 1494 3635 β)
1515 3606 1544 3627 ut
1563 3603 1656 3628 meIius
1674 3604 1807 3630 ostendat.
1824 3617 1844 3623 -
1862 3607 1892 3629 ut
1911 3603 2089 3629 unsvensah‘us
2107 3604 2156 3629 dat
2174 3603 2215 3629 ed.
2228 3610 2253 3634 a,
2269 3603 2341 3638 quod
2359 3602 2381 3628 C
2399 3610 2453 3629 om.
2465 3615 2486 3624 -

1416 3637 1480 3662 Post
1497 3638 1543 3670 qui
1562 3638 1655 3664 dicunt
1674 3639 1693 3663 P
1713 3639 1771 3664 add.
1790 3639 1890 3665 scilicet
1908 3639 2038 3665 elementa
2056 3646 2112 3665 esse
2130 3638 2385 3666 intransmutabilia.
