2782 4134
81 981 91 991 ⁴
106 982 159 1002 erat
172 986 193 1001 1³1
198 996 203 1001 .

80 1198 89 1207 ⁸
106 1197 165 1225 Quia
184 1196 287 1224 quamvis

79 1230 100 1244 P.

77 1568 85 1576 '‘
99 1565 132 1587 ad
151 1565 218 1586 codd.
234 1571 282 1586 exc.

74 1591 222 1640 e'¹›‘{¹l⁴⁰‹³dmp⁴i’

74 1724 86 1734 ⁸
99 1729 150 1744 esse
164 1723 214 1745 add.
230 1730 252 1744 Α.

74 2257 85 2267 ⁸
99 2263 144 2278 non
154 2262 201 2278 om.
216 2255 284 2278 codd.

75 2289 124 2305 exc.
138 2289 209 2305 Λεεσι.

333 266 402 302 106

326 355 406 379 esse
435 348 605 390 respectu
631 339 764 376 infiniti
791 337 972 385 temporis
999 335 1061 372 vel
1090 334 1245 371 alicuius
1263 334 1378 383 partis

327 395 417 442 eius,
447 393 612 442 sequitur
639 392 743 441 quod
766 391 876 427 simul
896 388 1106 426 secundum
1131 395 1257 424 actum
1277 387 1323 423 sit
1343 394 1378 423 et

325 460 402 485 non
421 447 481 483 sit:
505 446 593 494 quia
610 445 648 482 in
675 444 820 481 infinito
849 450 1020 490 tempore
1048 441 1262 489 ponebatur
1282 452 1375 487 esse,

326 507 361 537 et
373 507 505 548 postea
518 498 669 547 ponitur
682 496 694 518 λ
709 510 786 534 non
807 508 889 532 esse
908 501 1080 543 respectu
1097 493 1267 530 eiusdem
1282 500 1376 530 tem-

322 553 435 602 poris.
457 551 699 588 Manifestum
719 558 773 586 est
795 549 903 596 igitur
922 546 1024 596 quod
1047 547 1123 583 hoc
1150 546 1286 583 falsum
1315 559 1375 583 ac-

325 605 410 642 cidit
438 617 483 641 ex
510 604 602 640 falso
630 602 765 652 posito,
787 601 925 638 scilicet
953 612 997 636 ex
1016 600 1091 636 hoc
1119 599 1224 648 quod
1247 607 1287 636 tu
1306 612 1375 648 po-

323 659 439 694 nebas
462 656 560 693 istud
583 656 740 693 existens
768 655 806 690 in
834 653 980 690 infinito
1001 660 1175 702 tempore
1194 665 1273 690 non
1293 665 1375 690 esse

322 710 561 759 quandoque.
584 708 659 745 Sed
682 708 711 744 si
735 709 809 744 hoc
828 707 962 742 falsum
983 718 1062 743 non
1084 714 1181 743 esset
1200 706 1375 755 impossi-

321 764 405 810 bile,
430 775 508 799 non
531 767 746 810 sequeretur
763 759 995 808 impossibile
1010 766 1045 805 μς
1064 759 1232 808 sequitur
1246 767 1375 797 autem

319 815 560 864 impossibile,
590 813 726 850 scilicet
744 812 846 850 idem
867 812 979 849 simul
999 825 1082 850 esse
1107 820 1144 849 et
1162 825 1241 850 non
1271 825 1374 859 esse3

321 880 408 916 ergo
437 866 666 916 impossibile
694 865 761 902 fuit
797 865 886 902 illud
919 878 999 902 non
1032 878 1126 904 esse.
1161 867 1253 903 Non
1286 878 1374 914 ergo

316 928 463 970 poterat
480 932 557 956 non
577 931 672 964 esse;
703 926 739 955 et
757 918 807 955 ita
830 931 909 955 non
929 927 1008 956 erat
1028 919 1280 968 corruptibile.
1312 919 1375 956 Sic

318 985 406 1021 ergo
424 980 525 1022 patet
543 972 646 1020 quod
666 984 781 1008 omne
801 971 907 1020 quod
927 979 983 1009 est
998 974 1017 994 *²
1032 985 1186 1022 semper
1202 985 1279 1020 ens,
1296 985 1374 1010 non

315 1034 439 1075 potest
471 1038 550 1062 esse
579 1025 834 1073 corruptibile;
866 1032 902 1062 et
929 1025 979 1063 ita
1007 1026 1229 1075 simpliciter„
1247 1033 1302 1063 est
1320 1026 1374 1063 in-

318 1078 564 1127 corruptibile.

368 1132 403 1168 6.
425 1131 500 1168 Sed
527 1130 674 1167 videtur
705 1131 810 1179 quod
838 1131 907 1169 iste
934 1144 1136 1181 processus
1163 1132 1374 1170 Aristotelis

314 1185 572 1225 necessitatem
592 1196 670 1220 non
693 1184 842 1221 habeat.
865 1186 1054 1232 Quamvis
1075 1185 1183 1234 enim„
1198 1187 1218 1207 ’¹‘
1237 1186 1374 1223 nullius

311 1237 478 1286 potentia
505 1237 551 1273 sit
578 1237 625 1273 ad
653 1237 728 1274 hoc
765 1238 869 1286 quod
897 1238 974 1276 duo
1013 1239 1188 1289 opposita
1226 1239 1300 1277 sint
1335 1239 1374 1276 in

313 1290 449 1327 eodem
485 1297 658 1338 tempore
686 1290 724 1327 in
758 1298 864 1339 actu,
903 1299 1032 1329 tamen
1070 1292 1161 1329 nihil
1197 1293 1375 1341 prohibet

311 1344 413 1392 quod
430 1343 597 1392 potentia
624 1342 779 1380 alicuius
799 1344 846 1381 sit
871 1344 920 1382 ad
940 1345 1017 1383 duo
1047 1345 1223 1395 opposita
1246 1359 1372 1395 respe-

313 1404 372 1433 ctu
392 1395 560 1433 eiusdem
584 1397 767 1445 temporis
787 1398 858 1434 sub
879 1397 1141 1446 disiunctione,
1168 1399 1374 1448 aequaliter

312 1457 347 1486 et
374 1449 510 1486 eodem
539 1450 674 1487 modo:
704 1450 798 1487 sicut
824 1451 993 1500 potentia
1020 1465 1109 1489 mea
1138 1460 1193 1490 est
1220 1452 1269 1490 ad
1298 1454 1373 1490 hoc

311 1503 415 1550 quod
444 1515 524 1539 cras
556 1503 594 1539 in
632 1510 716 1540 ortu
753 1503 843 1540 solis
872 1505 934 1542 vel
963 1505 1120 1543 sedeam
1157 1507 1220 1544 vel
1253 1514 1370 1554 stem3

310 1566 388 1592 non
407 1563 535 1593 tamen
552 1563 593 1592 ut
606 1557 626 1577 '²'
644 1563 849 1606 utrumque
869 1557 916 1595 sit
933 1558 1056 1607 simul,
1078 1558 1147 1605 sed
1166 1560 1372 1608 aequaliter

309 1621 467 1657 possum
494 1610 555 1646 vel
577 1611 595 1630 ’¹‘
616 1617 713 1646 stare
741 1622 820 1647 non
848 1611 1032 1660 sedendo,
1054 1613 1117 1649 vel
1141 1613 1274 1650 sedere
1293 1625 1372 1651 non

310 1663 454 1700 stando.
486 1662 547 1699 Sic
574 1662 683 1710 igitur
718 1671 848 1712 posset
875 1664 1007 1715 aliquis
1045 1666 1203 1703 obviare
1237 1666 1372 1704 rationi

309 1715 526 1753 Aristotelis.
556 1717 753 1754 Ponamus
783 1717 884 1754 enim
914 1718 1056 1767 aliquid
1075 1731 1228 1768 semper
1249 1721 1268 1741 *
1291 1732 1369 1767 ens,

308 1768 358 1805 ita
385 1775 512 1806 tamen
540 1769 646 1817 quod
664 1769 763 1808 istud
791 1782 874 1807 esse
893 1783 1006 1809 suum
1031 1772 1307 1822 sempiternum
1327 1773 1373 1811 sit

309 1822 527 1870 contingens
556 1830 591 1859 et
614 1835 693 1860 non
721 1825 989 1862 necessarium.
1011 1825 1154 1863 Poterit
1181 1838 1272 1874 ergo
1293 1839 1372 1864 non

309 1887 389 1911 esse
417 1882 589 1924 respectu
618 1876 892 1926 cuiuscumque
928 1878 1043 1927 partis
1071 1879 1255 1928 temporis
1287 1880 1371 1918 infi-

308 1927 384 1975 niti,
407 1928 447 1964 in
472 1941 548 1978 quo
568 1929 722 1978 ponitur
741 1942 894 1979 semper
912 1943 1014 1969 esse:
1034 1944 1105 1969 nec
1123 1940 1279 1982 propter
1297 1934 1372 1970 hoc

309 1988 484 2029 sequetur
511 1982 616 2031 quod
644 1983 785 2031 aliquid
813 1983 859 2020 sit
886 1984 998 2022 simul
1027 1997 1094 2022 ens
1123 1993 1159 2022 et
1186 1998 1265 2023 non
1292 1998 1369 2024 ens.

309 2034 456 2071 Eadem
490 2035 592 2072 enim
621 2035 715 2073 ratio
743 2036 895 2074 videtur
921 2038 960 2075 in
987 2045 1068 2075 toto
1096 2038 1243 2076 infinito
1277 2047 1372 2076 tem-

309 2099 412 2135 pore,
435 2094 471 2124 et
489 2087 527 2125 in
546 2088 673 2136 aliquo
702 2096 782 2127 toto
801 2098 975 2139 ternpore
1003 2091 1124 2129 finito.
1154 2092 1235 2129 Etsi
1268 2093 1371 2137 enim

309 2153 498 2189 ponamus
517 2147 528 2161 ⁹
557 2142 661 2190 quod
689 2142 821 2192 aliquis
841 2143 886 2180 sit
908 2144 947 2181 in
976 2144 1095 2182 domo
1124 2157 1277 2195 semper
1304 2158 1373 2195 per

310 2201 428 2231 totam
457 2194 575 2241 diem,
605 2202 734 2232 tamen
762 2208 840 2233 non
869 2205 924 2234 est
951 2197 1185 2246 impossibile
1215 2211 1304 2236 eum
1332 2199 1370 2236 in

312 2246 426 2284 domo
454 2259 533 2284 non
554 2249 573 2269 ’³‘
594 2260 676 2285 esse
696 2249 734 2286 in
758 2262 999 2298 quacumque
1026 2258 1133 2299 parte
1163 2251 1252 2288 diei:
1282 2252 1371 2300 quia

311 2312 388 2337 non
417 2312 461 2337 ex
488 2301 707 2339 necessitate
728 2310 784 2339 est
802 2303 840 2340 in
861 2302 979 2340 domo
1007 2316 1076 2352 per
1103 2311 1222 2342 totam
1253 2304 1367 2353 diem,

311 2353 377 2390 sed
406 2353 671 2402 contingenter.

364 2406 439 2443 Sed
467 2406 669 2445 dicendum
703 2416 758 2446 est
785 2408 891 2457 quod
918 2421 998 2446 non
1025 2417 1081 2447 est
1110 2410 1246 2448 eadem
1274 2411 1368 2448 ratio

309 2459 521 2508 utrobique.
539 2461 642 2497 Nam
661 2461 751 2499 illud
770 2462 875 2510 quod
894 2474 1047 2511 semper
1066 2470 1132 2507 est,
1149 2463 1289 2501 scilicet
1302 2476 1371 2513 per

310 2511 497 2549 infinitum
512 2519 674 2562 tempus,
690 2515 805 2552 habet
819 2515 1027 2563 potentiam
1045 2523 1088 2552 ut
1102 2515 1147 2553 sit
1164 2516 1203 2553 in
1222 2517 1368 2554 infinito

311 2571 503 2613 ternpore:
540 2567 707 2614 potentia
743 2575 871 2604 autem
909 2568 1088 2606 existendi
1122 2581 1200 2607 non
1238 2578 1293 2607 est
1320 2571 1369 2608 ad

312 2624 514 2665 utrumque
549 2627 720 2667 respectu
752 2620 933 2669 temporis
962 2621 1000 2658 in
1027 2634 1105 2670 quo
1134 2622 1218 2670 quis
1245 2631 1369 2672 potest

315 2681 410 2715 esse3
431 2670 560 2707 omnia
580 2671 680 2708 enim
700 2680 881 2721 appetunt
899 2686 993 2721 esse,
1011 2681 1047 2711 et
1064 2677 1368 2726 unumquodque

314 2729 460 2760 tantum
492 2730 547 2760 est
580 2732 763 2773 quantum
799 2734 923 2775 potest
951 2739 1044 2765 esse.
1083 2728 1132 2765 Et
1158 2729 1233 2766 hoc
1259 2742 1366 2779 prae-

365 2877 393 2912 λ)
408 2882 502 2911 postea
516 2880 637 2912 ponitur.
650 2894 668 2899 —
679 2884 772 2912 postea
786 2882 936 2913 ponebatur
955 2883 983 2907 P.
996 2897 1014 2902 -
1028 2883 1084 2909 Lin.
1099 2892 1153 2918 seq.
1169 2893 1216 2918 pro
1235 2889 1281 2916 est,
1297 2887 1367 2918 quod

313 2922 365 2939 orn.
378 2915 452 2939 codd.
465 2922 518 2940 exc.
532 2916 568 2945 A,
588 2915 691 2948 quidem
710 2916 738 2941 P.

366 2949 393 2983 μ)
413 2950 467 2974 Sed
484 2950 507 2975 si
525 2950 604 2976 hoc...
619 2955 771 2983 sequeretur
787 2952 952 2984 impossibile.
970 2968 988 2972 -
1007 2954 1061 2979 Sed
1078 2955 1102 2980 si
1120 2955 1168 2981 hoc
1180 2955 1283 2989 salsum
1301 2960 1368 2982 esset

307 2985 409 3018 salsum
428 2988 544 3015 tantum,
564 2989 626 3012 tunc
644 2994 695 3011 non
714 2991 867 3020 sequeretur
885 2988 1042 3021 impossibile
1060 2990 1089 3015 Ρ.

314 3055 357 3079 b..
365 3028 378 3069 Υ
381 3020 435 3080 >13¹
448 3021 767 3082 12¹2“⁰.{⁰''¹}²‚¹5.51.⁸.²”}{5.s
780 3030 904 3084 5t⁵⁶.:..³.·-
917 3024 980 3084 {3:ss
1000 3025 1229 3086 3:¹Lz”..¹'⁰”“0”¹;⁴⁵·
1247 3041 1266 3087 ἰ
1284 3027 1303 3052 ¹²
1323 3027 1367 3052 ¹¹⁸·

315 3073 404 3122 quitur
428 3063 616 3124 quodqaliqtfid
639 3093 675 3117 sit
697 3066 779 3118 εἱηιιῖἷ
799 3101 845 3119 ens
870 3077 903 3119 et,
920 3102 971 3120 non
998 3102 1050 3120 ens.
1077 3069 1369 3130 Sipe'in‘lr'ne'porizcmifse}

1022 258 1092 294 DE
1123 255 1298 293 CAELO
1328 255 1398 291 ET
1427 254 1622 291 MUNDO
1653 255 1747 292 LIB.
1779 256 1792 290 I

1434 332 1543 381 cipue
1571 340 1675 380 patet
1702 333 1740 370 in
1769 333 1826 370 his
1854 345 1953 382 quae
1982 339 2070 370 sunt
2097 345 2120 369 a
2148 340 2294 381 natura,
2320 334 2408 383 quia
2436 347 2502 372 na-

1432 393 1515 422 tura
1545 393 1600 422 est
1633 387 1883 423 determinata
1911 386 1961 424 ad
1988 398 2122 423 unum.
2159 387 2208 423 Et
2236 386 2290 423 sic
2317 387 2503 436 quidquid

1432 450 1585 487 semper
1609 445 1675 486 est,
1696 451 1775 476 non
1804 439 2063 488 contingenter
2091 451 2244 488 semper
2273 447 2340 488 est,
2360 440 2429 478 sed
2457 453 2503 478 ex

1431 491 1665 528 necessitate.

1485 557 1519 593 7.
1551 544 1701 581 Deinde
1731 557 1818 581 cum
1849 546 1954 583 dicit:
1984 546 2162 583 Similiter
2179 551 2306 583 autem
2334 551 2370 583 et
2397 547 2501 597 inge-

1431 598 1549 634 nitum
1579 605 1661 644 etc.,
1692 598 1856 636 ostendit
1882 598 1986 636 idem
2017 612 2061 636 ex
2090 606 2195 648 parte
2224 598 2338 647 geniti
2355 600 2418 636 vel
2446 599 2502 637 in-

1430 650 1561 699 geniti:
1587 658 1624 687 et
1644 650 1732 687 dicit
1751 651 1856 700 quod
1884 652 2053 689 similiter
2081 653 2172 690 illud
2200 652 2307 702 quod
2327 659 2383 689 est
2401 663 2502 690 sem-

1431 717 1510 752 per,
1531 703 1670 741 scilicet
1697 704 1736 740 in
1764 704 1912 742 infinito
1940 713 2128 755 tempore,
2149 718 2305 743 necesse
2335 713 2390 743 est
2418 717 2502 743 esse

1430 757 1652 805 ingenitum.
1684 757 1785 804 Quia
1804 758 1835 794 si
1854 766 1954 796 esset
1980 759 2161 807 genitum,
2193 767 2292 796 esset
2318 759 2500 809 possibile

1431 810 1536 859 quod
1564 810 1735 859 quodam
1755 817 1931 860 tempore
1958 824 2038 849 non
2058 820 2167 860 esset,
2188 812 2283 850 sicut
2303 813 2351 850 de
2371 825 2501 850 corru-

1429 863 1550 912 ptibili
1570 864 1713 901 dictum
1734 871 1790 900 est
1811 865 1845 900 *z
1867 864 1962 902 sicut
1990 865 2092 902 enim
2126 866 2368 915 corruptibile
2389 874 2445 903 est
2459 867 2502 888 *²¹¹

1430 917 1547 965 quod,
1569 929 1658 954 cum
1676 918 1695 938 ’¹‘
1719 917 1824 966 prius
1852 917 1974 966 fuerit,
1994 929 2098 956 nunc
2125 931 2204 956 non
2233 927 2299 967 est,
2319 921 2383 957 vel
2410 932 2500 957 con-

1428 970 1534 1018 tingit
1548 983 1627 1007 non
1647 982 1730 1007 esse
1749 972 1983 1020 quandoque
2002 971 2040 1008 in
2059 972 2241 1020 futurum,
2261 973 2311 1010 ita
2330 973 2500 1021 genitum

1430 1031 1485 1060 est
1513 1023 1619 1072 quod
1647 1035 1751 1060 nunc
1779 1031 1846 1071 est,
1876 1024 1946 1061 sed
1972 1024 2077 1073 prius
2105 1037 2184 1062 non
2213 1025 2291 1063 fuit.
2322 1026 2415 1063 Non
2445 1034 2501 1064 est

1429 1083 1558 1114 autem
1588 1077 1678 1114 dare
1707 1076 1865 1125 aliquod
1887 1084 2041 1126 tempus
2060 1077 2099 1114 in
2118 1090 2196 1127 quo
2216 1078 2254 1116 id
2273 1079 2380 1128 quod
2399 1091 2500 1117 sem-

1428 1142 1497 1178 per
1517 1138 1583 1177 est,
1603 1130 1785 1179 possibile
1805 1129 1852 1167 sit
1869 1143 1949 1168 non
1977 1142 2072 1178 esse,
2102 1143 2229 1180 neque
2256 1131 2296 1169 in
2323 1139 2499 1182 tempore

1428 1183 1536 1221 finito
1556 1195 1681 1232 neque
1701 1183 1740 1220 in
1758 1190 1935 1232 tempore
1953 1183 2119 1221 infinito:
2141 1184 2231 1233 quia
2249 1186 2355 1234 quod
2374 1193 2501 1235 potest

1429 1249 1512 1274 esse
1540 1245 1714 1286 tempore
1743 1236 1903 1285 infinito,
1924 1236 2020 1274 sicut
2047 1237 2086 1275 id
2114 1237 2219 1286 quod
2249 1250 2403 1288 semper
2430 1246 2498 1288 est,

1428 1297 1553 1339 potest
1581 1302 1663 1328 esse
1693 1290 1864 1339 quolibet
1889 1298 2064 1340 tempore
2092 1290 2218 1339 finito,
2247 1291 2355 1341 quod
2382 1291 2500 1330 inclu—

1429 1343 1528 1381 ditur
1546 1342 1560 1367 ξ
1579 1356 1601 1380 a
1619 1351 1794 1392 tempore
1813 1343 1980 1387 infinito;
2011 1352 2047 1381 et
2074 1343 2124 1381 ita
2153 1352 2344 1393 sequetur,
2364 1356 2500 1384 secun-

1428 1397 1521 1434 dum
1540 1397 1774 1446 praedictam
1804 1397 2074 1434 deductionem
2096 1399 2127 1444 ³²,
2159 1397 2263 1447 quod
2283 1397 2424 1448 aliquid
2453 1398 2501 1436 si·
2525 1409 2535 1420 ·

1427 1451 1508 1488 mul
1545 1450 1591 1487 sit
1619 1458 1656 1487 et
1683 1462 1762 1487 non
1790 1450 1855 1497 sit,
1894 1450 2000 1499 quod
2030 1459 2086 1488 est
2119 1451 2366 1500 impossibile.
2406 1452 2499 1490 Non

1426 1504 1535 1552 igitur
1563 1503 1744 1552 contingit
1770 1504 1877 1552 quod
1904 1516 2027 1541 unum
2055 1511 2093 1541 et
2121 1504 2224 1542 idern
2251 1505 2372 1554 possit
2399 1517 2500 1544 sem·-

1424 1570 1495 1607 per
1531 1570 1615 1594 esse
1657 1564 1694 1594 θῖ
1730 1569 1884 1606 semper
1914 1569 1994 1595 non
2031 1570 2135 1595 esse:
2175 1558 2264 1607 quia
2296 1559 2373 1596 hoc
2401 1566 2502 1597 esset

1426 1623 1580 1659 semper
1599 1622 1682 1648 esse
1702 1618 1739 1647 et
1757 1622 1911 1659 semper
1930 1623 2009 1648 non
2029 1623 2111 1648 esse
2139 1618 2314 1662 tempore
2336 1611 2498 1651 infinito.

1427 1664 1606 1701 Similiter
1625 1664 1741 1700 etiam
1755 1676 1835 1700 non
1850 1670 1907 1701 est
1920 1664 2111 1713 possibilis
2129 1665 2279 1714 negatio
2295 1665 2377 1703 eius
2392 1665 2499 1715 quod

1427 1725 1483 1754 est
1501 1729 1653 1766 semper
1671 1729 1767 1764 esse,
1787 1724 1880 1766 puta
1898 1724 1940 1754 ut
1959 1717 1989 1754 si
2009 1717 2183 1755 dicamus
2205 1718 2313 1768 quod
2331 1718 2371 1756 id
2390 1718 2499 1768 quod

1427 1782 1581 1819 semper
1607 1777 1678 1817 est,
1713 1769 1834 1818 possit
1860 1782 1940 1808 non
1968 1782 2123 1820 semper
2151 1783 2249 1809 esse:
2283 1772 2359 1809 hoc
2383 1772 2497 1810 -enim

1427 1831 1526 1861 esset
1552 1835 1668 1872 posse
1687 1829 1699 1844 ⁰
1727 1835 1806 1860 non
1835 1835 1918 1860 esse
1947 1823 1996 1861 ad
2024 1824 2152 1861 minus
2179 1831 2355 1874 tempore
2374 1825 2496 1864 finito.

1480 1876 1544 1914 Sic
1579 1876 1691 1924 igitur
1717 1883 1821 1926 patet
1857 1877 1964 1926 quod
1997 1877 2233 1927 impossibile
2267 1885 2324 1916 est
2355 1878 2498 1929 aliquid

1427 1942 1580 1978 semper
1609 1942 1703 1977 esse,
1725 1938 1761 1967 et
1789 1930 1897 1978 quod
1924 1930 1971 1968 sit
1998 1931 2260 1980 corruptibile,
2289 1933 2352 1970 vel
2381 1932 2497 1971 etiam

1426 1983 1530 2032 quod
1560 1983 1606 2020 sit
1641 1983 1822 2031 genitum.
1853 1983 1955 2030 Quia
1982 1983 2014 2021 si
2039 1984 2115 2021 sint
2151 1985 2230 2022 duo
2267 1985 2419 2023 termini
2446 1985 2498 2024 im

1426 2049 1466 2073 se
1494 2037 1679 2073 habentes
1712 2036 1818 2085 quod
1836 2036 2026 2086 posterius
2054 2050 2133 2075 non
2155 2038 2277 2087 possit
2304 2051 2388 2076 esse
2415 2039 2498 2078 sine

1425 2089 1564 2138 primo,
1585 2090 1682 2127 sicut
1699 2091 1820 2127 homo
1841 2102 1921 2127 non
1939 2098 2065 2139 potest
2080 2103 2163 2128 esse
2179 2091 2261 2130 sine
2276 2092 2448 2139 animali;
2465 2092 2497 2130 si

1425 2143 1527 2191 illud,
1548 2143 1688 2180 scilicet
1705 2142 1886 2192 primum,
1909 2151 1965 2180 est
1982 2143 2218 2193 impossibile
2247 2157 2342 2193 esse,
2372 2146 2499 2196 sequi-

1425 2204 1485 2233 tur
1512 2196 1618 2245 quod
1638 2196 1826 2244 posterius
1855 2195 1969 2233 etiam
1993 2196 2040 2234 sit
2066 2197 2302 2247 impossibile
2326 2210 2428 2246 esse;
2448 2198 2497 2237 si—

1426 2256 1488 2286 cut
1515 2249 1544 2286 si
1574 2249 1810 2298 impossibile
1840 2256 1895 2286 est
1927 2249 2093 2299 lapidem
2122 2263 2206 2288 esse
2235 2251 2397 2300 animal,
2426 2252 2497 2290 im-

1423 2302 1604 2351 possibile
1632 2310 1688 2339 est
1716 2302 1884 2352 lapidem
1905 2314 1988 2340 esse
2014 2303 2227 2342 hominem.
2250 2305 2338 2342 Hoc
2365 2313 2497 2344 autem

1423 2355 1530 2404 quod
1545 2363 1602 2392 est
1616 2355 1822 2404 aliquando
1837 2368 1917 2393 non
1932 2367 2027 2404 esse,
2053 2357 2224 2406 sequitur
2241 2358 2292 2396 ad
2311 2359 2495 2409 corrupti-

1423 2408 1498 2446 bile
1514 2416 1551 2446 et
1564 2408 1733 2456 genitum
1752 2409 1848 2446 sicut
1867 2409 2065 2458 quoddam
2086 2411 2332 2450 communius
2344 2413 2376 2459 ¹⁸²,
2391 2420 2435 2450 ut
2447 2423 2495 2450 ex

1423 2461 1530 2500 dictis
1549 2463 1569 2482 '⁵
1597 2469 1711 2511 patet.
1733 2461 1773 2499 Si
1794 2474 1884 2511 ergo
1908 2462 2001 2500 illud
2020 2463 2126 2512 quod
2145 2476 2300 2514 semper
2327 2473 2393 2513 est,
2414 2478 2495 2505 non

1424 2515 1605 2563 contingit
1619 2515 1852 2564 quandoque
1867 2528 1946 2553 non
1961 2528 2057 2564 esse,
2074 2517 2244 2566 sequitur
2258 2518 2373 2556 etiam
2386 2521 2495 2570 quod

1423 2568 1657 2618 impossibile
1678 2568 1724 2606 sit
1751 2568 1789 2606 id
1808 2569 1914 2617 quod
1942 2581 2096 2618 semper
2115 2578 2182 2618 est,
2204 2583 2286 2609 esse
2305 2572 2492 2621 genitum;

1424 2630 1460 2659 et
1477 2621 1647 2659 similiter
1675 2622 1911 2671 impossibile
1936 2630 1991 2660 est
2010 2622 2101 2661 illud
2124 2636 2208 2661 esse
2237 2626 2492 2676 corruptibile.

1422 2676 1471 2712 Et
1489 2675 1543 2713 sic
1570 2682 1674 2725 patet
1701 2675 1807 2725 quod
1835 2687 1953 2713 omne
1980 2678 2086 2725 quod
2115 2685 2172 2715 est
2203 2675 2492 2730 sempiternum,

1423 2736 1479 2766 est
1505 2728 1714 2777 ingenitum
1743 2736 1780 2766 et
1807 2728 2101 2778 incorruptibile.

1421 2887 1498 2912 etiam
1512 2887 1536 2912 G
1550 2887 1628 2912 habet
1647 2887 1679 2913 Si
1696 2888 1766 2913 enim
1779 2895 1929 2920 ponamus,
1949 2888 1959 2914 1
1978 2888 2085 2914 Benim
2102 2889 2127 2914 ei
2146 2896 2293 2922 ponamus,
2312 2891 2336 2916 Λ
2355 2891 2392 2917 Et
2405 2891 2430 2917 xi
2441 2899 2494 2925 po-

1422 2929 1522 2948 nemus.

1476 2956 1500 2991 ξ)
1519 2957 1674 2984 includitur.
1696 2972 1716 2978 —-
1737 2959 1894 2985 excluditur
1912 2960 1935 2988 1.
1953 2959 2123 2986 concluditur
2137 2965 2185 2985 cet.
2202 2973 2222 2980 -
2241 2960 2365 2994 Sequenti
2386 2961 2431 2988 lin.
2444 2970 2493 2996 pro

1421 2994 1538 3027 aliquid,
1557 2994 1655 3027 anquis
1673 2994 1702 3019 P.

1476 3029 1502 3062 ο)
1519 3036 1570 3054 nou
1585 3033 1625 3054 est
1634 3029 1802 3062 possibilis...
1817 3033 1884 3055 esset
1893 3037 1981 3062 posse.
1993 3045 2013 3050 —
2027 3030 2078 3056 Pro
2088 3031 2231 3063 possibilis,
2241 3032 2369 3064 possibile
2382 3033 2416 3064 P;
2435 3040 2492 3060 esu

1422 3069 1482 3096 post
1499 3068 1539 3090 est
1556 3071 1660 3097 semper
1678 3073 1732 3090 om.
1747 3065 1837 3096 codd.;
1857 3065 1887 3091 id
1904 3071 1964 3098 post
1982 3066 2054 3099 quod
2071 3074 2125 3092 om.
2141 3066 2175 3098 P;
2194 3074 2243 3100 pro
2257 3071 2420 3101 essetpoue,
2434 3075 2492 3095 em

1419 3107 1498 3131 posse
1517 3100 1609 3125 eadem
1629 3101 1657 3125 Ρ.
1676 3101 1818 3126 Nobiscum
1838 3101 1900 3134 legit
1918 3102 1958 3126 ed.
1978 3101 2053 3127 1516.

973 3351 1821 3382 ———-····-⁴<1·÷·ffiffl·e·c>uw·——

2528 870 2537 879 ⁶
2553 870 2625 893 Num.
2639 876 2660 899 5.

2528 898 2548 906 '⁶
2563 899 2601 918 es!
2617 903 2666 919 om.
2685 903 2699 919 r
2717 900 2740 919 et

2529 923 2598 946 codd.
2608 929 2660 946 exe.
2667 929 2691 946 Λ.

2528 952 2536 959 ·
2551 952 2630 972 tamen
2642 957 2664 972 P.
2722 970 2730 977 ,

2522 2419 2701 2442 ‘comum

2522 2471 2737 2527 §.³133aessss
