2690 4062
1047 215 1158 252 CAP.
1188 215 1297 263 VIII,
1333 215 1485 252 LECT.
1515 216 1589 252 XV

2288 227 2409 252 LXXVII

831 447 1132 504 LEcT10
1169 449 1797 527 DECIMAQUINTA

462 599 520 631 DE
544 598 864 630 ACCIDENTIBUS
889 598 1280 636 CONSEQUENTIBUS
1303 600 1644 632 TERRAEMOTUM
1666 601 1734 632 ET'
1748 601 2044 632 DIFFERENTIIS
2067 601 2163 632 EIUS

208 740 319 773 ’Ὅταν
343 734 373 770 δ’
392 739 527 793 ἰσχυρός
550 736 696 784 γένηται
720 739 868 782 σεισμός,
889 738 950 770 οὐκ
975 736 1085 779 εὐθυς,
1105 732 1177 770 οὐδ’
1198 735 1288 769 εἱσά-

284 782 355 824 παξ
381 794 535 815 παυεται
552 784 680 823 σείσας,
701 782 790 814 ἀλλα
807 783 848 813 ‘ro‘
868 780 1002 826 πρῶτον
1021 784 1080 826 μέν
1099 782 1196 826 μέχρι
1214 782 1287 824 περὶ

284 825 555 871 τετταράκοντα
580 825 709 871 πρόεισι
735 825 898 863 πολλάκις
924 826 1063 871 ἡμέρας,
1091 826 1230 869 ὕστερον
1248 821 1286 857 δὲ

282 874 342 904 καὶ
368 869 415 914 ἐφ’
445 872 479 903 ἓν
503 872 561 902 καὶ
587 871 643 902 ἐπὶ
667 865 729 904 δύο
754 869 815 907 ἔτη
847 871 1063 915 ἐπισημαίνει
1087 871 1183 903 κατά
1208 872 1289 908 τούς

284 916 414 953 αὐτούς
435 914 573 952 τόπους.
601 915 716 947 Αἴτιον
732 909 770 946 δὲ
789 915 851 947 τοῦ
870 916 929 959 μὲν
948 913 1120 960 μεγέθους,
1140 915 1180 947 τό
1200 915 1287 951 πλῆ-

242 975 245 977 *
283 959 340 998 θος
363 960 428 992 τοῦ
453 958 651 1004 πνεύματος
674 961 732 991 καὶ
759 959 827 990 τῶν
853 959 970 992 τόπων
991 961 1039 991 τοὶ
1059 959 1228 1003 σχήματα
1245 954 1283 990 δι’

283 1004 328 1037 ὧν
361 1002 402 1036 ἅν
431 1003 512 1049 ῥυῆ·
540 1003 561 1046 ᾗ
585 1005 650 1050 γοὶρ
677 1002 717 1035 σῖν
748 1002 968 1045 ἀντιτυπῆσῃ
1001 1005 1058 1035 καὶ
1088 1005 1135 1048 μή
1166 998 1287 1048 ῥᾳδίως

283 1044 415 1092 διέλθῃ,
434 1035 589 1092 μάλιστά
606 1059 644 1079 τε
662 1050 744 1079 σείει
768 1049 826 1079 καὶ
852 1047 1166 1094 ἑγκαταλείπεσθαι
1186 1046 1288 1093 ἀναγ-

283 1097 383 1126 καῖον
409 1092 443 1124 ἐν
468 1097 546 1130 ταῖς
577 1088 799 1138 δυσχωρίαις,
827 1091 896 1124 οἷον
923 1090 1010 1135 ὕδωρ
1036 1092 1075 1124 οὐ
1100 1087 1287 1136 δυνάμενον

282 1132 482 1178 διεξελθεῖν·
508 1132 561 1169 διὸ
585 1136 739 1180 καθάπερ
773 1136 806 1168 ἐν
835 1135 972 1190 σωματι
997 1137 1026 1167 οἱ
1055 1137 1198 1182 σφυγμοὶ
1225 1135 1285 1167 οὐκ

215 1162 225 1230 ζ’
243 1196 245 1198 ·
263 1180 656 1225 ῳδζαίφνεηςιεπαῦονται,
676 1181 755 1214 οὐδὲ
781 1191 930 1225 ταχεως,
950 1180 1022 1212 ἀλλ’
1050 1180 1087 1211 ἐκ
1113 1190 1288 1225 προσαγω-

306 1227 360 1266 fic,
379 1223 453 1279 ἅμξι
472 1224 820 1271 καταμαραινομένου
841 1225 904 1257 τοῦ
923 1222 1064 1264 πάθους,
1080 1226 1138 1255 καὶ
1156 1224 1177 1259 η’
1197 1223 1287 1276 ἀρχῇ

257 1282 259 1284 ·
309 1270 339 1315 φ’
361 1268 400 1307 ἧς
418 1282 439 1306 η
458 1268 680 1314 ἀναθυμίασις
706 1269 845 1322 ἐγένετο
869 1271 928 1300 καὶ
947 1269 968 1305 ή
985 1267 1072 1320 ὁρμῇ
1100 1268 1164 1300 τοῦ
1190 1278 1288 1300 πνευ-

218 1325 239 1358 ᾖ
283 1325 407 1360 ματος.
425 1309 531 1351 δῆλον
563 1314 620 1347 ὅτι
652 1315 712 1347 οὐκ
737 1312 834 1349 ευθύς
867 1312 1007 1345 ἅπασαν
1041 1311 1196 1343 ανάλωσε
1223 1312 1288 1348 τήν

251 1376 258 1383 1
274 1358 390 1399 'fil-nv,
418 1358 453 1400 ἐξ
479 1357 517 1396 ἧς
543 1358 680 1397 ἐποίησε
707 1360 767 1391 τὸν
794 1354 938 1402 ἄνεμον,
965 1356 1003 1389 ὃν
1026 1357 1198 1400 καλοῦμεν
1223 1367 1288 1387 σει-

819 1401 838 1409 -ο

232 1399 246 1418 7
266 1403 382 1448 ·σμόν.
417 1402 501 1441 Ἕως
527 1401 568 1434 ἂν
594 1403 652 1437 οὖν
679 1398 838 1477 ἀναλωθέ
864 1402 910 1433 ‘eo‘
937 1399 1112 1433 ὑπόλοιπα
1137 1398 1286 1440 τούτων,

285 1446 419 1492 ἀνάγκη
437 1449 552 1488 σείειν,
570 1447 795 1493 ἦρεμαίτερον
842 1445 856 1476 ἐ
881 1447 938 1489 καὶ.
963 1443 1062 1499 μέχρι
1081 1443 1209 1477 τούτου
1227 1442 1288 1481 ἕως

285 1491 327 1526 οἲν
350 1493 503 1525 ἔλαττον
529 1489 552 1535 ’ᾖ
577 1493 619 1524 ‘ro'
654 1489 930 1534 ἀναθυμιώμενον
956 1501 978 1525 η
1001 1489 1092 1521 ὥστε
1121 1486 1288 1520 δύνασθαι

283 1541 387 1569 κινεῖν
411 1531 595 1574 ἐπιδήλως.
620 1536 713 1567 Ποιεῖ
735 1529 774 1566 δὲ
797 1536 856 1566 καὶ
874 1534 955 1571 τούς
972 1532 1096 1577 ψόφους
1121 1534 1202 1570 τούς
1221 1533 1287 1564 ὑπό

283 1581 350 1617 τήν
374 1580 440 1625 γῆν
464 1579 660 1626 γινομένους
678 1579 733 1621 ,τό
767 1579 903 1622 πνεῦμα
934 1580 992 1609 καὶ
1025 1577 1106 1614 τούς
1132 1578 1194 1621 πρὸ
1220 1577 1288 1609 τῶν

283 1624 441 1681 σεισμᾶὶν.
478 1625 546 1656 Καὶ
572 1624 651 1656 α’νευ
683 1617 721 1654 δέ
753 1623 897 1667 σεισμῶν
926 1616 992 1659 ἤδη
1019 1633 1083 1654 που
1107 1619 1288 1667 γεγόνασιν

284 1669 349 1702 ὑπο
374 1678 459 1714 γην·

213 1711 329 1768 ᾔσπερ
352 1711 667 1766 γάραραπιζόμενιος
692 1711 708 1743 ὁ
736 1711 800 1754 ἀήρ
828 1708 1076 1747 παντοδαπούς
1095 1708 1211 1784 ἀφίησι
1233 1706 1289 1752 ψό-

215 1762 264 1783 'sav'

283 1767 376 1802 φους,
397 1767 488 1788 ουτω
511 1759 570 1788 καὶ
596 1767 738 1788 τυπτων
764 1754 888 1792 αὐτός·
916 1751 1012 1786 οὐθέν
1036 1755 1101 1799 γαὶρ
1142 1752 1287 1797 ιαφέρει·

282 1802 327 1834 τό
351 1801 416 1847 γάρ
435 1799 570 1833 τύπτον
597 1798 671 1845 ἅμα
686 1801 745 1831 καὶ
762 1797 851 1831 αὐτό
871 1797 1048 1830 τύπτεται
1066 1797 1148 1829 πᾶν.
1174 1796 1290 1841 Προέρ-

283 1855 390 1891 χεται
413 1843 443 1875 δ’
466 1846 482 1878 ὁ
499 1843 602 1889 ψόφος
623 1844 686 1881 τῆς
705 1841 868 1880 κινήσεως
885 1837 943 1874 διὰ
961 1843 1002 1874 τό
1019 1841 1291 1894 λεπτομερέστε-

217 1895 238 1913 '²
283 1899 342 1934 ρον
366 1885 454 1920 εἶναι
477 1891 535 1922 καὶ
561 1889 691 1933 μᾶλλον
715 1883 776 1919 διαὶ
801 1888 932 1924 παντός
952 1884 1040 1917 ἰέναι
1057 1897 1120 1918 του
1140 1896 1290 1930 πνευμα-

240 1940 253 1953 ”·
283 1938 345 1970 τος
369 1934 431 1964 τόν
456 1932 573 1978 ψόφον.
603 1931 713 1964 ‘'Oi-ow
737 1927 768 1963 δ’
790 1930 940 1963 ἔλαττον
959 1928 981 1973 ’ᾗ
999 1928 1020 1966 ἦ
1037 1928 1128 1961 ὥστε
1153 1931 1291 1966 κινῆσαι
1320 1942 1326 1944 ·

217 1983 237 2004 Ἦ
284 1978 352 2014 τήν
375 1977 442 2023 γῆν
466 1977 524 2009 διά
548 1975 772 2015 λεπτότητα,
791 1971 850 2006 δια
871 1975 930 2019 μὲν
955 1975 996 2007 τό
1021 1969 1143 2018 ῥᾳδίως
1167 1970 1292 2011 διηθεῖ-

218 2028 237 2046 v'
284 2019 364 2054 σθαι
382 2021 421 2054 οὗ
437 2016 589 2055 δύναται
612 2025 729 2062 κινεῖν,
748 2015 807 2052 διαὶ
831 2013 868 2050 δέ
895 2020 937 2051 τό
963 2019 1191 2062 προσπίπτειν
1212 2030 1291 2050 στε-

216 2079 221 2082 -
237 2071 242 2091 Ι

273 2068 371 2111 ’ριοῖς
395 2065 509 2112 ὄγκοις
540 2068 599 2098 καὶ
623 2067 748 2102 κοίλοις
771 2065 830 2095 καὶ
857 2058 1096 2099 παντοδαποῖς
1135 2062 1291 2108 σχήμασι

242 2103 260 2134 ἶ>
284 2105 519 2148 παντοδαπάς
546 2111 662 2154 ἀφίησι
687 2109 811 2153 φωνοίς,
834 2104 916 2139 ὥστ’
937 2104 1046 2139 ἐνίοτε
1072 2101 1183 2139 δοκεῖν
1209 2106 1290 2151 ὅπερ

283 2152 332 2192 λέ(
350 2166 443 2188 ουσιν
468 2157 498 2187 οἱ
523 2154 838 2207 τερατολογοῦντες
863 2149 1033 2204 μυκᾶσθαι
1058 2151 1227 2203 τήν-γῆν.

184 2176 186 2179 *
209 2196 301 2236 Ἤδη
347 2201 363 2231 ἐ
386 2202 446 2232 καὶ
472 2194 589 2232 ὕδατα
615 2198 783 2243 ἀνερραγη
808 2206 993 2241 γινομενων
1018 2206 1184 2239 σεισμων,
1213 2192 1286 2227 ἀλλ’

284 2245 324 2276 οὗ
349 2239 410 2276 δια
435 2244 544 2276 τοῦτο
571 2244 682 2275 αἴτιον
708 2245 750 2275 τό
769 2239 854 2284 ὕδωρ
874 2240 938 2277 τῆς
957 2238 1133 2280 κινήσεως,
1154 2237 1227 2272 ἀλλ’
1251 2238 1291 2271 οἲν

287 2285 309 2329 ᾗ
334 2288 369 2330 ἐξ
402 2285 591 2328 ἐπιπολῆς,
625 2285 646 2323 ἦ
677 2283 832 2319 κάτωθεν
862 2283 1027 2326 βιάζηται
1060 2285 1100 2315 τό
1134 2284 1289 2339 πνεῦμα,

252 2346 258 2348 ’
287 2331 396 2365 ἐκεῖνο
421 2334 462 2367 τό
487 2333 602 2364 κινοῦν
629 2332 735 2373 ἐστιν,
755 2330 866 2380 ὥσπερ
892 2329 960 2360 τῶν
983 2326 1146 2372 κυμάτων
1168 2330 1197 2360 οἱ
1217 2339 1292 2360 ανε-

312 2389 362 2417 οι,
391 2377 464 2409 ἀλλ’
494 2374 532 2409 οὑ
558 2377 606 2408 ταὶ
629 2375 772 2418 κύματα
804 2382 873 2405 των
899 2371 1031 2417 ἀνέμων
1057 2371 1149 2404 ἐστὶν
1175 2374 1290 2415 αἴτια,

240 2443 242 2445 -
286 2424 360 2454 επεὶ
385 2424 443 2453 καὶ
469 2422 536 2459 τήν
560 2420 626 2467 γῆν
645 2418 754 2458 οὕτως
773 2419 813 2452 ἄν
830 2427 881 2455 τις
899 2417 1043 2458 αἰτιῷτο
1063 2416 1126 2449 τοῦ
1147 2416 1290 2455 πάθους·

288 2466 525 2518 ἀνατρέπεται
557 2466 620 2511 γαρ
654 2463 832 2509 σειομένη,
857 2460 1012 2505 καθάπερ
1046 2455 1131 2504 ὕδωρ
1159 2461 1202 2504 (ἡ
1227 2464 1291 2507 γάρ

243 2509 422 2556 ·’ἶιιχυσις
454 2507 636 2553 ἀνατρεψίς
669 2511 720 2546 τίς
752 2507 881 2548 ἐστιν).
918 2505 1006 2536 Ἀλλ’
1038 2506 1137 2537 αἴτια
1173 2509 1293 2539 ταῦτα

315 2555 348 2588 ἐν
375 2554 472 2601 ἄμφω
497 2555 541 2591 ὠς
567 2552 629 2590 ὅλη
654 2552 807 2598 (πάσχει
830 2552 909 2595 γάρ,
937 2549 1009 2582 ἀλλ’
1035 2549 1072 2581 οὗ
1098 2551 1224 2594 ποιεῖ),
1252 2552 1293 2584 τό

310 2602 325 2633 ἐ
351 2601 487 2643 πνεῦμα
511 2599 554 2635 ὠς
576 2596 678 2642 ἀρχή.
710 2595 818 2630 Ὅπου
839 2594 868 2629 δ’
891 2595 966 2639 οἶμα
989 2593 1082 2637 κῦμα
1099 2597 1223 2638 σεισμῷ
1241 2595 1296 2642 γέ-

313 2656 400 2686 ονεν,
427 2645 552 2684 αἴτιον,
574 2640 663 2675 όταν
689 2639 831 2674 ἐναντία
855 2642 994 2689 γίνηται
1021 2638 1068 2669 ταὶ
1093 2639 1291 2684 πνεύματα.

285 2657 401 2722 ζοῧτο
426 2683 463 2719 δέ
488 2688 643 2733 γίνεται,
670 2685 758 2718 ὅταν
783 2687 824 2719 τό
854 2690 944 2719 σεῖον
977 2683 1042 2719 τήν
1067 2684 1132 2729 γῆν
1159 2686 1294 2729 πνεῦμα

288 2731 472 2780 φερομένην
495 2732 552 2764 ὐπ’
575 2731 678 2763 ἄλλου
702 2729 898 2775 πνεύματος
916 2730 981 2766 τήν
999 2724 1181 2759 θάλατταν
1202 2730 1294 2761 ἀπῶ-

287 2789 348 2812 σαι
365 2778 424 2822 μέν
442 2775 527 2813 ὅλως
544 2776 592 2820 μή
609 2770 772 2816 δύνηται,
787 2774 959 2820 προωθοῦν
977 2768 1014 2803 δέ
1031 2774 1089 2803 καὶ
1108 2773 1293 2805 συστέλλον

289 2824 336 2861 εἰς
361 2821 494 2855 ταύτόν
512 2818 714 2864 συναθροίσῃ
739 2818 888 2856 πολλήν·
915 2817 998 2850 τότε
1019 2817 1083 2860 γσίρ
1103 2817 1170 2848 ἀνα
1195 2822 1293 2849 καῖον

288 2865 502 2906 ἡττηθέντος
527 2863 656 2897 τούτου
682 2864 746 2897 τοῦ
772 2863 983 2908 πνεύματος,
1004 2859 1128 2904 ἀθρόαν
1149 2829 1296 2906 ὠθουμέ-

290 2923 350 2950 νην
375 2911 444 2943 ὑπὸ
474 2909 538 2941 τοῦ
565 2909 721 2941 ἐναντίου
751 2907 948 2952 πνεύματος
981 2906 1017 2938 ἐκ
1040 2904 1204 2952 η’γνυσθαι
1235 2907 1293 2937 καὶ

291 2958 400 2990 ποιεῖν
433 2954 494 2986 τόν
529 2951 787 2997 κατακλυσμόν.
824 2951 987 2999 Ἐγένετο
1044 2951 1057 2981 ἐ
1091 2951 1198 2982 τοῦτο
1234 2951 1292 2981 καὶ

290 3001 366 3045 περὶ
383 2998 553 3044 Ἀχαΐαν·
580 2997 643 3039 ἔξω
660 2998 722 3041 μέν
739 2997 804 3043 γάρ
823 2994 864 3034 ἦν
883 2995 994 3035 νότος,
1015 2997 1084 3028 ἐκεῖ
1099 2989 1136 3025 δέ
1155 2993 1292 3038 βορέας·

291 3045 450 3088 νηνεμίας
475 3037 512 3074 δὲ
536 3041 718 3088 γενομένης
742 3042 800 3073 καὶ
818 3040 954 3087 ῥυέντος
972 3041 1048 3072 εἴσω
1071 3039 1133 3070 τοῦ
1154 3038 1291 3082 ἀνέμου,

292 3087 431 3135 ἐγένετο
457 3085 499 3118 τό
524 3098 563 3118 τε
587 3087 680 3130 κῦμα
704 3085 797 3117 καὶὸ
815 3086 951 3129 σεισμός
977 3082 1063 3129 οἶμα,
1081 3084 1138 3113 καὶ
1164 3083 1293 3127 μᾶλλον

290 3132 350 3165 διά
375 3132 416 3163 τό
443 3131 509 3167 τήν
534 3129 717 3162 θάλατταν
742 3130 791 3172 μή
816 3125 948 3162 διδόναι
966 3127 1135 3163 διαπνοήν
1160 3128 1207 3168 τῷ
1227 3127 1294 3158 ὑπό

291 3178 357 3214 τήν
387 3175 453 3222 γῆν
484 3174 667 3219 (ὁρμημένῳ
700 3173 893 3218 πνεύματι,
929 3173 1002 3204 ἀλλ’
1032 3171 1291 3215 ἀντιφράττειν·

291 3218 553 3263 ἀποβιαζόμενα
576 3220 641 3274 γάρ
668 3218 801 3255 α”λληλα
826 3220 868 3250 το“
894 3219 953 3262 μὲν
980 3216 1116 3259 πνεῦμα
1142 3216 1203 3247 τόν
1227 3225 1295 3246 σει-

290 3266 375 3310 σμόν
392 3262 565 3305 ἐποίησεν,
583 3264 604 3300 ’ἡ
622 3263 651 3296 δ’
673 3262 863 3300 ὑπόστασις
888 3261 951 3293 τοῦ
974 3260 1130 3304 κύματος
1155 3259 1216 3290 τόν
1233 3269 1293 3289 κα-

292 3306 501 3352 τακλυσμόν.

222 3353 327 3386 Κατοὶ
353 3352 450 3405 μέρος
474 3351 510 3384 δὲ
535 3354 693 3398 γίνονται
717 3353 747 3383 οἱ
772 3351 902 3395 σεισμοὶ
932 3349 995 3385 τῆς
1019 3348 1100 3393 γῆς,
1131 3348 1187 3378 καὶ
1214 3347 1294 3377 πολ-

289 3397 386 3435 λάκις
413 3398 467 3428 επὶ
485 3397 599 3440 μικρόν
618 3396 741 3437 τόπον,
760 3397 789 3427 οἱ
807 3390 836 3426 δ’
859 3393 976 3437 α”νεμοι
997 3394 1035 3424 οὐ
1060 3392 1156 3422 κατα
1177 3389 1290 3433 μέρος·

287 3443 387 3475 κατά
411 3439 507 3486 μέρος
526 3441 600 3485 μὲν,
620 3439 707 3473 ὅταν
726 3441 760 3471 αἱ
788 3436 1026 3481 ἀναθυμιάσεις
1052 3437 1087 3467 αἱ
1111 3435 1207 3465 κατα
1231 3434 1292 3465 τόν

291 3485 400 3518 τόπον
426 3484 533 3518 αὐτόν
557 3487 615 3516 καὶ
641 3486 702 3516 τόν
726 3483 934 3529 γειτνιῶντα
959 3478 1158 3513 συνέλθωσιν
1178 3478 1222 3514 εἰς
1244 3478 1291 3518 ἓν,

290 3528 402 3574 ὥσπερ
434 3533 492 3562 καὶ
518 3529 599 3566 τούς
625 3526 779 3572 αὐχμούς
813 3527 939 3570 ἔφαμεν
964 3523 1115 3571 γίνεσθαι
1146 3524 1203 3553 καὶ
1230 3522 1293 3559 τοὶς

292 3574 516 3618 ὁπερομβρίας
539 3575 602 3611 τοίς
627 3573 722 3604 κατά
748 3570 857 3616 μέρος.
884 3571 949 3600 Καὶ
972 3571 1000 3600 οἱ
1019 3569 1078 3613 μὲν
1096 3567 1224 3610 σεισμοὶ
1243 3566 1293 3611 γί-

1343 739 1358 755 *
1375 741 1461 772 Cum
1485 748 1592 772 autem
1622 742 1711 773 fortis
1734 742 1834 774 factus
1858 742 1951 773 fuerit
1973 748 2199 781 terraemotus,
2223 751 2290 772 non
2303 751 2407 782 mox,

1411 795 1515 826 neque
1531 786 1572 816 ad
1588 786 1685 816 semel
1701 793 1799 817 cessat
1817 786 1951 827 agitans,
1976 787 2031 817 sed
2050 787 2139 828 quod
2154 786 2259 827 primo
2275 786 2407 827 quidem

1410 839 1512 870 usque
1529 829 1568 860 ad
1585 829 1664 860 circa
1679 831 1885 870 quadraginta
1908 831 1973 861 dies
1990 830 2096 870 agitat,
2119 830 2277 871 posterius
2300 836 2407 861 autem

1411 881 1442 904 et
1464 874 1504 904 ad
1527 883 1630 904 unum
1653 880 1684 904 et
1706 874 1745 904 ad
1768 875 1850 905 duos
1873 884 1974 905 annos
1990 881 2079 905 notat
2102 875 2278 905 secundum
2295 875 2406 904 eadem

1408 918 1489 949 loca.
1526 917 1631 949 Causa
1660 924 1768 948 autem
1797 918 2023 958 magnitudinis
2053 918 2201 959 quidem,
2232 918 2406 949 multitudo

1410 962 1538 1002 spiritus
1561 969 1592 993 et
1614 962 1762 992 locorum
1783 962 1915 1002 figurae,
1940 972 1996 1002 per
2011 962 2117 1003 qualia
2139 962 2250 1003 utique
2266 962 2405 993 fluxerit:

2433 750 2445 762 ⁸
2460 750 2514 778 seq.
2530 756 2582 778 cap.
2596 757 2644 772 vm.

1410 1016 1475 1047 qua
1497 1006 1628 1047 quidem
1656 1005 1741 1036 enim
1769 1006 1914 1046 repulsus
1937 1006 2031 1037 fuerit
2061 1012 2092 1037 et
2121 1016 2187 1036 non
2220 1006 2310 1037 facile
2334 1016 2405 1046 per·
2455 1032 2461 1036 .

1410 1056 1555 1089 transeat,
1573 1049 1713 1081 concutit
1731 1050 1878 1088 maxime,
1895 1057 1925 1081 et
1939 1050 2024 1081 intus
2047 1050 2172 1081 retineri
2194 1050 2406 1081 necessarium

1409 1094 1443 1124 in
1475 1094 1712 1132 resistentibus,
1742 1094 1830 1125 velut
1857 1104 1939 1135 aqua
1969 1104 2036 1124 non
2066 1100 2179 1134 potens
2208 1094 2405 1134 pertransire.

1409 1139 1542 1178 Propter
1559 1138 1660 1179 quod,
1676 1138 1757 1169 sicut
1772 1138 1805 1168 in
1822 1148 1953 1178 corpore
1969 1138 2080 1178 pulsus
2099 1148 2166 1168 non
2189 1144 2316 1178 repente
2341 1148 2406 1169 ces-

1410 1189 1480 1213 sant
1502 1192 1606 1223 neque
1630 1182 1703 1220 cito,
1728 1182 1783 1212 sed
1806 1192 1862 1222 per
1884 1192 2019 1220 moram,
2040 1182 2226 1213 marcefacta
2248 1181 2406 1222 passione,

1409 1233 1440 1257 et
1462 1226 1666 1267 principium,
1683 1236 1702 1256 a
1724 1236 1790 1266 quo
1814 1226 1968 1257 exhalatio
1992 1225 2072 1256 facta
2095 1225 2156 1257 fuit
2178 1232 2209 1256 et
2231 1232 2319 1256 ortus
2343 1225 2406 1266 spi-

1408 1271 1498 1308 ritus,
1516 1271 1622 1311 palam
1636 1270 1724 1311 quod
1741 1280 1807 1300 non
1823 1279 1898 1300 mox
1914 1280 2045 1300 omnem
2060 1269 2207 1310 expandit
2229 1268 2404 1309 materiam,

1410 1325 1447 1345 ex
1469 1324 1534 1355 qua
1557 1314 1630 1345 fecit
1651 1320 1798 1353 ventum,
1823 1324 1920 1354 quem
1945 1323 2098 1344 vocamus
2129 1313 2291 1344 seismum.
2316 1314 2407 1351 Quo-

1409 1368 1512 1399 usque
1534 1358 1630 1398 igitur
1647 1365 1877 1389 consumantur
1892 1357 2041 1398 reliquiae
2057 1357 2184 1396 horum,
2202 1367 2327 1388 necesse
2342 1357 2407 1398 agi-

1409 1410 1485 1441 tare,
1503 1402 1637 1433 debilius
1660 1409 1766 1433 autem
1791 1408 1821 1432 et
1836 1411 1939 1442 usque
1953 1401 1992 1431 ad
2008 1401 2070 1432 hoc
2087 1401 2188 1432 donec
2211 1401 2322 1442 utique
2345 1401 2406 1431 mi-

1410 1456 1471 1477 nus
1495 1446 1675 1476 exhalatum
1699 1446 1753 1484 sit,
1778 1455 1876 1486 quam
1899 1451 1936 1476 ut
1958 1445 2058 1485 possit
2080 1455 2208 1475 movere
2230 1444 2405 1476 manifeste.

1410 1490 1498 1521 Facit
1521 1497 1627 1520 autem
1652 1496 1682 1521 et
1705 1499 1802 1520 sonos
1834 1489 1890 1530 qui
1919 1489 1977 1519 sub
2001 1495 2082 1519 terra
2102 1488 2184 1519 fiunt
2207 1489 2352 1529 spiritus,
2377 1495 2408 1520 et

1409 1544 1464 1565 eos
1487 1543 1570 1574 quae
1589 1540 1661 1564 ante
1677 1540 1913 1564 terraemotum.
1938 1533 1979 1563 Et
1998 1533 2064 1564 sine
2081 1533 2319 1564 terraemotibus
2342 1533 2406 1563 iam

1410 1578 1525 1609 alicubi
1549 1577 1620 1609 facti
1645 1584 1719 1608 sunt
1742 1579 1800 1608 sub
1827 1585 1917 1608 terra.

1344 1711 1432 1742 Sicut
1455 1710 1541 1741 enim
1557 1717 1588 1741 et
1607 1719 1775 1750 percussus
1799 1719 1851 1740 aer
1874 1709 2079 1740 omnimodos
2104 1709 2217 1740 emittit
2240 1718 2347 1747 sonos,
2363 1708 2407 1739 sic

1411 1761 1442 1786 et
1464 1754 1642 1795 percutiens
1666 1754 1751 1795 ipse:
1781 1753 1861 1784 nihil
1884 1753 1970 1784 enim
1994 1753 2110 1784 differt:
2134 1754 2300 1784 verberans
2322 1752 2408 1783 enim

1411 1799 1508 1830 simul
1524 1804 1555 1830 et
1569 1799 1678 1839 ipsum
1689 1798 1869 1828 verberatur
1885 1807 1992 1828 omne.
2009 1797 2171 1828 Praevenit
2189 1803 2296 1828 autem
2310 1806 2408 1827 sonus

1410 1850 1548 1882 motum,
1564 1843 1640 1884 quia
1663 1842 1866 1873 subtiliorum
1888 1841 2027 1882 partium
2041 1848 2087 1872 est
2103 1848 2133 1872 et
2148 1841 2223 1882 quia
2238 1840 2338 1881 magis
2353 1850 2409 1880 per

1412 1897 1509 1918 omne
1531 1893 1675 1927 penetrat
1698 1896 1796 1916 sonus
1820 1886 1942 1926 spiritu.
1968 1885 2053 1916 Cum
2072 1891 2180 1916 autem
2196 1884 2301 1915 minor
2316 1884 2410 1915 fuerit

1411 1941 1510 1972 quam
1533 1937 1569 1962 ut
1591 1937 1719 1961 moveat
1741 1937 1855 1961 terram
1883 1936 2013 1970 propter
2035 1929 2257 1968 subtilitatem,
2281 1934 2410 1968 propter

1411 1975 1502 2006 facile
1517 1975 1649 2016 quidem
1664 1981 1827 2015 penetrare
1843 1984 1910 2004 non
1925 1980 2031 2014 potest
2051 1983 2189 2012 movere,
2213 1973 2288 2014 quia
2303 1978 2410 2002 autem

1411 2019 1543 2051 offendit
1566 2019 1605 2050 ad
1629 2019 1746 2049 solidas
1775 2018 1877 2049 moles
1909 2024 1939 2049 et
1962 2027 2115 2049 concavas
2147 2023 2178 2048 et
2208 2016 2410 2047 omnimodas

1411 2064 1539 2104 figuras,
1564 2059 1792 2094 omnimodum
1815 2062 1930 2093 emittit
1952 2069 2087 2100 sonum;
2112 2068 2148 2092 ut
2171 2061 2342 2102 aliquando
2364 2062 2410 2092 vi-

1413 2109 1542 2147 deatur,
1566 2107 1655 2148 quod
1678 2106 1810 2148 quidam
1833 2107 1942 2137 dicunt
1963 2106 2106 2147 prodigia
2129 2105 2309 2146 vulgantes,
2339 2116 2410 2137 mu-

1411 2162 1477 2193 gire
1500 2158 1625 2183 terram.

1346 2197 1413 2228 Iam
1429 2203 1537 2227 autem
1552 2202 1583 2227 et
1598 2205 1699 2237 aquae
1715 2201 1888 2235 erumpunt
1903 2194 1991 2226 factis
2007 2194 2258 2233 terraemotibus,
2274 2195 2329 2225 sed
2344 2203 2411 2224 non

1413 2248 1542 2282 propter
1560 2240 1623 2271 hoc
1646 2249 1729 2280 aqua
1752 2249 1846 2270 causa
1869 2246 1988 2278 motus,
2013 2239 2068 2269 sed
2090 2238 2115 2269 si
2139 2238 2232 2269 fuerit
2253 2248 2289 2269 ex
2305 2248 2412 2278 super-

1413 2285 1502 2324 ficie,
1530 2291 1584 2315 aut
1615 2284 1654 2314 de
1684 2284 1796 2314 subtus
1819 2283 1885 2314 vim
1913 2283 2008 2314 infert
2035 2283 2179 2323 spiritus,
2203 2283 2255 2313 ille
2278 2292 2411 2313 movens

1414 2335 1471 2368 est,
1495 2329 1577 2360 sicut
1599 2328 1757 2359 fluctuum
1777 2327 1873 2367 venti,
1897 2337 1964 2358 non
1986 2327 2100 2358 fluctus
2119 2333 2297 2358 ventorum.
2322 2327 2411 2364 Quo-

1413 2374 1501 2404 niam
1524 2380 1555 2404 et
1577 2379 1692 2405 terram
1711 2372 1755 2403 sic
1774 2372 1885 2413 utique
1907 2371 1979 2413 quis
2003 2377 2108 2402 causet
2130 2371 2303 2411 passionis:
2327 2380 2412 2401 ever-

1415 2417 1492 2449 titur
1516 2417 1602 2449 enim
1624 2416 1748 2457 agitata,
1772 2416 2047 2457 quemadmodum
2071 2425 2154 2456 aqua
2176 2414 2300 2458 (effusio
2324 2415 2410 2445 enim

1415 2462 1535 2493 eversio
1551 2461 1709 2503 quaedam
1727 2458 1798 2503 est).
1823 2460 1885 2491 Sed
1900 2460 1977 2491 haec
1996 2460 2091 2490 ambo
2115 2459 2245 2500 quidem
2268 2469 2361 2490 causa
2376 2464 2413 2489 ut

1415 2506 1546 2538 materia
1561 2505 1738 2548 (patiuntur
1760 2505 1846 2535 enim
1870 2505 1925 2535 sed
1943 2514 2009 2535 non
2025 2502 2136 2547 agunt)
2160 2504 2286 2544 spiritus
2305 2510 2412 2534 autem

1415 2558 1452 2582 ut
1474 2550 1676 2592 principium.
1708 2549 1772 2580 Ubi
1795 2555 1902 2580 autem
1925 2549 2020 2579 simul
2044 2558 2118 2579 cum
2140 2554 2330 2579 terraemotu
2354 2547 2411 2577 flu-

1417 2602 1485 2627 ctus
1509 2595 1610 2626 factus
1633 2593 1704 2633 fuit,
1720 2603 1825 2632 causa,
1842 2594 1972 2634 quando
1996 2592 2142 2623 contrarii
2165 2592 2237 2623 facti
2260 2598 2334 2622 sunt
2350 2591 2411 2632 spi-

1416 2640 1504 2671 ritus.
1538 2639 1611 2670 Hoc
1634 2644 1742 2669 autem
1765 2637 1817 2676 fit,
1843 2647 1916 2668 cum
1940 2637 2059 2677 agitans
2082 2643 2196 2667 terram
2219 2636 2346 2676 spiritus
2369 2635 2411 2665 la-

1415 2691 1486 2715 tum
1502 2684 1541 2715 ab
1557 2683 1620 2713 alio
1636 2682 1746 2723 spiritu
1763 2691 1849 2712 mare
1870 2681 2019 2721 repellere
2042 2680 2173 2721 quidem
2196 2680 2330 2710 omnino
2346 2689 2411 2709 non

1416 2727 1538 2769 possit,
1569 2726 1749 2767 propellens
1780 2732 1887 2756 autem
1918 2732 1948 2756 et
1976 2731 2135 2756 coarctans
2166 2725 2205 2754 ad
2228 2724 2312 2753 idern
2336 2733 2412 2753 con-

1416 2771 1588 2813 gregaverit
1610 2771 1767 2801 multum:
1791 2776 1868 2800 tunc
1892 2769 1977 2799 enim
1999 2768 2219 2805 necessarium,
2243 2767 2326 2797 victo
2350 2767 2412 2797 hoc

1416 2816 1539 2857 spiritu,
1557 2815 1652 2846 simul
1668 2814 1808 2844 multum
1823 2813 1954 2854 pulsum
1969 2823 1987 2843 a
2004 2812 2160 2843 contrario
2180 2811 2290 2851 spii-,itu
2306 2821 2408 2841 erum-

1415 2870 1490 2901 pere
1513 2866 1544 2891 et
1566 2859 1666 2889 facere
1697 2857 1934 2898 cataclysmum.
1967 2856 2042 2887 Fuit
2071 2862 2178 2886 autem
2208 2855 2327 2885 facturn
2349 2855 2411 2885 hoc

1417 2912 1447 2936 et
1470 2904 1550 2935 circa
1572 2901 1741 2934 Achaiam:
1766 2908 1850 2932 extra
1873 2901 2003 2941 quidem
2026 2899 2111 2930 enim
2134 2905 2199 2929 erat
2221 2905 2342 2937 auster,
2366 2898 2410 2928 ibi

1416 2955 1523 2979 autern
1541 2948 1668 2985 boreas3
1691 2945 1914 2986 tranquillitate
1929 2951 2036 2975 autem
2055 2943 2134 2974 facta
2150 2949 2181 2973 et
2195 2942 2312 2973 fluente
2327 2942 2410 2972 intro

1415 2999 1530 3031 vento,
1554 2991 1654 3021 factus
1677 2990 1737 3020 fuit
1767 2996 1797 3020 et
1826 2989 1940 3019 fluctus
1965 2995 1995 3019 et
2017 2993 2223 3018 terraemotus
2247 2986 2356 3024 simul;
2381 2993 2411 3017 et

1416 3036 1516 3076 magis
1546 3041 1675 3076 propter
1707 3043 1792 3063 mare
1819 3043 1885 3063 non
1910 3033 1982 3062 dare
2005 3031 2222 3071 perflationem
2253 3030 2410 3070 impetum

1416 3080 1542 3111 facienti
1565 3080 1623 3109 sub
1647 3085 1726 3108 terra
1751 3077 1883 3117 spiritui,
1907 3077 1961 3106 sed
1980 3075 2148 3114 obsistere3
2171 3075 2237 3105 vim
2256 3074 2341 3104 enim
2363 3074 2410 3104 in-

1416 3124 1545 3155 ferentia
1567 3122 1724 3160 invicem,
1757 3121 1883 3161 spiritus
1906 3120 2037 3161 quidem
2066 3125 2292 3150 terraemotum
2319 3118 2409 3158 fecit,

1414 3167 1592 3210 hypostasis
1616 3172 1722 3197 autem
1745 3174 1846 3206 aquae
1870 3164 2104 3205 cataclysmum.
2302 3171 2304 3173 ’

1349 3344 1532 3376 Secundum
1555 3349 1678 3383 partem
1702 3341 1833 3382 quidam
1855 3339 1936 3371 fiunt
1958 3345 2183 3377 terraemotus,
2204 3344 2235 3369 et
2257 3348 2349 3379 saepe
2371 3338 2411 3368 ad

1414 3388 1580 3419 modicum
1603 3387 1727 3424 locum,
1751 3385 1836 3415 venti
1860 3390 1966 3414 autem
1988 3390 2070 3421 non;
2090 3383 2266 3413 secundum
2289 3386 2411 3423 part'em

1415 3432 1557 3473 quidem,
1573 3441 1647 3461 cum
1663 3429 1884 3467 exhalationes,
1897 3438 1978 3469 quae
1991 3427 2168 3458 secundum
2183 3427 2292 3457 locum
2304 3427 2411 3467 ipsum

1416 3483 1446 3507 et
1468 3475 1660 3506 vicinitatem
1684 3473 1887 3507 convenerint
1908 3472 1942 3502 in
1964 3481 2078 3510 unum,
2102 3471 2183 3502 sicut
2207 3477 2237 3502 et
2259 3470 2411 3501 siccitates

1414 3520 1481 3550 fieri
1505 3519 1640 3549 diximus
1664 3524 1695 3548 et
1717 3517 1839 3558 pluvias
1869 3516 2046 3547 secundum
2072 3522 2204 3555 partem.
2238 3515 2279 3545 Et
2300 3521 2410 3545 terrae—

1415 3570 1523 3595 motus
1539 3563 1670 3604 quidem
1685 3561 1767 3593 fiunt
1780 3571 1836 3602 per
1852 3561 1936 3592 hunc
1950 3560 2097 3599 modurn,
2109 3559 2194 3590 venti
2208 3566 2315 3590 autem
2329 3565 2411 3588 non:
