2782 4134
7 643 19 653 ·
33 640 134 664 credere
145 646 169 663 o.

7 1065 71 1082 umam
84 1083 90 1087 ,V
104 1068 124 1081 ,ι
158 1066 178 1076 ’·

10 1489 208 1520 ’μω-ὸ.

11 1596 168 1621 'tenu-A.

1085 228 1198 265 CAP.
1228 227 1296 276 IV,
1327 227 1480 264 LECT.
1510 227 1598 265 VIII

250 309 477 347 fractionem
505 309 642 355 habet;
679 309 802 357 figura
834 313 964 344 autern
993 307 1183 356 angularis
1210 307 1327 345 habet

250 363 448 412 quandam
476 362 718 408 fractionem,
739 372 819 398 non
846 372 917 409 per
942 367 1080 409 totum,
1110 360 1178 398 sed
1202 361 1241 398 in
1261 373 1326 398 an-

250 416 371 466 gulis;
413 415 484 453 sed
520 416 644 464 figura
678 413 872 452 circularis
907 413 1060 451 videtur
1096 427 1167 463 per
1202 421 1326 452 totum

249 470 395 507 habere
423 469 659 516 fractionem,
679 478 725 504 ac
746 466 778 504 si
797 473 920 504 totum
949 474 1048 504 esset
1075 468 1248 516 angulus.
1278 469 1328 505 Et

251 523 464 561 secundum
492 523 570 560 hoc
596 528 744 559 rectum
773 527 810 557 et
829 520 1008 557 circulare
1035 520 1216 558 videntur
1244 533 1326 558 esse

252 577 442 614 contraria
470 574 579 626 quasi
606 573 776 612 maxime
804 573 991 611 distantia.
1008 594 1033 602 -
1049 574 1099 611 Et
1126 574 1217 624 quia
1239 586 1328 623 pos-

253 637 310 667 set
337 629 472 680 aliquis
491 628 618 666 dicere
646 627 667 648 ¹*
697 627 804 676 quod
825 626 997 664 circulari
1021 639 1102 664 non
1120 627 1329 676 opponitur

252 691 421 732 rectum,
454 681 525 720 sed
553 692 726 718 concavo
760 680 968 730 opponitur
1001 692 1220 718 convexum
1249 681 1328 718 sive

251 737 474 788 gibbosum,
507 733 558 772 ad
590 734 690 772 hanc
732 733 995 771 obviationem
1033 734 1326 782 excludendam,

252 789 444 837 subiungit
462 787 568 838 quod
588 798 805 825 concavum
831 795 867 825 et
885 787 1102 836 gibbosum,
1122 787 1219 825 idest
1239 799 1329 824 con-

250 853 408 890 vexum,
429 853 508 879 non
528 841 655 879 solum
682 841 862 879 videntur
879 841 1022 878 habere
1043 840 1328 890 oppositionem

251 895 302 934 ad
329 895 509 943 invicem,
530 894 599 933 sed
619 893 734 932 etiarn
759 895 810 932 ad
838 901 996 932 rectum.
1017 894 1080 932 Ad
1101 907 1142 932 se
1161 894 1330 932 invicem

251 956 382 987 autern
401 948 582 994 videntur
599 949 743 986 habere
767 947 1053 998 oppositionem
1081 949 1179 986 sicut
1203 948 1330 986 conbi-

252 1007 345 1041 nata
370 1008 408 1040 et
433 1002 541 1039 iuxta
567 1014 608 1039 se
629 1002 773 1051 posita,
804 1001 902 1039 idest
930 1002 1144 1040 secundum
1179 1002 1330 1040 relatio-

160 1094 163 1107 !
204 1102 206 1106 ,
252 1067 363 1094 nem:
383 1067 475 1094 nam
491 1067 709 1093 concavum
729 1055 865 1093 dicitur
883 1063 1059 1105 respectu
1074 1068 1210 1094 eorum
1229 1068 1329 1106 quae

252 1109 350 1148 intra
377 1116 477 1157 sunt,
497 1109 703 1158 gibbosum
723 1116 852 1146 autem
875 1117 1051 1159 respectu
1075 1122 1211 1147 eorum
1231 1119 1329 1159 quae

253 1170 352 1214 sunt„
365 1162 638 1210 exuaEt·sic
666 1162 774 1200 omni
802 1162 923 1200 modo
949 1170 1095 1200 rectum
1125 1163 1330 1201 contraria-

247 1213 331 1255 'fu‘f
332 1216 504 1254 circulari
522 1221 550 1263 ⁸,
571 1216 653 1255 sive
673 1216 880 1266 accipiatur
898 1217 970 1254 sub
990 1216 1135 1254 ratione
1156 1216 1329 1264 concavi,

253 1269 336 1309 sive
363 1270 436 1308 sub
463 1269 612 1308 ratione
649 1269 823 1308 convexi.
840 1290 865 1298 -
880 1271 930 1307 Et
956 1270 1047 1318 quia
1084 1270 1330 1308 contrarietas

253 1330 435 1363 motuum
471 1323 624 1362 videtur
652 1335 734 1361 esse
773 1323 988 1361 secundum
1024 1323 1330 1362 contrarietatem

255 1387 392 1416 eemm
421 1377 462 1415 in
489 1377 631 1426 quibus
660 1384 716 1414 est
743 1383 882 1424 motuS,
902 1376 1055 1414 videtur
1083 1389 1167 1414 esse
1196 1389 1330 1415 conse-

254 1441 378 1492 quens
405 1430 513 1481 quod
532 1430 564 1468 si
591 1429 726 1480 aliquis
746 1436 875 1467 motus
903 1429 950 1467 sit
978 1430 1188 1468 contrarius
1207 1431 1330 1469 motui

255 1483 438 1531 arculari,
459 1483 629 1521 maxime
645 1484 666 1505 ‘¹
681 1483 728 1521 sit
755 1482 789 1521 ei
814 1483 1024 1521 contrarius
1043 1491 1173 1522 motus
1192 1491 1328 1532 rectus,

253 1534 324 1590 Qui
348 1536 491 1575 scilicet
517 1544 575 1574 est
601 1548 718 1586 super
744 1536 886 1574 lineam
915 1544 1071 1575 rectam.
1102 1537 1181 1575 Sed
1200 1546 1329 1576 motus

253 1589 347 1630 recti
383 1590 661 1628 contrariantur
697 1590 747 1628 ad
773 1591 795 1612 '¹'
807 1590 1014 1639 invicem,
1052 1598 1210 1641 propter
1246 1593 1331 1630 loca

255 1643 444 1683 contraria
472 1646 618 1692 (motus
636 1643 742 1682 enim
769 1643 836 1694 qui
856 1651 913 1682 est
939 1656 1105 1692 sursum,
1127 1645 1332 1683 contraria-

124 1708 227 1751 ”32332
253 1697 379 1736 tur-'ei
396 1697 464 1747 qui
491 1697 676 1736 deorsum
697 1705 763 1746 est,
783 1697 874 1747 quia
897 1710 1052 1736 sursum
1083 1705 1119 1735 et
1147 1698 1331 1745 deorsum

202 1779 204 1781 -
253 1751 464 1802 important
492 1751 746 1789 differentiam
775 1758 812 1789 et
831 1751 1138 1789 contrarietatem
1167 1752 1274 1799 loci):
1297 1760 1333 1790 et

18 2094 24 2101 .
33 2084 74 2110 [ἧι
111 2085 141 2097 122⁴.

13 2185 24 2196 ·
30 2183 86 2207 Via.
93 2189 116 2206 ο.
123 2189 158 2213 ιιι,
165 2190 215 2213 11-19
221 2191 228 2212 ς

13 2216 35 2234 c.
43 2217 76 2238 iv,
86 2217 111 2233 ιι.
117 2217 156 2238 ιος
166 2217 188 2242 ιιξ
197 2217 228 2239 w,

12 2237 228 2293 &gh-affiget?

12 2297 38 2314 ιι.
45 2297 83 2318 ιος
93 2294 116 2313 α
125 2291 161 2314 De
169 2291 230 2314 Sen-

253 1804 310 1844 ffl'c‘
336 1804 411 1843 'mii
443 1804 566 1843 motui
603 1812 705 1843 recto
744 1804 1035 1843 contrariabitur
1071 1805 1166 1843 alius
1202 1815 1332 1844 motus

254 1865 392 1907 rectus,
414 1865 450 1896 et
477 1858 681 1896 circularis.
708 1859 796 1896 Hoc
829 1866 959 1896 autem
989 1866 1046 1896 est
1072 1859 1330 1909 impossibile:

254 1911 345 1963 quia
370 1912 438 1950 uni
466 1924 589 1950 unum
609 1919 666 1950 est
693 1912 940 1950 contrarium.
962 1913 1064 1961 Ergo
1094 1913 1331 1962 impossibile

255 1973 313 2004 est
348 1966 455 2016 quod
482 1965 607 2003 motui
644 1965 816 2003 circulari
845 1966 892 2003 sit
919 1965 1055 2015 aliquis
1083 1974 1212 2005 motus
1241 1979 1331 2005 con-

163 2112 165 2115 ,
263 2084 282 2100 -2
313 2074 347 2111 ⁵.
375 2073 508 2110 Potest
540 2079 670 2109 autem
708 2072 844 2122 aliquis
880 2071 1047 2110 obiicere
1086 2082 1219 2112 contra
1255 2074 1332 2112 hoc

255 2126 362 2176 quod
389 2125 537 2173 dicitur,
559 2125 664 2174 quod
693 2125 866 2163 circulari
885 2125 1052 2163 maxime
1083 2127 1333 2165 contrariatur

256 2186 416 2218 rectum.
432 2178 589 2216 Dictum
605 2186 662 2216 est
675 2178 779 2216 enim
797 2178 837 2216 in
855 2179 1176 2218 Praedicamentis
1190 2181 1211 2202 ¹*
1226 2181 1333 2230 quod

255 2233 403 2282 figurae
437 2231 529 2270 nihil
568 2239 624 2269 est
661 2231 914 2270 contrarium:
943 2240 1090 2270 rectum
1127 2241 1256 2271 autem
1295 2243 1333 2272 et

257 2285 439 2324 circulare
467 2293 556 2323 sunt
575 2285 811 2323 differentiae
839 2286 1060 2334 figurarum.
1076 2308 1100 2314 -
1117 2288 1248 2325 Potest
1267 2300 1332 2326 au-

219 2334 227 2368 ἷ
256 2347 336 2378 tem
366 2339 440 2377 dici
468 2338 574 2390 quod
602 2339 862 2389 Philosophus
889 2339 951 2376 hic
972 2351 1018 2377 ex
1046 2340 1250 2390 hypothesi
1278 2342 1332 2379 lo-

257 2393 396 2444 quitur,
426 2400 464 2430 et
482 2404 562 2430 non
589 2392 811 2442 simpliciter
829 2392 854 2430 ς.
886 2392 927 2430 Si
947 2393 1050 2430 enim
1074 2393 1216 2443 aliquid
1236 2403 1335 2432 esset

258 2446 491 2485 eontrarium
519 2446 712 2495 circulari,
742 2446 911 2484 maxime
944 2446 1236 2485 contrariaretur
1263 2448 1334 2486 sibi

257 2506 425 2548 rectum,
455 2500 602 2538 ratione
635 2512 750 2550 supra
783 2500 893 2538 dicta.
913 2520 939 2528 -
958 2501 1090 2538 Potest
1118 2501 1231 2539 etiam
1260 2502 1334 2540 dici

257 2555 363 2605 quod
372 2553 412 2591 in
426 2553 600 2603 quolibet
613 2565 752 2602 genere
767 2553 960 2592 invenitur
969 2554 1215 2592 contrarietas
1226 2555 1333 2593 diffe-

223 2630 230 2636 ·
257 2607 477 2656 rentiamm,
496 2614 540 2645 ut
556 2614 661 2658 patet
684 2609 719 2645 X
733 2608 952 2658 Metaphys.
975 2609 1008 2656 *,
1024 2608 1110 2646 licet
1128 2621 1208 2646 non
1231 2609 1278 2646 sit
1295 2609 1334 2647 in

258 2661 368 2699 omni
404 2673 544 2711 genere
581 2661 827 2699 contrarietas
860 2661 1098 2711 specierum:
1128 2662 1197 2700 etsi
1230 2662 1333 2700 enim

258 2714 442 2753 rationale
463 2722 500 2752 et
527 2714 742 2753 irrationale
761 2715 836 2752 sint
855 2715 1066 2753 contrariae
1085 2716 1333 2765 differentiae,

258 2781 339 2807 non
365 2775 496 2806 tamen
523 2768 645 2806 homo
674 2776 712 2806 et
740 2769 868 2806 asinus
897 2776 984 2806 sunt
1009 2770 1220 2808 contrariae
1249 2783 1334 2820 spe-

260 2821 348 2861 cies.
370 2822 434 2860 Sic
452 2822 564 2872 igitur
580 2822 736 2872 ponitur
755 2822 1000 2862 contrarietas
1019 2823 1116 2860 inter
1135 2832 1282 2861 rectum
1298 2831 1335 2861 et

221 2887 232 2892 ·
260 2876 442 2914 circulare
459 2877 490 2924 ²,
510 2888 592 2914 non
619 2876 716 2914 sicut
734 2876 832 2914 inter
850 2876 1009 2926 species,
1030 2876 1099 2914 sed
1124 2877 1220 2915 sicut
1237 2877 1336 2915 inter

261 2929 494 2967 differentias
531 2930 705 2968 eiusdem
739 2929 900 2979 generis.
936 2930 1171 2968 Huiusmodi
1204 2939 1334 2969 autem

262 2982 518 3029 contrarietas,
547 2995 648 3032 quae
667 2991 799 3034 posset
826 2983 968 3022 attendi
981 2990 996 3006 ⁷⁰
1009 2983 1049 3021 in
1077 2985 1246 3022 motibus
1275 2997 1335 3022 se-

262 3034 433 3073 cundum
462 3035 716 3075 differendam
745 3037 836 3075 recti
869 3044 907 3074 et
934 3037 1136 3085 circularis,
1170 3051 1249 3076 non
1278 3045 1335 3076 est

263 3089 507 3126 contrarietas
527 3090 757 3139 corruptiva,
774 3092 928 3140 qualem
947 3091 1106 3129 intendit
1124 3091 1186 3129 hic
1202 3092 1329 3129 Philo-

261 3142 406 3191 sophus
427 3142 628 3180 excludere
647 3156 670 3180 a
690 3156 852 3193 corpore
871 3144 1035 3192 caelesti,
1052 3145 1148 3182 sicut
1168 3153 1224 3182 est
1243 3158 1333 3183 con-

261 3195 432 3234 trarietas
471 3195 581 3233 calidi
619 3203 656 3233 et
691 3196 832 3244 frigidi:
862 3198 1168 3236 contrarietatem
1205 3206 1334 3236 autem

262 3249 477 3287 secundum
514 3248 745 3287 differentias
783 3249 999 3299 aliquorum
1027 3263 1211 3300 generum
1240 3252 1334 3289 nihil

315 3383 339 3416 ε)
358 3383 546 3409 contrariatur
557 3382 693 3408 circulari.
705 3396 725 3402 -
737 3383 883 3415 opponitur
895 3383 1024 3409 circulari
1036 3385 1069 3409 A.
1086 3385 1138 3410 Pro
1150 3385 1206 3410 sive
1217 3385 1334 3418 accipia-

263 3422 320 3449 tur,
339 3419 396 3444 sive
413 3419 576 3451 suscipiatur
594 3419 630 3448 A,
648 3418 704 3443 sive
722 3422 812 3444 autem
831 3419 980 3451 accipiatur
999 3424 1047 3444 cet.

316 3453 342 3487 ζ)
357 3457 384 3480 et
397 3461 450 3480 non
463 3454 629 3487 simpliciter.
641 3468 661 3473 -
674 3457 701 3479 et
718 3462 772 3479 om.
785 3455 818 3479 A.
831 3455 904 3480 Idem
922 3454 989 3480 infra
1003 3462 1057 3480 om.
1069 3454 1128 3485 sibi,
1141 3459 1167 3479 et
1180 3463 1229 3488 pro
1243 3456 1334 3481 Potest

263 3490 345 3515 etiam
364 3490 426 3523 legit
449 3490 494 3516 Vel
506 3493 606 3523 potest.

316 3524 344 3560 η)
363 3525 552 3555 contrarietas,
571 3533 640 3559 quae
652 3528 746 3558 posset
763 3525 876 3551 attendi.
888 3540 910 3545 -
923 3526 960 3551 Ita
977 3526 1013 3558 A;
1034 3532 1102 3558 quae
1119 3533 1172 3550 om.
1187 3526 1207 3550 Ρ
1226 3531 1253 3552 et
1270 3531 1333 3558 cet.;

263 3561 390 3586 mendum
409 3561 513 3595 corrigit
529 3562 550 3586 P
568 3562 613 3587 lin.
632 3569 690 3595 seq.
708 3561 820 3594 legendo
839 3569 907 3594 quae
931 3569 984 3587 non
1009 3564 1049 3586 est
1070 3561 1264 3592 contrarietas,
1288 3562 1333 3587 ubi

263 3597 352 3622 nullus
371 3597 452 3622 codex
463 3596 543 3622 habet
555 3604 636 3630 quae,·
651 3597 686 3622 C:
704 3600 731 3622 et
748 3597 814 3623 haec
825 3597 1005 3623 contrarietas
1024 3604 1076 3623 non
1091 3599 1131 3622 est
1144 3597 1333 3623 contrarietas.

407 3649 478 3682 Opp.
496 3650 529 3674 D.
548 3649 663 3675 Tnouu
682 3649 714 3674 Τ.
729 3650 769 3674 111.

2407 231 2453 267 33

1380 306 1559 356 prohibet
1577 306 1617 344 in
1645 318 1808 356 corpore
1838 307 1988 344 caelesti
2017 319 2120 354 esse,
2150 315 2243 356 puta
2266 307 2362 345 sicut
2388 321 2458 358 par

1381 361 1444 399 vel
1473 360 1609 409 impar,
1629 360 1692 398 vel
1721 360 1936 397 secundum
1965 360 2108 409 aliquid
2135 361 2358 399 huiusmodi
2377 359 2401 399 ⁰.

1437 414 1579 452 Obiicit
1607 421 1737 451 autem
1767 415 1930 450 Ioannes
1956 414 2240 451 Grammaticus
2269 422 2400 452 contra
2418 415 2457 453 id

1383 469 1490 517 quod
1527 467 1785 517 Philosophus
1813 467 1966 505 videtur
2001 479 2146 516 ponere
2177 480 2392 505 concavum
2422 476 2459 505 et

1383 521 1591 570 gibbosum
1619 521 1766 570 opponi
1794 520 2008 558 secundum
2030 520 2272 558 relationem:
2293 521 2382 570 quia
2402 533 2458 558 re-

1386 575 1501 612 lativa
1526 574 1707 612 videntur
1734 574 1847 612 simul
1882 586 1984 622 esse,
2015 586 2232 611 concavum
2265 582 2394 611 autem
2424 582 2460 612 et

1384 628 1590 676 gibbosum
1618 640 1698 665 non
1726 635 1814 666 sunt
1841 627 1954 665 simul
1989 639 2035 664 ex
2063 627 2304 665 necessitate:
2333 635 2460 677 potest

1386 681 1488 718 enim
1527 693 1610 718 esse
1648 681 1804 730 aliquod
1838 693 1978 731 corpus
2016 681 2258 730 sphaericum
2297 681 2458 718 exterius

1386 746 1605 772 convexum
1643 735 1788 784 absque
1815 735 1891 772 hoc
1923 734 2030 784 quod
2059 734 2106 772 sit
2138 734 2294 772 interius
2323 747 2458 772 conca-

1384 800 1527 826 vum.-
1540 787 1617 825 Sed
1637 788 1676 825 in
1694 789 1769 825 hoc
1789 788 1972 838 deceptus
1991 788 2076 825 fuit:
2096 788 2187 838 quia
2202 788 2459 838 Philosophus

1384 841 1447 879 hic
1474 841 1642 890 loquitur
1662 842 1681 863 '¹‘
1702 841 1750 878 de
1780 854 1953 879 concavo
1988 849 2025 879 et
2049 854 2224 879 convexo
2245 841 2458 879 secundum

1385 895 1491 944 quod
1519 894 1767 932 inveniuntur
1795 895 1834 932 in
1862 895 1961 932 linea
1990 895 2181 943 circulari,
2215 908 2295 933 non
2329 902 2459 932 autem

1386 949 1599 986 secundum
1637 949 1743 998 quod
1780 948 2024 986 inveniuntur
2050 949 2090 986 in
2125 961 2287 999 corpore
2324 949 2459 998 sphae-

1386 1002 1484 1050 rico,
1514 1002 1553 1039 in
1582 1013 1660 1051 quo
1688 1013 1811 1039 unum
1840 1010 1966 1051 potest
1994 1015 2076 1040 esse
2106 1002 2187 1040 sine
2215 1003 2351 1050 altero,
2381 1015 2460 1039 non

1385 1063 1516 1095 autem
1545 1055 1584 1093 in
1613 1055 1724 1093 linea.

1439 1111 1476 1147 6.
1485 1108 1634 1146 Deinde
1651 1121 1739 1146 curn
1755 1108 1858 1146 dicit:
1875 1109 2021 1146 Deinde
2033 1109 2068 1146 si
2080 1109 2162 1158 quis
2176 1109 2366 1146 existimat
2375 1116 2457 1157 etc.,

1385 1162 1551 1200 ostendit
1578 1175 1657 1200 non
1687 1174 1769 1199 esse
1795 1162 2099 1200 contrarietatem
2119 1163 2158 1200 in
2176 1162 2347 1211 partibus
2375 1174 2459 1199 mo-

1385 1224 1444 1254 tus
1473 1215 1675 1253 circularis.
1706 1216 1756 1253 Et
1772 1215 1900 1264 primo
1921 1216 2083 1254 excludit
2111 1216 2417 1253 contrarietatem
2437 1228 2460 1253 a

1384 1269 1556 1320 partibus
1574 1269 1688 1307 huius
1707 1277 1853 1316 motus;
1874 1270 2044 1307 secundo
2065 1269 2229 1307 ostendit
2243 1269 2349 1318 quod
2369 1282 2459 1306 con-

1385 1323 1555 1361 trarietas
1569 1322 1735 1372 partium
1750 1335 1829 1360 non
1849 1323 2041 1360 sufficeret
2054 1324 2074 1344 *⁶
2088 1323 2139 1360 ad
2154 1323 2459 1360 contrarietatem

1385 1377 1511 1424 totius,
1532 1376 1600 1414 ibi:
1621 1377 1665 1414 Si
1681 1382 1807 1414 autem
1827 1382 1863 1414 et
1880 1377 1972 1414 istae
1990 1377 2205 1414 contrariae
2220 1378 2240 1398 ’¹‘
2256 1384 2327 1414 etc.
2349 1376 2460 1414 Circa

1385 1431 1554 1481 primum
1583 1429 1653 1467 tria
1682 1430 1786 1467 facit:
1815 1430 1942 1479 primo
1972 1430 2136 1468 ostendit
2161 1430 2268 1479 quod
2296 1442 2375 1467 non
2404 1437 2461 1467 est

1362 1503 1369 1507 ·
1387 1483 1631 1522 contrarietas
1650 1483 1690 1520 in
1718 1483 1888 1532 partibus
1907 1490 2036 1520 motus
2065 1483 2255 1520 circularis
2279 1496 2379 1533 quae
2399 1496 2460 1520 ac-

1387 1538 1576 1587 cipiuntur
1613 1537 1828 1574 secundum
1867 1534 2037 1574 diversas
2076 1537 2272 1586 portiones
2311 1536 2459 1583 circuli,

1386 1603 1487 1641 quae
1525 1590 1770 1639 designantur
1807 1589 1903 1627 inter
1929 1591 1949 1611 *
1977 1591 2054 1628 duo
2087 1598 2249 1639 puncta3
2289 1590 2459 1628 secundo

1387 1644 1551 1683 ostendit
1570 1643 1675 1694 quod
1696 1656 1776 1681 non
1796 1651 1852 1681 est
1871 1643 2116 1681 contrarietas
2136 1644 2174 1681 in
2192 1643 2362 1694 partibus
2378 1656 2460 1680 mo-

1386 1707 1446 1736 tus
1467 1697 1657 1736 circularis
1676 1710 1775 1747 quae
1804 1697 2041 1746 accipiuntur
2059 1698 2272 1735 secundum
2293 1697 2461 1735 eundem

1387 1751 1681 1798 semicirculum,
1706 1751 1776 1788 ibi:
1806 1750 1985 1788 Similiter
2012 1757 2138 1788 autem
2163 1757 2200 1788 et
2221 1763 2318 1800 quae
2341 1751 2378 1788 in
2406 1763 2461 1788 se-

1388 1805 1583 1843 micirculo
1618 1806 1638 1826 *
1669 1812 1761 1850 etc.;
1795 1804 1905 1842 tertio
1944 1804 2108 1842 ostendit
2145 1805 2251 1854 quod
2289 1817 2368 1842 non
2407 1811 2462 1841 est

1390 1859 1635 1897 contrarietas
1654 1858 1693 1896 in
1720 1858 1892 1908 partibus
1921 1866 2048 1895 motus
2073 1858 2263 1895 circularis
2283 1870 2381 1907 quae
2402 1870 2462 1895 ac-

1390 1913 1580 1962 cipiuntur
1607 1913 1822 1950 secundum
1843 1912 1941 1949 duos
1961 1911 2233 1959 semicirculos,
2254 1912 2322 1949 ibi:
2353 1911 2463 1948 Simi-

1388 1967 1473 2004 liter
1499 1972 1625 2004 autem
1655 1971 1691 2003 et
1717 1966 1843 2015 utique
1870 1966 1891 1986 *²
1920 1973 1989 2003 etc.

1443 2019 1544 2058 Dicit
1581 2032 1670 2068 ergo
1703 2019 1830 2068 primo
1869 2019 1974 2068 quod
2002 2025 2132 2068 posset
2170 2018 2303 2068 aliquis
2342 2017 2464 2055 existi-

1389 2086 1496 2111 mare
1526 2073 1632 2123 quod
1661 2073 1799 2110 eadem
1819 2072 1865 2110 sit
1884 2072 1976 2110 ratio
1998 2072 2272 2110 contrarietatis
2296 2071 2335 2109 in
2354 2079 2464 2108 motu

1389 2127 1454 2177 qui
1482 2134 1539 2164 est
1565 2139 1636 2176 per
1673 2126 1813 2164 lineam
1843 2126 2089 2174 circularem,
2121 2134 2156 2163 et
2184 2126 2222 2163 in
2261 2132 2370 2163 motu
2397 2125 2464 2175 qui

1390 2188 1446 2218 est
1473 2193 1542 2230 per
1568 2180 1710 2217 lineam
1748 2187 1903 2217 rectam.
1934 2180 1975 2217 Si
2004 2179 2107 2217 enim
2144 2179 2361 2227 designetur
2387 2191 2465 2216 una

1389 2234 1488 2272 linea
1517 2241 1619 2271 recta
1645 2233 1743 2270 inter
1770 2234 1848 2271 duo
1877 2241 2019 2282 puncta
2046 2245 2146 2283 quae
2176 2240 2263 2270 sunt
2290 2234 2325 2270 A
2355 2240 2391 2269 et
2418 2233 2462 2279 B,

1390 2287 1637 2326 manifestum
1659 2294 1715 2324 est
1729 2287 1835 2336 quod
1854 2294 1983 2324 motus
2003 2287 2132 2324 localis
2152 2286 2216 2336 qui
2231 2286 2298 2323 fiet
2317 2298 2431 2335 super
2443 2286 2463 2307 *

1389 2341 1531 2378 lineam
1561 2347 1703 2378 rectam
1734 2340 1782 2376 ab
1810 2342 1845 2377 A
1874 2340 1912 2377 in
1941 2341 1989 2387 B,
2018 2340 2228 2378 contrarius
2254 2339 2322 2376 erit
2340 2339 2463 2377 motui

1390 2395 1500 2432 locali
1522 2395 1542 2416 *
1560 2394 1627 2444 qui
1645 2394 1712 2431 fiet
1731 2405 1753 2430 e
1773 2406 1964 2431 converso
1984 2406 2007 2430 a
2032 2395 2062 2430 B
2083 2394 2122 2431 in
2142 2395 2188 2431 A.
2212 2394 2289 2431 Sed
2308 2405 2388 2430 non
2408 2400 2465 2430 est

1390 2447 1522 2486 similis
1560 2447 1654 2485 ratio
1683 2447 1714 2484 si
1751 2447 1988 2484 describatur
2022 2460 2100 2485 una
2137 2447 2237 2484 linea
2275 2446 2463 2484 circularis

1390 2513 1507 2550 super
1526 2501 1603 2539 duo
1632 2508 1775 2550 puncta
1802 2513 1902 2550 quae
1922 2508 2010 2538 sunt
2024 2502 2044 2522 *
2064 2502 2099 2538 A
2128 2508 2164 2538 et
2182 2502 2230 2538 B:
2261 2502 2350 2549 quia
2369 2501 2466 2538 inter

1391 2555 1470 2592 duo
1498 2562 1641 2604 puncta
1659 2566 1739 2591 non
1766 2561 1893 2603 potest
1912 2566 1994 2592 esse
2023 2554 2095 2592 nisi
2123 2567 2201 2591 una
2221 2554 2321 2591 linea
2349 2562 2463 2602 recta,

1391 2608 1460 2646 sed
1487 2608 1585 2646 inter
1622 2608 1700 2645 duo
1728 2616 1871 2657 puncta
1901 2615 2064 2657 possunt
2101 2607 2263 2645 describi
2296 2607 2465 2646 infinitae

1391 2662 1514 2699 lineae
1543 2673 1696 2710 curvae,
1723 2673 1823 2710 quae
1852 2669 1940 2699 sunt
1969 2661 2142 2699 diversae
2170 2661 2366 2711 portiones
2396 2662 2464 2699 cir-

1391 2716 1579 2753 culorum.
1607 2715 1840 2765 Sequeretur
1867 2715 1998 2763 igitur,
2029 2715 2059 2752 si
2088 2715 2210 2752 motui
2239 2715 2304 2765 qui
2333 2723 2389 2752 est
2417 2717 2465 2753 ab

1390 2771 1426 2806 A
1453 2769 1493 2806 in
1521 2769 1552 2806 B
1580 2781 1652 2818 per
1678 2769 1820 2806 lineam
1850 2769 2094 2817 circularem,
2126 2776 2225 2806 esset
2256 2769 2466 2806 contrarius

1391 2830 1520 2860 motus
1549 2822 1615 2872 qui
1634 2830 1691 2860 est
1719 2835 1741 2860 a
1769 2823 1800 2859 B
1829 2822 1870 2859 in
1898 2825 1933 2859 A
1961 2822 2175 2860 secundum
2201 2822 2368 2859 lineam*
2397 2822 2465 2859 cir-

1392 2877 1571 2924 cularem,
1588 2876 1694 2926 quod
1710 2876 1846 2913 infiniti
1865 2883 1995 2913 motus
2017 2883 2140 2913 essent
2156 2875 2330 2913 contrarii
2350 2876 2425 2912 uni.
2438 2897 2462 2903 -

1391 2931 1461 2967 Est
1488 2938 1619 2967 autern
1647 2929 1925 2968 attendendum
1954 2930 2072 2978 quod,
2101 2930 2188 2966 loco
2217 2929 2329 2966 huius
2358 2930 2464 2977 quod

1391 2983 1522 3021 debuit
1541 2984 1680 3032 dicere,
1701 2984 1808 3032 quod
1832 2983 1931 3020 linea
1952 2991 2054 3020 recta
2078 2990 2133 3019 est
2162 2994 2238 3019 una
2262 2981 2359 3019 inter
2385 2982 2463 3020 duo

1389 3045 1542 3087 puncta,
1565 3037 1654 3074 dixit
1673 3037 1780 3087 quod
1804 3036 1924 3073 lineae
1945 3043 2069 3073 rectae
2099 3035 2351 3083 suntfinitae:
2371 3036 2462 3084 quia

1390 3091 1421 3128 si
1449 3091 1683 3140 accipiamus
1702 3090 1742 3127 in
1772 3090 1930 3127 diversis
1950 3090 2044 3126 locis
2073 3089 2150 3126 duo
2178 3096 2332 3137 puncta,
2355 3097 2466 3126 erunt

1389 3145 1487 3182 inter
1516 3157 1561 3181 ea
1588 3144 1712 3181 lineae
1733 3152 1856 3180 rectae
1885 3142 2031 3189 finitae3
2060 3142 2128 3180 sed
2156 3142 2253 3179 inter
2274 3143 2466 3191 quaelibet

1390 3198 1467 3236 duo
1495 3205 1639 3247 puncta
1665 3204 1846 3246 poterunt
1883 3196 2046 3233 describi
2074 3196 2197 3233 lineae
2235 3208 2375 3233 curvae
2409 3196 2464 3234 in-

1389 3251 1531 3288 finitae.

1442 3382 1467 3418 ⁰)
1476 3387 1547 3416 puta
1560 3384 1629 3408 sicut
1637 3390 1693 3415 par
1704 3383 1744 3407 vel
1761 3382 1883 3414 impar...
1896 3382 2000 3415 aliquid
2013 3382 2203 3409 huiusmodi.—
2213 3384 2249 3409 Ita
2262 3384 2324 3416 legit
2338 3384 2419 3409 codex
2428 3385 2451 3410 A
2456 3393 2464 3416 ;

1385 3423 1454 3452 puta
1477 3419 1622 3444 secundum
1648 3418 1720 3451 quod
1743 3425 1797 3450 par
1820 3421 1846 3443 et
1865 3418 1954 3450 impar
1972 3419 2014 3444 vel
2037 3419 2141 3452 aliquid
2164 3419 2317 3445 huiusmodi
2335 3420 2415 3445 Piana
2440 3426 2466 3445 et

1389 3455 1467 3480 ceteri
1488 3455 1590 3479 codices
1597 3461 1605 3484 3
1625 3454 1695 3479 idem
1719 3461 1814 3486 nempe
1840 3454 1930 3487 legunt
1949 3455 2036 3488 quoad
2061 3462 2175 3485 sensum,
2196 3456 2242 3480 sed
2262 3455 2347 3480 forma
2364 3456 2465 3480 videtur

1389 3491 1476 3516 minus
1497 3490 1622 3522 expedita.

1444 3525 1464 3560 ι)
1478 3525 1623 3551 secundum
1643 3525 1751 3550 lineam.
1764 3540 1783 3544 -
1794 3525 1941 3551 secundum
1957 3533 2011 3550 om.
2025 3527 2049 3551 H
2055 3534 2063 3558 ;
2077 3534 2130 3559 per
2148 3527 2259 3552 eandem
2275 3527 2372 3553 lineam
2387 3527 2420 3556 C,
2436 3526 2462 3551 in

1388 3562 1487 3587 lineam
1507 3561 1543 3591 D,
1558 3568 1611 3593 per
1629 3561 1727 3586 lineam
1746 3561 1802 3587 EG.
1821 3561 1911 3586 Lectio
1930 3561 1951 3586 C
1971 3562 2104 3587 confundit
2125 3562 2240 3595 primum
2258 3563 2407 3588 membrum
2427 3562 2463 3586 di-

1387 3597 1497 3622 visionis
1517 3597 1616 3630 positae
1635 3604 1695 3622 cum
1715 3597 1842 3629 secund03
1863 3597 1894 3622 cf.
1910 3605 1990 3630 supra
2009 3602 2035 3623 et
2052 3605 2124 3623 num.
2139 3597 2164 3623 8.

2271 3649 2284 3675 5

2488 852 2496 859 ·
2505 850 2542 872 hic
2553 851 2702 879 locutussuit

2486 883 2524 902 st.
2536 884 2584 899 om.
2594 882 2639 899 cet.
2650 884 2700 900 exc.

2486 910 2537 931 uo,
2545 904 2582 926 hic
2593 910 2641 927 om.
2648 911 2699 926 pso.

2486 1334 2497 1345 ⁴
2513 1333 2603 1363 sufficit
2616 1340 2637 1355 P.

2487 1389 2496 1397 ·
2511 1387 2582 1409 Num.
2599 1393 2624 1409 ιι.

2490 1597 2497 1606 ”
2508 1596 2532 1644 i?
2542 1596 2588 1618 ista
2600 1602 2620 1623 c,
2635 1596 2702 1625 infra

2489 1628 2514 1644 ce
2527 1639 2532 1644 .

2489 1815 2498 1823 ·
2514 1813 2584 1835 Num.
2600 1814 2622 1836 8.

2491 1970 2500 1978 ·
2515 1968 2586 1990 Νυιιι.
2602 1975 2635 1990 ιο.

2492 2293 2500 2301 ·
2517 2291 2642 2313 secundum
2655 2297 2677 2313 Α.

2491 2402 2500 2411 ·
2516 2401 2589 2422 locali
2602 2407 2650 2422 om.
2666 2407 2707 2422 co-

2492 2428 2554 2449 dices
2570 2434 2619 2450 exc.
2634 2434 2672 2450 AB.

2491 2508 2500 2518 ”
2515 2507 2563 2529 sint
2575 2514 2597 2529 r.
