2782 4134
1126 283 1239 319 CAP.
1269 282 1321 330 11,
1351 282 1503 319 LECT.
1534 283 1584 319 111

2377 293 2447 329 271

1034 508 1330 565 LECTIO
1369 510 1682 566 TERTIA

711 669 769 699 DE
801 667 958 706 QUIBUS
988 667 1204 699 AGENDUM
1235 668 1302 698 SIT
1325 686 1344 691 —
1373 669 1625 701 GENERATIO
1658 671 1716 702 ET
1747 672 2000 704 ALTERATIO

490 725 728 757 SECUNDUM
752 725 995 756 OPINIONEM
1017 724 1261 756 DEMOCRITI
1285 725 1344 755 ET
1368 725 1563 756 LEUCIPPI
1589 745 1606 749 -
1632 728 1787 759 UTRUM
1810 729 1962 760 RERUM
1984 728 2220 768 PRINCIPIA,

749 782 785 813 SI
809 782 907 813 SINT
931 781 1228 821 INDIVISIBILIA,
1253 781 1460 813 CORPORA
1484 782 1580 813 SINT
1604 785 1663 814 AN
1687 785 1958 817 SUPERFICIES

250 922 357 959 Ὂλως
382 932 420 954 τε
445 914 489 956 δή
516 920 591 962 περὶ
621 917 781 972 γενέσεωξ
812 916 1025 973 ’‘dl-stow&
1051 918 1114 955 τῆς
1142 918 1253 956 ἀπλῆς
1278 919 1332 948 λε·
1384 923 1401 942 *
1416 923 1640 954 Universaliter
1657 924 1764 965 itaque
1784 926 1821 956 de
1837 927 2037 966 generatione
2049 935 2080 959 et
2096 928 2300 969 corruptione
2314 928 2449 969 simplici

322 964 439 1006 κτέον,
466 963 611 1007 πότερον
637 963 730 995 ἔστιν
756 964 777 999 ἡ
803 963 864 995 οὐκ
882 974 956 994 εστι
980 964 1038 995 καὶ
1056 964 1126 1000 πῶς
1146 963 1253 1004 ἐστίν,
1271 964 1329 994 καὶ

325 1011 399 1055 περὶ
425 1010 493 1042 τῶν
521 1009 631 1041 ἄλλων
667 1008 785 1040 διπλῶν
815 1006 999 1049 κινήσεων,
1028 1008 1096 1040 οἷον
1123 1008 1197 1050 περὶ
1224 1005 1332 1048 αὐξή-

325 1067 407 1092 σεως
430 1055 490 1086 καὶ
517 1051 739 1090 ἀλλοιώσεως.

256 1098 399 1132 Πλάτων
425 1098 486 1143 μέν
514 1096 569 1130 οὖν
595 1097 696 1142 μόνον
715 1098 790 1141 περὶ
805 1095 966 1142 γενέσεως
985 1094 1155 1140 ἐσκέψατο
1178 1097 1237 1127 καὶ
1254 1095 1331 1140 φθο-

324 1145 405 1189 ρᾶς,
432 1142 522 1180 ὅπως
550 1143 696 1188 ὑπάρχει
720 1145 793 1179 τοῖς
818 1140 1021 1187 πράγμασι,
1046 1143 1104 1173 καὶ
1139 1142 1213 1185 περὶΙ
1237 1139 1332 1186 γενέ-

324 1200 406 1227 σεως
436 1188 475 1220 οὗ
501 1187 613 1225 πάσης
645 1186 738 1219 ἀλλά
769 1187 833 1223 τῆς
867 1188 934 1217 τῶν
964 1188 1161 1230 στοιχείων·
1189 1186 1259 1222 πῶς
1293 1180 1332 1216 δέ

323 1233 447 1278 σάρκες
469 1230 491 1269 ἦ
517 1228 607 1265 ὄστᾶ
631 1231 652 1269 ἦ
678 1231 747 1264 τῶν
773 1230 885 1263 ἄλλων
911 1242 946 1262 τι
971 1231 1038 1262 τῶν
1063 1229 1249 1271 τοιούτων,
1277 1227 1333 1261 οὖ-

323 1274 400 1309 δέν·
428 1277 480 1310 ἔτι
506 1277 587 1309 οὔτε
613 1278 686 1320 περὶ
714 1274 923 1313 ἀλλοιώσεως
941 1275 1021 1307 οὔτε
1042 1276 1117 1318 περὶ
1138 1273 1328 1315 αὐξήσεως,

326 1324 407 1354 τίνα
434 1320 561 1366 τρόπον
588 1322 779 1374 ὑπάρχουσι
811 1323 882 1357 τοῖς
916 1319 1126 1374 πράγμασιν.
1160 1317 1266 1356 ”ολως
1291 1314 1330 1350 δέ

325 1365 422 1411 παρά
445 1366 494 1398 τά
521 1364 688 1403 ἑπιπολης
722 1366 795 1408 περὶ
832 1359 966 1401 οὐδενος
999 1359 1107 1400 οὐδεὶς
1141 1362 1329 1400 ἐπέστησεν

325 1410 388 1452 ἔξω
413 1411 636 1456 Δημοκρίτου.
674 1409 781 1447 Οὗτος
806 1403 838 1440 δ’
867 1409 954 1441 ἔοικε
979 1408 1039 1452 μὲν
1065 1408 1139 1450 περὶ
1166 1407 1329 1441 ἁπάντων

324 1458 522 1500 φροντίσαι,
550 1454 616 1493 ἤδη
641 1449 680 1487 δὲ
705 1455 738 1487 ἐν
764 1454 812 1494 τῷ
843 1454 912 1491 πῶς
943 1448 1106 1496 διαφέρει.
1144 1452 1231 1486 Οὔτε
1263 1452 1328 1499 γάρ

325 1501 400 1545 περὶ
425 1499 599 1541 αὐξήσεως
619 1494 728 1536 οὐδεὶς
745 1494 843 1539 οὐδέν
860 1494 1023 1542 διώρισεν,
1042 1496 1153 1541 ὥσπερ
1170 1497 1327 1544 λέγομεν,

327 1544 344 1577 ὅ
361 1556 396 1578 τι
420 1545 469 1587 μή
493 1545 557 1577 κοῖν
584 1545 600 1576 ὁ
626 1543 736 1589 τυχών
763 1545 904 1583 εἴπειεν,
925 1541 979 1574 ὅτι
996 1541 1194 1585 προσιόντος
1222 1542 1328 1583 αὐξά-

324 1601 445 1622 νονται
470 1590 519 1631 τῷ
545 1589 646 1632 ὁμοίῳ
673 1588 760 1631 (πῶς
785 1582 824 1619 δὲ
848 1588 969 1628 τοῦτο,
989 1586 1138 1630 οὐκέτι),
1159 1582 1238 1620 οὐδὲ
1255 1589 1329 1632 περὶ

325 1633 459 1678 μίξεως,
477 1628 557 1666 οὐδὲ
574 1634 649 1676 περὶ
674 1633 741 1665 τῶν
769 1632 880 1664 ἄλλων
905 1633 948 1669 ὠς
965 1632 1071 1664 εἰπεῖν
1090 1628 1240 1672 οὐδενός,
1260 1633 1329 1664 οἷον

324 1679 389 1717 τοῦ
414 1682 521 1710 ποιεῖν
554 1679 613 1710 καὶ
639 1678 701 1710 τοῦ
733 1676 901 1721 πάσχειν,
929 1679 1008 1709 τίνα
1041 1676 1168 1720 τρόπον
1194 1677 1237 1710 τὸ
1269 1677 1329 1721 μέν

326 1726 417 1755 ποιεῖ
439 1723 481 1755 τό
506 1718 544 1755 δέ
569 1721 698 1767 πάσχει
722 1721 785 1759 τάς
810 1721 950 1764 φυσικάς
976 1721 1143 1760 ποιήσεις.

258 1799 465 1845 Δημόκριτος
489 1795 528 1832 δέ
547 1801 606 1832 καὶ
623 1799 818 1838 Λεύκιππος
842 1799 1051 1838 ποιήσαντες
1072 1800 1121 1832 τοὶ
1140 1799 1326 1846 σχήματα,

326 1845 391 1883 τήν
418 1845 596 1878 ἀλλοίωσιν
621 1846 680 1876 καὶ
706 1845 771 1881 τήν
795 1843 924 1891 γένεσιν
950 1845 986 1877 ἐκ
1011 1845 1145 1878 τούτων
1171 1846 1327 1887 ποιοῦσι,

325 1884 491 1934 διακρίσει
508 1889 567 1932 μέν
585 1891 643 1921 καὶ
661 1892 830 1936 συγκρίσει
847 1888 976 1935 γένεσιν
996 1891 1056 1921 καὶ
1073 1889 1210 1934 φθοράν,
1231 1889 1329 1932 τάξει

325 1929 364 1966 δέ
387 1936 446 1966 καὶ
472 1932 562 1966 θέσει
588 1935 781 1968 ἀλλοίωσιν.
1079 1970 1082 1971 ⁷

251 1977 352 2012 Ἐπεὶ
376 1973 406 2010 δ’
428 1978 535 2020 ᾤοντο
555 1977 702 2016 τάληθὲς
721 1979 754 2011 ὲν
773 1979 820 2020 τῷ
843 1976 1032 2023 φαίνεσθαι,
1053 1977 1199 2011 ἐναντία
1215 1973 1253 2011 δὲ
1272 1981 1331 2011 καὶ

328 2023 452 2069 ἄπειρα
483 2022 532 2056 τά
561 2023 769 2068 φαινόμενα,
796 2022 845 2055 τά
868 2022 1039 2068 σχήματα
1066 2022 1190 2068 ἄπειρα
1216 2024 1330 2062 ἐποίη-

325 2079 405 2110 σαν,
423 2067 511 2100 ὥστε
533 2072 611 2106 ταῖς
628 2070 842 2112 μεταβολαῖς
859 2070 922 2100 τοῦ
942 2066 1160 2115 συγκειμένου
1178 2068 1220 2100 τὸ
1240 2067 1329 2101 αὐτὸ

326 2111 481 2146 ἐναντίον
506 2107 617 2145 δοκεῖν
644 2114 734 2155 ἄλλῳ
767 2114 827 2145 καὶ
853 2112 965 2156 ἄλλῳ,
990 2114 1049 2145 καὶ
1073 2114 1330 2157 μετακινεῖσθαι

325 2158 444 2203 μικροῦ
470 2157 730 2204 ἑμμιγνυμένου,
747 2160 806 2190 καὶ
827 2156 910 2196 ὅλως
928 2158 1042 2202 ἕτερον
1064 2157 1242 2202 φαίνεσθαι
1259 2159 1329 2198 ἐνὸς

325 2201 631 2248 μετακινηθέντος·
658 2203 695 2236 ἐκ
725 2203 792 2235 τῶν
826 2202 940 2235 αὐτῶν
966 2202 1032 2249 γάρ
1065 2198 1242 2248 τραγῳδία
1271 2206 1329 2236 καὶ

321 2241 482 2290 κωμῳδία
505 2249 642 2293 γίνεται
665 2246 891 2301 γραμμάτων.

253 2288 352 2323 Ἐπεὶ
376 2292 415 2324 δέ
439 2286 534 2323 δοκεῖ·
560 2287 683 2337 σχεδὸν
716 2303 820 2325 πασιν
850 2289 966 2336 ἕτερον
1001 2288 1087 2322 εἶναι
1111 2290 1240 2336 γένεσις
1269 2295 1329 2325 καὶ

328 2337 526 2375 ἀλλοίωσις,
551 2340 611 2369 καὶ
634 2336 788 2383 γίνεσθαι
811 2337 871 2381 μὲν
902 2338 962 2368 καὶ
986 2335 1175 2380 φθείρεσθαι
1199 2349 1331 2384 συγκρι-

325 2380 455 2425 νόμενα
478 2382 537 2412 καὶ
561 2377 816 2426 διακρινόμενα,
844 2379 1063 2415 ἀλλοιοῦσθαι
1087 2376 1126 2414 δὲ
1153 2385 1332 2426 μεταβαλ,

325 2425 456 2458 λόντων
484 2426 551 2457 τῶν
583 2427 820 2471 παθημάτων,
848 2428 923 2470 περὶ
954 2424 1088 2458 τούτων
1121 2425 1330 2464 ἐπιστήσασι

327 2469 528 2514 θεωρητέον.
565 2471 727 2517 ’Δπορίας
761 2471 826 2518 γαρ
859 2471 930 2516 ἔχει
963 2471 1082 2503 ταῦτα
1114 2473 1172 2503 καὶ
1198 2472 1328 2510 πολλάς

325 2516 384 2547 καὶΙ
407 2513 580 2560 εὐλόγους.
618 2517 656 2548 Ei
680 2516 741 2561 μὲν
765 2516 830 2562 γάρ
856 2517 930 2549 ἐστι
955 2515 1125 2562 σύγκρισις
1147 2517 1167 2553 ή
1185 2516 1328 2563 γένεσις,

327 2560 443 2593 πολλοὶ
468 2559 628 2596 ἀδύνατα
662 2561 857 2604 συμβαίνει·
883 2561 945 2593 εἰσὶ
971 2555 998 2592 δ’
1030 2559 1073 2592 αὖ
1095 2560 1195 2607 λόγοι
1220 2561 1330 2605 ἕτεροι

328 2603 578 2651 ἀναγκαστικοὶ
609 2608 667 2638 καὶ
693 2604 754 2639 οὐκ
779 2606 917 2649 εὔποροι
941 2601 1092 2637 διαλύειν
1121 2607 1162 2644 ὠς
1196 2604 1256 2638 οὐκ
1282 2608 1330 2639 ὲν-

327 2644 473 2695 δέχεται
500 2649 608 2688 ἄλλως
635 2651 737 2696 ἔχειν.
765 2652 859 2683 Εἴτε
876 2650 924 2695 μή
950 2649 1024 2683 ἐστι
1049 2650 1218 2696 σύγκρισις
1237 2652 1258 2689 ἡ
1276 2651 1332 2698 γέ-

328 2706 437 2735 νεσις,
463 2697 485 2734 ἦ
512 2694 595 2733 ὅλως
627 2697 688 2728 οὐκ.
721 2696 795 2728 ἔστι
826 2695 956 2741 γένεσις
982 2694 1003 2732 ἦ
1030 2695 1229 2738 ἀλλοίωσις,
1257 2695 1278 2733 ἦ
1303 2697 1331 2728 εἰ

327 2740 386 2771 καὶ
411 2743 519 2774 τοῦτο
544 2735 708 2772 διαλῦσαι
731 2740 887 2786 χαλεπὸν
914 2740 948 2772 ὃν
976 2739 1174 2784 πειρατέον.

255 2781 362 2830 ‘App-1
390 2779 429 2816 δὲ
454 2786 588 2820 τούτων
622 2785 782 2826 πάντων,
811 2784 955 2828 πότερον
990 2783 1081 2817 οὕτω
1106 2787 1240 2832 γίνεται
1273 2787 1332 2817 καὶ

330 2829 535 2864 ἀλλοιοῦται
565 2831 624 2862 καὶ
658 2829 849 2871 αὐξάνεται
875 2830 922 2862 τά
947 2829 1033 2862 ὄντα
1065 2833 1124 2862 καὶ
1157 2831 1332 2863 τάναντία

328 2872 468 2914 τούτοις
493 2875 641 2921 πάσχει,
669 2876 736 2906 τῶν
762 2873 904 2918 πρώτων
930 2873 1156 2918 ύπαρχόντων
1182 2874 1330 2921 μεγεθῶν

330 2914 556 2965 ἀδιαιρέτων,
582 2918 603 2956 ἦ
630 2917 725 2952 οὐθέν
751 2919 825 2951 ἑστι
850 2918 991 2965 μέγεθος
1019 2921 1233 2964 ἀδιαίρετον·
1259 2915 1333 2951 δια-

328 2962 418 3007 φέρει
441 2965 507 3012 γάρ
533 2966 640 2998 τοῦτο
672 2965 846 2996 πλεῖστον.
889 2966 956 2996 Καὶ
989 2964 1092 2997 πάλιν
1125 2965 1153 2996 εὶ
1185 2963 1330 3010 μεγέθη,

329 3008 497 3054 πότερον,
529 3012 573 3047 ὠς
599 3009 805 3054 Δημόκριτος
839 3011 898 3040 καὶ
931 3009 1147 3050 Λεύκιππος,
1183 3009 1332 3052 σώματα

331 3052 435 3087 ταῦτ’
463 3055 574 3095 ἐστίν,
603 3053 623 3091 ἦ
647 3053 740 3087 ὥσπε
785 3054 817 3086 ἐν
844 3055 892 3095 τῷ
917 3056 1065 3098 Τιμαίῳ,
1093 3049 1254 3086 ἐπίπεδα.

261 3097 372 3133 Τοῦτο
397 3098 458 3142 μὲν
483 3097 541 3132 οὖν
567 3097 670 3140 αὐτό,
688 3110 733 3131 κα
758 3098 843 3142 άπερ
867 3100 925 3130 καὶ
947 3099 980 3131 ἐν
1001 3100 1115 3136 ἄλλοις
1135 3098 1331 3143 εἰρήκαμεν,

332 3142 456 3189 ἄλογον
482 3143 580 3189 μέχρι
605 3139 775 3176 ἐπιπέδων
801 3139 974 3175 διαλῦσαι.
1005 3144 1061 3175 Διὸ
1083 3144 1216 3188 μᾶλλον
1238 3143 1333 3174 εὔλο-

328 3198 389 3232 γον
406 3187 556 3232 σώματα
576 3185 662 3220 εἶναι
681 3183 875 3232 ἀδιαίρετα.
908 3188 1017 3220 Ἀλλά
1035 3191 1094 3220 καὶ
1116 3189 1234 3221 ταῦτα
1252 3189 1335 3219 πολ-

327 3231 391 3267 λήν
417 3232 486 3278 ἔχει
513 3233 670 3279 ἀλογίαν.
704 3231 814 3277 ”Ομως
840 3228 878 3264 δὲ
904 3232 1041 3270 τούτοις
1070 3232 1248 3265 ἀλλοίωσιν
1273 3233 1332 3263 καὶ

328 3274 459 3320 γένεσιν
486 3273 666 3323 ἐνδέχεται
698 3281 828 3318 ποιεῖν,
854 3276 1009 3321 καθάπερ
1035 3280 1190 3322 εἴρηται,
1218 3277 1331 3319 τροπῇ

327 3323 387 3352 καὶ
411 3317 552 3369 διαθιγῇ
585 3323 840 3366 μετακινοῦντα
871 3322 912 3354 τὸ
948 3320 1038 3353 αὐτὸ
1071 3324 1128 3353 καὶ
1163 3324 1239 3357 ταῖς
1266 3322 1332 3352 τῶν

329 3366 518 3411 σχημάτων
535 3368 728 3411 διαφοραῖς,
748 3366 828 3410 ὅπερ
847 3369 937 3398 ποιεῖ
954 3365 1174 3410 Δημόκριτος.
1198 3364 1254 3395 Διὸ
1274 3365 1333 3395 καὶ

329 3411 448 3454 χροιάν
475 3412 514 3444 οὔ
543 3423 638 3456 φησιν
670 3408 774 3443 εἶναι·
802 3411 915 3455 τροπῇ
944 3412 1010 3456 γάρ
1039 3407 1331 3454 χρωματίζεσθαι.

329 3455 405 3492 Τοῖς
434 3450 466 3486 δ’
495 3456 540 3493 εἰς
570 3451 719 3488 ἐπίπεδα
752 3450 938 3498 διαιροῦσιν
974 3455 1109 3486 οὐκέτι·
1137 3447 1234 3484 οὐδέν
1267 3453 1332 3498 γάρ

329 3501 464 3542 γίνεται
490 3500 579 3537 πλῇν
604 3500 728 3544 στερεοὶ
751 3498 1014 3543 συντιθεμένων·
1042 3497 1149 3534 πάθος
1173 3496 1239 3542 γάρ
1260 3492 1330 3528 οὐδ’

330 3544 520 3589 ἐγχειροῦσι
544 3545 664 3590 γεννᾶν
693 3539 789 3576 οὐδὲν
817 3542 851 3583 ἐξ
878 3543 1004 3575 αὐτῶν.

263 3587 377 3620 Αἴτιον
402 3583 440 3620 δὲ
466 3589 529 3621 τοῦ
556 3589 609 3621 ἐπ’
635 3589 783 3620 ἔλαττον
809 3582 976 3618 δύνασθαι
1002 3586 1049 3618 τά
1075 3583 1333 3628 ὁμολογούμενα

330 3633 471 3677 συνορᾶν
496 3634 518 3670 -ἠ
545 3631 694 3676 ἀπειρία.
732 3631 788 3664 Διὸ
815 3630 885 3663 ὅσοι
918 3629 1107 3672 ἐνῳκήκασι
1139 3630 1268 3673 μᾶλλον
1299 3629 1331 3660 ἑν

1452 968 1633 1006 dicendum,
1658 975 1767 999 utrum
1782 977 1828 1001 est
1847 978 1901 1001 aut
1923 981 1989 1001 non
2013 979 2069 1011 est,
2094 979 2125 1004 et
2140 973 2308 1014 quomodo
2333 979 2395 1012 est;
2419 979 2450 1003 et

1451 1012 1490 1043 de
1514 1012 1583 1043 aliis
1606 1012 1802 1053 simplicibus
1821 1015 1972 1054 motibus,
1992 1023 2069 1056 puta
2085 1017 2124 1047 de
2139 1017 2397 1058 augmentatione
2418 1023 2450 1048 et

1451 1057 1645 1088 alteratione.

1383 1101 1400 1120 *
1416 1101 1506 1132 Plato
1530 1101 1626 1141 igitur
1648 1101 1755 1132 solum
1779 1102 1818 1132 de
1840 1104 2040 1142 generatione
2064 1112 2218 1136 scrutatus
2235 1113 2282 1137 est
2297 1112 2328 1136 et
2341 1115 2447 1136 corru-

1451 1145 1580 1186 ptione,
1611 1146 1780 1187 quomodo
1811 1147 1912 1178 existit
1934 1147 1967 1178 in
1990 1149 2102 1179 rebus:
2132 1156 2162 1180 et
2184 1150 2224 1180 de
2246 1149 2448 1190 generatione

1451 1200 1518 1220 non
1541 1190 1652 1228 omni,
1683 1190 1737 1221 sed
1760 1191 1800 1220 de
1823 1201 1860 1221 ea
1886 1201 1968 1232 quae
1998 1193 2247 1224 elementorum:
2279 1194 2447 1235 quomodo

1452 1240 1560 1265 autem
1584 1244 1691 1265 carnes
1714 1233 1791 1265 fiant
1814 1242 1868 1266 aut
1891 1246 1961 1266 ossa
1985 1243 2040 1267 aut
2059 1237 2195 1268 aliorum
2217 1238 2295 1279 quid
2317 1238 2447 1276 talium,

1451 1278 1540 1309 nihil.
1564 1278 1714 1319 Amplius
1738 1289 1842 1319 neque
1866 1280 1904 1310 de
1918 1281 2100 1312 alteratione
2123 1292 2226 1323 neque
2243 1283 2281 1312 de
2296 1292 2447 1323 augmen-

1450 1322 1581 1362 tatione,
1597 1323 1767 1364 quomodo
1787 1323 1923 1355 existunt
1936 1324 1968 1355 in
1984 1325 2087 1357 rebus.
2105 1326 2326 1357 Universaliter
2341 1333 2449 1358 autem

1451 1374 1536 1398 extra
1559 1377 1596 1398 ea
1619 1377 1701 1409 quae
1723 1367 1996 1408 superficietenus,
2021 1370 2059 1400 de
2082 1371 2172 1401 nullo
2197 1371 2310 1412 aliquis
2333 1370 2447 1402 consti-

1451 1411 1512 1442 tuit
1527 1418 1649 1452 praeter
1664 1412 1900 1443 Democritum:
1917 1413 1968 1444 hic
1984 1420 2091 1444 autem
2106 1414 2230 1446 videtur
2245 1415 2283 1445 de
2298 1415 2448 1446 omnibus

1452 1466 1561 1487 curam
1579 1456 1705 1487 habere.
1723 1456 1790 1487 Iam
1806 1463 1913 1488 autem
1932 1457 1964 1488 in
1980 1459 2158 1499 quomodo,
2176 1458 2286 1490 differt.
2305 1459 2353 1490 De
2371 1469 2448 1499 aug-

1450 1500 1646 1531 mentatione
1662 1500 1749 1531 enim
1764 1501 1871 1532 nullus
1887 1501 2063 1543 quidquam
2075 1503 2303 1542 determinavit,
2320 1509 2356 1534 ut
2373 1503 2448 1534 dici-

1450 1555 1535 1583 mus,
1553 1545 1612 1575 nisi
1627 1545 1717 1586 quod
1733 1552 1764 1576 et
1779 1545 1882 1586 quivis
1895 1546 2020 1585 diceret,
2036 1547 2191 1588 quoniam
2206 1547 2391 1578 adveniente
2409 1548 2448 1578 si-

1451 1589 1519 1619 mili
1535 1596 1794 1630 augmentantur:
1819 1591 1987 1631 quomodo
2009 1598 2115 1622 autem
2131 1591 2193 1622 hoc
2208 1590 2272 1630 fiat,
2296 1601 2362 1622 non
2381 1602 2447 1622 am-

1451 1633 1546 1674 plius.
1562 1635 1675 1675 Neque
1692 1634 1730 1664 de
1745 1634 1909 1673 mixtione,
1929 1645 2032 1676 neque
2056 1636 2094 1666 de
2118 1635 2254 1666 aliorum
2277 1635 2449 1674 consimili,

1453 1685 1489 1709 ut
1504 1678 1547 1708 ita
1563 1678 1677 1718 dicam,
1694 1678 1803 1716 nullo;
1825 1686 1861 1709 ut
1875 1686 1953 1719 puta
1969 1680 2008 1709 de
2024 1679 2124 1710 facere
2140 1687 2170 1711 et
2185 1680 2261 1720 pati,
2283 1681 2448 1721 quomodo

1452 1722 1662 1764 hocquidem
1684 1722 1774 1762 facit,
1798 1723 1860 1754 hoc
1883 1730 1991 1755 autem
2006 1724 2140 1764 patitur,
2157 1725 2334 1755 seeundum
2356 1731 2447 1755 natu-

1451 1766 1530 1797 rales
1554 1767 1764 1809 operationes.

1385 1811 1587 1842 Democritus
1611 1819 1719 1842 autem
1742 1818 1773 1842 et
1794 1811 1988 1853 Leucippus,
2012 1812 2159 1844 facientes
2182 1812 2315 1853 figuras,
2339 1813 2450 1844 altera-

1451 1856 1576 1887 tionem
1603 1862 1634 1887 et
1661 1856 1897 1896 generationem
1927 1867 1964 1887 ex
1991 1856 2039 1887 his
2067 1857 2204 1888 faciunt:
2238 1857 2450 1897 segregatione

1452 1901 1584 1941 quidem
1596 1907 1628 1931 et
1639 1901 1894 1941 congregatione,
1906 1901 2142 1941 generationem
2155 1908 2186 1932 et
2197 1901 2433 1942 corruptionem
2440 1909 2449 1939 ;

1452 1945 1563 1976 ordine
1587 1951 1695 1976 autem
1718 1952 1749 1976 et
1772 1945 1943 1986 positione,
1967 1945 2195 1976 alterationem.

1386 1989 1551 2027 Quoniam
1574 1997 1683 2021 autem
1706 1989 1926 2021 existimabant
1952 2000 2065 2021 verum
2094 1990 2127 2021 in
2151 1990 2351 2031 apparendo,
2375 1999 2451 2020 con-

1451 2034 1544 2065 traria
1567 2041 1675 2065 autern
1698 2041 1772 2065 sunt
1792 2041 1823 2065 et
1837 2033 1959 2065 infinita
1982 2045 2064 2076 quae
2087 2040 2250 2076 apparent,
2273 2033 2388 2075 figuras
2403 2033 2451 2064 in-

1451 2078 1555 2109 finitas
1585 2078 1714 2110 faciunt.
1751 2079 1956 2119 Quapropter
1986 2079 2248 2110 transmutatione
2282 2078 2451 2119 compositi

1451 2123 1538 2154 idem
1567 2123 1762 2154 contrarium
1792 2123 1916 2154 videtur
1942 2123 1994 2153 alii
2017 2130 2048 2154 et
2070 2123 2140 2162 alii,
2174 2130 2204 2154 et
2226 2129 2452 2154 transmutatur

1452 2178 1552 2208 parvo
1583 2168 1786 2206 adveniente,
1817 2175 1848 2199 et
1875 2167 2091 2198 universaliter
2120 2168 2206 2198 aliud
2234 2174 2363 2208 apparet
2384 2177 2451 2198 uno

1451 2219 1678 2243 transmutato:
1703 2222 1740 2243 ex
1762 2212 1883 2244 eisdem
1905 2211 1991 2242 enim
2010 2212 2177 2243 comoedia
2195 2219 2226 2243 et
2240 2211 2400 2252 tragoedia
2417 2211 2452 2242 fit

1451 2256 1570 2288 litteris.

1384 2301 1401 2320 *
1418 2301 1583 2338 Quoniam
1606 2307 1714 2332 autem
1736 2300 1861 2332 videtur
1884 2301 2034 2342 omnibus
2058 2311 2139 2342 pene
2163 2310 2229 2331 esse
2252 2300 2337 2330 aliud
2355 2309 2451 2340 gene-

1451 2345 1608 2376 rationem
1627 2352 1658 2376 et
1680 2345 1898 2376 alterationem
1914 2343 2069 2388 (generari
2085 2345 2215 2387 quidem
2231 2344 2317 2375 enim
2336 2351 2367 2375 et
2382 2354 2450 2375 cor-

1451 2389 1558 2430 rumpi
1575 2396 1762 2430 congregata
1779 2396 1810 2420 et
1825 2389 2009 2430 disgregata,
2030 2389 2151 2420 alterari
2173 2395 2280 2420 autem
2298 2388 2452 2419 translatis

1451 2432 1688 2476 passionibus),
1714 2435 1753 2465 de
1776 2434 1825 2465 his
1849 2434 2019 2465 scientibus
2042 2434 2325 2465 considerandum:
2354 2443 2452 2473 quae-

1451 2479 1570 2511 stiones
1605 2479 1691 2510 enim
1718 2479 1835 2510 habent
1865 2478 1942 2510 haec
1973 2485 2004 2510 et
2034 2478 2151 2509 multas
2182 2485 2212 2508 et
2243 2477 2451 2508 rationabiles.

1452 2524 1485 2555 Si
1507 2524 1640 2565 quidem
1663 2523 1749 2554 enim
1771 2523 1931 2564 generatio
1954 2530 2001 2554 est
2029 2522 2247 2563 congregatio,
2270 2521 2371 2552 multa
2393 2521 2452 2551 im-

1451 2568 1614 2610 possibilia
1637 2567 1841 2608 contingunt:
1865 2574 1940 2598 sunt
1957 2574 2064 2598 autem
2088 2577 2194 2598 rursus
2217 2566 2354 2597 rationes
2375 2565 2452 2596 aliae

1452 2620 1599 2653 cogentes
1624 2619 1655 2644 et
1677 2622 1743 2643 non
1760 2612 1879 2643 habiles
1896 2612 1987 2651 solvi,
2009 2611 2099 2653 quod
2114 2621 2180 2642 non
2196 2610 2350 2651 contingit
2365 2610 2453 2641 aliter

1451 2668 1484 2688 se
1499 2658 1631 2696 habere;
1656 2664 1687 2688 et
1701 2657 1728 2688 si
1751 2666 1818 2687 non
1837 2663 1884 2687 est
1898 2656 2057 2697 generatio
2076 2655 2288 2696 congregatio,
2309 2661 2363 2685 aut
2381 2654 2452 2685 uni-

1450 2702 1611 2733 versaliter
1632 2712 1699 2732 non
1724 2708 1770 2732 est
1792 2701 1971 2742 generatio,
2001 2707 2056 2731 aut
2079 2700 2104 2731 si
2128 2707 2193 2739 est,
2222 2699 2364 2730 alteratio
2395 2705 2450 2729 est.

1450 2749 1518 2778 Aut
1540 2746 1566 2777 si
1588 2746 1652 2777 hoc
1674 2745 1800 2777 difficile
1823 2746 2004 2783 dissolvere,
2029 2745 2216 2776 tentandum
2239 2750 2294 2774 est.

1384 2789 1399 2806 *
1422 2791 1620 2831 Principium
1643 2797 1751 2822 autem
1773 2790 1891 2821 horum
1915 2790 2080 2828 omnium,
2106 2795 2214 2819 utrum
2237 2788 2280 2818 sic
2303 2797 2452 2827 generan-

1451 2843 1504 2866 tur
1518 2841 1549 2866 et
1564 2835 1733 2866 alterantur
1756 2841 1786 2865 et
1808 2841 2052 2874 augmentantur
2066 2833 2163 2871 entia,
2179 2839 2209 2863 et
2228 2831 2380 2862 contraria
2403 2830 2451 2860 his

1452 2880 1633 2921 patiuntur,
1657 2879 1767 2919 primis
1791 2878 2062 2918 magnitudinibus
2086 2876 2288 2907 existentibus
2311 2874 2450 2905 indivisi-

1452 2925 1589 2962 bilibus,
1614 2931 1669 2954 aut
1692 2923 1780 2954 nulla
1809 2930 1855 2953 est
1884 2922 2080 2952 indivisibilis
2110 2920 2317 2960 magnitudo:
2350 2918 2451 2949 differt

1453 2969 1539 2999 enim
1563 2969 1625 2999 hoc
1649 2968 1798 2998 multum.
1822 2968 1863 2997 Et
1886 2977 2004 3005 rursus,
2028 2965 2053 2996 si
2077 2964 2308 3005 magnitudines
2333 2962 2451 3002 impar-

1452 3014 1554 3045 tibiles
1578 3013 1654 3051 sint,
1679 3019 1806 3048 utrum,
1836 3017 1871 3041 ut
1893 3010 2093 3041 Democritus
2119 3015 2149 3039 et
2173 3007 2372 3047 Leucippus,
2391 3006 2450 3036 hae

1453 3068 1587 3098 corpora
1610 3064 1694 3095 sunt,
1718 3056 1779 3094 vel,
1804 3062 1839 3085 ut
1861 3055 1894 3085 in
1918 3055 2063 3092 Timaeo,
2088 3052 2242 3093 planities,

1387 3104 1459 3133 Hoc
1475 3102 1606 3143 quidem
1625 3101 1720 3141 igitur
1733 3100 1851 3139 ipsum,
1868 3099 1950 3129 utin
1966 3098 2034 3128 aliis
2050 3097 2196 3134 diximus,
2213 3094 2449 3132 inconveniens,

1453 3156 1555 3187 usque
1579 3146 1617 3175 ad
1641 3145 1735 3185 plana
1758 3143 1944 3173 dissolvere:
1968 3142 2040 3172 ideo
2064 3140 2164 3180 magis
2183 3139 2366 3170 rationabile
2383 3148 2450 3169 cor-

1453 3201 1532 3231 pora
1554 3188 1753 3219 indivisibilia
1771 3197 1846 3217 esse.
1865 3186 1927 3217 Sed
1943 3193 1973 3216 et
1996 3186 2072 3215 haec
2087 3184 2222 3215 multam
2238 3183 2354 3213 habent
2376 3183 2449 3213 irra-

1453 3233 1710 3265 tionabilitatem:
1735 3232 1790 3262 sed
1814 3238 1920 3261 tamen
1944 3237 1974 3260 et
1992 3229 2040 3259 his
2063 3228 2280 3259 alterationem
2303 3233 2334 3258 et
2356 3237 2449 3267 gene-

1453 3278 1610 3308 rationem
1634 3275 1786 3315 contingit
1812 3274 1928 3313 facere,
1951 3280 1988 3304 ut
2010 3273 2131 3303 dictum
2155 3279 2218 3310 est,
2243 3272 2449 3302 conversione

1453 3329 1484 3352 et
1507 3327 1653 3352 contactu
1684 3325 1912 3350 transmutante
1942 3318 2027 3347 idem
2058 3323 2089 3347 et
2110 3316 2284 3356 figurarum
2307 3315 2449 3345 differen-

1453 3366 1522 3403 tiis,
1547 3364 1635 3405 quod
1659 3363 1731 3394 fecit
1754 3362 1964 3393 Democritus.
1994 3361 2069 3391 Ideo
2101 3367 2132 3392 et
2155 3360 2295 3391 colorem
2318 3369 2384 3389 non
2403 3359 2449 3390 in-

1454 3410 1524 3450 quit
1538 3415 1621 3439 esse:
1647 3406 1851 3438 conversione
1873 3406 1958 3436 enim
1973 3405 2117 3436 colorari.
2137 3404 2195 3435 His
2212 3411 2319 3435 autem
2338 3403 2394 3444 qui
2417 3404 2451 3433 in

1455 3454 1550 3493 plana
1573 3451 1734 3490 dividunt,
1759 3461 1825 3481 non
1852 3450 1973 3480 adhuc:
1999 3449 2078 3479 nihil
2102 3449 2187 3480 enim
2209 3448 2245 3479 fit
2261 3454 2383 3488 praeter
2398 3458 2450 3478 so-

1453 3497 1517 3527 lida
1536 3507 1572 3526 ex
1596 3495 1795 3535 compositis:
1820 3494 2002 3534 passionem
2018 3493 2103 3524 enirn
2119 3503 2186 3523 non
2205 3492 2381 3532 suscipiunt
2396 3502 2449 3532 ge-

1454 3550 1561 3571 nerare
1585 3540 1726 3581 aliquam
1749 3549 1786 3569 ex
1809 3538 1895 3578 ipsis.

1388 3585 1492 3617 Causa
1512 3591 1619 3615 autem
1642 3583 1731 3624 quod
1754 3582 1860 3613 minus
1884 3582 1989 3622 potuit
2012 3581 2154 3612 confessa
2176 3581 2301 3619 videre,
2325 3580 2450 3620 inexpe-

1454 3629 1563 3660 rientia
1587 3628 1654 3658 fuit.
1681 3628 1754 3658 ideo
1778 3627 1974 3668 quicumque
1997 3626 2097 3666 magis
2116 3626 2342 3656 insudaverunt
2361 3631 2450 3654 natu-

2476 935 2488 946 *
2495 935 2552 964 Cap.
2559 941 2584 957 ιι.
2592 935 2659 958 Text.
2665 942 2690 963 4.

2475 1114 2486 1125 “
2500 1113 2568 1135 Text.
2582 1119 2603 1141 5.

2479 2310 2488 2319 ·
2503 2309 2571 2332 Text.
2586 2309 2609 2331 6.

2477 2793 2488 2804 ⁶
2502 2792 2569 2814 Text.
2584 2798 2608 2819 7.
