2554 4062
2282 279 2366 304 XXIII

161 336 243 387 Sunt
266 335 362 366 etiam
385 336 546 377 quaedam
569 342 673 376 partes
696 335 777 375 ignis
801 335 835 365 in
858 335 1031 375 vaporibus
1055 335 1234 375 pluvialiter
1253 343 1283 366 et
1302 336 1334 366 in
1354 347 1425 368 rore
1449 338 1724 377 descendentibus,
1750 351 1829 381 quas
1845 351 1979 382 vapores
1999 343 2158 383 accipiunt
2180 345 2213 375 in
2237 346 2365 386 regione

160 390 240 412 aens
264 380 426 418 calefacta,
451 390 534 422 quae
558 380 673 411 dicitur
696 386 822 418 aestus;
847 379 929 410 sicut
951 387 1037 420 patet
1060 380 1093 410 in
1117 381 1213 411 assub
1237 381 1368 412 cadente
1392 389 1423 413 et
1446 382 1514 413 aliis
1543 384 1724 424 vaporibus.
1759 385 1866 416 Huius
1895 394 2002 417 autem
2030 388 2158 428 signum
2182 396 2246 428 est,
2275 392 2364 431 quod

160 435 263 466 aquae
295 425 451 465 pluviales
481 432 557 456 sunt
584 434 762 465 vaporosae
796 424 914 455 calidae
943 424 1086 465 stipticae
1110 423 1259 468 (calidae
1281 427 1419 467 stipatae
1443 427 1538 466 Urb.,
1566 429 1670 459 calido
1694 430 1831 469 stipatae
1855 431 2084 474 marg.-Vat.).
2110 433 2150 464 Et
2174 434 2218 465 sic
2246 434 2362 466 iterum

161 479 237 501 cum
261 470 370 510 pluvia
387 477 419 501 et
433 480 505 501 rore
529 476 560 501 et
582 469 651 500 aliis
675 469 872 500 descendunt
896 476 999 509 partes
1016 470 1133 510 ignitae
1149 470 1189 500 ad
1211 471 1323 501 locum
1347 471 1518 504 mixtionis.
1536 473 1584 503 Ex
1607 473 1656 504 his
1684 474 1779 505 etiam
1803 482 1899 515 patet,
1917 476 2005 516 quod
2029 477 2070 506 ad
2093 477 2281 509 mixtionem
2297 490 2363 510 non

160 522 270 546 movet
293 514 456 553 violentia,
479 514 536 545 sed
559 521 688 544 natura:
715 520 746 544 et
768 513 842 544 ideo
859 514 955 545 etiam
978 514 1090 546 mixtio
1115 522 1161 546 est
1185 515 1336 546 naturalis
1361 514 1522 559 (Operum
1545 518 1643 549 Tom.
1670 519 1718 558 11,
1747 519 1898 560 Lugduni
1927 518 2079 563 1651)..-
2104 521 2155 554 Cf.
2179 522 2213 553 in
2236 525 2364 564 Appen-

161 559 230 590 dice
254 559 309 591 lib.
328 560 352 598 1,
375 559 447 591 lect.
463 569 552 597 xxrv,
577 569 608 589 n.
627 569 658 600 7.

283 605 331 635 Ex
355 613 462 635 aonam
485 613 646 634 counitur.
670 613 731 634 ua.
746 613 787 641 11,
812 613 879 634 CAP.
897 614 917 634 1.
939 620 958 626 -
982 604 1057 634 Hoc
1080 604 1208 642 habito,
1233 605 1414 635 notandum
1437 607 1527 647 quod
1555 607 1738 639 nullatenus
1767 608 1855 639 solus
1883 619 2027 640 accessus
2051 610 2127 641 solis
2157 618 2188 642 et
2219 621 2362 643 recessus

159 648 235 680 facit
256 649 447 690 periodum3
471 647 548 688 quia
571 647 661 679 aliter
683 647 716 678 in
740 647 846 678 hieme
870 648 999 678 nullum
1028 648 1147 679 animal
1175 649 1302 680 deberet
1330 650 1434 688 nasci,
1460 651 1514 681 sed
1538 652 1646 692 potius
1670 653 1780 683 omnia
1812 653 1914 691 mori;
1939 660 1970 685 et
1997 654 2117 685 nullius
2144 655 2208 686 vita
2239 656 2365 688 deberet

159 693 286 724 extendi
310 693 393 724 ultra
415 699 555 731 annum;
580 693 671 733 quod
695 702 840 733 expresse
863 692 981 723 falsum
1005 699 1061 724 est.
1092 693 1153 724 Sed
1183 693 1355 734 periodum
1387 694 1460 725 facit
1489 696 1600 727 relatio
1632 697 1829 728 ascendentis
1860 698 1941 738 signi
1972 709 2067 739 super
2097 700 2299 732 horizontem
2324 701 2365 731 ad

155 737 272 768 omnia
294 737 356 768 alia
378 737 468 777 signa
491 737 600 768 circuli
624 747 700 768 cum
719 737 784 768 suis
809 737 906 768 stellis
930 744 961 768 et
984 737 1120 777 planetis
1143 738 1177 768 in
1199 738 1279 768 hora
1303 746 1476 779 conceptus
1499 740 1549 770 vel
1572 741 1741 773 nativitatis
1765 742 1809 773 rei
1833 742 2009 782 inferioris,
2040 754 2122 785 quae
2147 751 2292 776 causatur
2315 745 2365 776 vel

158 788 403 813 concausatura
422 781 543 813 circulo
568 782 705 813 caelesti.
730 782 804 812 Hoc
828 782 914 812 enim
937 782 1038 812 modo
1063 792 1213 813 mensura
1236 783 1442 823 quorundam
1466 791 1512 814 est
1535 795 1652 824 annus,
1677 794 1707 817 et
1730 788 1936 828 quorundam
1959 787 2032 828 plus
2048 789 2098 819 vel
2113 789 2231 827 minus,
2252 799 2362 821 secun-

158 826 239 859 dum
263 825 392 857 effectus
416 826 584 867 signorum
609 833 640 858 et
663 826 867 858 fortitudines
891 827 1055 858 stellarum
1078 837 1161 868 quae
1185 826 1264 858 fixae
1288 835 1362 858 sunt
1385 827 1418 858 in
1443 828 1549 868 signis.
1574 830 1615 860 Et
1638 831 1700 861 hoc
1719 832 1819 862 modo
1838 842 1951 862 verum
1975 839 2022 863 est
2047 833 2137 874 quod
2161 834 2292 875 aequale
2316 841 2363 865 est

156 877 287 911 tempus
310 871 524 912 generationis
552 871 597 902 rei
625 871 764 911 tempori
794 871 1028 911 corruptionis;
1060 871 1136 912 quia
1159 882 1178 902 a
1201 872 1307 912 primo
1331 872 1423 912 signo
1452 874 1640 905 ascendente
1668 875 1700 905 in
1724 875 1802 906 hora
1825 876 1868 906 rei
1893 883 2098 917 computatur
2128 878 2289 918 profectus
2320 878 2364 909 rei

156 925 262 966 usque
286 915 327 946 ad
350 915 527 956 septimum
550 916 681 956 signum
701 917 846 948 eiusdem
870 915 997 954 circuli,
1023 922 1054 947 et
1076 926 1095 946 a
1119 916 1210 956 signo
1235 916 1373 957 septimo
1397 927 1500 958 usque
1523 918 1562 948 ad
1587 918 1730 958 primum
1753 927 1959 960 computatur
1982 921 2133 952 defectus.
2157 922 2198 952 Et
2220 922 2292 952 ideo
2317 933 2364 953 se-

155 966 301 1001 pumum
318 960 447 1001 signum
470 960 504 991 in
527 961 726 992 astronomia
747 961 864 991 domus
886 962 1000 992 mortis
1021 968 1165 998 vocatur,
1190 967 1222 991 et
1244 961 1416 991 ascendens
1440 968 1572 992 vocatur
1595 963 1709 994 domus
1725 965 1818 995 vitae.
1843 965 1884 995 Et
1902 965 1975 995 ideo
1994 966 2156 1005 generatio
2171 966 2216 996 rei
2233 973 2365 997 vocatur

150 1004 326 1046 profectus
349 1015 453 1046 usque
477 1005 517 1036 ad
542 1012 676 1043 statum;
701 1013 732 1036 et
755 1012 830 1046 post
853 1012 972 1036 statum
995 1015 1099 1046 usque
1123 1005 1164 1035 ad
1188 1005 1452 1043 declinationem,
1477 1012 1508 1036 et
1531 1016 1548 1036 a
1570 1007 1779 1038 declinatione
1804 1019 1906 1049 usque
1930 1009 1969 1039 ad
1993 1017 2131 1040 mortem
2154 1017 2286 1041 vocatur
2310 1021 2364 1050 pe—

155 1049 268 1080 n'odus
284 1051 525 1091 corruptionis:
547 1050 623 1091 quia
647 1050 793 1092 aequalia
812 1057 888 1080 sunt
910 1050 1089 1080 secundum
1113 1056 1279 1088 naturam;
1303 1050 1380 1091 quia
1403 1060 1421 1080 a
1437 1050 1542 1090 primo
1566 1061 1669 1091 usque
1693 1052 1733 1082 ad
1757 1053 1930 1092 septimum
1953 1060 2079 1084 tantum
2103 1061 2150 1085 est
2172 1061 2330 1095 quantum
2346 1065 2364 1085 a

152 1093 296 1135 ”ptimo
316 1103 424 1136 usque
448 1095 488 1126 ad
511 1095 670 1135 primum,
695 1105 752 1136 per
775 1095 870 1125 aliam
898 1102 1022 1135 partem
1045 1094 1154 1125 circuli
1177 1094 1406 1125 mensurando·
1431 1095 1527 1125 Verbi
1551 1095 1667 1135 gratia,
1698 1097 1737 1126 ab
1761 1097 1866 1127 Ariete
1890 1107 1946 1137 per
1969 1097 2131 1128 Cancrum
2155 1105 2186 1129 et
2209 1098 2364 1129 Geminos

155 1143 189 1170 et
211 1138 360 1180 deinceps
384 1149 489 1181 usque
512 1139 546 1170 in
570 1139 700 1171 Libram
724 1146 851 1170 tantum
875 1146 922 1170 est
949 1146 1108 1180 quantum
1132 1149 1150 1169 a
1173 1139 1268 1169 Libra
1296 1149 1352 1179 per
1376 1138 1586 1179 Scorpionem
1611 1146 1642 1170 et
1665 1140 1868 1180 Sagittarium
1896 1148 1926 1172 et
1959 1141 2002 1172 sic
2026 1142 2174 1182 deinceps
2198 1153 2301 1183 usque
2325 1143 2364 1173 ad

155 1182 308 1215 Arietem.
333 1184 375 1215 Et
397 1183 471 1215 ideo
496 1184 698 1225 siperiodus
729 1184 892 1225 profectus
917 1183 1057 1214 hominis
1086 1190 1162 1214 sunt
1183 1183 1311 1223 triginta
1341 1183 1485 1224 quinque
1509 1183 1584 1214 anni
1607 1184 1659 1214 vel
1681 1185 1889 1225 quadraginta
1912 1186 2004 1224 anni,
2034 1193 2070 1217 ut
2098 1187 2208 1217 dicunt
2231 1187 2363 1225 medici,

154 1226 315 1272 periodus
331 1228 486 1261 defectus*
500 1229 559 1261 erit
581 1230 789 1268 tantundem,
814 1236 845 1260 et
868 1228 926 1260 erit
949 1235 1033 1259 aetas
1057 1227 1198 1258 hominis
1222 1228 1423 1268 septuaginta
1437 1228 1488 1258 vel
1504 1228 1667 1268 octoginta
1683 1229 1768 1260 anni.
1792 1230 1901 1261 Potest
1923 1238 2030 1261 tamen
2052 1231 2115 1262 hoc
2138 1231 2286 1271 impediri
2308 1241 2365 1271 per

151 1270 312 1312 maidens,
332 1283 389 1314 per
407 1274 517 1305 cibum
534 1275 669 1312 malum,
685 1274 736 1304 vel
759 1280 898 1305 mortem
920 1273 1107 1310 violentam,
1130 1272 1182 1303 vel
1205 1271 1268 1302 alio
1292 1282 1502 1313 quocumque
1526 1273 1636 1304 modo.
1662 1274 1703 1304 Et
1725 1274 1787 1304 hoc
1810 1281 1903 1305 vocat
1925 1275 2110 1306 Aristoteles
2134 1276 2290 1306 materiae
2314 1277 2361 1306 in—

140 1316 404 1360 'a'equalitatem,·
427 1318 503 1360 quia
527 1319 646 1350 scilicet
669 1328 726 1360 per
749 1318 923 1349 accidentia
947 1317 1049 1348 multa
1073 1316 1163 1347 aliter
1186 1316 1367 1357 disponitur
1390 1327 1488 1358 quam
1513 1324 1681 1348 moveatur
1703 1329 1721 1348 a
1745 1318 1872 1349 circulo.
1898 1319 1939 1349 Et
1961 1319 2034 1349 ideo
2058 1319 2270 1350 diversimode
2293 1329 2362 1350 mo-

154 1361 284 1394 riantur
306 1362 455 1395 homines
479 1363 572 1395 citius
595 1370 627 1394 et
650 1363 770 1395 tardius
789 1372 889 1404 quam
909 1371 966 1402 per
988 1369 1136 1392 naturam
1160 1361 1310 1392 mortales
1334 1361 1416 1399 sint;
1441 1369 1472 1392 et
1495 1362 1638 1393 similiter
1661 1363 1757 1393 etiam
1781 1363 1840 1394 alia
1864 1363 2021 1394 animalia.
2046 1364 2119 1394 Hoc
2143 1364 2239 1395 etiam
2262 1365 2362 1394 modo

151 1412 273 1439 untes
295 1413 372 1439 sunt
394 1408 545 1439 omnium
565 1415 692 1446 rerum;
716 1407 794 1449 quia
816 1407 962 1448 planetae
981 1406 1014 1437 in
1031 1406 1150 1437 circulo
1174 1406 1328 1447 periodali
1352 1406 1459 1447 positi,
1484 1407 1614 1448 quando
1639 1414 1714 1438 sunt
1737 1407 1893 1446 fortiores,
1918 1408 1994 1438 dant
2017 1408 2122 1448 plures
2147 1418 2248 1438 annos
2263 1408 2360 1444 vitae;

153 1457 189 1483 et
209 1452 342 1494 quando
366 1459 442 1483 sunt
465 1452 647 1491 debiliores,
671 1453 748 1483 dant
771 1451 950 1492 pauciores.
975 1451 1017 1482 Et
1040 1451 1102 1482 hoc
1126 1450 1222 1482 etiam
1246 1451 1346 1481 modo
1370 1450 1539 1482 innotescit
1562 1451 1718 1492 quoniam
1747 1452 1803 1493 qui
1827 1452 1918 1483 sciret
1940 1452 2021 1483 vires
2046 1452 2212 1492 signorum
2235 1459 2266 1483 et
2290 1453 2360 1483 stel-

151 1494 261 1528 larum
276 1496 310 1528 in
325 1496 403 1538 ipsis
426 1497 607 1538 positarum
626 1497 659 1528 in
676 1497 795 1528 circulo
812 1496 979 1537 periodali,
1003 1496 1084 1527 dum
1102 1495 1242 1526 nascitur
1256 1505 1305 1526 res
1324 1495 1442 1536 aliqua,
1459 1495 1538 1536 ipse,
1555 1503 1714 1537 quantum
1731 1504 1776 1527 est
1795 1497 1833 1527 de
1850 1496 2014 1527 influentia
2030 1497 2118 1535 caeli,
2138 1496 2362 1537 praenosticari

148 1546 266 1582 fouet
280 1541 321 1573 de
339 1547 408 1573 tota
423 1541 490 1573 vita
505 1541 549 1573 rei
566 1548 751 1582 generatae:
777 1541 832 1572 sed
848 1548 956 1572 tamen
980 1541 1043 1572 hoc
1063 1540 1283 1572 necessitatem
1301 1550 1368 1571 non
1387 1547 1530 1582 poneret,
1555 1540 1631 1582 quia
1650 1548 1759 1581 posset
1773 1540 1921 1582 impediri
1937 1551 1993 1582 per
2008 1541 2163 1580 accidens,
2188 1548 2224 1572 ut
2240 1541 2361 1572 dictum

149 1591 214 1618 nt.
230 1602 250 1609 -
274 1585 326 1618 cf.
350 1586 384 1617 in
407 1587 597 1628 Appendice
620 1586 674 1618 lib.
691 1587 730 1626 11,
754 1586 827 1618 lect.
843 1596 874 1625 x,
899 1596 930 1616 n.
947 1586 978 1617 6.

283 1670 410 1724 Quae
443 1670 669 1725 hucusque
703 1669 961 1725 protulimus
994 1674 1262 1724 argumenta,
1286 1667 1390 1709 satis
1423 1667 1560 1709 videri
1583 1674 1768 1723 possunt
1790 1668 1844 1709 ad
1869 1674 2027 1709 certam
2050 1668 2181 1710 fidem
2204 1668 2361 1709 facien-

154 1727 259 1777 dam
293 1732 349 1775 de
384 1746 438 1774 eo
473 1731 595 1788 quod
638 1731 914 1788 probandum
958 1730 1254 1786 suscepimus,
1291 1743 1447 1786 nempe
1482 1731 1603 1786 quod
1635 1730 1825 1787 genuina
1858 1744 1891 1772 s.
1916 1731 2113 1772 Thomae
2148 1730 2361 1786 expositio

152 1808 255 1838 cum
288 1808 380 1837 xvn
413 1795 599 1837 lectione
633 1795 758 1850 primi
793 1794 889 1836 libri
922 1793 1175 1835 absolvitur.
1221 1793 1324 1834 Non
1359 1799 1425 1834 est
1457 1798 1601 1834 tamen
1634 1793 1804 1834 silentio
1838 1793 2197 1848 praetereundum
2231 1806 2361 1849 argu-

153 1864 351 1918 mentum
385 1857 507 1914 quod
540 1857 682 1899 adhuc
716 1857 921 1913 suppetit,
957 1862 999 1898 et
1033 1855 1155 1912 quod
1187 1869 1266 1911 per
1298 1856 1490 1911 seipsum
1525 1862 1644 1897 extra
1677 1869 1851 1897 omnem
1876 1855 2190 1897 dubitationem
2224 1855 2357 1910 ponit,

95 1971 97 1973 ¹
151 1921 572 1965 commentationem
607 1933 719 1975 quae
754 1919 889 1961 modo
924 1919 967 1960 in
1001 1918 1258 1974 quaestione
1289 1925 1508 1968 versatur,
1543 1933 1569 1960 a
1602 1931 1706 1960 xvm
1739 1918 1924 1960 lectione
1957 1932 2096 1974 usque
2130 1919 2171 1959 in
2205 1918 2359 1967 finem,

150 1984 288 2026 alium
321 1997 500 2040 prorsus
523 1997 549 2024 a
570 1984 626 2025 D.
646 1983 822 2024 Thoma
849 1988 1071 2024 auctorem
1095 1982 1266 2022 habere.
1301 1982 1400 2036 Ipsa
1423 1981 1537 2022 enim
1575 1993 1663 2022 non
1697 1981 1839 2022 solum
1872 1981 2031 2037 longos
2065 1986 2222 2022 tractus
2257 1994 2360 2022 con-

153 2047 262 2098 tinet
296 2060 351 2089 ex
384 2046 699 2088 commentario
734 2046 775 2087 b.
800 2045 970 2087 Alberti
1004 2044 1272 2099 desumptos,
1308 2043 1398 2093 sed,
1425 2044 1614 2099 exceptis
1650 2043 1936 2085 divisionibus
1970 2050 2123 2093 textus,
2153 2043 2239 2084 fere
2271 2049 2361 2084 tota

154 2122 183 2169 a
215 2109 345 2152 citato
380 2109 480 2151 loco
514 2122 655 2164 usque
690 2109 731 2150 in
766 2108 920 2157 finem,
957 2107 1059 2148 nihil
1099 2106 1215 2148 aliud
1250 2119 1346 2148 esse
1380 2106 1551 2147 videtur
1590 2120 1721 2161 quam
1762 2106 2007 2161 compilatio
2048 2114 2101 2147 ex
2137 2105 2356 2160 praedicto

154 2172 470 2214 commentario
506 2184 722 2227 expressa.
758 2170 971 2212 Iudicium
1005 2169 1059 2211 de
1092 2169 1172 2211 hac
1206 2182 1250 2210 re
1284 2169 1390 2210 seret
1417 2182 1494 2224 per
1526 2169 1688 2224 seipse
1711 2169 1856 2218 lector,
1881 2169 1916 2209 si
1941 2168 2074 2209 modo
2098 2168 2153 2209 ad
2177 2167 2360 2208 invicem

154 2235 385 2277 contulerit
417 2235 514 2276 loca
547 2247 661 2289 quae
695 2239 787 2274 tum
809 2246 865 2284 ex
898 2233 991 2287 ipsa
1015 2231 1286 2287 expositione
1311 2231 1571 2286 apocrypha,
1596 2237 1687 2272 tum
1722 2245 1775 2272 ex
1809 2231 1848 2272 b.
1875 2231 2069 2280 Alberto,
2095 2230 2358 2271 subiicimus.

219 2331 392 2362 Euosrrro
408 2340 601 2362 APOCRYPRA.
620 2347 638 2354 -
655 2330 832 2370 Postquam
847 2328 1066 2369 Philosophus
1086 2327 1233 2358 determi-

152 2375 241 2408 navit
271 2375 312 2407 de
339 2375 544 2417 generatione
577 2381 608 2406 et
631 2373 837 2415 corruptione
865 2373 899 2404 in
930 2372 1115 2411 communi,
1140 2379 1170 2403 et
1194 2372 1233 2403 de

153 2419 224 2454 aliis
246 2420 471 2462 sequentibus,
495 2419 614 2451 scilicet
638 2419 677 2450 de
701 2418 962 2459 augmentatione
986 2424 1016 2448 et
1036 2416 1233 2455 alteratione,

151 2462 266 2507 incipit
285 2464 496 2497 determinare
511 2463 550 2495 de
563 2463 758 2506 quibusdam
774 2473 856 2504 quae
872 2463 912 2493 ad
928 2463 1005 2493 haec
1018 2461 1232 2503 requiruntur.

152 2509 196 2543 Et
209 2509 316 2552 primo
331 2510 386 2542 dat
400 2509 614 2541 intentionem
631 2516 738 2540 suam:
756 2508 899 2539 secundo
912 2506 1118 2548 prosequitur
1133 2506 1235 2536 inten-

152 2561 236 2594 tum,
253 2555 317 2586 ibi:
336 2555 422 2586 Fere
436 2554 565 2595 quidem
582 2561 640 2586 etc.
666 2553 760 2585 Circa
775 2553 919 2594 primum
935 2553 1001 2583 duo
1017 2551 1106 2582 facit:
1127 2550 1234 2591 primo

153 2599 346 2632 determinat
368 2598 580 2630 intentionem
604 2605 714 2637 suam;
738 2597 880 2629 secundo
905 2596 1046 2628 ostendit
1068 2595 1235 2626 necessita-

153 2651 221 2676 tem
238 2655 315 2676 suae
334 2643 534 2680 intentionis,
558 2643 617 2674 ibi:
638 2643 758 2674 Omnes
782 2644 864 2673 enim
882 2643 937 2683 qui
952 2647 982 2672 et
1001 2642 1158 2672 elementa
1175 2647 1232 2671 etc.

221 2689 307 2720 Dicit
330 2699 406 2729 ergo
430 2688 536 2729 primo
561 2688 662 2729 quod,
680 2698 755 2719 cum
780 2693 928 2727 oporteat
951 2686 1054 2717 dicere
1078 2686 1117 2716 de
1137 2692 1236 2715 mate-

151 2733 199 2765 ria
221 2733 303 2770 circa
325 2743 426 2775 quam
449 2739 497 2763 est
518 2732 744 2764 transmutatio
765 2733 1016 2769 elementorum,
1041 2737 1072 2761 et
1097 2731 1136 2760 de
1159 2729 1236 2770 ipsis

152 2778 319 2810 elementis
335 2778 515 2810 secundum
532 2777 768 2809 contrarietates
792 2786 875 2818 quae
891 2783 967 2807 sunt
989 2775 1023 2806 in
1042 2775 1105 2814 eis;
1126 2781 1236 2806 utrum

152 2823 274 2855 seilicet
297 2823 361 2854 sint
389 2829 445 2853 aut
468 2829 555 2861 non;
580 2829 611 2853 et
639 2829 750 2854 utrum
774 2832 878 2853 unum
908 2831 1023 2852 eorum
1047 2820 1087 2851 sit
1117 2819 1236 2860 sempi-

151 2873 282 2900 ternum
305 2875 337 2899 et
359 2867 647 2906 intransmutabile,
671 2867 754 2898 sicut
776 2876 873 2907 supra
897 2865 972 2896 dicit
1002 2865 1234 2905 Empedocles,

152 2919 211 2944 aut
223 2919 431 2954 generantur;
449 2919 480 2944 et
491 2912 517 2943 si
534 2919 736 2953 generantur,
749 2911 886 2952 qualiter
900 2917 1107 2951 generantur;
1124 2916 1235 2940 utrum

152 2957 272 2989 seilicet
289 2964 482 2999 generantur
496 2957 674 2988 adinvicem
691 2963 746 2987 aut
762 2962 944 2993 moventur,
961 2961 1017 2985 aut
1032 2962 1080 2985 est
1101 2954 1235 2994 aliquod

154 3001 352 3042 principium
367 3012 494 3041 eorum,
512 3012 550 3033 ex
565 3012 632 3044 quo
649 3008 841 3042 generantur
857 3007 888 3031 et
903 3000 936 3030 in
952 2999 1043 3041 quod
1066 2999 1231 3030 resolvun-

153 3053 218 3084 tur,
238 3046 321 3077 sicut
343 3047 458 3078 diversi
482 3047 640 3085 dixerunt,
665 3053 702 3077 ut
718 3046 924 3077 Democritus
943 3051 1084 3082 atomOS‚
1108 3046 1233 3075 Anaxa-

153 3101 247 3131 goras
262 3090 386 3122 infinita
410 3092 590 3123 secundum
606 3091 762 3132 speciem;
781 3090 869 3132 quia,
889 3090 1035 3131 inquam,
1055 3088 1110 3119 illa
1133 3089 1236 3119 deter-

153 3135 276 3166 minare
300 3135 466 3175 debemus,
481 3142 610 3176 oportet
632 3136 720 3176 prius
745 3135 954 3166 determinare
978 3134 1017 3164 de
1040 3133 1235 3174 quibusdam

154 3180 414 3211 antecedentibus
426 3181 467 3210 ad
482 3180 547 3219 illa,
559 3181 600 3212 de
616 3181 731 3221 quibus
744 3180 865 3211 dicitur
876 3179 1124 3210 indeterminate
1137 3188 1231 3209 nunc.

153 3225 255 3263 Quod
278 3224 412 3266 quidem
434 3231 541 3265 potest
563 3225 732 3265 dupliciter
753 3224 903 3264 intelligi:
923 3234 991 3255 uno
1011 3223 1124 3261 modo,
1144 3223 1234 3264 quod

152 3269 342 3311 philosophi
366 3269 416 3300 sui
439 3269 594 3310 temporis
618 3269 860 3300 indeterminate
885 3276 916 3299 et
937 3267 1164 3299 insufficienter
1188 3267 1233 3297 di-

152 3322 269 3346 xerunt
291 3315 330 3345 de
354 3314 448 3355 ipsis;
468 3314 532 3345 alio
563 3314 682 3351 modo,
703 3313 778 3354 quia
801 3314 842 3344 de
865 3313 1068 3354 generatione
1098 3313 1234 3343 indeter-

154 3353 282 3391 minat‘e⁴
299 3366 330 3390 et
358 3359 491 3390 confuse
521 3358 643 3390 dictum
673 3365 720 3389 est
750 3358 789 3388 de
816 3358 894 3399 ipsis
922 3357 1105 3400 (Append,
1128 3357 1181 3388 lib.
1205 3357 1234 3396 1,

140 3404 228 3436 'lect.
245 3415 332 3443 xvm,
357 3415 388 3435 n.
411 3402 452 3447 1).
709 3430 718 3432 ,

222 3449 264 3480 Et
283 3449 369 3486 dicit,
393 3449 471 3490 quia
494 3446 561 3479 non
585 3457 682 3478 omne
706 3457 842 3478 movens
865 3453 1026 3485 movetur,
1051 3446 1107 3477 sed
1130 3446 1234 3487 quod-

156 3494 233 3524 dam
249 3500 298 3525 est
319 3504 454 3524 movens
479 3500 618 3530 motum,
635 3492 802 3533 quoddam
825 3498 934 3522 autem
956 3501 1091 3521 movens
1114 3491 1232 3521 immo-

155 3538 220 3569 bile
254 3537 301 3581 (et
331 3539 395 3569 hoc
428 3538 614 3580 dupliciter;
648 3536 770 3578 aliquid
802 3536 888 3566 enim
924 3535 1109 3575 simpliciter
1142 3535 1232 3565 nullo

157 3584 258 3614 modo
293 3589 464 3621 movetur,
494 3583 576 3613 sicut
611 3592 745 3612 movens
775 3581 937 3621 primum,
962 3579 1093 3620 aliquod
1126 3586 1234 3610 autem

155 3637 292 3658 movens
315 3637 383 3658 non
406 3635 556 3658 movetur
579 3637 597 3657 a
621 3633 727 3664 moto,
745 3626 818 3656 licet
841 3631 1008 3655 moveatur
1027 3624 1066 3654 ab
1090 3623 1232 3666 aliquo),

155 3673 337 3704 secundum
367 3673 574 3714 quorundam
602 3671 868 3702 existimationem
898 3679 994 3710 agens
1021 3668 1118 3699 etiam
1147 3668 1234 3698 inve-

1356 2328 1392 2358 B.
1409 2330 1586 2359 Animatus.
1605 2346 1623 2351 -
1640 2328 1764 2359 Habitis
1781 2335 1889 2358 autem
1906 2338 1943 2358 ex
1964 2326 2142 2367 praemissis
2163 2326 2359 2366 simplicibus

1289 2372 1443 2410 motibus,
1467 2380 1548 2404 esset
1571 2373 1636 2403 iam
1661 2373 1831 2403 dicendum
1856 2373 1894 2403 de
1917 2371 2120 2412 generatione
2140 2378 2300 2402 contracta
2319 2372 2359 2401 ad

1289 2417 1473 2456 materiam,
1498 2427 1580 2459 quae
1609 2424 1655 2448 est
1677 2417 1837 2457 generatio
1867 2416 2062 2457 simplicium
2091 2426 2280 2456 corporum;
2304 2415 2359 2446 sed

1290 2461 1510 2493 antecedenter
1538 2468 1665 2502 oportet
1697 2461 1905 2492 determinare
1937 2471 1972 2491 ea
1996 2470 2078 2501 quae
2101 2460 2134 2490 in
2157 2459 2359 2500 generatione

1290 2506 1523 2537 elementorum
1543 2513 1618 2537 sunt
1636 2507 1718 2537 sicut
1733 2513 1862 2536 causae:
1883 2505 2040 2546 quoniam
2056 2511 2183 2545 oportet
2198 2504 2300 2535 dicere
2319 2504 2359 2534 de

1291 2552 1421 2582 materia
1445 2561 1541 2591 super
1563 2561 1662 2592 quam
1678 2557 1724 2581 est
1743 2550 1966 2581 transmutatio
1983 2549 2165 2580 communis
2186 2549 2357 2579 elemento-

1291 2606 1363 2626 rum
1385 2595 1574 2634 adinvicem,
1593 2602 1624 2626 et
1647 2595 1742 2626 etiam
1762 2595 1800 2625 de
1816 2594 1892 2635 ipsis
1909 2594 2071 2625 elementis
2088 2593 2265 2624 secundum
2285 2603 2358 2624 con-

1290 2640 1462 2671 trarietates
1478 2650 1560 2682 quae
1575 2640 1686 2672 insunt
1701 2639 1757 2678 eis,
1770 2646 1880 2670 utrum
1896 2639 1958 2670 sint
1973 2639 2023 2669 vel
2039 2649 2106 2669 non
2121 2638 2194 2676 sint,
2208 2644 2239 2668 et
2251 2645 2360 2668 utrum

1292 2685 1551 2726 unumquodque
1582 2695 1696 2715 eorum
1726 2691 1774 2715 est
1807 2684 2037 2724 sempiternum
2068 2682 2359 2720 intransmutabile,

1291 2730 1373 2761 sicut
1403 2730 1479 2761 dicit
1506 2729 1738 2770 Empedocles,
1767 2735 1822 2760 aut
1851 2734 2041 2770 generantur
2064 2727 2252 2768 aequaliter;
2282 2733 2312 2758 et
2336 2727 2361 2757 si

1290 2781 1498 2815 generantur,
1532 2781 1642 2805 utrum
1671 2780 1862 2814 generantur
1894 2773 2071 2803 adinvicem
2104 2771 2213 2802 omnia
2246 2771 2360 2802 eodem

1291 2820 1410 2859 modo,
1435 2819 1517 2850 sicut
1540 2819 1651 2850 dicunt
1672 2818 1810 2860 Physici,
1835 2824 1889 2848 aut
1907 2817 2040 2858 aliquod
2056 2827 2170 2847 eorum
2185 2822 2232 2847 est
2247 2816 2361 2856 princi-

1291 2864 1384 2905 pium
1398 2864 1488 2906 quod
1504 2870 1552 2895 est
1567 2871 1639 2895 ante
1655 2873 1702 2902 ea,
1727 2873 1764 2894 ex
1787 2873 1854 2904 quo
1878 2869 2068 2903 generantur
2091 2868 2121 2892 et
2143 2861 2176 2891 in
2200 2861 2290 2902 quod
2313 2870 2359 2890 re-

1291 2909 1478 2948 solvuntur,
1502 2908 1584 2940 sicut
1607 2908 1721 2939 diversi
1745 2908 1905 2945 dixerunt,
1931 2914 1966 2938 ut
1989 2905 2192 2937 Democritus
2216 2913 2358 2943 atomos,

1290 2956 1495 2994 Anaxagoras
1518 2953 1739 2994 homogenea,
1763 2959 1794 2983 et
1817 2952 1995 2983 Heraclitus
2018 2960 2171 2991 vaporem
2196 2956 2227 2980 et
2249 2949 2358 2979 huius-

1289 2999 1389 3029 modi.
1408 2998 1494 3036 Quia
1514 3008 1588 3038 ergo
1608 2998 1667 3029 ista
1685 2997 1844 3038 inquirere
1867 2997 2022 3027 habemus
2045 2995 2078 3025 in
2103 2994 2243 3024 secundo
2264 2993 2359 3024 huius

1289 3043 1476 3082 voluminis,
1501 3050 1630 3084 oportet
1649 3042 1759 3083 utique
1779 3041 1866 3082 prius
1891 3041 1992 3071 dicere
2016 3038 2231 3070 antecedentia
2247 3037 2361 3068 harum

1289 3088 1530 3129 quaestionum,
1551 3088 1589 3118 de
1608 3088 1726 3128 quibus
1741 3085 1981 3116 indeterminate
2003 3094 2090 3115 nunc
2106 3083 2219 3114 dicitur
2242 3093 2260 3113 a
2275 3082 2358 3124 Phy-

1289 3133 1359 3164 sicis
1386 3131 1472 3176 (Lib.
1491 3133 1515 3171 1,
1540 3133 1646 3163 Tract.
1670 3142 1712 3170 ιν,
1737 3141 1806 3171 cap.
1822 3128 1857 3172 1).

1357 3444 1522 3482 Quoniam
1546 3449 1654 3473 autem
1677 3452 1743 3472 non
1767 3441 1874 3472 omnis
1898 3450 2031 3471 movens
2053 3446 2211 3477 movetur,
2229 3438 2283 3469 sed
2306 3437 2361 3468 ali-

1289 3490 1368 3530 quid
1399 3488 1601 3519 moventium
1636 3493 1745 3517 movet
1781 3493 1926 3523 motum,
1960 3484 2080 3525 aliquid
2115 3491 2223 3514 autem
2252 3489 2361 3513 movet

1289 3534 1424 3565 existens
1447 3531 1614 3563 immobile
1631 3532 1669 3562 ab
1688 3531 1763 3570 alio,
1780 3538 1811 3562 et
1833 3531 1894 3561 hoc
1918 3529 2101 3570 dupliciter;
2126 3528 2256 3569 aliquod
2276 3527 2360 3557 enim

1290 3577 1474 3618 simpliciter
1493 3587 1511 3607 a
1530 3576 1620 3607 nullo
1640 3584 1799 3614 movetur,
1816 3575 1897 3606 sicut
1911 3584 2044 3605 movens
2060 3573 2212 3614 primum,
2229 3571 2360 3612 aliquod

1290 3630 1398 3653 autem
1421 3621 1623 3652 moventium
1646 3631 1712 3651 non
1736 3627 1885 3651 movetur
1900 3620 1938 3650 ab
1963 3629 2002 3649 eo
2026 3618 2115 3659 quod
2138 3623 2246 3648 movet
2265 3614 2360 3658 (sicut

1290 3668 1339 3698 sol
1355 3673 1464 3697 movet
1479 3673 1595 3697 terram
1611 3670 1731 3697 etnon
1750 3671 1898 3696 movetur
1917 3665 1956 3694 ab
1973 3661 2034 3706 ea),
2051 3663 2123 3693 licet
2136 3668 2302 3692 moveatur
2321 3660 2358 3690 ab
