2690 4062
1117 234 1228 271 CAP.
1260 235 1327 284 111,
1358 235 1511 273 LECT.
1542 236 1594 273 1v

2359 251 2453 276 CXVII

1008 510 1306 566 LECTIO
1361 512 1699 590 QUARTA

437 660 495 691 DE
519 659 750 691 SPECIEBUS
773 660 1047 692 DIGESTIONIS
1070 662 1129 692 ET
1154 662 1481 703 INDIGESTIONIS,
1506 666 1563 696 ET
1587 666 1722 698 PRIMO
1746 667 1803 697 DE
1827 667 2001 699 PEPANSI
2026 667 2084 698 ET
2108 668 2264 700 OMOTE

251 798 424 836 Πέπανσις
449 792 478 830 δ’
508 795 582 830 ἐστὶ
616 795 713 840 πέψις
739 807 808 834 τις·
835 797 855 834 ἡ
882 798 945 843 γάρ
979 797 1044 835 τῆς
1069 797 1103 830 ἐν
1136 802 1208 836 τοῖς
1240 809 1330 842 περι-

319 845 476 888 καρπίοις
502 841 628 886 τροφῆς
646 840 744 885 πέψις
762 840 932 879 πέπανσις
949 841 1106 888 λέγεται.
1134 840 1231 875 Ἐπεὶ
1257 837 1286 874 δ’
1307 843 1328 879 ἡ

320 887 419 932 πέψις
444 888 616 924 τελείωσίς
643 898 708 928 τις,
735 886 819 918 τότε
847 886 867 923 ἠ
895 885 1062 924 πέπανσις
1085 888 1202 919 τελεία
1219 887 1327 929 ἐστὶν,

320 931 408 965 ὅταν
433 932 483 965 τα
502 929 536 964 ἑν
555 932 604 973 τῷ
627 933 834 976 περικαρπίῳ
859 930 1045 976 σπέρματα
1070 926 1218 969 δύνηται
1245 933 1331 965 ἀπο-

320 979 432 1011 τελεῖν
458 977 620 1010 τοιοῦτον
646 974 762 1020 ἕτερον
789 976 857 1008 οἷον
885 975 990 1009 αὑτό·
1016 978 1076 1008 καὶ
1100 977 1166 1023 γάρ
1186 978 1243 1009 ἐπὶ
1261 977 1328 1010 τῶν

320 1022 432 1055 ἄλλων
459 1022 500 1054 τό
534 1020 667 1053 τέλειον
702 1019 794 1052 οὕτω
825 1021 983 1068 λέγομεν.
1021 1023 1244 1066 Περικαρπίου
1269 1023 1329 1066 μὲν

321 1065 378 1101 οὖν
405 1064 497 1104 αὕτη
524 1064 706 1107 πέπανσις,
723 1064 868 1112 λέγεται
885 1065 923 1098 δὲ
947 1067 1006 1097 καὶ
1033 1066 1124 1099 ἄλλα
1142 1068 1256 1099 πολλοὶ
1273 1066 1330 1099 πέ-

320 1123 411 1146 πονα
437 1112 506 1143 τῶν
532 1110 772 1155 πεπεμμένων,
794 1111 891 1144 κατα
941 1112 974 1143 ἑν
1000 1111 1066 1148 τήν
1089 1108 1200 1148 αὐτ-ἠν
1218 1110 1328 1153 ἰδέαν,

319 1151 584 1203 μεταφορᾷιδὲ,
610 1151 671 1188 διαὶ
695 1157 737 1188 ‘ro'
763 1156 811 1200 μή
836 1122 989 1197 κεΐσθιαι,
1015 1154 1169 1199 καθάπερ
1195 1157 1330 1200 εἴρηται

280 1203 377 1235 ’““ῐαὶ
403 1202 582 1247 πρότερον,
602 1200 762 1245 ὀνόματα
785 1200 860 1233 καθ’
887 1199 1036 1238 ἑκάστην
1057 1202 1228 1233 τελείωσιν
1255 1203 1330 1244 περὶ

319 1248 369 1280 τοὶ
394 1245 574 1291 ὁριζόμενοι
600 1247 667 1279 awo*
693 1245 757 1283 τῆς
782 1245 922 1290 φυσικῆς
951 1244 1163 1290 θερμότητος
1192 1247 1250 1277 καὶ
1275 1245 1331 1289 ψυ-

319 1290 505 1338 χρότητος.
539 1290 639 1324 Ἐστι
664 1286 692 1322 δ’
721 1291 742 1328 ἡ
768 1290 931 1335 φυμοίτων
961 1291 1020 1322 καὶ
1049 1288 1248 1335 φλέγματος
1271 1292 1330 1323 καὶ

320 1337 389 1369 τῶν
415 1335 585 1369 τοιούτων
618 1334 786 1373 πέπανσις
812 1336 834 1372 η
861 1335 929 1368 ὕπο
954 1335 1018 1367 τοῦ
1043 1335 1183 1379 φυσικοῦ
1207 1333 1329 1380 θερμοῦ

321 1382 385 1414 τοῦ
411 1381 548 1418 ἐνόντος
575 1381 677 1427 ὑγροῦ
703 1379 819 1424 πέψις·
847 1375 1022 1412 ἀδύνατον
1046 1380 1112 1425 γοίρ
1137 1379 1258 1422 ὁρίζειν
1284 1381 1330 1424 μή

318 1426 482 1470 κρατοῦν.
519 1426 580 1457 Ἐκ
611 1427 670 1470 μὲν
695 1423 753 1458 οὖν
779 1424 847 1457 τῶν
879 1425 1118 1468 πνευματικῶν
1144 1419 1329 1466 wardan,

321 1471 359 1504 ἐκ
383 1465 421 1503 δὲ
448 1471 515 1503 τῶν
543 1469 713 1503 τοιούτων
739 1470 788 1502 τοὶ
815 1470 924 1515 γεηροί
955 1471 1184 1511 συνίσταται,
1209 1470 1268 1501 καὶ
1294 1468 1331 1501 ἑκ

317 1516 458 1548 λεπτῶν
486 1513 539 1547 ἀεὶ
564 1516 750 1560 παχύτερα
774 1515 910 1559 γίνεται
936 1513 1175 1558 πεπαινόμενα
1196 1513 1329 1546 πάντα.

318 1561 386 1592 Καὶ
417 1561 466 1594 τοὶ
499 1559 558 1604 μὲν
584 1560 630 1597 εἰς
656 1559 770 1596 αὑτήν
796 1558 817 1594 ἡ
843 1557 938 1602 φύσις
966 1557 1041 1605 ἄγει
1073 1559 1169 1592 κατα
1201 1559 1331 1600 τοῦτο,

319 1605 369 1638 τιὶ
392 1600 422 1637 δ’
444 1604 617 1645 ἐκβάλλει.
643 1603 813 1641 Πέπανσις
833 1602 893 1646 μὲν
921 1601 977 1636 οὖν
999 1605 1133 1646 εἴρηται
1159 1605 1192 1636 τί
1219 1603 1330 1636 ἐστιν·

251 1648 390 1696 ὠμότης
413 1644 443 1681 δ’
466 1649 541 1681 ἐστὶ
565 1649 608 1682 τὸ
627 1648 802 1681 ἐναντίον·
828 1648 984 1681 ἐναντίον
1002 1644 1041 1681 δὲ
1062 1646 1231 1681 πεποίνσει
1250 1649 1333 1681 ἀπε-

319 1693 381 1749 ψία
406 1694 470 1732 τῆς
497 1693 531 1726 ἐν
557 1695 606 1735 τῷ
632 1695 841 1737 περικαρπίῳ
859 1693 1003 1737 τροφῆς·
1031 1692 1122 1731 αὕτη
1147 1688 1175 1724 δ’
1197 1694 1292 1725 ἐστὶν
1310 1695 1331 1731 ἡ

321 1739 480 1784 αόριστος
507 1738 672 1784 ὑγρότης·
699 1734 752 1770 διό
778 1736 799 1774 ἦ
825 1739 1058 1783 πνευματική,
1088 1737 1109 1775 ἦ
1134 1733 1330 1780 ὑδατώδης,

319 1782 343 1822 ἦ
368 1785 436 1817 τῶν
455 1783 490 1826 ἐξ
518 1784 640 1828 ἀμφοῖν
667 1784 759 1817 ἐστὶν
775 1782 796 1819 ἡ
815 1782 966 1828 ὠμότης.
993 1783 1091 1815 Ἐπεὶ
1108 1778 1139 1814 δ’
1160 1783 1181 1819 η
1201 1782 1334 1816 πέπαν-

320 1840 370 1868 σις
396 1829 568 1867 τελείωσίς
601 1830 652 1866 τίς
685 1827 799 1868 ἐστιν,
827 1829 848 1866 ἡ
873 1827 1010 1872 ὠμότης
1038 1826 1180 1860 ἀτέλεια
1214 1827 1330 1861 ἔσται·

318 1877 456 1934 γίνεται
473 1869 502 1905 δ’
522 1871 666 1907 ἀτέλεια
683 1867 721 1905 δι’
743 1867 877 1905 ἔνδειαν
896 1873 960 1905 τοῦ
978 1873 1117 1917 φυσικοῦ
1135 1871 1256 1917 θερμοῦ
1272 1874 1332 1905 καὶ

321 1921 557 1964 «συμμετρίαν
583 1919 663 1963 πρός
684 1919 725 1951 τό
751 1918 852 1964 ὀγρόν
874 1919 915 1950 τό
934 1917 1197 1962 πεπαινόμενον.
1224 1913 1331 1951 Οὐδέν

320 1961 350 1998 δ’
379 1963 480 2011 ὑγρὸν
507 1962 596 1997 αὐτὸ
629 1961 706 1995 καθ’
736 1962 825 1996 αὐτὸ
858 1965 1069 1995 πεπαίνεται
1103 1962 1181 1995 ἄνευ
1210 1962 1329 2007 ξηροῦ·

319 2004 406 2054 ὕδωρ
432 2009 498 2054 γάρ
517 2008 556 2041 οὗ
574 2006 774 2054 παχύνεται
794 2006 895 2052 μόνον
918 2007 985 2039 τῶν
1003 2008 1121 2063 ύγρῶν.
1149 2007 1332 2052 Συμβαίνει

319 2051 359 2088 δὲ
392 2054 501 2087 τοῦτο
526 2051 548 2090 ἦ
574 2053 622 2094 τῷ
656 2052 698 2085 τὸ
727 2051 846 2097 θερμὸν
878 2051 993 2098 ὀλίγον
1024 2063 1133 2094 ειναι,
1161 2050 1182 2088 ἥ
1208 2053 1255 2093 τῷ
1290 2053 1332 2084 τό

321 2097 514 2145 ὁριζόμενον
534 2097 642 2131 πολύ·
669 2092 723 2129 διό
740 2099 798 2130 καὶ
815 2099 939 2130 λεπτοὶ
962 2099 990 2128 οἰ
1015 2099 1117 2142 χυμοὶ
1135 2098 1202 2129 τῶν
1219 2097 1330 2141 ὠμῶν,

318 2146 379 2178 καὶ
404 2143 521 2199 ψυχροὶ
547 2143 678 2188 μᾶλλον
705 2141 726 2179 ἦ
753 2142 879 2187 θερμοὶ,
905 2143 963 2174 καὶ
991 2141 1140 2186 ἄβρωτον.
1163 2143 1221 2174 καὶ
1247 2141 1332 2174 ἄπο-

321 2201 390 2224 τοι.
415 2190 569 2234 Δεγεται
593 2182 631 2220 δέ
655 2188 714 2219 καὶ
732 2188 753 2225 ἠ
771 2186 907 2231 ὠμότης
932 2185 1043 2232 ὥσπερ
1068 2187 1127 2218 καὶ
1152 2187 1173 2223 ἡ
1200 2185 1332 2219 πέπαν-

321 2246 385 2276 σις,
405 2235 520 2267 πολλα
548 2233 610 2270 ὥς·
638 2230 713 2264 ὅθεν
737 2235 796 2266 καὶ
823 2229 906 2277 οὖρα
929 2233 988 2263 καὶ
1014 2230 1249 2277 ὑποχωρήσεις
1273 2233 1331 2263 καὶ

318 2277 490 2324 κατάρροι
506 2279 591 2322 ωμοὶ
610 2275 778 2323 λέγονται
798 2271 858 2309 διαὶ
874 2277 916 2310 τό
934 2275 1024 2309 αὐτό
1042 2277 1171 2308 αἴτιον·
1198 2276 1248 2318 τῷ
1264 2276 1330 2330 γαρ

319 2325 369 2370 μή
391 2321 629 2369 κεκρατῆσθαι
651 2323 718 2355 ύπό
739 2323 802 2360 τῆς
821 2320 1046 2366 θερμότητος,
1064 2315 1151 2364 μηδὲ
1167 2332 1331 2354 συνεστα-

321 2380 392 2411 ναι,
406 2366 485 2414 ὠμοὶ
497 2367 619 2402 πάντα
637 2366 942 2414 προσαγορεύεται.
961 2365 1074 2411 Πόρρω
1090 2361 1128 2398 δὲ
1142 2364 1329 2411 προϊόντων

319 2416 379 2447 καὶ
407 2413 555 2459 κέραμος
580 2410 668 2457 ὠμός
698 2415 757 2444 καὶ
782 2411 876 2459 γάλα
900 2411 990 2455 ὠμὸν
1015 2413 1074 2443 καὶ
1101 2410 1191 2443 ἄλλα
1217 2409 1332 2443 πολλοὶ

307 2458 478 2506 «λέγεται,
501 2458 560 2512 ἑιοὶν
586 2453 760 2502 δυνάμενα
777 2455 1011 2502 μεταβάλλειν
1027 2456 1086 2487 καὶ
1103 2453 1330 2488 συνίστασθαι
1375 2480 1377 2482 ,

322 2503 390 2536 ὑπὸ
421 2502 631 2549 θερμοτητος
667 2501 786 2539 ἀπαθῆ
814 2500 853 2544 ᾗ·
879 2496 933 2533 8ιό
959 2502 1000 2534 τό
1027 2499 1113 2544 ὕδωρ
1146 2498 1243 2544 ἑφθόν
1269 2499 1328 2544 μὲν

318 2549 484 2596 λέγεται,
511 2547 602 2592 ὠμὰν
628 2542 656 2579 δ’
687 2547 746 2589 οὓ,
773 2545 829 2580 ὅτι
856 2546 893 2578 οὐ
920 2543 1129 2590 παχύνεται.
1158 2544 1327 2582 Πέπανσις

315 2593 376 2639 μὲν
395 2591 453 2627 οὖν
469 2594 529 2625 καὶ
550 2591 690 2637 ὠμότης
710 2594 845 2635 εἴρηται
864 2593 897 2623 τί
917 2591 1005 2632 ἐστι,
1030 2591 1089 2622 καὶ
1107 2588 1165 2624 δια
1183 2591 1218 2622 τί
1236 2590 1328 2622 ἐστιν

321 2637 486 2681 ἑκάτερον
512 2637 647 2670 αὐτῶν·

358 2790 397 2816 *5
439 2794 462 2813 Ι,
514 2769 562 2813 git
578 2768 619 2802 de
636 2767 809 2812 speciebus
834 2766 1028 2811 digestionis
1053 2774 1086 2799 et
1102 2764 1331 2809 indigestionis

423 2814 425 2818 ’
444 2819 492 2868 ἐς.
514 2813 576 2846 sibi
589 2813 775 2857 oppositae.
789 2812 831 2845 Et
843 2812 953 2856 primo
967 2811 1034 2855 agit
1046 2810 1086 2844 de
1094 2810 1232 2855 pepansi,
1247 2821 1331 2854 quae

442 2857 477 2891 Χ1,]
500 2857 586 2891 sola
610 2866 660 2891 est
683 2856 840 2891 naturalis
869 2856 995 2900 species
1020 2854 1227 2898 digestionis,
1251 2854 1332 2888 aliae

464 2885 485 2924 (ἱ
514 2913 594 2936 vero
611 2911 689 2935 sunt
705 2902 810 2946 magis
827 2900 1027 2941 artificiales3
1045 2898 1193 2933 secundo
1210 2899 1278 2943 agit
1291 2898 1331 2932 de

474 2926 507 2970 k
515 2947 586 2981 aliis
598 2947 782 2991 speciebus,
795 2945 855 2979 ibi:
869 2945 1010 2990 Hepsesis
1022 2945 1149 2978 autem*
1157 2952 1217 2977 etc.
1233 2944 1330 2978 Circa

254 2994 402 3038 primum
418 2991 486 3026 duo
503 2991 596 3025 facit:
613 2993 723 3036 primo
741 2990 936 3025 determinat
956 2989 996 3023 de
1013 2989 1161 3034 pepansi;
1185 2987 1332 3022 secundo

255 3038 296 3072 de
317 3044 412 3072 omote
434 3038 464 3071 ei
481 3037 648 3082 opposita,
671 3035 734 3069 ibi:
763 3035 884 3070 Omotes
907 3041 1008 3068 autem
1023 3034 1039 3051 *
1056 3042 1116 3067 etc.
1138 3033 1229 3066 Dicit
1253 3044 1331 3076 ergo

255 3083 366 3134 primo
387 3081 478 3127 quod
496 3082 652 3126 pepansis
672 3089 722 3114 est
738 3080 880 3124 digestio
905 3078 1067 3124 quaedam
1083 3078 1117 3111 in
1130 3078 1329 3156 ίριενιᾋανρίἰς,

255 3126 341 3161 idest
363 3128 398 3160 in
421 3126 479 3167 illo
503 3127 650 3170 tegmine
681 3126 750 3159 sive
775 3125 1026 3169 cooperimento
1059 3134 1127 3168 quo
1183 3123 1333 3167 cooperit

255 3183 370 3205 semen
393 3171 446 3205 vel
470 3170 632 3212 fructum,
664 3170 733 3203 sive
765 3170 807 3203 sit
835 3168 929 3214 pellis
958 3169 993 3201 in
1017 3167 1232 3207 animalibus,
1263 3167 1331 3199 sive

256 3225 369 3250 cortex
392 3217 427 3249 in
450 3214 620 3249 fructibus.
645 3215 687 3248 Et
711 3214 788 3259 quia
813 3213 953 3258 digestio
977 3221 1014 3246 ut
1043 3212 1168 3246 dictum
1192 3219 1258 3251 est,
1283 3219 1333 3244 est

280 3261 426 3301 effectio,
450 3260 526 3294 ideo
543 3268 575 3293 et
614 3260 745 3303 epansis
770 3270 854 3304 quae
878 3267 927 3292 est
951 3258 1021 3291 eius
1041 3258 1178 3301 species,
1195 3264 1244 3289 est
1260 3266 1332 3299 per-

255 3273 356 3339 {ectio
373 3304 545 3350 quaedam.
606 3315 672 3337 unc
689 3304 779 3337 enim
794 3315 846 3337 res
870 3302 989 3336 dicitur
1001 3302 1016 3319 *
1029 3301 1202 3346 pepansim
1226 3310 1331 3344 passa,

257 3349 392 3395 quando
416 3360 530 3382 semen
558 3349 593 3381 in
621 3348 805 3393 pericarpio
829 3356 940 3392 potest
963 3346 1090 3380 efficere
1122 3354 1155 3378 et
1177 3355 1330 3388 generare

256 3393 332 3434 tale,
349 3393 445 3439 quale
462 3402 512 3426 est
527 3392 561 3426 id
577 3404 596 3426 a
634 3404 680 3426 uo
704 3391 869 3437 procedit:
893 3393 928 3425 in
947 3390 1019 3424 aliis
1035 3391 1124 3423 enim
1148 3388 1331 3433 perfectum

257 3439 357 3472 etiam
374 3437 525 3478 dicimus,
542 3405 634 3482 quod
649 3445 761 3482 potest
775 3448 931 3481 generare
952 3435 1016 3468 tale
1033 3434 1129 3479 quale
1146 3441 1195 3466 est
1210 3433 1330 3483 ipsum,

257 3491 295 3516 ut
317 3482 519 3516 declaratum
547 3490 597 3515 est
623 3482 659 3515 in
682 3482 716 3516 II
739 3482 774 3515 de
796 3481 924 3515 Anima.
957 3480 1015 3513 Est
1038 3487 1149 3512 autem
1177 3488 1330 3521 pepans1s

257 3527 297 3560 ab
322 3526 441 3560 eodem
465 3534 599 3570 agente,
624 3525 748 3559 scilicet
770 3538 788 3559 a
804 3524 943 3559 naturali
968 3523 1074 3557 calido
1099 3520 1330 3572 principaliter,

258 3580 291 3605 et
314 3572 349 3604 in
373 3570 488 3605 eadem
511 3571 666 3611 materia,
695 3570 820 3604 scilicet
843 3571 877 3603 in
901 3567 1040 3602 humido
1064 3565 1221 3605 naturah,
1246 3573 1330 3598 sicut

257 3617 410 3661 superius
435 3615 560 3650 dictum
584 3624 634 3649 est
657 3615 698 3649 de
723 3614 907 3658 digestione
931 3613 965 3646 in
989 3609 1175 3644 universali.

1385 801 1403 820 *
1421 802 1571 842 Pepansis
1595 810 1701 834 autem
1718 811 1764 836 est
1787 805 1919 845 digestio
1944 805 2111 846 quaedam.
2132 806 2276 846 Digestio
2292 807 2378 838 enim
2397 808 2452 838 ali-

1453 847 1552 878 menti
1570 847 1603 878 in
1627 848 1806 889 pericarpiis
1837 849 1984 890 pepansis
2008 849 2131 882 dicitur.
2157 851 2321 889 Quoniam
2345 859 2452 883 autem

1453 891 1587 932 digestio
1611 893 1760 932 perfectio
1785 894 1942 935 quaedam
1962 901 2022 933 est,
2045 901 2122 926 tunc
2145 896 2292 936 pepansis
2315 897 2451 937 perfecta

1453 943 1500 967 est
1521 937 1652 978 quando
1675 938 1795 968 semina
1818 948 1900 979 quae
1920 938 1953 969 in
1976 939 2150 980 pericarpio
2172 947 2309 981 possunt
2332 941 2452 972 efficere

1452 981 1515 1012 tale
1547 981 1683 1012 alterum
1706 983 1798 1023 quale
1832 983 1941 1023 ipsum
1965 990 2027 1014 est:
2053 983 2171 1015 etenim
2193 985 2227 1015 in
2259 985 2327 1016 aliis
2350 985 2451 1026 perfe-

1453 1029 1542 1056 ctum
1557 1026 1602 1057 sic
1619 1026 1763 1058 dicimus.
1783 1027 1949 1067 Pericarpii
1969 1027 2101 1069 quidem
2122 1028 2219 1068 igitur
2236 1029 2314 1060 haec
2332 1040 2452 1071 pepan—

1452 1069 1504 1101 sis.
1524 1070 1683 1102 Dicuntur
1705 1078 1812 1102 autem
1834 1082 1963 1112 pepona
1985 1079 2015 1103 et
2039 1072 2098 1103 alia
2121 1073 2222 1104 multa
2245 1074 2451 1115 digestorum,

1453 1115 1631 1146 secundum
1644 1115 1778 1146 eandem
1793 1116 1924 1157 quidem
1941 1117 2090 1157 speciem,
2102 1118 2317 1158 metaphorice
2333 1125 2452 1157 autem,

1454 1166 1621 1200 propterea
1653 1160 1741 1201 quod
1766 1170 1832 1191 non
1861 1161 1963 1192 iacent
1992 1160 2095 1204 (sicut
2124 1162 2245 1193 dictum
2273 1169 2320 1194 est
2342 1161 2451 1205 prius)

1453 1204 1588 1236 nomina
1614 1205 1791 1236 secundum
1821 1215 2083 1247 unamquamque
2113 1206 2342 1246 perfectionem
2373 1207 2454 1238 circa

1454 1259 1491 1280 ea
1513 1259 1596 1291 quae
1619 1249 1828 1280 terminantur
1850 1260 1868 1280 a
1891 1250 2025 1281 naturali
2041 1250 2196 1282 caliditate
2220 1258 2251 1282 et
2273 1251 2451 1292 frigiditate.

1453 1294 1510 1324 Est
1533 1301 1640 1325 autem
1663 1304 1745 1335 quae
1768 1294 2000 1325 nascentiarum
2023 1301 2054 1326 et
2075 1295 2264 1335 phlegmatis
2288 1302 2319 1327 et
2341 1295 2454 1327 talium

1453 1338 1601 1379 pepansis
1624 1349 1707 1379 quae
1733 1349 1752 1369 a
1774 1339 1908 1369 naturali
1944 1339 2045 1370 calido
2059 1362 2068 1378 ‚
2093 1339 2226 1380 digestio
2259 1340 2452 1371 inexistentis

1453 1383 1597 1414 humidi:
1621 1383 1818 1424 impossibile
1842 1383 1928 1414 enim
1951 1383 2118 1414 terminare
2141 1393 2208 1414 non
2231 1385 2388 1415 obtinens.
2405 1385 2453 1415 Ex

1454 1427 1616 1468 spumosis
1640 1427 1771 1468 quidem
1786 1427 1882 1468 igitur
1904 1437 2036 1468 aquosa,
2053 1438 2090 1458 ex
2103 1428 2217 1459 talibus
2240 1435 2348 1460 autem
2370 1439 2452 1470 quae

1453 1471 1608 1503 terrestria
1631 1472 1824 1511 consistunt,
1846 1478 1876 1502 et
1897 1482 1934 1502 ex
1959 1472 2127 1503 subtilibus
2150 1482 2277 1513 semper
2296 1473 2454 1513 grossiora

1453 1516 1536 1548 fiunt
1558 1516 1724 1557 pepansim
1743 1526 1835 1556 passa
1853 1516 1972 1547 omnia.
1989 1517 2030 1547 Et
2052 1516 2129 1547 haec
2145 1516 2275 1557 quidem
2297 1517 2331 1548 in
2349 1517 2452 1558 ipsam

1453 1567 1566 1592 natura
1580 1561 1669 1592 ducit
1687 1560 1862 1592 secundum
1886 1560 1960 1600 hoc,
1980 1561 2056 1591 haec
2071 1567 2177 1591 autern
2197 1561 2288 1593 eiicit.
2302 1561 2453 1603 Pepansis

1453 1605 1586 1647 quidem
1609 1605 1704 1646 igitur
1726 1605 1847 1636 dietum
1871 1612 1917 1636 est
1940 1605 2017 1646 quid
2041 1612 2095 1636 est.

1387 1650 1522 1682 Omotes
1546 1657 1654 1681 autem
1677 1656 1724 1681 est
1747 1649 1957 1680 contrarium:
1982 1650 2174 1681 contrarium
2194 1656 2300 1681 autem
2322 1651 2455 1692 pepansi

1453 1695 1622 1735 indigestio
1646 1694 1788 1725 alimenti
1810 1694 1844 1724 in
1866 1694 2059 1735 pericarpio:
2083 1694 2146 1725 hoc
2161 1701 2269 1725 autem
2292 1701 2339 1726 est
2360 1696 2454 1727 inter-

1453 1740 1572 1771 minata
1604 1739 1794 1770 humiditas:
1824 1746 1954 1779 propter
1985 1739 2075 1779 quod
2109 1746 2164 1770 aut
2197 1749 2372 1780 spumosa,
2398 1746 2454 1771 aut

1454 1795 1587 1826 aquosa,
1604 1790 1659 1815 aut
1675 1793 1788 1815 eorum
1803 1793 1885 1824 quae
1901 1793 1938 1814 ex
1956 1784 2123 1822 ambobus,
2141 1790 2187 1814 est
2210 1790 2344 1815 omotes.
2363 1785 2453 1822 Quo-

1454 1829 1541 1860 niam
1564 1836 1672 1860 autem
1703 1828 1851 1870 pepansis
1883 1827 2034 1868 perfectio
2057 1829 2215 1869 quaedam
2238 1835 2302 1867 est,
2329 1835 2454 1860 omotes

1453 1873 1652 1915 imperfectio
1677 1873 1743 1905 erit.
1759 1873 1810 1904 Fit
1825 1879 1932 1904 autem
1955 1873 2151 1913 imperfectio
2166 1879 2295 1913 propter
2309 1873 2454 1913 indigen-

1454 1919 1532 1950 tiam
1555 1918 1706 1950 naturalis
1729 1917 1821 1949 calidi
1845 1924 1875 1948 et
1893 1917 2273 1948 incommensurationem
2286 1918 2327 1948 ad
2348 1917 2453 1948 humi-

1455 1964 1534 1994 dum
1558 1963 1647 2004 quod
1670 1962 1837 2004 pepansim
1852 1962 1980 2003 patitur.
1996 1962 2131 1993 Nullum
2154 1968 2260 1992 autem
2283 1962 2455 1993 humidum

1453 2008 1562 2049 ipsum
1585 2008 1763 2038 secundum
1779 2007 1919 2047 seipsum
1942 2007 2109 2047 pepansim
2131 2006 2249 2047 patitur
2271 2006 2337 2038 sine
2360 2006 2453 2038 sicco.

1453 2055 1548 2094 Aqua
1571 2052 1657 2083 enirn
1680 2062 1746 2082 non
1769 2051 1964 2092 ingrossatur
1993 2051 2061 2082 sola
2083 2051 2302 2082 humidorum.
2332 2051 2456 2083 Accidit

1457 2104 1575 2135 autem,
1592 2103 1648 2128 aut
1663 2106 1702 2127 eo
1717 2096 1807 2137 quod
1823 2096 1962 2126 calidum
1977 2095 2017 2126 sit
2031 2105 2182 2136 paucum,
2200 2103 2254 2126 aut
2270 2095 2345 2136 quia
2363 2096 2454 2137 quod

1453 2142 1669 2180 terminatum,
1688 2140 1838 2171 multum.
1853 2141 1986 2180 Propter
2004 2140 2093 2181 quod
2116 2146 2147 2170 et
2160 2140 2288 2171 subtiles
2303 2140 2454 2171 humores

1453 2196 1567 2217 eorum
1589 2195 1672 2227 quae
1695 2195 1780 2223 oma,
1798 2191 1829 2215 et
1844 2184 1947 2224 frigidi
1970 2184 2071 2225 magis
2094 2194 2193 2225 quam
2216 2184 2318 2224 calidi,
2342 2191 2373 2215 et
2390 2185 2453 2215 ine-

1452 2231 1558 2262 sibiles
1581 2237 1612 2262 et
1635 2229 1846 2270 impotabiles.
1877 2228 2000 2260 Dicitur
2022 2235 2129 2260 autem
2153 2235 2298 2268 omotes,
2322 2228 2402 2260 sicut
2425 2236 2455 2260 et

1452 2275 1615 2317 pepansis,
1639 2274 1748 2305 multis
1770 2273 1892 2304 modis:
1918 2273 2002 2304 unde
2026 2279 2057 2304 et
2079 2273 2188 2304 urinae
2212 2279 2242 2304 et
2264 2273 2454 2304 secessiones

1452 2327 1483 2352 et
1506 2319 1637 2351 catarrhi
1661 2319 1728 2350 omi
1752 2318 1900 2349 dicuntur
1922 2324 2052 2358 propter
2081 2318 2215 2348 eandem
2243 2325 2387 2348 causam:
2413 2328 2452 2348 eo

1451 2365 1538 2396 enirn
1561 2364 1650 2406 quod
1673 2374 1740 2394 non
1763 2369 1837 2394 sunt
1860 2363 1988 2393 obtenta
2011 2373 2029 2393 a
2052 2362 2224 2401 caliditate,
2248 2371 2352 2403 neque
2376 2372 2452 2393 con-

1451 2416 1546 2448 stant,
1569 2418 1645 2440 oma
1659 2408 1770 2439 omnia
1793 2407 2002 2447 appellantur.
2025 2407 2136 2447 Longe
2153 2413 2260 2437 autem
2278 2407 2453 2447 proceden-

1450 2454 1554 2493 tibus,
1578 2459 1610 2484 et
1631 2453 1708 2484 later
1730 2462 1843 2490 omus,
1867 2458 1898 2482 et
1919 2451 1972 2482 lac
1991 2459 2122 2490 omum;
2147 2457 2178 2482 et
2200 2451 2260 2481 alia
2282 2451 2384 2482 multa
2407 2450 2453 2481 di-

1451 2505 1584 2537 cuntur,
1612 2497 1638 2528 si
1661 2496 1824 2538 possibilia
1846 2495 2018 2536 permutari
2042 2502 2072 2526 et
2094 2502 2236 2526 constare
2260 2505 2277 2526 a
2301 2495 2454 2526 caliditate

1450 2554 1518 2574 non
1541 2552 1633 2583 passa
1656 2542 1735 2572 sint:
1759 2547 1889 2581 propter
1911 2540 2000 2581 quod
2024 2546 2054 2570 et
2077 2550 2160 2580 aqua
2182 2539 2340 2580 hepsesim
2362 2550 2454 2580 passa

1451 2588 1576 2626 dicitur,
1601 2597 1676 2617 oma
1699 2592 1807 2616 autem
1829 2595 1906 2623 non,
1930 2584 2005 2626 quia
2027 2594 2094 2615 non
2116 2584 2318 2624 ingrossatur.
2334 2584 2455 2624 Pepan-

1452 2632 1493 2663 sis
1524 2631 1656 2673 quidem
1684 2630 1780 2671 igitur
1802 2630 1840 2661 ¹-et
1867 2636 1992 2660 omotes
2016 2629 2137 2660 dictum
2160 2635 2207 2659 est
2236 2628 2315 2670 quid
2337 2635 2400 2667 est,
2424 2634 2456 2659 et

1450 2683 1582 2718 propter
1603 2675 1682 2717 quid
1704 2681 1877 2715 utrumque
1899 2674 2045 2714 ipsorum
2068 2679 2124 2704 est.

1443 2763 1520 2797 Alio
1537 2771 1648 2796 autem
1664 2761 1766 2795 modo
1791 2761 1911 2794 dicitur
1933 2759 2086 2804 pepansis
2110 2758 2348 2803 metaphorice:
2378 2759 2453 2803 quia

1387 2820 1457 2842 non
1473 2807 1593 2842 eodem
1615 2806 1718 2840 modo
1741 2806 1895 2845 univoce,
1919 2816 2026 2849 neque
2051 2804 2148 2837 etiam
2165 2814 2246 2847 pure
2262 2803 2452 2854 aequivoce,

1387 2853 1446 2887 sed
1462 2852 1631 2896 analogice
1648 2850 1851 2896 praedicatur
1875 2849 2027 2894 pepansis
2048 2848 2087 2881 de
2102 2848 2170 2880 suis
2186 2847 2351 2887 subiect1s‚
2368 2847 2453 2880 sicut

1387 2897 1492 2931 ridere
1524 2896 1564 2930 de
1595 2895 1727 2929 animali
1758 2904 1790 2928 et
1821 2903 1914 2939 prato
1937 2892 2042 2926 viridi.
2074 2892 2132 2925 Est
2159 2900 2269 2924 autern
2299 2892 2452 2935 pepansis

1387 2941 1612 2986 metaphorice
1635 2952 1704 2973 non
1728 2939 1837 2972 solum
1868 2939 1902 2971 in
1933 2937 2134 2971 nutrimento
2161 2936 2363 2975 viventium,
2395 2935 2452 2968 sed

1388 2988 1487 3020 etiam
1511 2987 1595 3019 circa
1612 2984 1691 3018 alia:
1716 2992 1752 3017 ut
1776 2984 1859 3016 circa
1883 2982 2059 3021 nascentias,
2084 2980 2167 3013 idest
2190 2988 2402 3024 apostemata,
2419 2988 2452 3012 et

1382 3031 1595 3077 phlegmatica,
1620 3038 1657 3062 ut
1680 3037 1757 3061 sunt
1780 3026 1928 3067 catarrhi,
1952 3034 1985 3059 et
2003 3026 2086 3058 circa
2110 3025 2219 3057 urinas
2243 3032 2275 3057 et
2298 3024 2452 3056 secessio-

1387 3088 1456 3109 neS.
1483 3076 1525 3109 Et
1548 3073 1774 3107 universaliter
1797 3071 1914 3104 dicitur
1937 3070 2076 3113 digestio
2105 3069 2258 3112 pepansis
2281 3067 2450 3112 metapho-

1387 3121 1453 3154 rice
1470 3120 1579 3153 omnis
1596 3117 1771 3151 maturatio
1796 3124 1828 3148 et
1850 3114 2036 3148 terminatio
2056 3112 2247 3146 huiusmodi
2272 3124 2290 3145 a
2311 3111 2450 3145 naturali

1388 3164 1512 3204 calido,
1537 3162 1628 3207 quod
1650 3161 1701 3202 fit,
1725 3161 1810 3193 sicut
1833 3159 1957 3193 dictum
1981 3167 2046 3198 est,
2071 3156 2203 3201 quando
2228 3155 2370 3189 calidum
2393 3155 2450 3189 ob-

1386 3210 1468 3242 tinet
1482 3218 1581 3251 super
1597 3205 1790 3239 humidum:
1815 3202 2017 3247 impossibile
2032 3202 2120 3234 enim
2137 3209 2221 3234 esset
2237 3199 2327 3245 quod
2344 3201 2451 3233 termi-

1386 3261 1492 3293 naret,
1516 3252 1579 3284 nisi
1604 3250 1765 3283 obtineret
1787 3248 1959 3280 victoriam
1990 3257 2088 3290 supra
2115 3245 2234 3289 ipsum.
2264 3245 2316 3277 Fit
2340 3253 2450 3277 autem

1386 3298 1451 3331 hoc
1466 3295 1580 3329 modo.
1604 3295 1692 3328 Nam
1715 3293 1823 3337 primo
1848 3291 1936 3324 calor
1959 3290 2108 3334 digerens
2132 3290 2199 3333 agit
2222 3289 2256 3321 in
2276 3288 2450 3322 humidum

1386 3352 1529 3380 aereum,
1557 3338 1647 3384 quod
1671 3346 1720 3370 est
1742 3347 1949 3381 spumosum,
1973 3333 2122 3367 faciendo
2146 3344 2322 3377 evaporare
2348 3332 2449 3366 subti-

1386 3386 1484 3419 liores
1507 3392 1625 3428 partes‚
1649 3391 1681 3415 et
1704 3379 1920 3425 ingrossando
1944 3378 2002 3412 reli
2027 3377 2094 3411 uas*
2109 3389 2146 3411 ac
2170 3377 2392 3411 convertendo
2415 3377 2450 3409 in

1386 3430 1562 3463 humorem
1581 3437 1754 3471 aquosum.
1779 3423 1908 3458 Deinde
1932 3422 2018 3456 sub‘ti
2032 3421 2130 3455 iando
2154 3421 2329 3455 humorem
2349 3432 2449 3472 aquo·

1386 3485 1461 3507 sum
1477 3472 1554 3505 facit
1569 3473 1680 3516 ipsum
1704 3480 1898 3513 evaporare,
1921 3467 2085 3511 reliquum
2109 3467 2281 3510 ingrossat‚
2298 3473 2450 3498 terminat

1386 3527 1418 3552 et
1442 3517 1574 3560 digerit,
1599 3524 1632 3549 et
1654 3516 1764 3558 ipsum
1789 3513 1959 3555 coniungit
1983 3523 2059 3544 curn
2083 3511 2189 3544 sicco:
2214 3519 2246 3543 et
2269 3519 2347 3543 tunc
2371 3520 2448 3542 con-

1385 3562 1522 3595 vertitur
1545 3561 1579 3593 in
1600 3570 1723 3592 semen.
1748 3559 1813 3591 Iste
1830 3565 1940 3590 autem
1957 3555 2038 3589 ordo
2055 3563 2190 3600 apparet
2205 3555 2239 3587 in
2255 3553 2447 3587 animalibus

1387 3615 1419 3640 et
1441 3605 1570 3650 plantis,
1601 3604 1689 3638 Nam
1716 3603 1751 3635 in
1774 3602 1879 3646 prima
1907 3599 2090 3644 digestione
2114 3607 2303 3644 separantur
2325 3597 2446 3630 faeces:

2480 812 2490 822 '
2505 811 2562 840 Cap.
2577 818 2612 834 nr.
