2782 4134
1127 260 1239 297 CAP.
1268 260 1378 308 VIII,
1415 259 1569 296 LECT.
1598 260 1651 296 XI

2418 261 2483 298 161

1002 487 1306 544 LECTIO
1344 487 1779 544 UNDECIMA

640 629 832 662 STELLAS
854 629 1023 661 MOVERI
1047 630 1141 662 NON
1162 630 1247 660 PER
1270 630 1334 670 SE,
1359 630 1438 661 SED
1462 631 1662 662 DELATAS
1686 631 1745 662 AD
1770 631 1934 663 MOTUM
1958 631 2142 670 ORBIUM,

807 686 1045 718 PROBATUR
1069 686 1372 718 COMPARANDO
1397 687 1520 718 ILLAS
1543 688 1602 718 AD
1627 688 1734 720 SUOS
1759 688 1975 721 CIRCULOS

283 819 384 852 Ἐπεὶ
408 814 448 850 δὲ
470 820 634 861 φαίνεται
657 819 716 849 καὶ
740 816 790 849 τά
815 816 928 861 ἄστρα
952 815 1188 861 μεθιστάμενα
1210 818 1270 848 καὶ
1289 815 1366 855 ὅλος

359 864 381 894 ὁ
401 861 567 908 οὐρανός,
595 863 785 908 ἀναγκαῖον
810 861 890 898 η’τοι
916 860 1133 906 ἠρεμούντων
1167 861 1366 916 ἀμφοτέρων

381 905 535 954 ίγνεσθαι
560 906 626 944 τήν
650 905 866 950 μεταβολήν,
892 906 913 943 ἦ
938 905 1156 951 κινουμένων,
1175 908 1196 942 ἢ
1222 907 1286 939 τοῦ
1307 905 1366 951 μὲν

358 952 568 996 ηρεμοῦντος
594 952 658 984 τοῦ
683 946 722 984 δὲ
745 950 954 995 κινουμένου.

283 995 481 1042 ’Δμφότερα
504 995 564 1040 μὲν
590 998 704 1028 τοίνυν
738 995 872 1040 ἠρεμεῖν
904 992 1079 1028 ἀδύνατον
1112 994 1303 1039 ἠρεμούσης
1327 1007 1366 1051 γε

357 1041 421 1079 τῆς
446 1040 529 1088 γῆς·
556 1040 595 1072 οὗ
646 1039 685 1085 οὶρ
712 1039 752 1073 ἂν
786 1041 943 1087 ἐγίγνετο
976 1039 1025 1073 τοὶ
1057 1039 1258 1095 φαινόμενα.
1297 1043 1366 1078 Την

357 1081 396 1118 δὲ
419 1087 484 1131 γῆν
511 1085 616 1119 ὑποκε
632 1084 700 1117 σθω
718 1082 864 1132 ἠρεμεῖν.
898 1086 1067 1118 Αείπεται
1084 1079 1128 1122 δὴ
1147 1098 1168 1122 η
1188 1083 1367 1130 ἀμφύτερα

355 1129 541 1173 κινεῖσθαι,
567 1129 589 1167 ἦ
616 1130 657 1163 τό
682 1131 742 1174 μὲν
765 1128 932 1162 κινεῖσθαι
958 1130 999 1162 ‘td
1025 1124 1054 1161 δ’
1083 1129 1232 1174 ἠρεμεῖν.

269 1209 482 1259 ’ἓὴῑὲνῖὕν
509 1212 690 1258 ἀμφότερα
713 1211 907 1254 κινήσεται,
929 1212 1055 1259 ἄλογον
1073 1212 1114 1246 *ro*
1133 1213 1254 1246 ταύτά
1271 1212 1364 1259 τάχη

351 1259 426 1292 ’τῶν
447 1259 579 1303 ἄστρων
597 1254 685 1290 εἶναι
704 1259 763 1290 καὶ
780 1258 848 1290 τῶν
868 1257 1017 1289 κύκλων·
1037 1255 1185 1290 ἕκαστον
1229 1257 1268 1300 dp
1288 1258 1368 1302 ὁμο-

357 1303 467 1350 ταχὲς
493 1303 593 1336 ἔσται
617 1303 667 1345 τῷ
690 1300 801 1344 κύκλῳ
834 1301 911 1334 καθ’
942 1302 977 1334 ὃν
1003 1299 1157 1346 φέρεται.
1230 1303 1367 1335 αίνεται

356 1347 423 1394 γάρ
457 1346 531 1393 ἅμα
564 1350 636 1386 τοῖς
670 1346 806 1384 κύκλοις
838 1344 1079 1390 καθιστάμενα
1112 1345 1215 1379 πάλιν
1247 1347 1293 1384 εἰς
1325 1346 1366 1379 τᾶ

358 1391 463 1425 αὑτό.
503 1391 687 1436 Συμβαίνει
711 1389 769 1424 οὖν
796 1390 870 1434 ἅμα
894 1389 936 1423 τό
962 1402 1000 1423 τε
1027 1390 1152 1445 ἄστρον
1174 1383 1368 1428 διεληλυθέ-

357 1448 414 1470 ναι
438 1437 499 1471 τὸν
529 1435 652 1468 κύκλον
683 1437 743 1468 καὶ
767 1435 828 1468 τὸν
859 1434 982 1467 κύκλον
1009 1433 1190 1480 ἐνηνεχθαι
1215 1435 1280 1472 τήν
1306 1437 1367 1467 αύ-

359 1482 424 1515 τοῦ
448 1493 489 1527 φο
513 1480 572 1522 άν,
597 1475 828 1518 διεληλυθότα
853 1480 918 1517 τήν
943 1480 1054 1511 αὐτοῦ
1080 1479 1302 1525 περιφέρειαν.

289 1527 358 1560 Οὐκ
383 1526 458 1560 ἔστι
505 1524 514 1534 “
533 1526 675 1572 εὔλογον
694 1525 736 1562 τὸ
761 1523 822 1558 τὸν
847 1523 956 1557 αὐτὸν
973 1523 1076 1570 λόγον
1095 1524 1185 1569 ἔχειν
1204 1525 1254 1557 τοὶ
1271 1524 1364 1570 τάχη

358 1571 427 1603 τῶν
453 1570 586 1615 ἄστρων
614 1571 674 1601 καὶ
699 1568 748 1602 τοὶ
771 1567 895 1614 μεγέθη
922 1568 990 1600 τῶν
1014 1568 1159 1602 κύκλων.
1195 1570 1280 1608 Toxi<
1304 1571 1364 1613 μέν

383 1615 423 1660 οὶρ
445 1613 589 1651 κύκλους
616 1611 712 1646 οὐθὲν
737 1612 870 1646 ἄτοπον
890 1613 965 1646 ἀλλ’
986 1613 1177 1660 ἀναγκαῖον
1195 1612 1365 1661 ἀνάλογον

356 1627 450 1707 ἔχειν
474 1659 523 1692 τοὶ
547 1657 641 1704 τάχη
667 1662 740 1697 τοῖς
765 1656 936 1704 μεγέθεσι,
969 1659 1037 1690 τῶν
1071 1653 1104 1690 δ’
1126 1659 1257 1704 ἄστρων
1287 1658 1367 1693 ’ἐκα-

357 1715 441 1739 στον
466 1705 533 1737 τῶν
558 1704 592 1736 ἐν
618 1702 756 1741 τούτοις
783 1702 939 1747 οὐθαμῶς
954 1703 1109 1750 εὔλογον.
1143 1705 1222 1737 Εἴτε
1246 1704 1312 1750 γάρ
1331 1703 1365 1745 ἐξ

359 1748 512 1796 ἀνάγκης
547 1748 589 1782 τό
624 1748 685 1780 τόν
722 1748 825 1791 μείζω
859 1746 984 1780 κύκλον
1019 1747 1198 1793 φερόμενον
1233 1747 1364 1783 θᾶττον

358 1795 473 1836 ἔσται,
499 1789 605 1831 δῆλον
632 1791 688 1825 ὅτι
710 1791 774 1825 κᾶν
800 1791 980 1836 μετατεθῇ
1006 1793 1055 1826 τοὶ
1080 1793 1192 1838 ἄστρα
1216 1794 1262 1832 εἰς
1284 1794 1366 1832 τούς

359 1838 515 1875 ἀλλήλων
539 1837 696 1879 κύκλους,
721 1837 763 1870 τὸ
815 1837 848 1870 ὲν
875 1837 974 1871 ἔσται
999 1836 1130 1871 θᾶττον
1157 1838 1198 1872 τὰ
1222 1833 1261 1871 δὲ
1287 1839 1368 1884 βρα-

358 1880 519 1926 δύτερον·
539 1881 629 1915 οὕτω
649 1877 679 1914 δ’
700 1882 761 1915 οὐκ
780 1884 820 1915 διν
838 1881 947 1928 ἔχοιεν
964 1882 1092 1914 οἰκείαν
1113 1885 1255 1925 κίνησιν,
1277 1883 1367 1916 ἀλλα

357 1926 503 1974 φέροιντ’
526 1927 566 1960 ἄν
584 1927 652 1959 ὑπὸ
670 1928 738 1959 τῶν
763 1926 907 1959 κύκλων.
939 1927 1019 1960 Εἴτε
1046 1927 1116 1960 ἀπὸ
1135 1927 1366 1973 ταύτομάτου

358 1972 554 2014 συνέπεσεν,
581 1967 652 2005 οὐδ’
675 1971 783 2010 οὕτως
809 1972 950 2018 εὔλογον
975 1971 1056 2005 ὥστ’
1078 1973 1111 2005 ἐν
1139 1971 1267 2006 ἅπασιν
1294 1973 1367 2016 ἅμα

359 2017 420 2053 τόν
445 2029 484 2050 τε
516 2016 640 2049 κύκλον
673 2013 759 2049 εἶναι
790 2017 892 2062 μείζω
923 2018 982 2049 καὶΙ
1017 2017 1081 2054 τήν
1108 2017 1212 2063 φορᾶν
1245 2017 1366 2051 θάττω
1393 2052 1394 2055 ¹

359 2063 423 2097 τοῦ
449 2061 606 2104 ὲναῦτῷ
634 2060 778 2107 ἄστρου·
806 2061 847 2095 τὸ
873 2061 933 2106 μὲν
958 2061 1023 2108 γάρ
1050 2062 1083 2094 ἓν
1109 2061 1130 2099 ἦ
1155 2058 1218 2095 δύο
1239 2063 1366 2096 τοῦτον

358 2107 420 2142 τὸν
447 2105 575 2150 τρόπον
601 2106 689 2152 ἔχειν
715 2104 810 2139 οὐθὲν
840 2106 988 2148 ἄτοπον,
1008 2107 1049 2139 τὸ
1066 2101 1105 2139 δὲ
1123 2106 1222 2141 πάνθ’
1245 2109 1368 2152 ὁμοίως

359 2150 542 2196 πλάσματι
575 2151 694 2183 ἔοικεν.
729 2150 823 2196 Ἀμα
853 2146 892 2183 δὲ
923 2152 981 2183 καὶ
1015 2152 1076 2183 οὐκ
1107 2152 1200 2184 ἔστιν
1234 2153 1266 2186 ἐν
1293 2156 1366 2190 τοῖς

359 2195 455 2242 φύσει
480 2195 522 2228 τὸ
545 2196 588 2233 ὥς
614 2194 754 2240 ἔτυχεν,
781 2190 861 2228 οὐδὲ
886 2195 927 2228 τὸ
953 2197 1141 2241 πανταχοῦ
1172 2199 1230 2230 καὶ
1263 2198 1366 2229 πᾶσιν

360 2240 515 2286 ύπάρχον
540 2239 583 2272 τό
610 2237 679 2272 ἀπὸ
705 2239 828 2285 τύχης.

286 2286 398 2319 Ἀλλά
428 2286 496 2330 μὴν
530 2283 634 2317 πάλιν
660 2284 688 2316 εἱ
714 2287 743 2316 οἰ
769 2285 829 2329 μὲν
857 2283 975 2316 κύκλοι
1008 2284 1184 2328 μένουσιν,
1211 2281 1368 2319 αὐτά-δὲ

358 2329 409 2364 τοὶ
434 2330 547 2374 οἴστρα
571 2333 731 2370 κινεῖται,
751 2330 870 2362 ταῦτα
894 2329 954 2360 καὶ
971 2329 1091 2374 ὁμοίως
1113 2330 1215 2362 ἔσται
1234 2330 1366 2377 ἄλογα·

359 2373 577 2429 συμβήσεται
601 2373 667 2420 γάρ
699 2372 830 2408 θᾶττον
861 2372 1025 2406 κινεῖσθαι
1050 2374 1099 2407 τοὶ
1123 2374 1206 2417 ἔξω,
1233 2376 1292 2407 καὶ
1319 2387 1367 2408 τα
1402 2382 1405 2386 “

359 2432 454 2464 ταχη
480 2430 567 2451 ειναι
590 2419 689 2451 καταῖ
712 2418 760 2451 τοὶ
783 2417 908 2465 μεγέθη
935 2419 1002 2450 τῶν
1026 2418 1171 2452 κύκλων.

284 2466 383 2499 Ἐπεὶ
407 2467 521 2496 τοίνυν
549 2461 623 2495 οὔτ’
654 2463 832 2509 ἀμφότερα
861 2461 1027 2496 κινεῖσθαι
1052 2463 1193 2510 εὔλογον
1221 2464 1300 2496 οὔτε
1327 2464 1368 2497 τὸ

357 2510 427 2544 οἷστ
450 2520 485 2542 ον
510 2507 626 2552 μόνον,
643 2509 805 2541 λείπεται
830 2508 911 2547 τους
964 2508 996 2540 ἐν
1021 2508 1163 2546 κύκλους
1188 2509 1366 2550 κινεῖσθαι,

360 2554 409 2587 τοὶ
457 2554 608 2597 ἐᾶστρα
641 2550 774 2598 τ’*ρεμεῖν
809 2555 867 2585 καὶ
901 2519 1103 2598 ἑνςεδεμένα
1129 2557 1200 2591 τοῖς
1232 2553 1368 2591 κύκλοις

359 2598 534 2645 φέρεσθαι·
561 2596 669 2642 μόνως
694 2598 760 2644 γάρ
783 2597 892 2636 οὕτως
912 2597 1008 2631 οὐθὲν
1027 2598 1153 2645 ἄλογον
1171 2598 1366 2642 συμβαίνει·

359 2642 403 2677 τό
433 2656 472 2678 τε
504 2642 569 2690 γάρ
602 2640 733 2676 θᾶττον
763 2639 850 2675 εἶναι
883 2645 945 2676 τοῦ
980 2644 1131 2687 μείζονος
1164 2642 1292 2676 κύκλου
1326 2642 1368 2676 τι)

361 2687 470 2734 τάχος
504 2686 646 2733 εὔλογον
680 2689 755 2732 περὶ
783 2687 826 2720 τὰ
853 2685 942 2721 αὐτὸ
972 2687 1113 2731 κέντρον
1145 2683 1368 2732 ἐνδεδεμένων

360 2732 490 2777 (ὥσπερ
514 2731 580 2787 γάρ
606 2731 640 2764 ἐν
665 2735 737 2770 τοῖς
764 2732 880 2770 ἄλλοις
905 2734 946 2766 τό
970 2733 1083 2778 μεῖζον
1109 2733 1207 2778 σῶμα
1237 2732 1367 2766 θᾶττον

359 2777 499 2822 φέρεται
524 2788 588 2812 την
616 2776 743 2809 οἰκείαν
768 2776 886 2821 φοράν,
906 2777 1012 2815 οὕτως
1037 2779 1096 2809 καὶ
1123 2776 1155 2810 ἐν
1181 2781 1253 2815 τοῖς
1274 2778 1371 2824 ἐγκυ-

358 2824 482 2860 κλίοις·
504 2821 618 2866 μεῖζον
635 2822 700 2868 γάρ
722 2822 789 2855 τῶν
812 2822 1064 2867 ἀφαιρουμένων
1083 2822 1150 2854 ὑπὸ
1167 2823 1234 2855 τῶν
1253 2823 1288 2854 ὲκ
1306 2823 1369 2855 τοῦ

358 2867 500 2911 κέντρου
516 2866 559 2898 τό
577 2867 640 2898 τοῦ
658 2867 808 2911 μείζονος
824 2865 949 2900 κύκλου
967 2867 1105 2912 τμῆμα,
1122 2866 1201 2900 ὥστ’
1221 2866 1368 2913 εὐλόγως

361 2913 395 2944 ἑν
420 2913 469 2954 τῷ
492 2914 552 2953 ἴσῳ

361 2956 403 2988 τό
432 2969 472 2989 τε
503 2956 551 3001 μὴ
612 2956 804 2989 ιασπᾶσθαι
834 2957 895 2990 τὸν
928 2956 1069 3002 οὐρανὸν
1100 2950 1160 2989 διά
1191 2969 1228 2990 τε
1260 2957 1367 2990 τοῦτο

360 2999 578 3046 συμβήσεται
600 3003 660 3034 καὶ
685 2999 740 3034 ὅτι
765 2995 941 3035 δέδεικται
966 3001 1100 3047 συνεχὲς
1124 2999 1158 3033 ὃν
1184 3001 1226 3034 τὸ
1249 3001 1339 3034 ὅλον.

355 3099 507 3127 ΞῩΝοΡςιε.
523 3114 559 3119 —-
581 3107 606 3126 1.
620 3099 834 3136 Argumentum
848 3105 877 3126 et
895 3098 999 3126 divisio
1020 3104 1123 3127 textus.
1138 3114 1157 3118 -
1171 3098 1269 3126 Prima
1290 3097 1364 3126 ratio

295 3139 452 3168 ostendens
465 3138 560 3166 stellas
580 3147 643 3167 non
662 3147 715 3176 per
735 3147 766 3167 se
787 3138 913 3174 moveri,
936 3139 987 3167 sed
1008 3138 1112 3167 deferri
1137 3144 1221 3166 motu
1241 3137 1366 3173 orbium,

296 3177 420 3207 sumitur
439 3188 492 3215 per
512 3178 763 3215 comparationem
790 3179 938 3207 stellarum
966 3179 1004 3207 ad
1027 3179 1122 3207 orbes.
1143 3195 1163 3199 -
1183 3179 1367 3214 Praesuppo-

295 3218 374 3247 nitur
393 3227 536 3255 apparens
557 3224 656 3246 motus
670 3218 741 3247 caeli
755 3224 783 3246 et
797 3219 952 3247 stellarum.
971 3218 1029 3254 Qui
1049 3219 1141 3247 tribus
1161 3217 1256 3246 modis
1278 3217 1366 3254 expli-

277 3258 279 3260 ’
295 3258 475 3296 caripotest:
497 3259 526 3294 a)
549 3264 599 3286 aut
619 3258 659 3286 ita
679 3259 761 3295 quod
781 3265 938 3296 utrumque
959 3258 1097 3296 quiescat,
1112 3258 1219 3287 scilicet
1238 3258 1318 3286 stella
1339 3263 1367 3285 et

296 3298 391 3335 orbis;
406 3299 434 3334 b)
449 3305 500 3327 aut
512 3298 553 3327 ita
566 3299 648 3336 quod
661 3305 819 3336 utrumque
834 3305 1000 3333 moveatur;
1016 3301 1042 3335 c)
1056 3305 1106 3328 aut
1120 3299 1160 3327 ita
1178 3298 1259 3335 quod
1273 3307 1366 3325 unum

296 3344 448 3367 moveatur
468 3345 496 3367 et
510 3338 633 3367 alterum
654 3338 792 3376 quiescat.
805 3355 824 3361 -
835 3346 862 3367 2.
877 3339 1059 3377 Impossibile
1081 3345 1124 3367 est
1138 3339 1252 3366 stellam
1268 3343 1296 3365 et
1317 3346 1365 3364 or-

296 3379 360 3407 bem
375 3378 534 3416 quiescere.
557 3378 738 3415 Supponitur
758 3378 837 3407 enim
864 3379 901 3407 ad
922 3387 1058 3416 praesens
1085 3385 1192 3406 terram
1215 3387 1277 3405 non
1301 3386 1365 3404 mo—

297 3418 368 3446 veri:
384 3418 441 3446 hoc
461 3425 560 3447 autem
580 3418 742 3455 supposito,
764 3418 826 3446 fieri
847 3418 948 3456 nequit
961 3425 994 3446 ut
1006 3425 1066 3447 tam
1088 3418 1170 3446 stella
1183 3426 1272 3454 quam
1287 3416 1365 3444 orbis

296 3458 439 3496 quiescat3
454 3464 553 3487 motus
567 3458 646 3487 enim
658 3465 778 3495 apparet
787 3459 832 3487 vel
844 3465 964 3496 propter
975 3465 1088 3486 motum
1098 3457 1229 3491 videntis,
1241 3456 1285 3484 vel
1295 3465 1365 3492 pro-

295 3504 360 3535 pter
373 3504 487 3526 motum
501 3495 628 3526 visibilis.
645 3515 664 3520 -
677 3499 702 3527 3.
713 3499 778 3527 Nec
787 3504 885 3537 potest
898 3507 961 3527 esse
983 3499 1059 3536 quod
1077 3501 1248 3525 moveantur
1268 3495 1365 3528 ambo,

296 3538 377 3567 stella
398 3537 504 3566 scilicet
518 3543 546 3566 et
560 3538 648 3567 orbis.
671 3539 760 3574 Quod
781 3538 821 3567 sic
842 3539 991 3575 probatur.
1014 3537 1044 3565 Si
1064 3537 1250 3579 moverentur
1266 3535 1364 3569 ambo,

296 3584 465 3616 sequeretur
491 3578 643 3615 aequalem
670 3587 732 3607 esse
757 3578 939 3607 velocitatem
964 3577 1110 3606 stellarum
1138 3582 1166 3603 et
1191 3574 1365 3603 cuculorum

296 3618 326 3646 in
341 3618 446 3655 quibus
460 3624 527 3646 sunt
547 3618 668 3654 infixae3
690 3619 746 3646 hoc
767 3625 865 3647 autern
887 3624 930 3646 est
950 3615 1172 3651 inconveniens;
1190 3623 1259 3651 ergo
1274 3613 1363 3642 ambo

439 3675 508 3707 Opp.
529 3675 560 3699 D.
575 3675 690 3700 ΤΗοΜΛΕ
709 3675 741 3699 T.
761 3675 800 3699 Ill.

602 2910 684 2954 ρόνῳ
711 2913 727 2943 ὁ
753 2912 874 2955 μείζων
900 2910 1180 2956 περιοισθήσεται
1202 2912 1366 2955 κύκλος),
1405 2935 1407 2937 v

1422 818 1440 838 *
1454 818 1619 856 Quoniam
1642 826 1751 850 autem
1773 820 1919 852 videntur
1934 827 1965 852 et
1983 828 2065 852 astra
2082 821 2233 852 translata
2251 827 2283 852 et
2303 827 2411 852 totum
2427 831 2494 853 cae-

1489 863 1570 902 lum,
1594 864 1807 894 necessarium
1831 872 1886 896 aut
1899 865 2135 906 quiescentibus
2153 865 2295 906 utrisque
2313 864 2381 896 fieri
2396 873 2494 897 trans-

1489 907 1658 946 lationem,
1683 914 1738 938 aut
1761 909 1874 948 motis,
1899 916 1953 940 aut
1976 909 2038 941 hoc
2061 910 2193 951 quidem
2216 909 2408 951 quiescente,
2432 911 2495 942 hoc

1491 958 1600 983 autem
1622 958 1725 983 moto.

1423 997 1566 1038 Utraque
1590 996 1722 1037 quidem
1744 996 1839 1036 igitur
1857 997 2017 1038 quiescere
2035 998 2244 1039 impossibile,
2260 997 2441 1040 quiescente
2465 1005 2495 1030 et

1491 1047 1586 1072 terra:
1611 1050 1716 1082 neque
1739 1041 1826 1071 enim
1849 1041 1960 1082 utique
1990 1041 2100 1074 fierent
2126 1052 2208 1083 quae
2235 1042 2391 1074 videntur.
2416 1043 2494 1074 Ter-

1490 1095 1560 1116 ram
1582 1091 1691 1116 autem
1714 1092 1915 1126 supponatur
1938 1085 2107 1127 quiescere.
2131 1087 2372 1129 *Relinquitur
2387 1094 2495 1118 autem

1491 1136 1546 1160 aut
1565 1135 1699 1170 utraque
1715 1129 1848 1168 moveri,
1865 1136 1920 1161 aut
1935 1130 1997 1161 hoc
2016 1131 2146 1172 quidem
2162 1131 2295 1171 moveri,
2308 1131 2372 1163 hoc
2387 1138 2495 1163 autem

1491 1183 1662 1215 quiescere.

1423 1217 1456 1248 Si
1476 1217 1608 1259 quidem
1631 1217 1727 1258 igitur
1754 1218 1850 1249 ambo
1878 1219 2108 1258 movebuntur,
2132 1219 2345 1251 irrationabile
2367 1221 2495 1252 easdem

1489 1262 1672 1293 velocitates
1691 1268 1850 1293 astrorum
1873 1273 1940 1294 esse
1963 1270 1994 1294 et
2008 1263 2210 1295 circulorum.
2228 1265 2495 1307 Unumquodque

1491 1306 1577 1337 enim
1600 1316 1701 1348 aeque
1719 1306 1811 1337 velox
1839 1307 1897 1338 erit
1920 1307 2037 1338 circulo
2061 1309 2239 1340 secundum
2262 1319 2361 1350 quem
2379 1309 2493 1341 fertur:

1489 1350 1636 1382 videntur
1652 1351 1738 1382 enim
1761 1350 1857 1382 simul
1876 1351 2000 1383 circulis
2019 1353 2194 1384 constantia
2215 1353 2332 1384 iterum
2345 1354 2379 1384 in
2397 1354 2495 1386 idem.

1488 1394 1614 1426 Accidit
1633 1394 1729 1436 igitur
1747 1395 1844 1427 simul
1865 1403 2049 1437 astrumque
2074 1397 2308 1438 pertransivisse
2330 1398 2495 1437 circulum,

1488 1446 1519 1471 et
1533 1439 1687 1470 circulum
1704 1440 1834 1471 allatum
1853 1450 1920 1471 esse
1936 1451 1973 1471 ea
1990 1451 2072 1482 quae
2086 1441 2186 1482 ipsius
2200 1442 2329 1482 latione,
2340 1449 2496 1483 pertrans-

1488 1491 1618 1515 euntem
1641 1494 1713 1515 eam
1735 1494 1817 1526 quae
1839 1485 1940 1525 ipsius
1962 1485 2183 1526 peripheriam.

1420 1529 1495 1559 Non
1519 1535 1566 1559 est
1590 1535 1698 1559 autem
1728 1529 1914 1560 rationabile
1940 1530 2074 1560 eandem
2093 1530 2249 1561 rationem
2271 1531 2385 1561 habere
2408 1530 2494 1562 velo-

1488 1572 1595 1604 citates
1619 1580 1778 1604 astrorum
1806 1581 1837 1605 et
1861 1571 2095 1613 magnitudines
2120 1574 2322 1606 circulorum.
2349 1574 2494 1606 Circulos

1489 1617 1621 1658 quidem
1645 1617 1731 1648 enim
1754 1617 1833 1648 nihil
1855 1617 2092 1658 inconveniens,
2110 1619 2165 1649 sed
2188 1619 2401 1650 necessarium
2419 1630 2493 1650 ana-

1486 1661 1591 1702 logice
1613 1661 1729 1692 habere
1747 1662 1929 1693 velocitates
1946 1663 2228 1703 magnitudinibus.
2252 1666 2422 1694 Astrorum
2437 1672 2493 1694 au‘-

1488 1713 1554 1737 tem
1577 1707 1837 1748 unumquodque
1857 1707 1946 1748 quod
1970 1706 2003 1737 in
2026 1707 2085 1746 his,
2106 1717 2172 1738 non
2190 1707 2282 1738 valde
2298 1708 2493 1739 rationabile.

1488 1750 1560 1782 Sive
1575 1751 1661 1782 enim
1686 1761 1722 1782 ex
1745 1751 1928 1782 necessitate
1951 1751 2065 1782 maiori
2089 1752 2206 1783 circulo
2230 1752 2332 1783 latum
2354 1752 2495 1783 velocius

1489 1795 1564 1834 erit,
1590 1796 1697 1836 palam
1720 1796 1796 1837 quia
1819 1802 1850 1827 et
1877 1796 1902 1826 si
1926 1803 2172 1836 transponantur
2195 1803 2276 1828 astra
2298 1797 2332 1827 in
2356 1806 2411 1827 eos
2439 1797 2495 1838 qui

1487 1840 1625 1870 invicem
1649 1840 1794 1879 circulos,
1814 1840 1877 1872 hoc
1900 1840 2032 1882 quidem
2055 1841 2113 1872 erit
2134 1841 2286 1880 velocius,
2303 1841 2365 1872 hoc
2389 1848 2496 1872 autem

1489 1884 1627 1916 tardius:
1651 1885 1695 1916 sic
1719 1892 1828 1916 autem
1846 1895 1912 1916 non
1937 1885 2047 1926 utique
2066 1885 2228 1916 habebunt
2243 1885 2411 1926 proprium
2425 1896 2495 1916 mo-

1490 1936 1571 1968 tum,
1596 1929 1651 1960 sed
1675 1929 1814 1960 ferentur
1838 1929 1947 1971 utique
1972 1940 1990 1960 a
2014 1929 2147 1961 circulis.
2165 1930 2182 1949 *
2201 1930 2273 1961 Sive
2288 1940 2306 1960 a
2322 1940 2396 1961 casu
2418 1940 2494 1960 con-

1488 1973 1599 2014 tingit,
1631 1983 1735 2015 neque
1759 1974 1803 2005 sic
1827 1974 2011 2005 rationabile
2035 1980 2071 2005 ut
2094 1974 2124 2004 in
2151 1974 2301 2005 omnibus
2325 1974 2420 2005 simul
2444 1974 2498 2005 cir-

1489 2018 1580 2050 culus
1603 2018 1736 2059 quidem
1759 2018 1799 2050 sit
1826 2018 1949 2056 maior,
1979 2026 2010 2049 et
2033 2018 2110 2049 latio
2140 2019 2280 2050 velocior
2312 2019 2378 2050 eius
2409 2020 2498 2059 quod

1488 2063 1522 2094 in
1546 2063 1617 2104 ipso
1641 2063 1731 2094 astri:
1756 2073 1861 2094 unum
1884 2063 2016 2104 quidem
2040 2063 2125 2093 enim
2149 2070 2204 2094 aut
2226 2064 2292 2094 duo
2317 2064 2404 2094 hunc
2427 2073 2498 2094 rno-

1490 2108 1570 2139 dum
1588 2108 1715 2146 habere,
1730 2107 1810 2138 nihil
1828 2107 2073 2146 inconveniens;
2093 2108 2203 2138 omnia
2222 2115 2329 2139 autem
2344 2108 2496 2146 similiter,

1489 2151 1611 2183 fictioni
1627 2152 1828 2183 assimilatur.
1853 2152 1957 2183 Simul
1975 2159 2084 2183 autem
2104 2159 2135 2183 et
2154 2163 2220 2183 non
2237 2159 2283 2183 est
2301 2152 2334 2182 in
2350 2152 2398 2183 his
2415 2162 2498 2193 quae

1490 2203 1603 2228 natura
1626 2197 1715 2238 quod
1735 2203 1770 2228 ut
1789 2196 1963 2237 contingit;
1987 2207 2092 2238 neque
2115 2197 2234 2238 ubique
2251 2203 2281 2228 et
2295 2197 2328 2227 in
2348 2197 2498 2228 omnibus

1491 2241 1626 2272 existens
1649 2242 1739 2282 quod
1763 2251 1780 2271 a
1804 2241 1942 2272 fortuna.

1422 2285 1439 2304 *
1458 2285 1520 2316 Sed
1544 2285 1648 2317 adhuc
1671 2286 1799 2324 iterum,
1816 2286 1843 2316 si
1859 2286 1991 2326 quidem
2011 2285 2118 2316 circuli
2137 2292 2278 2324 manent,
2294 2292 2376 2317 astra
2391 2292 2498 2316 autem

1490 2337 1679 2369 moventur,
1704 2330 1815 2361 eadem
1839 2337 1870 2361 et
1893 2329 2036 2360 similiter
2060 2336 2153 2360 erunt
2183 2330 2423 2361 irrationabilia:
2448 2341 2497 2361 ac-

1492 2374 1574 2406 cidet
1597 2374 1684 2405 enim
1707 2374 1849 2406 velocius
1877 2374 2000 2405 moveri
2032 2384 2114 2415 quae
2139 2381 2238 2413 extra,
2264 2382 2294 2406 et
2317 2375 2497 2406 velocitates

1492 2429 1559 2449 esse
1583 2419 1761 2450 secundum
1786 2418 2020 2460 magnitudines
2044 2418 2246 2450 circulorum.

1424 2464 1590 2502 Quoniam
1613 2463 1745 2505 quidem
1769 2463 1865 2504 igitur
1883 2474 1987 2505 neque
2004 2470 2139 2504 utraque
2155 2463 2277 2494 moveri
2300 2463 2496 2502 rationabile,

1491 2518 1596 2549 neque
1620 2516 1742 2539 astrum
1765 2508 1883 2547 solum,
1908 2508 2096 2549 relinquitur
2120 2508 2255 2540 circulos
2279 2508 2409 2549 quidem
2426 2518 2496 2538 mo-

1491 2553 1568 2592 veri,
1585 2560 1668 2584 astra
1689 2560 1797 2584 autem
1821 2553 1992 2594 quiescere,
2013 2559 2043 2584 et
2066 2552 2160 2583 infixa
2184 2553 2308 2583 circulis
2331 2552 2419 2583 feni:
2445 2562 2495 2582 so-

1491 2597 1563 2628 lum
1586 2597 1673 2628 enim
1697 2598 1808 2639 utique
1825 2597 1869 2629 sic
1887 2598 2015 2629 nullum
2035 2597 2248 2628 irrationabile
2267 2597 2388 2628 accidit.
2405 2596 2496 2628 Cele-

1491 2642 1610 2673 riorem
1625 2643 1712 2674 enim
1731 2653 1798 2673 esse
1814 2642 1944 2673 maioris
1962 2642 2069 2673 circuli
2084 2641 2283 2672 velocitatem
2300 2641 2495 2680 rationabile,

1493 2697 1607 2718 eorum
1635 2697 1717 2728 quae
1751 2687 1831 2718 circa
1854 2687 1940 2717 idem
1971 2693 2115 2717 centrum
2139 2686 2379 2717 collocatorum.
2409 2685 2496 2716 Sicut

1493 2731 1580 2762 enim
1602 2731 1635 2762 in
1659 2731 1727 2762 aliis
1750 2731 1854 2762 maius
1878 2741 1995 2771 corpus
2018 2731 2159 2761 velocius
2183 2730 2281 2761 fertur
2303 2730 2429 2770 propria
2451 2729 2495 2759 la-

1491 2776 1590 2815 tione,
1608 2776 1652 2807 sic
1668 2783 1699 2807 et
1721 2776 1754 2806 in
1779 2775 2001 2807 circularibus:
2026 2775 2129 2805 maior
2153 2775 2238 2805 enim
2261 2775 2440 2805 ablatorum
2455 2774 2494 2803 ab

1492 2820 1541 2851 his
1569 2831 1652 2862 quae
1685 2831 1721 2852 ex
1751 2827 1875 2860 centro,
1907 2819 2036 2851 maioris
2061 2819 2167 2850 circuli
2201 2818 2328 2849 decisio.
2352 2818 2370 2837 *
2385 2818 2494 2858 Itaque

1492 2865 1718 2897 rationabiliter
1737 2866 1769 2896 in
1786 2865 1910 2906 aequali
1927 2872 2070 2905 ternpore
2085 2863 2187 2894 maior
2203 2862 2421 2893 circumfertur
2436 2861 2493 2892 cir-

1493 2910 1594 2941 culus.
1619 2910 1661 2941 Et
1683 2920 1749 2940 non
1774 2909 1879 2940 divelli
1910 2909 2034 2940 caelum
2057 2914 2187 2948 propter
2213 2907 2275 2937 hoc
2303 2906 2438 2944 accidet,
2463 2911 2494 2935 et

1493 2955 1569 2995 quia
1593 2961 1759 2986 ostensum
1782 2961 1828 2985 est
1852 2953 2041 2985 continuum
2065 2962 2119 2982 ens
2143 2958 2259 2982 totum.

1805 3056 1810 3074 Ι

1425 3106 1487 3125 non
1501 3102 1664 3124 moventur.
1677 3112 1696 3117 -
1708 3095 1850 3123 Probatur
1868 3092 1971 3121 maior.
1987 3092 2064 3119 Tum
2087 3090 2183 3118 stellae
2198 3090 2269 3117 fixae
2283 3095 2346 3117 turn
2359 3089 2492 3125 planetae

1424 3143 1565 3174 apparent
1585 3136 1671 3164 simul
1692 3144 1759 3163 cum
1779 3132 1891 3162 circulis
1912 3131 1971 3159 suis
1988 3131 2141 3158 redeuntes
2162 3129 2192 3157 in
2212 3129 2290 3157 idem
2313 3135 2453 3165 punctum
2475 3138 2492 3157 a

1424 3186 1484 3214 quo
1506 3176 1692 3212 incoeperant
1706 3173 1831 3208 moveri;
1853 3172 1931 3200 unde
1952 3171 2056 3199 eodem
2077 3176 2207 3205 tempore
2222 3169 2303 3213 stella
2324 3168 2423 3196 circuit
2437 3168 2492 3213 cir-

1424 3217 1522 3244 culum
1536 3225 1635 3250 suum,
1651 3223 1710 3251 quo
1732 3213 1853 3241 circulus
1868 3211 1929 3247 ipse
1950 3209 2097 3247 propriam
2111 3209 2304 3253 peripherlam
2321 3214 2490 3245 pertransit3

1424 3265 1510 3293 ergo,
1534 3255 1557 3283 si
1581 3255 1669 3283 ambo
1699 3258 1886 3286 moveantur,
1909 3249 2036 3286 aequalis
2059 3255 2127 3277 sunt
2152 3249 2319 3276 velocitatis.
2335 3264 2355 3269 -
2368 3257 2396 3282 4.
2418 3249 2490 3276 Pro-

1423 3297 1508 3324 batur
1521 3295 1628 3329 minor,
1639 3301 1753 3328 nempe,
1768 3289 1974 3319 inconveniens
1989 3298 2051 3317 esse
2066 3289 2146 3325 quod
2161 3287 2288 3325 aequalis
2302 3287 2339 3315 sit
2352 3288 2490 3316 velocitas

1423 3335 1569 3363 stellarum
1591 3340 1619 3361 et
1640 3332 1822 3360 circulorum.
1852 3329 2031 3358 Rationabile
2053 3335 2095 3357 est
2115 3328 2295 3356 velocitatem
2317 3327 2491 3355 circulorum

1422 3372 1637 3411 proportionari
1658 3370 1791 3408 propriae
1813 3368 2019 3406 magnitudini;
2042 3369 2092 3396 sed
2113 3377 2174 3396 non
2196 3374 2238 3395 est
2258 3366 2428 3395 rationabile
2442 3376 2490 3395 ve-

1421 3413 1567 3442 locitatem
1589 3412 1734 3439 stellarum
1761 3409 1976 3446 proportionari
1997 3407 2189 3445 magnitudini
2210 3406 2400 3442 circulorum
2422 3416 2491 3444 ergo

1422 3451 1616 3481 irrationabile
1631 3457 1673 3479 est
1687 3450 1821 3487 aequales
1831 3458 1893 3477 esse
1906 3448 2071 3477 velocitates
2082 3447 2228 3476 stellarum
2239 3453 2267 3475 et
2281 3446 2463 3475 circulorum.
2471 3462 2491 3468 -—

1421 3493 1515 3521 Maior
1529 3491 1614 3519 huius
1632 3489 1789 3527 syllogismi
1811 3494 1923 3517 constat
1937 3497 1970 3516 ex
1985 3497 2020 3516 eo
2036 3488 2116 3524 quod
2138 3493 2257 3525 quanto,
2278 3486 2387 3523 aliquid
2407 3485 2492 3514 fuerit

1421 3532 1530 3566 maius,
1559 3537 1640 3559 tanto
1662 3529 1789 3558 velocius
1810 3535 1943 3557 movetur
1966 3527 2085 3565 proprio
2114 3533 2206 3556 motu.
2229 3543 2248 3548 -
2268 3526 2366 3554 Minor
2385 3527 2490 3563 proba-

1420 3579 1475 3600 tur.
1492 3571 1580 3606 Quod
1595 3570 1741 3598 stellarum
1755 3568 1891 3597 velocitas
1908 3567 2178 3605 proportionaretur
2191 3565 2384 3604 magnitudini
2399 3565 2490 3594 circu-

1420 3612 1525 3646 lorum,
1539 3609 1717 3647 contingeret
1731 3609 1775 3637 vel
1790 3618 1823 3637 ex
1837 3607 2005 3637 necessitate
2019 3607 2143 3636 naturali
2158 3607 2202 3636 vel
2216 3616 2251 3635 ex
2265 3615 2341 3636 casu.
2357 3607 2425 3634 Non
2439 3614 2490 3633 au-

2276 3671 2304 3688 21

2522 832 2531 841 ·
2538 830 2604 886 3Cap.
2612 836 2658 853 vm.
2666 830 2735 853 Text.

2522 866 2537 885 4
2553 873 2558 879 .

2522 1096 2531 1106 ‘
2545 1095 2614 1117 Text.
2628 1102 2668 1122 44.

2524 1940 2533 1949 ·
2548 1938 2616 1960 Text.
2630 1945 2666 1966 45.

2524 2293 2533 2302 '¹
2548 2292 2616 2314 Text.
2629 2292 2669 2319 46.

2521 2823 2530 2832 ¹
2545 2821 2613 2844 Text.
2628 2827 2666 2849 47.
