2782 4134
34 689 94 711 *ad
106 695 129 711 Ρ.

1103 282 1215 319 CAP.
1247 282 1313 328 111,
1345 280 1497 317 LECT.
1526 279 1612 315 VIII

2393 279 2467 326 257

274 353 556 412 quae'proprie
584 361 627 398 fit
654 360 693 397 in
719 372 764 397 ea
792 372 892 409 quae
918 359 1046 396 insunt
1073 368 1169 397 actu.
1186 382 1210 388 -
1227 359 1344 407 Quod
1400 370 1460 395 ras
1489 356 1578 394 dicit
1606 355 1860 402 contrarium,
1891 354 2031 392 scilicet
2058 355 2164 404 quod
2202 356 2274 392 alia
2309 369 2470 406 corpora

275 423 404 454 autem
430 413 654 453 huiusmodi
685 425 847 462 corpora
871 413 909 449 in
929 425 1027 462 quae
1048 413 1120 450 alia
1148 414 1344 450 resolvun-

275 478 353 517 tur,
384 469 465 519 ipsa
493 481 572 506 non
596 467 835 504 resolvantur
861 464 874 486 λ
901 466 940 502 in
969 466 1062 514 alia,
1092 467 1197 515 quod
1230 466 1344 503 etiam

275 522 438 572 pertinet
465 522 515 559 ad
543 520 807 559 definitionem
828 518 1019 566 elementi,
1050 519 1228 567 ostendit,
1259 520 1346 556 sub-

279 576 372 614 dens
393 575 498 625 quod
521 575 560 612 in
579 574 665 622 igne
685 585 811 621 neque
828 584 916 609 caro
932 584 1058 620 neque
1073 572 1218 619 lignum
1237 572 1344 620 inest,

278 630 359 667 sive
389 628 602 666 secundum
629 626 841 676 potentiam
870 625 950 662 sive
971 625 1184 661 secundum
1205 632 1344 662 actum.

279 683 398 720 Cuius
434 682 584 730 signum
621 679 778 717 assumit
808 691 851 715 ex
880 678 900 700 '¹‘
927 679 1003 715 hoc
1037 678 1163 727 quod,
1198 678 1227 714 si
1257 691 1345 715 caro

280 744 316 773 et
342 735 487 783 lignum
523 741 649 771 essent
682 733 721 770 in
754 733 861 780 igne,
895 731 990 780 ignis
1024 731 1277 768 resolveretur
1311 731 1349 767 in

277 789 364 826 ista:
394 787 500 836 quod
528 787 632 824 nullo
656 786 775 823 modo
805 792 974 834 apparet.
1005 786 1219 822 Generatur
1246 784 1349 821 enim

280 854 325 879 ex
352 841 438 889 igne
468 852 555 877 caro
585 847 650 877 aut
668 839 830 888 lignum,
860 851 939 876 non
966 851 1036 888 per
1064 838 1348 885 resolutionem,

279 895 348 933 sed
375 907 445 944 per
473 893 759 931 adiunctionem
785 892 946 930 aliorum
972 904 1178 941 corporum
1208 891 1349 940 simpli-

281 948 395 996 cium,
421 947 534 984 simul
561 947 610 984 ad
630 946 855 983 mixtionem
876 947 1169 983 coalteratorum
1188 952 1218 982 μ.
1250 945 1351 992 Quia

279 1014 375 1040 vero
399 1000 514 1050 aliqui
536 1007 749 1049 posuerunt
775 1012 898 1037 unum
926 1006 1075 1037 tantum
1105 1000 1349 1046 elementum,

251 1098 254 1100 ,
281 1055 377 1092 sicut
405 1054 547 1091 Thales
576 1053 748 1091 Milesius
777 1065 931 1102 aquarn,
962 1052 1154 1101 subiungit
1178 1052 1285 1101 quod
1304 1052 1351 1089 si-

19 1773 22 1798 3
45 1761 167 1785 'usn

280 1108 379 1146 milis
403 1107 496 1145 ratio
527 1114 582 1144 est
610 1107 640 1144 si
667 1114 834 1156 ponatur
859 1119 982 1144 unum
1010 1114 1158 1144 tantum
1188 1107 1351 1143 elemen-

280 1170 362 1199 tum
382 1168 446 1198 aut
463 1161 590 1210 plura,
612 1160 718 1210 quod
737 1161 776 1198 in
796 1161 986 1197 elemento
1010 1172 1089 1197 uno
1105 1172 1184 1196 non
1203 1159 1353 1196 inerunt

281 1215 555 1265 aliaflcosrpora.
586 1214 692 1251 Licet
722 1214 824 1251 enim
853 1213 1095 1251 inveniantur
1127 1213 1199 1250 alia
1222 1212 1242 1234 '¹‘
1271 1224 1352 1249 cor-

271 1266 376 1318 pora
403 1275 556 1317 praeter
583 1267 674 1305 illud
703 1268 950 1315 elementum,
979 1275 1072 1316 puta
1101 1279 1190 1303 caro
1219 1273 1284 1302 aut
1309 1278 1352 1302 os

282 1329 347 1360 aut
365 1321 522 1370 aliquod
537 1321 639 1358 aliud
658 1320 892 1368 huiusmodi,
909 1333 988 1358 non
1003 1328 1134 1357 tamen
1154 1327 1209 1356 est
1225 1319 1352 1356 dicen-

283 1375 377 1413 dum
405 1375 511 1425 quod
539 1374 695 1424 aliquod
722 1375 864 1412 horum
892 1374 979 1411 insit
995 1372 1166 1423 potentia
1184 1372 1248 1410 vel
1267 1379 1354 1409 actu

282 1429 323 1467 in
353 1441 514 1478 corpore
541 1428 647 1477 quod
674 1428 829 1477 ponitur
863 1428 1108 1464 elementum.
1135 1447 1159 1454 -
1189 1426 1238 1462 Et
1262 1438 1350 1462 curn

283 1483 335 1520 ita
363 1482 409 1520 sit
436 1482 542 1531 quod
576 1481 768 1531 quaedam
801 1481 875 1518 sint
908 1481 1095 1517 elementa
1124 1491 1352 1528 corporum,

285 1535 608 1574 considerandum
638 1542 693 1572 est
721 1534 805 1583 quis
834 1533 975 1572 modus
1003 1533 1257 1582 generationis
1286 1541 1352 1580 est,

285 1602 363 1640 quo
394 1589 458 1627 vel
493 1588 565 1626 alia
600 1600 762 1638 corpora
799 1594 1027 1636 generantur
1059 1599 1106 1623 ex
1134 1586 1350 1633 elementis,

285 1642 426 1680 scilicet
442 1654 512 1691 per
531 1641 772 1688 mixtionem,
797 1641 860 1678 vel
889 1641 1078 1677 elementa
1105 1652 1150 1676 ex
1175 1639 1254 1676 aliis
1275 1652 1356 1677 cor-

284 1695 443 1746 poribus
461 1707 532 1744 per
550 1694 835 1732 resolutionem.
858 1695 907 1731 Et
929 1694 1004 1731 hoc
1024 1693 1237 1731 secundum
1256 1693 1355 1731 veri-

285 1756 402 1787 tatem
432 1748 698 1786 determinabit
725 1748 764 1785 in
792 1747 888 1785 libro
917 1747 964 1784 de
986 1747 1238 1784 Generatione
1256 1746 1287 1784 ³⁸.

341 1803 376 1840 8.
397 1802 548 1840 Deinde
576 1814 666 1839 curn
694 1801 799 1839 dicit:
829 1801 1091 1851 Anaxagoras
1118 1806 1244 1838 autem
1273 1807 1356 1847 etc.,

286 1855 452 1894 ostendit
480 1855 739 1894 diversitatem
767 1857 1019 1903 Anaxagorae
1048 1862 1085 1891 et
1112 1854 1359 1903 Empedoclis

288 1909 387 1947 circa
416 1909 629 1958 corporalia
646 1908 667 1930 ’¹‘
687 1909 886 1946 elementa.
916 1909 966 1946 Et
984 1907 1110 1957 primo
1139 1908 1250 1957 ponit
1278 1907 1359 1957 opi-

225 1991 232 1997 .
288 1963 446 2001 nionem
474 1962 494 1984 '¹‘
521 1963 739 2011 utriusque;
770 1962 940 2000 secundo
976 1961 1140 1999 ostendit
1168 1974 1268 2011 quae
1297 1974 1358 1998 ea-

288 2029 374 2054 rum
412 2017 458 2054 sit
493 2016 766 2066 praeferenda,
804 2016 881 2053 ibi:
921 2015 1110 2058 Quoniam
1148 2021 1273 2052 autem
1308 2020 1362 2052 est

288 2070 411 2108 omnis
428 2070 448 2092 ’¹‘
477 2077 546 2107 etc.

341 2123 443 2161 Dicit
463 2135 552 2171 ergo
580 2122 708 2172 primo
738 2123 844 2172 quod
864 2121 912 2159 de
932 2121 1130 2159 elementis
1154 2121 1359 2171 corporali-

288 2177 361 2214 bus
381 2176 569 2214 contrarie
588 2176 704 2214 locuti
733 2183 820 2213 sunt
838 2177 1086 2223 Anaxagoras
1108 2182 1145 2212 et
1163 2175 1361 2224 Empedo-

290 2230 377 2267 cles.
407 2230 666 2280 Empedocles
696 2229 798 2266 enim
817 2229 946 2279 posuit
964 2229 1070 2277 quod
1088 2228 1183 2276 ignis
1208 2236 1244 2265 et
1261 2236 1362 2265 terra

291 2291 328 2321 et
346 2283 418 2322 alia
437 2284 578 2332 medIa,
594 2296 694 2333 quae
715 2291 802 2320 sunt
820 2283 932 2320 simul
953 2283 1143 2319 elementa
1163 2295 1250 2320 curn
1270 2282 1360 2330 istis,

290 2345 378 2374 sunt
405 2350 568 2386 corpora
597 2337 842 2374 elementaria
859 2336 880 2358 *
900 2348 1119 2386 corporum,
1147 2348 1193 2373 ex
1221 2335 1360 2385 quibus

291 2391 422 2428 omnia
449 2391 522 2428 alia
550 2403 713 2440 corpora
737 2397 1033 2440 componuntur.
1055 2391 1133 2428 Sed
1161 2391 1361 2438 Anaxago-

342 2550 371 2585 λ)
393 2551 472 2582 Quod
490 2554 580 2576 autem
598 2550 784 2575 huiusmodi...
797 2549 856 2582 ipsa
875 2557 928 2574 non
947 2550 1126 2574 resolvantur.
1139 2563 1158 2568 -
1173 2549 1253 2579 Quod
1270 2552 1359 2574 autem

289 2587 345 2613 sint
363 2586 548 2612 huiusmodi
563 2586 622 2618 ipsa
636 2593 699 2611 vero
713 2593 766 2611 non
781 2585 951 2610 resolvantur
965 2585 995 2610 P.
1008 2585 1125 2610 Praestat
1137 2584 1213 2609 lectio
1227 2585 1359 2609 codicum:

290 2623 439 2648 immediate
452 2623 520 2647 enirn
540 2629 619 2654 supra
630 2621 789 2655 probabatur
803 2628 863 2646 esse
880 2628 988 2653 corpora
1003 2620 1098 2653 quibus
1110 2620 1194 2653 prima
1208 2625 1234 2644 et
1247 2620 1362 2645 secunda

290 2657 525 2693 parsflefinitionis
545 2657 666 2682 elementi
685 2657 855 2688 conveniunt;
875 2664 943 2681 nunc
956 2664 1020 2681 vero
1032 2656 1184 2689 probabitur
1197 2655 1291 2680 iisdem
1305 2663 1361 2680 cor-

290 2694 398 2727 poribus
417 2693 495 2718 etiam
513 2693 615 2718 tertiam
633 2698 734 2725 partem
753 2691 907 2717 definitionis
930 2692 1068 2717 convenire
1074 2699 1081 2722 ;
1105 2691 1174 2716 hunc
1199 2696 1362 2724 argumenta-

290 2729 367 2754 tionis
381 2736 536 2762 processum
548 2728 624 2753 lectio
639 2728 658 2752 P
671 2736 725 2753 non
739 2729 773 2753 ita
787 2728 855 2753 clare
873 2727 1028 2760 exprimit.-
1045 2728 1095 2752 Pro
1113 2727 1186 2760 quod
1203 2727 1284 2752 etiam
1297 2734 1363 2759 per-

291 2765 372 2795 tinet,
396 2771 464 2797 quae
482 2764 563 2790 etiam
577 2764 718 2796 pertinent
736 2764 827 2795 codd.;
849 2763 896 2788 sed
915 2763 947 2788 de
965 2771 1017 2788 una
1035 2763 1091 2788 sola
1109 2768 1182 2796 parte
1207 2761 1362 2787 definitionis

292 2808 380 2826 sermo
399 2805 448 2825 est.

347 2836 374 2870 μ)
394 2836 489 2861 simul.
499 2853 521 2861 ..
533 2835 751 2861 coalteratorum.
764 2848 784 2854 —
796 2834 877 2859 simul
896 2834 1066 2859 admixtione
1084 2834 1311 2859 coalternatorum
1331 2834 1361 2865 P,

292 2872 334 2897 vel
351 2871 538 2897 admixtorum
556 2871 767 2897 coalteratorum
781 2870 812 2895 E.
825 2884 845 2889 -
860 2870 917 2895 Par.
930 2877 984 2894 om.
1001 2870 1104 2900 Quia...
1123 2871 1289 2895 elementum.

439 3695 508 3728 Opp.
528 3695 558 3720 D.
573 3695 687 3720 Tamum
702 3695 733 3719 T.
753 3695 792 3719 111.

1399 413 1667 448 homoeomera
1695 415 1718 455 ¹⁴,
1739 409 1834 446 idest
1858 408 2038 445 similium
2058 409 2240 458 partium,
2260 416 2352 458 puta
2381 423 2469 447 caro

1401 472 1437 502 et
1457 477 1500 501 os
1521 471 1557 501 et
1576 463 1648 501 alia
1667 462 1901 510 huiusmodi,
1923 469 2010 499 sunt
2030 463 2218 499 elementa
2244 475 2468 512 corporum:

1400 530 1530 555 aerem
1549 529 1644 554 vero
1675 523 1712 553 et
1738 516 1866 564 ignem
1901 523 1937 552 et
1964 523 2104 552 terram
2136 524 2171 552 et
2199 528 2340 565 aquarn
2370 517 2470 554 dice-

1402 572 1466 607 bat
1498 583 1581 608 esse
1611 569 1819 607 commixta
1847 581 1893 606 ex
1920 569 2161 618 praemissis,
2191 569 2330 606 scilicet
2358 583 2470 607 carne

1403 632 1439 660 et
1467 636 1565 671 osse,
1587 631 1624 660 et
1652 636 1698 660 ex
1718 623 1898 660 omnibus
1927 623 2007 660 aliis
2027 622 2235 660 seminibus
2264 636 2470 672 corporum

1403 677 1642 714 naturalium.
1664 677 1838 713 Ponebat
1861 676 1963 713 enim
1987 678 2234 724 Anaxagoras
2263 677 2369 725 quod
2387 690 2472 726 par-

1402 737 1459 766 tes
1497 742 1703 778 corporum
1741 730 1921 767 similium
1950 730 2118 768 infinitae
2157 738 2193 766 et
2224 730 2472 768 indivisibiles

1404 790 1511 826 erant
1539 783 1685 819 semina
1714 784 1890 820 omnium
1910 796 2009 832 quae
2038 791 2222 833 apparent
2249 783 2289 820 in
2316 791 2471 830 natura;

1404 835 1454 872 ita
1483 835 1622 872 scilicet
1649 837 1754 884 quod
1773 849 1841 885 per
1870 837 2141 875 extractionem
2168 849 2303 874 eorum
2333 838 2380 874 ab
2410 837 2473 874 ali-

1405 901 1483 938 quo
1512 889 1649 937 mixto,
1678 898 1904 937 generantur
1933 891 2063 928 omnia
2091 903 2254 940 corpora
2290 891 2474 928 naturalia

1406 942 1606 980 sensibilia.
1638 942 1738 989 Quia
1765 943 1876 990 igitur
1914 956 1958 980 ex
1994 944 2080 992 igne
2119 952 2154 982 et
2189 952 2288 982 terra
2326 952 2362 982 et
2396 944 2474 981 aliis

1405 996 1627 1034 huiusmodi
1645 995 1823 1033 videntur
1842 997 1971 1033 omnia
1999 998 2070 1034 alia
2100 1010 2262 1047 corpora
2290 998 2473 1046 generari,

1406 1049 1620 1087 aestimavit
1639 1049 1745 1098 quod
1772 1057 1851 1086 tam
1870 1050 1964 1098 ignis
1985 1063 2100 1099 quam
2129 1059 2227 1088 terra
2257 1059 2292 1088 et
2320 1052 2391 1089 alia
2419 1052 2474 1088 in-

1406 1103 1591 1141 termedia
1629 1110 1754 1140 essent
1792 1103 1991 1140 constituta
2025 1117 2069 1140 ex
2099 1105 2278 1142 omnibus
2307 1105 2474 1143 indivisi-

1406 1157 1544 1194 bilibus
1581 1157 1752 1206 partibus
1786 1156 1969 1193 similibus
2007 1157 2119 1194 simul
2148 1159 2394 1207 congregatis.
2425 1160 2474 1196 Et

1407 1210 1622 1248 secundum
1659 1210 1735 1246 hoc
1773 1217 1899 1258 partes
1937 1211 2149 1248 consimiles
2186 1213 2355 1260 ponebat
2392 1225 2474 1250 esse

1407 1265 1596 1301 elementa
1634 1263 1775 1300 horum
1811 1271 1973 1312 quatuor
2008 1277 2234 1313 corporum;
2265 1278 2310 1302 ex
2338 1266 2475 1315 quibus

1406 1325 1538 1355 tamen
1568 1317 1717 1354 dicebat
1745 1317 1875 1354 omnia
1904 1317 1986 1354 fieri
2005 1325 2160 1367 propter
2179 1319 2324 1356 semina
2360 1319 2476 1356 inexi-

1407 1371 1543 1408 stentia
1562 1371 1592 1407 ³⁸.
1623 1371 1672 1407 Et
1691 1371 1780 1419 quia
1806 1370 1853 1407 de
1882 1370 1968 1418 igne
1997 1371 2232 1408 mentionem
2258 1385 2337 1409 non
2365 1373 2476 1410 facie-

1407 1425 1489 1472 bat,
1519 1436 1567 1461 ne
1599 1436 1644 1460 ex
1672 1424 1748 1460 hoc
1777 1423 1932 1472 aliquod
1961 1424 2120 1461 dubium
2150 1425 2320 1474 oriretur,
2351 1427 2478 1464 subdit

1408 1478 1514 1527 quod
1542 1477 1623 1527 ipse
1652 1477 1869 1526 appellabat
1896 1477 2023 1525 ignem
2052 1479 2238 1515 aetherem
2268 1476 2292 1516 ξ.

1463 1544 1499 1580 9.
1528 1530 1678 1568 Deinde
1709 1543 1797 1567 cum
1828 1530 1932 1567 dicit:
1963 1531 2150 1572 Quoniam
2178 1538 2303 1568 autem
2326 1539 2380 1569 est
2400 1545 2477 1569 om-

1410 1585 1467 1622 nis
1483 1592 1567 1632 etc.,
1584 1584 1748 1621 ostendit
1763 1584 1870 1633 quod
1885 1584 2015 1633 opinio
2035 1585 2283 1633 Empedoclis
2299 1593 2353 1622 est
2370 1598 2478 1635 prae-

1411 1638 1579 1676 ferenda.
1606 1637 1712 1675 Sicut
1737 1637 1839 1674 enim
1858 1645 1962 1687 patet
1986 1650 2030 1675 ex
2054 1638 2112 1675 his
2136 1650 2236 1686 quae
2259 1639 2298 1676 in
2321 1639 2477 1689 primo*

1411 1691 1541 1729 habita
1569 1699 1672 1739 sunt,
1703 1691 1829 1728 omnis
1859 1691 2029 1740 corporis
2057 1692 2236 1729 naturalis
2266 1699 2320 1729 est
2347 1693 2478 1742 aliquis

1412 1745 1589 1795 proprius
1617 1752 1762 1791 motus;
1793 1752 1829 1781 et
1848 1757 1935 1782 cum
1964 1745 2036 1782 sint
2059 1745 2215 1794 quidam
2244 1753 2371 1783 motus
2391 1746 2479 1783 sim-

1412 1799 1550 1849 plices,
1585 1798 1743 1847 quidam
1772 1798 1899 1847 mixti,
1930 1798 2174 1835 manifestum
2208 1800 2312 1848 quod
2335 1805 2347 1820 ⁰
2375 1799 2481 1836 mixti

1413 1860 1542 1891 motus
1566 1859 1653 1889 sunt
1675 1851 1883 1889 mixtorum
1903 1864 2121 1901 corporum,
2139 1852 2328 1901 simplices
2352 1860 2480 1890 autem

1415 1914 1502 1944 sunt
1521 1905 1751 1954 simplicium
1773 1918 1990 1955 corporum.
2012 1906 2061 1943 Et
2081 1918 2126 1943 ex
2145 1906 2219 1943 hoc
2239 1906 2482 1943 manifestum

1415 1967 1471 1997 est
1485 1959 1592 2008 quod
1608 1966 1695 1996 sunt
1709 1959 1901 2008 quaedam
1918 1971 2080 2008 corpora
2095 1959 2290 2008 simplicia,
2307 1972 2395 1996 cum
2411 1959 2484 1996 sint

1416 2013 1574 2063 quidam
1594 2020 1721 2049 motus
1741 2012 1942 2062 simplices.
1960 2014 2009 2050 Et
2024 2013 2113 2062 quia
2132 2020 2259 2050 motus
2279 2013 2482 2062 simplices,

1415 2066 1480 2116 qui
1500 2073 1588 2103 sunt
1603 2079 1624 2103 a
1639 2066 1768 2104 medio
1786 2074 1821 2103 et
1836 2066 1885 2103 ad
1900 2066 2086 2114 medium,
2102 2067 2222 2114 magis
2239 2066 2484 2115 approprian-

1415 2128 1476 2157 tur
1500 2119 1698 2157 elementis
1713 2132 1812 2168 quae
1827 2120 1935 2169 ponit
1950 2120 2219 2169 Empedocles,
2241 2119 2484 2157 manifestum

1417 2181 1472 2211 est
1491 2173 1572 2210 eius
1593 2173 1815 2222 opinionem
1836 2186 1918 2211 esse
1941 2174 2244 2223 praeferendam.
2260 2195 2284 2201 -
2297 2173 2483 2220 Quamvis

1415 2234 1546 2277 posset
1565 2226 1638 2264 dici
1657 2227 1757 2264 hanc
1777 2240 1859 2264 esse
1879 2227 2089 2264 secundam
2109 2227 2295 2264 rationem
2315 2227 2364 2264 ad
2382 2226 2484 2276 prin-

1418 2281 1579 2330 cipalem
1600 2280 1886 2318 conclusionem
1901 2281 1932 2329 ²³⁶,
1950 2293 2066 2330 quam
2083 2280 2309 2330 epilogando
2324 2286 2342 2302 π
2358 2280 2479 2327 infert,

1419 2335 1547 2372 dicens
1580 2334 1824 2371 manifestum
1854 2347 1937 2371 esse
1966 2334 2071 2383 quod
2100 2334 2172 2371 sint
2206 2334 2414 2382 elementa,
2450 2341 2486 2370 et

1417 2395 1573 2438 propter
1600 2387 1693 2436 quid
1722 2387 1805 2425 sint.

1470 2548 1494 2581 ν)
1514 2548 1707 2573 homoeomera.
1719 2561 1738 2566 -
1751 2547 1937 2572 homoeomera
1956 2547 1998 2571 vel
2016 2546 2179 2579 homogenea
2198 2546 2232 2577 P;
2252 2546 2285 2571 cf.
2296 2546 2313 2576 1,
2329 2546 2388 2571 lect.
2401 2553 2443 2575 κη,
2457 2555 2484 2571 π.

1415 2584 1507 2608 —Post
1525 2584 1569 2608 lin.
1587 2590 1636 2608 aer
1654 2590 1718 2608 vero
1736 2586 1763 2608 et
1781 2583 1852 2616 ignis
1870 2585 1896 2607 et
1915 2586 1990 2607 terra
2008 2585 2034 2607 et
2052 2589 2122 2614 aqua
2141 2582 2161 2606 P
2181 2587 2206 2606 et
2225 2582 2300 2606 codd.

1472 2617 1495 2652 ξ)
1515 2619 1668 2651 appellabat
1686 2619 1774 2652 ignem
1789 2618 1932 2643 aetherem.
1945 2632 1964 2637 —
1977 2618 2095 2649 appellat
2109 2618 2197 2651 ignem
2212 2620 2238 2642 et
2256 2617 2389 2642 aetherem
2403 2618 2438 2647 A;
2458 2621 2485 2642 et

1417 2655 1476 2680 add.
1492 2655 1568 2680 etiam
1588 2660 1637 2679 cet.

1471 2690 1496 2723 o)
1517 2690 1686 2724 manifestum
1701 2689 1782 2722 quod.
1795 2703 1815 2708 -
1829 2690 1886 2714 Hoc
1906 2697 1960 2714 om.
1974 2689 2007 2720 1³3
2027 2694 2088 2721 post
2105 2689 2275 2722 manifestum
2295 2688 2352 2713 add.
2366 2691 2406 2713 est
2426 2688 2483 2713 Par.

1415 2740 1436 2746 ·-
1448 2727 1499 2751 Pro
1518 2726 1638 2759 sequenti
1656 2725 1848 2755 homoteleuto,
1869 2725 2000 2757 simplices
2024 2728 2114 2749 autem
2132 2728 2195 2749 sunt
2213 2724 2371 2756 simplicium
2389 2731 2483 2756 corpo-

1418 2770 1494 2792 rum,
1514 2762 1586 2794 quod
1604 2762 1726 2786 omittunt
1739 2761 1840 2785 codices
1859 2765 1966 2793 excepto
1978 2761 2016 2791 A,
2035 2763 2061 2785 et
2078 2760 2208 2792 simplices
2226 2759 2384 2791 simplicium
2404 2759 2433 2783 P.

1472 2797 1502 2830 π)
1517 2804 1597 2830 quam
1617 2797 1786 2830 epilogando.
1801 2810 1820 2815 -
1836 2796 1886 2821 Pro
1899 2803 1987 2828 quam,
2006 2796 2131 2828 quoniam
2145 2796 2175 2820 P.
2186 2809 2205 2815 -
2223 2795 2258 2819 Ibi
2277 2795 2348 2827 quod
2359 2795 2421 2824 sint,
2435 2802 2483 2827 pro

1419 2833 1497 2866 quod,
1513 2836 1578 2865 quot
1590 2833 1657 2857 ABF
1670 2833 1738 2857 male
1745 2840 1752 2863 ς
1772 2840 1820 2865 pro
1838 2832 1899 2861 sint,
1919 2834 1982 2856 sunt
1999 2831 2068 2855 ΒΕΘ
2087 2836 2112 2855 et
2132 2831 2190 2855 Par.
2202 2845 2221 2849 —
2240 2831 2267 2854 In
2281 2829 2334 2854 fine
2352 2838 2400 2862 pro
2419 2830 2481 2858 sint,

1420 2869 1491 2902 quod
1504 2868 1615 2901 legimus
1630 2876 1689 2893 cum
1704 2868 1769 2897 Par„
1785 2868 1820 2892 sit
1834 2868 1990 2892 elementum
2003 2867 2033 2896 E,
2050 2866 2085 2891 sit
2100 2866 2200 2897 ABFG,
2217 2866 2271 2891 sint
2289 2869 2336 2890 etc.
2347 2865 2375 2890 P.

2274 3684 2305 3709 33

2503 1376 2514 1387 ⁴
2529 1377 2653 1398 existentia
2673 1382 2717 1398 pne

2504 1408 2541 1424 ro.

2609 1475 2622 1506 t

2505 1644 2514 1653 ¹
2521 1642 2624 1671 Lect.11x‚
2633 1649 2682 1672 n.3,
2691 1650 2717 1666 11.

2512 2286 2521 2295 *
2537 2285 2590 2307 Vid.
2606 2291 2669 2307 num.
2680 2291 2702 2312 7.
