2782 4134
100 493 108 500 ¹
120 488 171 510 ideo
182 493 229 509 om.
237 493 261 512 1³3
279 485 309 506 cf.

101 519 156 537 text.

102 545 111 552 ·
127 543 149 563 et
162 546 209 562 om.
225 546 245 560 r.

101 854 110 863 ⁶
126 852 157 874 Ca
177 857 226 877 ,1x,
241 857 264 872 n.
280 856 309 875 11:

101 879 125 900 S.
143 858 187 899 Τῖι.
202 878 253 899 lect.
275 882 309 903 xi,

101 912 123 926 n.
133 911 162 926 12.

100 934 121 942 “·
130 931 230 958 Propter
243 936 264 950 P.

101 960 110 968 ¹
121 957 237 979 circulare
247 955 311 977 codi-

101 990 140 1005 ces
155 989 204 1004 exc.
219 989 249 1004 Λῐ.

101 1121 110 1129 ·
118 1119 214 1147 figatur
227 1125 248 1139 P.

99 1173 109 1182 '
120 1177 180 1198 quae
193 1170 280 1191 habeti>
289 1172 310 1190 ct

102 1197 169 1219 codd.
186 1203 233 1218 exc.
248 1203 269 1217 A.

195 1333 210 1358 Υ

97 1913 106 1921 ·
117 1912 172 1939 plus
182 1918 194 1933 Ρ
205 1916 226 1933 et
237 1912 304 1934 codd.

97 1943 146 1960 cxc.
159 1945 182 1960 Λ.

95 2708 106 2719 ⁴¹
121 2710 241 2730 moventur
255 2715 275 2730 c.

342 302 412 338 170

336 376 463 405 autem
491 368 631 404 habent
658 366 863 403 maximam
892 364 1187 402 uniformitatem
1215 363 1396 410 undique,

338 434 383 458 eo
413 421 518 469 quod
547 428 633 457 sunt
660 419 877 468 sphaericae
905 419 1060 466 figurae.

392 485 426 510 2.
456 474 505 510 Et
532 473 618 510 ideo
641 473 660 493 '¹‘
688 471 953 509 rationabiliter
970 470 1120 507 videtur
1149 481 1230 505 esse
1256 469 1396 504 factum

338 527 441 576 quod
470 533 506 562 et
528 527 547 547 ²³³
575 533 695 562 totum
725 525 871 561 caelum
891 523 936 560 sit
955 522 1210 571 sphaericum,
1241 529 1277 558 et
1303 533 1397 558 una-

339 591 511 628 quaeque
531 579 645 615 stella.
663 578 765 614 Nam
785 576 979 625 sphaerica
994 575 1115 623 figura
1133 574 1285 611 videtur
1313 586 1396 610 esse

338 631 502 669 maxime
521 631 617 668 utilis
641 631 688 667 ad
708 637 854 666 motum
880 629 1110 674 circularem,
1133 640 1209 676 quo
1230 627 1397 676 sphaeri-

339 697 426 721 cum
447 696 581 733 corpus
595 682 612 712 β
631 689 807 719 movetur
829 682 865 718 in
885 682 1015 729 seipso,
1032 681 1128 718 idest
1146 693 1225 718 non
1244 688 1397 718 mutans

338 740 464 774 Iocum
494 736 702 773 secundum
726 743 846 771 totum
866 734 934 770 nisi
954 734 1167 771 secundum
1197 734 1395 781 rationem,

339 791 405 827 sed
434 790 555 826 solum
584 788 792 825 secundum
821 794 964 835 partes,
1000 795 1041 824 ut
1067 788 1251 836 probatur
1278 787 1316 824 in
1344 788 1395 824 VI

337 843 515 890 Physicfl‘
533 843 606 878 Per
622 842 751 877 *²¹⁴hoc
779 840 878 876 enim
908 840 1013 889 quod
1042 853 1180 889 corpus
1210 840 1396 877 circulari-

337 904 393 933 ter
405 897 423 916 ²³⁴
442 902 589 932 motum
606 902 660 930 est
678 893 928 941 sphaericum,
943 893 1184 931 velocissime
1201 901 1395 930 movetur:

337 957 417 985 tum
437 948 524 997 quia
548 947 643 983 linea
663 946 851 983 circularis
880 954 936 983 est
967 946 1127 984 minima
1146 947 1242 983 inter
1260 959 1396 983 omnes

337 1002 474 1049 figuras
503 999 734 1037 continentes
769 1000 927 1048 aequale
957 1000 1137 1049 spatium;
1171 1007 1252 1036 tum
1282 999 1395 1036 etiam

337 1054 424 1102 quia
457 1064 614 1101 corpora
651 1052 839 1089 rectilinea
876 1065 955 1089 non
991 1053 1133 1090 habent
1163 1053 1395 1090 uniformem

337 1114 483 1143 motum
500 1118 543 1142 ex
563 1105 667 1142 omni
681 1113 800 1154 parte,
813 1106 900 1156 quia
914 1106 1034 1154 magis
1054 1106 1220 1154 figuntur
1232 1107 1251 1127 ²³⁴
1272 1118 1317 1142 ex
1336 1106 1397 1142 illa

336 1167 439 1208 parte
460 1171 533 1207 qua
551 1159 692 1195 habent
713 1160 732 1179 *³²
753 1159 995 1208 superficiem
1014 1160 1181 1208 planam,
1211 1171 1329 1208 quam
1353 1171 1397 1195 ex

335 1220 438 1261 parte
458 1212 693 1259 angulorum.
723 1212 834 1250 Unde
864 1224 950 1249 cum
978 1212 1175 1261 sphaerica
1201 1213 1323 1260 figura
1352 1225 1397 1249 ex

336 1266 436 1302 nulla
453 1272 558 1313 parte
585 1265 724 1302 habeat
751 1265 958 1314 planitiem,
984 1265 1052 1302 sed
1081 1278 1125 1302 ex
1158 1266 1264 1302 omni
1291 1273 1396 1315 parte

336 1325 405 1355 stet
422 1318 459 1354 in
484 1330 562 1355 uno
589 1326 732 1367 puncto
751 1323 777 1365 ⁷,
798 1318 894 1356 idest
911 1318 950 1354 in
969 1319 1119 1366 angulo,
1141 1326 1287 1356 constat
1316 1331 1397 1355 cor-

335 1384 406 1420 pus
422 1371 660 1419 sphaericum
674 1371 912 1409 velocissime
929 1372 1076 1408 moveri
1091 1379 1199 1408 motu
1216 1371 1395 1409 circulari.

337 1424 510 1461 Similiter
529 1424 641 1461 etiam
660 1424 823 1461 maxime
840 1424 1013 1462 retinebit
1031 1425 1228 1474 proprium
1244 1426 1394 1462 locum:

334 1477 423 1526 quia
450 1477 588 1514 scilicet
606 1479 708 1514 nulla
735 1491 823 1527 pars
844 1478 923 1515 eius
949 1477 1102 1526 incipiet
1127 1490 1210 1515 esse
1239 1477 1310 1515 nisi
1329 1478 1395 1515 ubi

334 1530 406 1567 alia
420 1531 503 1577 fuit3
524 1531 629 1579 quod
649 1531 686 1568 in
707 1532 930 1580 corporibus
945 1531 1142 1568 rectilineis
1157 1543 1235 1568 non
1251 1531 1395 1568 contin-

333 1584 393 1632 git,
406 1592 560 1633 propter
573 1585 888 1633 praeeminentias
905 1585 1170 1633 angulorum.-
1183 1585 1259 1622 Sed
1274 1585 1396 1633 figura

334 1638 529 1686 sphaerica
548 1645 603 1674 est
622 1638 787 1674 maxime
807 1638 935 1687 inepta
963 1638 1012 1675 ad
1031 1645 1181 1675 motum
1210 1650 1287 1686 quo
1307 1651 1394 1688 pro-

335 1690 476 1727 ceditur
504 1691 542 1727 in
570 1691 745 1728 anterius.
777 1692 818 1728 In
841 1692 942 1728 nullo
969 1690 1071 1728 enim
1100 1690 1284 1728 similatur
1313 1704 1394 1728 cor-

332 1744 488 1791 poribus
522 1744 759 1791 animalium,
795 1757 891 1793 quae
925 1751 1131 1782 moventur
1157 1757 1227 1793 per
1259 1745 1392 1794 seipsa.

334 1798 376 1833 In
404 1809 563 1846 corpore
597 1797 698 1834 enim
729 1797 926 1846 sphaerico
960 1797 1049 1835 nihil
1079 1805 1135 1834 est
1170 1798 1393 1847 depressum

331 1850 393 1886 vel
417 1850 716 1899 supereminens,
737 1851 831 1888 sicut
858 1851 1047 1888 invenitur
1065 1851 1104 1887 in
1133 1863 1293 1900 corpore
1314 1864 1393 1888 rec-

332 1902 475 1940 tilineo:
506 1903 572 1940 sed
600 1904 721 1951 figura
749 1904 944 1953 sphaerica
967 1903 1175 1953 plurimum
1197 1906 1217 1926 '²‘
1237 1904 1348 1942 distat
1372 1917 1394 1942 a

332 1956 452 2004 figura
471 1969 676 2005 corporum
696 1957 929 2005 animalium,
947 1970 1044 2006 quae
1065 1966 1271 1995 moventur
1285 1966 1394 1995 motu

331 2009 570 2058 progressivo
600 2010 810 2047 secundum
840 2011 1033 2058 quandam
1068 2011 1320 2048 elevationem
1359 2019 1396 2049 et

334 2062 635 2111 depressionem;
655 2063 757 2100 unde
778 2071 813 2100 et
833 2064 1007 2100 membra
1027 2064 1248 2101 animalium
1263 2065 1303 2102 in
1318 2065 1394 2102 suis

333 2115 511 2153 iuncturis
539 2125 625 2153 sunt
652 2116 848 2164 flexibilia,
878 2125 919 2154 ut
946 2117 1019 2154 sint
1047 2125 1134 2167 apta
1162 2117 1211 2155 ad
1244 2126 1394 2155 motum

332 2181 626 2217 progresswum.

371 2222 487 2269 ,Quia
524 2235 613 2270 ergo
649 2223 848 2271 oportebat
876 2221 890 2244 δ
923 2223 1027 2272 quod
1064 2231 1187 2261 totum
1222 2224 1394 2271 caelum,

332 2274 428 2312 idest
454 2275 536 2324 ipsa
563 2276 734 2324 sphaera,
763 2283 982 2313 moveretur
1009 2284 1116 2314 motu
1145 2277 1330 2323 circulari3
1361 2285 1396 2315 et

333 2329 436 2376 quod
464 2329 588 2365 stellae
618 2341 695 2365 non
722 2337 969 2366 moverentur
995 2338 1103 2367 motu
1131 2331 1394 2379 progressivo;

332 2381 599 2419 rationabiliter
635 2382 776 2419 factum
814 2382 879 2419 fuit
913 2383 1019 2431 quod
1055 2391 1261 2432 utrumque
1300 2392 1397 2421 esset

332 2434 584 2482 sphaericum,
605 2434 746 2472 scilicet
771 2443 806 2472 et
825 2436 986 2484 sphaera
1015 2444 1051 2473 et
1070 2437 1185 2474 stella.
1209 2437 1309 2484 Quia
1328 2449 1398 2486 per

331 2488 406 2524 hoc
434 2489 538 2536 quod
567 2489 715 2525 caelum
744 2495 799 2525 est
827 2489 1079 2537 sphaericum,
1105 2497 1161 2526 est
1188 2497 1320 2538 aptum
1349 2490 1398 2527 ad

333 2547 481 2576 motum
510 2540 745 2578 circularem:
775 2553 843 2590 per
870 2542 944 2578 hoc
976 2550 1105 2579 autem
1131 2542 1235 2590 quod
1270 2543 1397 2579 stellae

334 2600 420 2629 sunt
443 2593 674 2642 sphaericae,
695 2601 781 2631 sunt
809 2594 958 2643 ineptae
982 2595 1031 2632 ad
1049 2602 1197 2631 motum
1225 2607 1397 2643 progres-

335 2645 472 2682 sivum.
502 2646 612 2683 Unde
632 2659 710 2683 non
737 2654 941 2684 moventur
969 2647 1006 2684 in
1038 2647 1195 2695 circulis,
1223 2648 1290 2685 sed
1318 2661 1398 2685 ma-

330 2706 425 2750 nent
438 2699 469 2745 *,
492 2698 635 2736 delatae
665 2711 733 2748 per
759 2707 908 2737 motum
938 2699 1174 2737 circulorum.

390 2752 424 2788 3.
454 2752 583 2788 Potest
611 2760 738 2788 autem
769 2752 830 2789 hic
860 2765 941 2789 esse
971 2753 1169 2800 dubitatio,
1201 2766 1288 2791 cum
1317 2767 1398 2791 cor-

333 2817 428 2853 pora
455 2805 701 2853 sphaerarum
730 2818 807 2842 non
835 2806 1090 2855 percipiantur
1107 2807 1204 2854 visu,
1226 2820 1272 2844 eo
1293 2807 1398 2856 quod

335 2865 421 2894 sunt
449 2857 657 2906 diaphana,
694 2866 730 2895 et
761 2859 881 2907 possit
908 2859 981 2896 dici
999 2865 1010 2880 ‘
1030 2861 1135 2908 quod
1164 2861 1290 2897 stellae
1315 2873 1397 2898 mo-

332 2918 494 2947 veantur
513 2911 621 2959 quasi
641 2911 678 2947 in
702 2923 800 2958 aere,
823 2924 939 2960 quare
958 2913 1034 2950 hoc
1052 2912 1271 2950 Aristoteles
1290 2926 1398 2962 prae-

333 2963 489 3000 termisit
525 2963 725 3012 inquirere.

387 3017 463 3054 Sed
484 3017 689 3054 dicendum
705 3025 760 3054 est
779 3017 884 3066 quod
905 3018 1158 3067 multipliciter
1176 3028 1333 3068 apparet
1353 3032 1397 3057 ex

334 3069 390 3106 his
419 3082 516 3118 quae
541 3070 759 3108 Aristoteles
788 3072 909 3118 docet,
932 3084 1014 3108 esse
1042 3071 1080 3108 in
1110 3073 1214 3109 caelo
1243 3085 1322 3110 non
1338 3085 1397 3110 so-

388 3207 413 3241 β)
428 3216 479 3241 quo
492 3209 657 3241 sphaericum
671 3217 776 3242 corpus.
787 3224 806 3230 —-
819 3218 870 3243 quo
891 3218 987 3243 corpus
1001 3211 1168 3243 sphaericum
1181 3212 1212 3242 A,
1226 3212 1288 3244 quia
1302 3212 1395 3244 sphae-

336 3243 419 3268 ricum
437 3251 533 3276 corpus
552 3245 575 3275 1,
595 3252 646 3276 qua
668 3245 833 3277 sphaericum
857 3253 953 3278 corpus
972 3252 1019 3271 cet.
1031 3260 1051 3266 ·-
1064 3246 1120 3272 Lin.
1140 3255 1197 3280 seq.
1216 3255 1264 3279 pro
1283 3248 1335 3273 nisi
1355 3254 1395 3273 se-

335 3279 449 3303 cundum
463 3279 606 3310 rationem,
626 3280 644 3304 P
660 3286 685 3305 et
699 3281 773 3306 codd.
793 3289 845 3306 exc.
865 3283 888 3306 A
907 3282 959 3307 nisi
976 3282 1081 3307 ratione
1087 3289 1096 3312 ;
1115 3282 1146 3307 cf.
1161 3283 1219 3308 lect.
1234 3291 1318 3316 praec.
1329 3291 1394 3315 n.4,

337 3318 362 3338 et
380 3314 427 3338 loc.
443 3314 483 3338 cit.
502 3314 526 3339 in
546 3323 626 3347 marg.
639 3329 658 3334 -
670 3317 755 3341 solum
774 3324 827 3341 om.
846 3317 877 3341 D.

389 3349 415 3381 γ)
435 3351 484 3373 stet
497 3349 522 3374 in
537 3357 588 3374 uno
603 3354 712 3382 puncto.
723 3365 742 3370 —-
754 3355 805 3376 stet
823 3353 898 3384 quasi
910 3360 948 3377 ex
962 3351 1065 3386 (corrig.
1075 3353 1100 3378 in
1111 3354 1149 3387 in)
1163 3361 1215 3379 uno
1225 3357 1326 3386 puncto
1336 3355 1367 3380 A.
1377 3367 1396 3373 —

337 3382 373 3407 Ibi
391 3387 494 3408 constat
512 3391 606 3416 corpus
624 3386 788 3417 sphaericum
812 3388 972 3413 velocissime
995 3389 1107 3418 moveri,
1127 3390 1202 3414 codd.
1221 3395 1247 3414 et
1265 3390 1305 3414 ed.
1329 3388 1394 3414 15¹6

337 3419 529 3484 constgtfiquod
551 3427 646 3452 corpus
665 3421 829 3453 sphaericum
849 3423 1009 3449 velocissime
1028 3427 1148 3450 movetur
1167 3423 1324 3457 (moveatur
1342 3425 1395 3450 edi-

338 3457 373 3477 110
397 3460 403 3476 ι
432 3461 438 3476 1
479 3471 485 3477 .

391 3486 415 3519 ὃ)
438 3488 506 3518 Quia
524 3496 588 3522 ergo
601 3492 747 3522 oportebat.
760 3505 778 3510 -
794 3492 862 3522 Quia
878 3493 960 3526 igitur
974 3495 1105 3526 oportebit
1119 3496 1149 3520 A.
1161 3509 1180 3514 -
1192 3495 1243 3520 Pro
1258 3495 1325 3521 idest
1338 3496 1395 3528 ipsa

338 3523 466 3563 spbaem.
475 3522 494 3546 Ρ
509 3525 619 3564 εῑροᾱά.
633 3533 685 3550 exc.
699 3527 720 3550 A
734 3530 759 3551 et
774 3527 830 3558 ipsa
850 3529 971 3560 sphaera.
984 3543 1003 3548 —
1017 3530 1067 3554 Pro
1080 3531 1276 3556 rationabiliter
1287 3532 1394 3565 sactum

333 3558 397 3591 suit,
411 3559 568 3583 rationabile
573 3559 632 3591 suit
645 3561 733 3591 codd.;
752 3565 778 3586 et
792 3568 850 3587 ante
868 3564 982 3595 sphaera
996 3572 1049 3590 om.
1063 3566 1081 3590 P
1096 3571 1120 3590 et
1134 3566 1210 3591 codd.
1224 3574 1276 3591 exc.
1292 3567 1328 3598 A;
1347 3575 1395 3600 pro

334 3600 386 3626 per
404 3593 460 3623 hoc,
480 3594 550 3626 quod
568 3594 607 3618 bis
627 3595 751 3628 sequitur,
771 3596 789 3620 Ρ
809 3597 848 3622 bis
864 3602 976 3630 propter
994 3600 1051 3625 hoc.

393 3628 414 3661 ε)
430 3628 517 3660 possit
534 3628 595 3654 dica·-
605 3634 723 3661 -posset
737 3631 789 3656 dici
809 3632 836 3656 P.
850 3646 868 3650 -
882 3633 931 3658 Pro
947 3638 1109 3664 moveantur,
1123 3640 1262 3661 moventur
1277 3637 1331 3662 P.—
1344 3637 1394 3662 Pro

1031 287 1101 323 DE
1132 285 1307 322 CAELO
1337 285 1407 320 ET
1436 282 1632 320 MUNDO
1662 283 1756 320 LIB.
1788 284 1820 319 II

1453 363 1531 398 lum
1559 373 1720 410 corpora
1739 362 1931 398 stellarum
1962 360 2146 407 distincta,
2167 360 2235 397 sed
2256 360 2369 397 etiam
2388 361 2524 409 sphae-

1453 427 1591 451 rarum.
1622 414 1752 451 Primo
1782 414 1940 463 quidem
1965 427 2010 450 ex
2030 415 2104 450 hoc
2129 414 2213 462 ipso
2234 414 2340 461 quod
2361 414 2525 451 ostendit

1453 467 1575 504 stellas
1595 479 1675 504 non
1693 480 1763 516 per
1782 480 1822 504 se
1842 468 1991 505 moveri
2024 468 2099 504 hoc
2117 475 2225 503 motu
2246 466 2310 515 qui
2329 466 2369 503 in
2389 467 2443 503 eis
2458 479 2523 515 ap-

1452 528 1598 570 paret.-
1612 521 1790 558 Secundo
1808 533 1853 558 ex
1867 521 2012 558 ratione
2029 533 2145 569 quarn
2162 521 2306 569 supra*
2316 519 2522 568 praemisit,

1453 573 1542 623 quia
1569 575 1671 611 nulla
1705 581 1803 611 esset
1832 574 1925 611 ratio
1960 586 2075 623 quare
2110 574 2216 610 stella
2249 585 2346 621 quae
2379 572 2524 621 peragit

1453 627 1640 664 maiorem
1652 627 1871 675 gcirculum,
1890 627 2061 664 velocius
2081 634 2317 663 moveretur:
2341 625 2446 676 quod
2470 633 2523 662 ta-

1452 693 1543 718 men
1571 681 1687 718 habet
1714 680 1901 717 rationem
1921 679 2120 729 supposito
2150 687 2259 716 motu
2279 679 2521 726 circulorum,

1452 734 1542 782 quia
1557 734 1681 771 maior
1695 734 1856 771 circulus
1876 733 2145 771 rationabiliter
2159 732 2315 782 proprio
2334 739 2443 769 motu
2456 743 2524 769 ve-

1452 787 1572 824 locius
1587 795 1767 824 movetur
1782 789 1813 823 ²³².
1826 809 1850 815 -
1866 787 1998 824 Tertio
2020 787 2110 835 quia
2124 786 2345 823 Aristoteles
2365 785 2403 822 in
2422 785 2523 834 prin-

1453 840 1551 889 cipio
1575 841 1595 861 ss
1622 840 1734 877 huius
1762 840 1846 877 libri
1872 840 2051 889 probavit
2080 852 2163 876 esse
2197 839 2355 888 aliquod
2383 850 2523 887 corpus

1451 894 1556 942 quod
1578 893 1804 937 circulariter
1822 901 2018 931 movetur:
2039 900 2168 930 motus
2187 900 2316 930 autem
2335 893 2476 939 stellae,
2492 891 2524 928 si

1450 959 1521 995 per
1539 959 1580 983 se
1606 954 1829 983 moveretur
1853 947 1999 996 absque
2028 947 2133 993 orbe,
2155 953 2254 983 esset
2279 945 2523 995 processivus

1452 1007 1489 1035 et
1516 1011 1595 1036 non
1615 999 1815 1046 circularis,
1836 999 1926 1047 quia
1954 1011 2033 1036 non
2052 999 2308 1036 moveretur*
2322 999 2362 1036 in
2382 998 2522 1036 eodem
2550 1011 2559 1020 ·

1451 1053 1549 1089 loco.
1565 1073 1589 1080 -
1607 1053 1753 1099 Quarto
1769 1053 1789 1073 '¹‘
1810 1060 1966 1101 apparet
1986 1052 2074 1101 quia
2089 1052 2181 1089 illud
2200 1051 2364 1101 spatium
2385 1051 2423 1088 in
2443 1063 2521 1100 quo
2550 1063 2559 1073 ·

1452 1106 1580 1142 stellae
1609 1112 1835 1154 moventur,
1874 1117 1954 1142 non
1987 1112 2114 1154 potest
2141 1117 2225 1142 esse
2251 1117 2442 1151 vacuum,
2473 1116 2520 1141 eo

1453 1159 1560 1207 quod
1579 1157 1815 1207 impossibile
1836 1165 1891 1195 est
1910 1170 1993 1195 esse
2012 1170 2182 1195 vacuum
2201 1157 2240 1195 in
2255 1165 2403 1204 natura,
2421 1164 2465 1194 ut
2482 1157 2522 1194 in

1453 1213 1504 1249 IV
1531 1212 1680 1260 Physic.
1704 1212 1724 1233 *
1750 1211 1955 1261 probatum
1993 1219 2059 1248 est.
2090 1210 2130 1248 Si
2158 1223 2252 1248 vero
2282 1211 2328 1248 sit
2362 1211 2522 1259 plenum
2549 1219 2576 1266 ¹.

1452 1265 1579 1315 aliquo
1599 1265 1672 1302 alio
1703 1277 1875 1313 corpore,
1897 1264 2003 1314 quod
2031 1276 2109 1301 non
2137 1263 2323 1313 pertineat
2346 1264 2395 1300 ad
2415 1270 2524 1300 natu-

1452 1331 1534 1356 ram
1555 1319 1760 1365 stellarutn,
1782 1326 1874 1367 puta
1894 1317 1979 1366 igne
1999 1318 2060 1355 vel
2089 1329 2189 1364 aere,
2219 1317 2295 1354 hoc
2322 1315 2522 1354 manifeste

1452 1379 1507 1409 est
1534 1371 1809 1410 inconveniens
1844 1370 1984 1420 duplici
2013 1370 2180 1408 ratione:
2209 1369 2334 1419 primo
2363 1369 2522 1418 quidem

1451 1425 1542 1474 quia
1569 1437 1648 1462 non
1677 1432 1776 1462 esset
1809 1424 2043 1462 conveniens
2070 1431 2112 1461 ut
2145 1423 2250 1461 idem
2285 1430 2384 1460 esset
2415 1423 2524 1460 locus

1451 1491 1658 1528 corporum
1686 1478 1960 1526 generabilium
1981 1485 2018 1514 et
2046 1475 2362 1526 corruptibilium,
2383 1475 2524 1514 scilicet

1450 1531 1545 1580 ignis
1573 1540 1610 1569 et
1637 1531 1746 1578 aeris,
1775 1539 1812 1568 et
1840 1543 2048 1580 corporum
2076 1529 2432 1579 incorruptibilium,
2452 1528 2523 1566 sci-

1450 1585 1536 1622 licet
1563 1586 1768 1631 stellarum,
1791 1597 1878 1621 cum
1909 1584 2060 1621 diversa
2089 1595 2252 1633 corpora
2275 1583 2443 1620 habeant
2467 1581 2533 1632 dig

1449 1650 1562 1676 versa
1580 1639 1676 1686 loca,
1697 1637 1839 1675 naturis
1860 1649 1995 1675 eorum
2017 1636 2322 1687 proportionata3
2349 1636 2520 1674 seeundo

1449 1691 1539 1741 quia
1566 1704 1646 1729 non
1675 1699 1730 1728 est
1759 1690 1981 1728 rationabile
2010 1690 2116 1740 quod
2145 1702 2308 1739 corpora
2341 1688 2521 1726 inferiora

1449 1745 1523 1782 sint
1543 1744 1734 1791 continua,
1756 1752 1792 1780 et
1811 1755 1975 1792 corpora
1998 1743 2174 1780 caelestia
2192 1742 2264 1780 sint
2284 1743 2334 1780 ad
2353 1741 2521 1780 invicem

1450 1797 1727 1835 discontinuata
1741 1797 1773 1834 ³²².
1796 1797 2036 1846 Relinquitur
2055 1808 2145 1844 ergo
2161 1796 2268 1846 quod
2285 1802 2411 1833 totum
2429 1794 2523 1833 illud

1449 1851 1615 1900 spatium
1643 1851 1681 1888 in
1710 1863 1788 1900 quo
1813 1851 1941 1887 stellae
1969 1849 2148 1887 videntur
2175 1848 2337 1897 moveri,
2358 1856 2416 1886 est
2441 1849 2522 1900 ple-

1450 1917 1543 1942 num
1579 1904 1730 1941 caelesti
1759 1915 1940 1952 corpore,
1981 1902 2085 1952 quod
2113 1901 2275 1952 pertinet
2311 1901 2362 1940 ad
2396 1901 2523 1951 ipsam

1450 1957 1699 1995 substantiam
1737 1957 1998 2006 sphaerarum.
2029 1977 2053 1984 -
2079 1955 2223 2003 Quinto
2263 1955 2377 1993 etiam
2406 1955 2427 1977 ‘
2455 1965 2523 2006 ap·

1448 2019 1557 2060 paret
1585 2023 1630 2048 ex
1658 2011 1734 2048 hoc
1767 2009 1874 2059 quod
1902 2010 1960 2047 sol
1988 2016 2026 2046 et
2057 2010 2147 2046 luna
2174 2015 2381 2046 moventur
2408 2020 2524 2058 super

1451 2064 1611 2101 circulos
1627 2076 1666 2101 se
1682 2063 1848 2101 invicem
1870 2062 2158 2101 intersecantes:
2179 2062 2285 2111 quod
2303 2068 2462 2111 apparet
2475 2072 2523 2099 ex

1448 2119 1523 2155 hoe
1551 2117 1658 2166 quod
1686 2117 1776 2154 luna
1804 2116 2037 2166 quandoque
2072 2123 2127 2153 est
2160 2115 2373 2163 australior,
2403 2126 2523 2165 quan-

1449 2172 1578 2220 doque
1607 2170 1809 2218 borealior,
1830 2178 2004 2220 respectu
2033 2169 2161 2207 circuli
2184 2168 2224 2206 in
2249 2181 2328 2218 quo
2353 2168 2411 2206 sol
2438 2179 2524 2206 mo-

1447 2232 1570 2262 vetur.
1601 2223 1847 2261 Manifestum
1871 2231 1927 2261 est
1954 2230 2083 2260 autem
2112 2221 2218 2272 quod
2237 2221 2524 2259 intersectiones

1450 2278 1616 2315 duorum
1638 2277 1879 2324 circulorum,
1905 2276 1970 2327 qui
1990 2276 2166 2314 dicuntur
2183 2275 2288 2323 nodi,
2309 2274 2389 2313 sive
2410 2281 2524 2325 caput

1451 2339 1487 2368 et
1516 2331 1659 2378 cauda,
1685 2343 1764 2368 non
1792 2342 1946 2379 semper
1969 2337 2057 2367 sunt
2087 2329 2127 2366 in
2158 2329 2294 2366 iisdem
2321 2327 2473 2378 punctis
2490 2332 2522 2365 't

1451 2384 1620 2434 alioquin
1639 2395 1791 2432 semper
1809 2383 1847 2420 in
1868 2382 2013 2420 eisdem
2037 2381 2186 2432 punctis
2205 2382 2342 2419 fierent
2362 2381 2522 2431 eclipses

1451 2437 1540 2474 solis
1561 2444 1597 2473 et
1624 2437 1748 2482 lunae,
1779 2448 1877 2485 quae
1906 2447 1986 2472 non
2013 2442 2174 2484 possunt
2199 2434 2418 2483 contingere
2450 2433 2523 2472 nisi

1451 2491 1541 2526 luna
1577 2489 1616 2526 in
1650 2488 1919 2526 coniunctione
1958 2489 2021 2526 vel
2059 2487 2302 2538 oppositione
2339 2486 2522 2525 existente

1452 2542 1550 2579 circa
1579 2541 1746 2590 aliquem
1774 2541 1968 2579 nodorum
1996 2540 2293 2591 praedictorum.
2325 2540 2365 2578 Si
2393 2546 2521 2578 autem

1451 2596 1547 2632 haec
1575 2594 1771 2632 diversitas
1790 2594 1979 2632 accideret
2007 2594 2256 2632 solummodo
2275 2605 2345 2643 per
2372 2600 2523 2631 motum

1451 2649 1585 2695 lunae,
1615 2655 1837 2697 sequeretur
1865 2647 1971 2696 quod
1998 2648 2087 2684 luna
2116 2659 2195 2685 non
2213 2654 2435 2684 moveretur
2453 2646 2522 2685 cir-

1453 2701 1635 2748 culariter,
1657 2701 1724 2738 sed
1744 2701 1958 2738 secundum
1979 2701 2112 2738 elicam
2131 2701 2312 2748 figuram:
2338 2700 2445 2748 quod
2465 2707 2522 2738 est

1453 2763 1583 2792 contra
1612 2762 1786 2791 naturam
1822 2754 2039 2791 caelestium
2074 2765 2293 2803 corporum.
2331 2753 2395 2790 Sic
2429 2765 2520 2802 ergo

1451 2816 1554 2857 patet
1577 2807 1681 2856 quod
1706 2807 1786 2856 ipse
1802 2807 1822 2828 *
1839 2807 1999 2844 circulus
2027 2808 2139 2844 lunae
2163 2807 2279 2844 habet
2298 2818 2412 2844 suum
2435 2818 2520 2844 mo·
2549 2818 2558 2827 ·

1452 2869 1545 2898 turn.
1576 2862 1625 2898 Et
1653 2861 1790 2898 eadem
1819 2860 1963 2898 ratione
1993 2860 2153 2898 circulus
2177 2859 2267 2898 solis
2295 2866 2333 2897 et
2360 2858 2520 2897 aliarum

1453 2915 1644 2951 stellarum
1667 2915 1695 2951 *.

1504 2979 1541 3014 4.
1572 2968 1641 3004 Est
1668 2974 1796 3004 autern
1827 2966 2147 3005 considerandum
2176 2965 2295 3015 quod,
2321 2978 2410 3004 cum
2438 2965 2521 3004 Ari-

1452 3021 1602 3057 stoteles
1637 3020 1726 3058 dicit
1758 3033 1837 3058 non
1877 3033 1959 3058 esse
1993 3019 2214 3057 rationabile
2248 3019 2354 3069 quod
2386 3027 2521 3058 natura

1453 3071 1661 3110 curaverit⁰
1677 3074 1723 3110 de
1744 3073 1984 3121 animalibus,
2002 3081 2038 3111 et
2056 3073 2162 3123 quod
2182 3085 2344 3122 corpora
2363 3072 2417 3110 sic
2434 3085 2520 3123 pre·

1449 3219 1533 3245 quare
1551 3213 1600 3238 hoc
1618 3213 1774 3238 Aristoteles
1793 3213 1978 3245 praetermisit
2001 3213 2148 3246 inquirere,
2173 3213 2251 3247 quasi
2268 3213 2424 3240 Aristoteles
2437 3220 2520 3247 prae*

1450 3248 1565 3273 termisit
1582 3248 1631 3274 hoc
1650 3248 1784 3281 inquirere
1802 3250 1834 3274 A.

1502 3283 1528 3316 ζ)
1545 3284 1656 3317 peragit
1675 3283 1812 3309 maiorem.
1825 3285 1991 3317 —percurrit
2010 3285 2138 3311 maiorem
2153 3286 2176 3310 A
2183 3292 2191 3316 ς
2210 3290 2259 3311 cet.
2279 3290 2305 3310 et
2317 3285 2359 3310 ed.
2378 3283 2444 3310 1516
2463 3292 2520 3310 cor-

1449 3324 1523 3351 rupte
1544 3319 1654 3352 peragit
1673 3319 1811 3344 minorem.
1823 3334 1842 3339 —
1855 3321 1945 3345 Statim
1965 3328 2014 3354 pro
2037 3321 2152 3346 velocius
2170 3323 2336 3350 moveretur,
2361 3319 2380 3345 P
2399 3325 2426 3347 et
2443 3320 2520 3346 codd.

1450 3362 1502 3379 exc.
1517 3355 1539 3379 A
1559 3355 1683 3380 velociter
1706 3358 1865 3381 moveretur.
1883 3370 1902 3375 -
1921 3356 1972 3381 Pro
1995 3356 2074 3382 habet
2097 3356 2243 3386 rationem,
2263 3355 2283 3380 P
2302 3355 2411 3381 haberet
2435 3356 2519 3382 ratio·

1450 3397 1518 3415 nem.
1532 3404 1552 3410 —
1565 3390 1616 3415 Pro
1635 3390 1839 3421 rationabiliter,
1860 3391 1969 3417 realiter
1988 3391 2007 3416 Ρ
2028 3397 2053 3417 et
2070 3391 2146 3417 codd.
2161 3399 2215 3417 ac.
2227 3392 2260 3416 Α.

1503 3425 1530 3458 η)
1551 3433 1602 3450 non
1617 3433 1720 3458 semper
1734 3430 1797 3451 sunt
1812 3426 1838 3451 in
1855 3426 1945 3452 iisdem
1961 3427 2110 3459 punctis.-
2127 3427 2168 3452 Sic
2182 3428 2214 3452 A.
2234 3425 2325 3451 PDEG
2344 3433 2396 3452 non
2415 3433 2519 3459 semper

1449 3464 1511 3486 sunt
1531 3461 1599 3486 idem
1614 3464 1739 3493 punctus,
1759 3462 1801 3486 CF
1815 3470 1866 3487 non
1882 3469 1986 3495 semper
2000 3465 2063 3488 sunt
2078 3462 2147 3488 idem
2162 3462 2271 3495 punctis
2277 3470 2286 3492 ;
2305 3461 2329 3487 sl
2343 3469 2396 3487 non
2415 3468 2519 3495 semper

1449 3499 1511 3522 sunt
1531 3496 1598 3522 idem
1621 3498 1717 3529 puncti
1723 3505 1731 3527 ;
1751 3498 1777 3530 pl
1804 3498 1871 3528 abr.;
1892 3499 1912 3522 Β
1935 3505 1986 3523 non
2007 3505 2111 3530 semper
2128 3501 2192 3523 sunt
2215 3497 2284 3523 idem
2306 3497 2518 3530 penitus.-Pro

1443 3531 1544 3564 fierent
1563 3532 1678 3564 eclipses,
1699 3533 1717 3557 P
1738 3539 1763 3558 et
1781 3533 1856 3558 codd.
1876 3541 1930 3558 exc.
1949 3534 1971 3563 A
1983 3533 2065 3566 fleret
2083 3533 2196 3566 eclipsis.

1504 3566 1528 3600 θ)
1547 3568 1619 3600 quod
1632 3571 1731 3593 ›zatura
1749 3569 1922 3594 curaverit.-
1937 3569 2008 3600 quod
2025 3576 2085 3594 cum
2105 3572 2204 3594 natura
2222 3568 2359 3594 curaverit
2372 3568 2448 3593 codd.
2463 3574 2517 3592 exc.

1450 3603 1480 3631 A,
1501 3603 1547 3628 sed
1566 3603 1661 3628 tollunt
1680 3608 1835 3628 structuram
1855 3605 2029 3629 sententiae.-
2041 3603 2091 3629 Pro
2109 3604 2148 3630 sic
2166 3604 2290 3637 pren‘osa
2309 3603 2460 3636 reliquerit,
2480 3602 2518 3628 sic

1446 3638 1566 3670 pretiosa
1586 3639 1626 3663 vel
1644 3638 1843 3664 honorabiliora
1862 3639 2013 3672 neglexerit
2031 3640 2062 3664 A.

2552 528 2562 536 ·
2577 525 2642 548 Lect.
2652 531 2685 553 xi,
2696 532 2753 553 ιι.4.

2549 797 2559 806 '
2576 796 2613 818 Cf.
2622 795 2680 818 ibid.
2690 800 2714 819 n.
2722 796 2747 820 6.

2550 849 2562 860 ⁶
2576 848 2628 871 Lib.
2637 849 2656 877 1,
2670 849 2724 872 lect.
2732 855 2764 872 π.

2548 1789 2712 1850 :aare
2726 1800 2764 1823 ὰ·-

2549 1963 2722 1987 *mnata
