2782 4134
346 245 388 269 12

1041 233 1112 269 DE
1143 231 1317 268 CAELO
1347 231 1418 268 ET
1447 230 1641 268 MUNDO
1671 230 1765 265 LIB.
1797 230 1811 264 l

340 311 507 349 cundum
542 311 738 360 propriam
776 318 949 348 naturam
976 311 1204 360 principium
1243 309 1398 346 alicuius
1454 309 1599 345 elicam.
1636 308 1748 345 Unde
1781 306 2013 357 simplicium
2048 321 2256 359 corporum
2284 324 2442 351 necesse
2472 322 2530 353 est

339 372 464 402 motus
493 365 683 414 simplicis.
700 386 723 393 -
744 366 793 402 Et
821 377 865 402 ex
889 366 964 402 hoc
993 364 1182 401 concludit
1205 363 1313 411 *quod
1333 375 1397 399 ne·
1453 373 1534 398 esse
1559 360 1749 409 simplices
1777 369 1922 399 motus:
1952 362 2160 401 mixtorum
2189 372 2336 414 autem,
2366 367 2525 418 mixtos,

339 430 442 455 cesse
471 426 526 455 est
544 426 678 455 motuu
739 419 926 467 quosdam
956 430 1037 454 esse
1062 417 1261 465 simplices,
1282 427 1395 464 quos-

337 471 426 509 dam
443 479 568 508 autem
583 472 707 521 aliqua
721 472 789 508 iter
802 472 954 509 mixtos:
975 471 1054 508 sive
1074 470 1123 506 ita
1141 469 1246 517 quod
1266 475 1394 504 motus

337 525 474 562 mixtus
503 537 581 562 non
601 525 646 562 sit
673 537 783 572 unus,
805 526 871 562 sed
890 525 1035 561 habens
1059 523 1225 560 diversas
1253 529 1391 570 partes,

336 578 430 614 sicut
448 578 507 615 ille
536 578 599 627 qui
620 578 860 627 componitur
882 590 926 614 ex
956 576 1163 613 elevatione
1185 582 1220 611 et
1240 575 1391 623 depres-

335 631 453 678 sione,
474 639 538 668 aut
557 644 602 668 ex
620 633 731 680 pulsu
751 638 786 668 et
804 639 936 676 tractu;
966 630 1047 666 sive
1066 629 1115 665 ita
1139 628 1244 677 quod
1263 635 1391 665 motus

334 684 472 721 mixtus
500 685 546 721 sit
572 697 682 731 unus,
703 684 797 721 sicut
822 690 925 732 patet
953 684 999 720 de
1019 690 1128 719 motu
1156 682 1220 730 qui
1240 681 1278 718 in
1298 681 1391 718 obli-

334 749 454 785 quum
482 738 608 785 tendit,
639 745 675 774 et
703 737 749 774 de
777 745 883 774 motu
902 735 915 757 λ
943 736 1005 784 qui
1029 743 1083 772 est
1111 747 1224 784 super
1251 735 1388 772 lineam

383 895 411 928 λ)
424 896 470 928 qui
481 896 507 921 in
520 895 649 927 obliquum
664 895 754 924 tendit,
773 898 800 920 et
814 895 846 920 de
860 898 941 920 motu.
954 908 974 914 -
986 895 1056 919 Haec
1068 894 1221 919 omittuntur
1238 901 1252 918 a
1267 894 1286 918 P
1294 901 1301 924 ;
1317 894 1387 926 quod

330 936 415 964 potest
433 931 548 964 explicari
561 936 603 955 aut
616 931 675 963 quia
693 931 884 955 homoteleuton
905 931 1042 961 continent,
1057 935 1101 955 aut
1115 930 1174 962 quia
1190 934 1314 962 expuncta
1327 934 1387 954 sunt

329 972 434 1000 propter
452 967 572 991 mendum
585 967 700 991 codicum
715 974 765 991 exc.
776 967 807 996 A,
824 966 868 999 qui
883 966 909 990 in
925 965 1057 998 obliquum
1070 970 1238 998 corrumpunt
1257 965 1282 989 in
1296 964 1387 989 mobili

329 1003 460 1071 quati-§Ze
479 1041 557 1063 motu.
570 1051 589 1056 —
606 1037 631 1062 in
651 1039 722 1062 motu
741 1037 771 1061 A.
785 1037 967 1062 -huiusmodi
986 1037 1126 1069 corrumpit
1144 1036 1163 1060 P
1183 1036 1208 1061 in
1228 1035 1314 1060 unius.

1450 422 1491 451 ut
1521 422 1625 463 patet
1653 413 1701 451 de
1731 421 1842 451 motu
1870 421 1891 443 ι’·
1921 416 2076 464 pluviae
2105 424 2171 455 aut
2203 418 2361 458 alicuius
2393 421 2526 460 huius-

1449 467 1556 504 modi
1581 467 1763 516 corporis,
1782 467 1832 505 ‘in
1860 481 1940 518 quo
1967 482 2047 508 non
2075 471 2239 509 totaliter
2266 473 2432 521 gravitas
2460 484 2527 514 aut

1448 520 1579 558 levitas
1600 520 1831 558 dominatur.
1853 522 1903 559 Et
1922 523 1952 560 si
1972 524 2179 574 aliquando
2205 526 2400 576 contingat
2417 529 2525 578 quod

1449 586 1587 623 corpus
1606 573 1768 611 mixtum
1788 584 1993 614 moveatur
2011 586 2122 616 motu
2141 579 2313 630 simplici,
2333 582 2411 619 hoc
2430 582 2500 620 erit
2512 589 2525 604 ¹·

1447 627 1660 664 secundum
1681 628 1916 667 elementum
1940 630 1979 668 in
2009 644 2056 668 eo
2079 634 2398 683 praedominans3
2428 636 2526 674 sicut

1446 681 1588 717 sermm
1617 682 1798 719 movetur
1826 682 2011 722 deorsum
2039 687 2257 726 secundum
2277 697 2428 727 motum
2449 697 2522 728 ter-

1445 746 1520 781 rae,
1542 746 1642 782 quae
1666 734 1705 772 in
1727 735 1808 773 eius
1837 736 2020 775 mixtione
2050 739 2280 780 dominatur.

1477 893 1525 934 y).
1540 894 1589 919 hoc
1606 894 1700 936 erit..—
1713 895 1763 921 hoc
1781 899 1822 921 est
1840 896 1860 921 P
1879 901 1907 922 et
1924 898 2027 924 codices
2046 904 2155 932 excepto
2173 901 2209 932 Α,
2224 902 2272 927 sed
2290 902 2343 928 erit
2361 903 2389 928 S.
2401 902 2520 929 Thomas

1441 929 1483 953 tali
1504 935 1697 971 circumstantia
1716 932 1851 957 consuevit
1869 933 1919 965 uti3
1938 933 1971 959 cf.
1990 942 2029 960 ex.
2043 943 2084 968 gr.
2104 936 2164 961 lect.
2178 944 2237 970 seq.
2257 937 2303 964 lin.
2315 945 2426 964 nonm-
2437 937 2520 965 Linea

1439 970 1560 997 sequenti
1579 973 1627 998 pro
1647 966 1674 991 ίη
1688 973 1727 997 eo,
1747 967 1820 1000 quod
1839 967 1865 992 1’n
1880 975 1911 994 eo
1925 972 1966 995 est
1977 970 2010 1002 P;
2029 978 2078 1004 pro
2090 971 2161 997 sicut
2172 972 2282 1007 serrum
2298 977 2422 1000 movetur
2440 974 2519 1001 deor-

1439 1007 1497 1060 Zum
1516 1001 1663 1027 secundum
1682 1006 1784 1063 nlijotum
1799 1007 1898 1036 terrae,
1910 1005 1983 1031 sicut
1990 1007 2102 1040 serrum
2119 1012 2242 1034 movetur
2255 1010 2401 1036 secundum
2415 1014 2519 1037 motum

1458 1043 1563 1061 eorsum
1584 1040 1674 1063 terrae
1718 1056 1725 1064 .
