2782 4134
1134 241 1247 277 CAP.
1277 231 1364 289 vn,
1394 242 1547 280 LECT.
1577 244 1650 281 xv
2440 248 2486 284 61

288 322 396 371 quod
424 322 642 360 naturaliter
678 323 754 360 hoc
786 320 906 359 modo
941 325 1146 356 moveatur
1174 331 1197 356 a
1224 318 1362 356 virtute

289 375 448 413 infinita.

347 430 381 466 5.
394 429 567 466 Tertiam
578 428 766 468 rationem
780 426 890 477 ponit
898 425 962 463 ibi:
977 426 1114 463 Adhuc
1125 436 1280 462 movens
1291 431 1360 462 etc.

289 483 340 520 Et
365 483 463 520 haec
491 483 647 532 quidem
668 482 762 520 ratio
790 480 981 518 inducitur
999 479 1050 516 ad
1078 478 1362 516 excludendum

290 535 555 574 obviationem
584 535 781 585 quandam
815 534 864 571 ad
891 532 1127 583 praedictam
1161 532 1360 570 rationem.

289 590 426 627 Posset
445 590 550 627 enim
569 590 704 638 aliquis
725 588 852 626 dicere
881 586 987 636 quod
1007 598 1147 635 corpus
1170 586 1362 622 infinitum

289 650 470 680 movetur
497 642 714 680 naturaliter
741 650 821 678 non
853 641 1011 689 quidem
1041 640 1089 676 ab
1118 639 1214 687 alio,
1244 639 1313 675 sed
1341 651 1364 675 a

288 696 428 746 seipso,
449 696 546 733 sicut
564 695 744 733 animalia
768 694 945 732 dicuntur
972 694 1098 743 seipsa
1126 704 1306 730 movere:
1327 699 1364 728 et

289 750 343 787 sic
370 762 450 787 non
469 757 650 798 sequetur
668 757 751 786 esse
781 748 859 785 duo
886 759 1049 797 corpora
1076 746 1236 794 infinita,
1256 746 1362 794 quod

286 803 500 852 praemissa
536 802 630 839 ratio
666 801 931 839 concludebat.
947 822 972 829 -
987 802 1037 838 Et
1065 800 1152 837 ideo
1180 798 1363 848 proponit

286 855 394 905 quod
421 867 579 893 necesse
608 862 666 893 est
694 855 832 903 dicere,
854 855 885 892 si
913 855 959 892 sit
987 866 1127 903 corpus
1155 853 1360 901 infinitum,

285 909 394 959 quod
431 921 596 947 movens
633 909 761 959 ipsum
799 909 847 946 sit
883 908 1027 957 aliquid
1059 907 1183 944 aliud:
1213 906 1303 954 quia
1331 906 1362 943 si

286 970 463 1000 moveret
490 962 673 1012 seipsum,
695 970 794 1000 esset
821 962 1034 1000 animatum
1060 962 1154 1009 (hoc
1184 960 1286 997 enim
1307 967 1363 996 est

284 1015 486 1066 proprium
515 1016 758 1066 animalium,
788 1016 894 1066 quod
922 1016 1048 1065 seipsa
1077 1016 1289 1061 moveant).
1322 1013 1363 1051 Si

285 1081 378 1117 ergo
395 1082 535 1119 corpus
553 1070 745 1108 infinitum
774 1070 821 1107 sit
839 1082 1004 1107 movens
1024 1068 1206 1117 seipsum,
1228 1079 1361 1117 seque-

284 1129 347 1160 tur
375 1124 480 1172 quod
508 1123 555 1160 sit
582 1124 723 1161 animal
751 1123 955 1161 infinitum.
987 1123 1066 1160 Sed
1093 1123 1169 1159 hoc
1197 1133 1277 1158 non
1304 1121 1361 1158 vi-

277 1175 397 1224 detur
419 1187 514 1214 esse
549 1178 751 1226 possibile,
785 1177 876 1227 quia
913 1188 1030 1214 omne
1067 1175 1208 1213 animal
1246 1175 1362 1211 habet

284 1228 578 1268 determinatam
606 1231 771 1280 figuram
801 1237 837 1267 et
869 1229 1162 1268 determinatam
1198 1239 1360 1276 propor—

283 1282 430 1320 tionem
466 1284 632 1333 partium
661 1286 711 1322 ad
743 1291 888 1332 totum,
918 1283 1024 1333 quod
1062 1294 1142 1320 non
1179 1280 1362 1330 competit

283 1335 447 1374 infinito.
469 1338 538 1375 Sic·
560 1337 672 1386 igitur
691 1350 770 1375 non
796 1344 924 1387 potest
952 1336 1025 1374 dici
1043 1336 1150 1385 quod
1168 1334 1360 1372 infinitum

283 1398 444 1428 moveat
469 1386 653 1440 seipsum.
682 1391 723 1428 Si
751 1399 880 1428 autem
911 1390 1057 1428 dicatur
1083 1389 1190 1437 quod
1218 1388 1360 1438 aliquid

284 1443 389 1481 aliud
417 1452 575 1482 moveat
601 1444 742 1494 ipsum,
763 1451 943 1494 sequetur
961 1443 1068 1492 quod
1095 1442 1170 1479 sint
1198 1441 1276 1479 duo
1304 1441 1360 1479 in-

283 1495 403 1545 finita,
420 1498 561 1535 scilicet
579 1510 746 1535 movens
767 1505 804 1534 et
817 1497 922 1547 quod
941 1503 1131 1534 movetur.
1150 1496 1199 1533 Et
1218 1507 1262 1532 ex
1283 1495 1359 1533 1108

283 1549 454 1602 sequitur
472 1551 577 1600 quod
597 1551 778 1589 differunt
795 1550 1011 1588 secundum
1040 1549 1210 1599 speciem
1231 1557 1267 1586 et
1285 1549 1359 1586 vir-

282 1609 422 1641 tutem:
451 1604 543 1654 quia
561 1616 726 1642 movens
754 1611 1000 1654 comparatur
1019 1605 1069 1641 ad
1096 1603 1239 1640 mobile
1264 1602 1360 1640 sicut

282 1664 390 1695 actus
417 1659 466 1695 ad
492 1658 718 1708 potentiam.
740 1658 827 1695 Hoc
855 1666 984 1695 autem
1015 1665 1070 1695 est
1097 1656 1356 1706 impossibile,

247 1731 257 1742 ·
281 1709 379 1748 sicut
405 1711 512 1761 prius
541 1712 562 1733 ²⁸⁸
590 1711 735 1749 dictum
764 1719 831 1749 est.

327 1765 364 1802 6.
376 1765 528 1803 Deinde
543 1777 634 1803 cum
649 1765 752 1804 dicit:
764 1765 807 1802 Si
814 1771 941 1803 autem
952 1777 1027 1802 non
1042 1764 1262 1801 continuum
1273 1770 1358 1812 etc„

282 1819 449 1856 ostendit
475 1831 555 1856 non
583 1831 667 1856 esse
691 1818 884 1856 infinitum
912 1831 993 1856 non
1022 1817 1264 1866 continuum,
1290 1817 1360 1854 sed

282 1871 503 1910 distinctum
521 1885 592 1922 per
610 1872 938 1922 interpositionem
955 1871 1082 1920 vacui,
1103 1871 1200 1908 sicut
1216 1883 1358 1920 posue·

281 1933 369 1963 runt
405 1926 717 1964 Democritus-et
744 1925 976 1975 Leucippus.
1007 1926 1056 1963 Et
1089 1925 1165 1962 hoc
1193 1925 1360 1962 ostendit

280 1979 401 2017 tribus
443 1979 665 2018 rationibus.
706 1979 817 2017 Circa
859 1991 1022 2029 quarum
1063 1978 1231 2028 primam
1271 1977 1360 2016 dicit

281 2033 400 2082 quod,
417 2033 448 2071 si
467 2033 659 2071 infinitum
679 2046 760 2071 non
774 2033 820 2071 sit
833 2045 958 2070 unum
977 2040 1101 2070 totum
1118 2032 1357 2080 continuum,

281 2086 362 2135 sed,
392 2086 489 2124 sicut
517 2086 648 2124 dicunt
669 2087 916 2124 Democritus
945 2094 982 2124 et
1010 2085 1230 2135 Leucippus
1257 2083 1282 2134 0,
1304 2085 1359 2123 di-

280 2140 492 2188 stinguatur
509 2153 636 2178 vacuo
656 2140 884 2178 intermedio
900 2141 1117 2189 (ponebant
1132 2139 1236 2176 enim
1251 2138 1359 2187 quod

281 2205 446 2242 corpora
479 2193 724 2231 indivisibilia
760 2206 839 2230 non
872 2200 1035 2242 possunt
1071 2191 1238 2229 invicem
1268 2204 1358 2229 con-

279 2245 385 2295 iungi
407 2246 479 2284 nisi
496 2259 622 2285 vacuo
642 2246 872 2294 mediante);
902 2245 1117 2283 secundum
1141 2253 1270 2282 autem
1290 2245 1360 2282 ho-

281 2312 368 2338 rum
397 2299 624 2350 opinionem
653 2307 661 2321 ·
690 2300 860 2350 sequitur
887 2299 993 2349 quod
1023 2298 1283 2336 necessarium
1313 2298 1359 2336 sit

281 2353 459 2391 omnium
479 2366 561 2391 esse
589 2366 712 2391 unum
732 2361 897 2391 motum.
918 2353 1108 2390 Dicebant
1130 2351 1232 2389 enirn
1252 2352 1358 2402 quod

278 2406 341 2445 illa
369 2420 533 2457 corpora
550 2407 794 2445 indivisibilia
813 2406 959 2444 infinita
985 2414 1073 2443 sunt
1095 2406 1356 2452 determinata,

280 2460 378 2499 idest
406 2461 580 2499 distincta
608 2462 658 2499 ad
687 2461 865 2508 invicem,
889 2459 1136 2497 solummodo
1164 2471 1235 2508 per
1261 2458 1358 2506 figu-

280 2527 353 2562 ras,
374 2514 602 2564 inquantum
631 2514 771 2552 scilicet
797 2526 920 2551 unum
946 2525 1082 2550 eorum
1111 2520 1168 2549 est
1189 2512 1357 2561 pyrami-

281 2568 379 2616 dale,
400 2568 503 2606 aliud
531 2568 788 2618 sphaericum,
809 2567 914 2605 aliud
942 2566 1134 2614 cubicum,
1161 2573 1198 2603 et
1226 2565 1280 2602 sic
1309 2565 1356 2602 de

280 2621 381 2669 aliis3
411 2629 448 2659 et
483 2629 613 2659 tamen
641 2622 773 2660 dicunt
799 2629 977 2659 naturam
1012 2620 1189 2657 omnium
1219 2631 1356 2656 eorum

281 2688 366 2712 esse
393 2688 532 2724 unam,
562 2676 659 2713 sicut
685 2675 717 2712 si
738 2675 873 2725 aliquis
903 2676 923 2696 *
952 2674 1052 2712 dicat
1084 2673 1191 2723 quod
1218 2685 1357 2710 unum-

280 2729 464 2779 quodque
494 2741 642 2777 eorum,
667 2741 737 2778 per
764 2741 804 2766 se
833 2735 1065 2778 separatum,
1091 2727 1137 2764 sit
1157 2726 1204 2764 de
1224 2733 1358 2763 natura

279 2783 373 2821 auri.
396 2783 436 2820 Si
464 2790 593 2820 autem
613 2795 749 2820 eorum
775 2789 832 2819 est
851 2794 930 2819 una
953 2789 1099 2828 natura,
1120 2792 1277 2817 necesse
1302 2787 1359 2817 est

279 2836 385 2886 quod
405 2837 452 2874 sit
469 2849 569 2874 unus
589 2843 626 2873 et
644 2836 748 2874 idem
764 2843 893 2873 motus
914 2847 1061 2883 eorum,
1078 2847 1158 2871 non
1182 2835 1357 2871 obstante

258 2890 388 2940 ‘quod
406 2890 481 2928 sint
508 2890 693 2928 minimae
720 2896 848 2939 partes
877 2900 1104 2938 corporum;
1134 2887 1224 2937 quia
1251 2887 1356 2924 idem

281 2951 338 2980 est
351 2951 481 2993 motus
495 2943 610 2981 totius
625 2951 663 2981 et
675 2942 806 2992 partis,
819 2942 915 2980 sicut
928 2942 1043 2979 totius
1055 2949 1176 2978 terrae
1193 2949 1229 2978 et
1242 2941 1356 2978 unius

280 2996 358 3033 boli
371 2997 482 3043 (idest
499 2997 613 3034 unius
631 2996 866 3046 particulae),
887 3003 924 3033 et
942 2996 1057 3033 totius
1071 2995 1167 3044 ignis
1187 3002 1224 3032 et
1241 2994 1356 3031 unius

281 3050 473 3087 scintillae.
485 3071 510 3077 -
532 3050 572 3087 Si
601 3062 690 3098 ergo
720 3050 853 3087 omnia
881 3057 968 3087 sunt
997 3049 1170 3086 eiusdem
1198 3057 1356 3086 naturae

269 3111 319 3140 ·et
346 3103 489 3141 habent
508 3103 676 3140 eundem
705 3111 874 3151 motum,
905 3110 970 3140 aut
989 3102 1121 3140 omnia
1149 3110 1356 3140 moventur

281 3156 466 3194 deorsum
503 3156 613 3205 quasi
640 3156 821 3194 habentia
854 3157 1097 3205 gravitatem,
1128 3163 1165 3193 et
1193 3156 1247 3193 sic
1273 3155 1356 3192 nul-

334 3296 359 3332 0)
380 3298 418 3323 Et
435 3298 484 3324 hoc
503 3297 620 3323 ostendit
669 3297 829 3329 Leucippus.
840 3311 860 3316 —-
872 3298 910 3323 Ita
923 3298 1018 3330 ΡΑ5Ε;
1037 3304 1087 3324 cet.
1099 3299 1223 3324 omittunt
1237 3300 1299 3332 quia
1311 3299 1358 3324 ho-

281 3335 453 3359 moteleuton.
470 3348 489 3352 -
507 3334 560 3358 Pro
580 3333 774 3366 distinguatur,
795 3333 866 3365 quod
884 3334 1071 3367 distinguatur
1089 3335 1118 3359 P.

336 3369 355 3402 ι)
374 3369 518 3394 secundum
531 3372 621 3394 autem
636 3369 732 3394 horum
746 3368 906 3400 opinionem.
916 3382 938 3393 .-
950 3369 1002 3394 Pro
1014 3370 1175 3401 opinionem,
1188 3370 1358 3402 compositio-

281 3412 342 3430 nem
361 3405 531 3437 BCDFGpE,
549 3404 804 3436 contrapositionem
823 3404 846 3435 Ι,
860 3404 1023 3436 positionem
1043 3405 1115 3435 PsE;
1138 3406 1356 3437 compositionem

281 3445 323 3465 est
342 3440 472 3472 corruptio
491 3448 540 3473 pro
560 3439 711 3472 opinionem
726 3440 824 3474 (ypom
838 3447 887 3472 pro
901 3440 1006 3472 opom).
1027 3440 1085 3464 Vox
1102 3443 1192 3465 autem
1206 3440 1316 3466 habetur
1330 3441 1357 3466 in

280 3475 404 3500 omnibus
424 3475 500 3500 codd.
519 3480 545 3500 et
570 3476 629 3500 edd.
636 3484 643 3507 ;
668 3476 694 3500 in
713 3475 732 3499 P
751 3483 814 3499 vero
840 3483 918 3508 super
937 3475 1002 3500 hanc
1027 3483 1121 3500 vocem
1144 3477 1304 3508 impressum
1317 3477 1356 3502 le-

282 3511 351 3544 gitur
370 3511 490 3542 invicem,
509 3511 576 3536 forte
595 3512 627 3536 ad
646 3511 796 3538 delendum.

297 3578 299 3580 η
336 3545 362 3581 κ)
382 3546 493 3571 eandem
513 3546 645 3572 rationem
666 3546 842 3571 universalius
850 3546 940 3578 ponit.
952 3560 972 3565 -
984 3546 1095 3571 eandem
1109 3546 1221 3572 ulterius
1235 3547 1316 3579 ponit
1325 3547 1355 3575 P:

282 3582 330 3606 sed
349 3582 461 3607 ulterius
480 3582 566 3606 minus
584 3581 626 3607 hic
645 3583 755 3615 quadrat
778 3589 858 3614 quam
883 3582 1068 3607 univer-salius.
1091 3582 1131 3607 Cf.
1150 3582 1299 3608 immediate
1319 3583 1356 3608 Et

282 3617 350 3642 dicit
367 3617 438 3649 quod
457 3617 644 3643 uniuersaliter
657 3625 811 3650 possumus.

1419 324 1500 361 lum
1521 336 1660 373 corpus
1680 324 1750 361 erit
1777 323 1996 373 simpliciter
2014 325 2110 372 leve,
2133 337 2222 362 cum
2251 326 2380 363 omnia
2409 340 2490 365 cor-

1418 389 1516 427 pora
1535 378 1708 415 dicantur
1727 379 1747 399 ‘²‘
1769 389 1851 414 esse
1871 390 1918 414 ex
1935 377 1994 415 his
2014 379 2246 427 composita3
2277 387 2342 416 aut
2361 381 2491 418 omnia

1419 439 1627 468 moventur
1646 443 1799 468 sursum
1828 431 1937 479 quasi
1955 432 2136 469 habentia
2155 432 2361 479 levitatem,
2383 440 2419 470 et
2437 434 2490 471 sic

1419 485 1567 521 nullum
1597 497 1736 534 corpus
1763 485 1832 522 erit
1859 496 1992 532 grave;
2022 485 2127 533 quod
2157 493 2214 522 est
2240 485 2487 534 impossibile.

1474 550 1510 586 7.
1533 539 1751 576 Secundam
1773 537 1961 575 rationem
1979 538 2088 587 ponit
2108 538 2176 575 ibi:
2195 539 2332 576 Adhuc
2348 540 2383 576 si
2398 552 2489 589 gra-

1419 591 1570 628 vitatem
1592 600 1679 629 etc.:
1705 604 1805 640 quae
1836 592 1855 613 *
1874 592 1956 628 talis
1977 600 2043 628 est.
2065 592 2194 629 Omne
2215 605 2353 641 corpus
2373 605 2488 640 grave

1420 652 1599 682 movetur
1627 645 1676 682 ad
1705 645 1895 692 medium,
1925 657 2043 682 omne
2076 653 2206 682 autern
2236 658 2374 695 corpus
2403 647 2488 683 leve

1421 705 1600 735 movetur
1619 699 1667 736 ad
1687 704 1912 735 extremum.
1936 698 1975 735 Si
1996 711 2086 746 ergo
2107 699 2261 747 aliquod
2280 700 2342 735 vel
2367 699 2488 748 quod-

1420 750 1509 787 libet
1527 751 1811 800 praedictorum
1839 751 2122 789 indivisibilium
2145 764 2352 801 corporum
2373 753 2488 789 habe-

1420 811 1476 840 ret
1503 804 1727 852 gravitatem
1747 813 1811 842 aut
1829 806 2035 853 levitatem,
2060 813 2282 854 sequeretur
2310 805 2414 854 quod
2434 813 2490 842 to-

1419 857 1492 894 tius
1521 858 1630 906 spatii
1669 859 1834 895 contenti
1863 871 1908 896 ex
1940 858 2230 896 indivisibilibus
2266 859 2490 907 corporibus

1421 919 1457 948 et
1483 911 1617 948 vacuis
1646 911 1894 959 intermediis,
1925 913 1972 949 sit
2000 912 2155 961 aliquod
2183 919 2397 949 extremum
2427 920 2491 949 aut

1419 964 1605 1002 medium.
1637 964 1714 1002 Sed
1751 966 1827 1002 hoc
1865 973 1919 1002 est
1955 965 2212 1014 impossibile,
2243 978 2331 1002 cum
2366 972 2490 1003 totum

1419 1018 1519 1055 istud
1547 1018 1712 1067 spatium
1737 1018 1783 1056 sit
1801 1018 2002 1055 infinitum.
2025 1019 2263 1068 Relinquitur
2282 1031 2371 1067 ergo
2390 1020 2490 1056 hanc

1418 1071 1650 1120 positionem
1680 1084 1762 1109 esse
1791 1072 2079 1121 impossibilem.

1475 1126 1509 1162 8.
1540 1126 1590 1162 Et
1616 1125 1706 1175 quia
1734 1126 1831 1162 haec
1867 1126 1961 1162 ratio
1998 1127 2100 1163 valet
2128 1125 2176 1163 ad
2216 1125 2488 1163 destruendum

1418 1177 1622 1226 infinitum,
1643 1178 1969 1228 qualitercumque
1992 1179 2182 1216 infinitum
2210 1187 2387 1227 ponatur,
2408 1179 2489 1216 sive

1418 1231 1514 1268 sicut
1542 1231 1767 1269 continuum
1795 1232 1876 1269 sive
1905 1232 2002 1269 sicut
2021 1245 2099 1269 non
2128 1232 2370 1280 continuum,
2399 1232 2488 1270 ideo

1417 1285 1518 1322 hanc
1547 1286 1710 1322 eandem
1731 1285 1918 1323 rationem
1946 1286 2198 1323 universalius
2221 1286 2330 1334 ponit
2356 1292 2370 1306 '²
2400 1298 2488 1323 cum

1418 1338 1560 1376 subdit:
1595 1339 1632 1376 T
1627 1339 1846 1388 otaliterque
1875 1347 1944 1376 818.
1967 1340 2016 1376 Ε1
2045 1339 2133 1376 dicit
2160 1340 2267 1387 quod
2294 1339 2489 1377 universa-

1418 1391 1501 1429 liter
1527 1405 1734 1442 possumus
1761 1393 1887 1430 dicere
1914 1393 2019 1442 quod
2046 1392 2113 1429 ubi
2132 1405 2211 1429 non
2232 1400 2287 1429 est
2314 1392 2487 1430 medium

1417 1453 1454 1482 et
1483 1453 1710 1493 extremum,
1731 1446 1782 1483 ibi
1802 1459 1881 1483 non
1903 1454 1958 1483 est
1977 1458 2142 1493 sursum,
2163 1446 2270 1495 quod
2295 1454 2350 1483 est
2369 1453 2488 1483 extre-

1417 1511 1539 1546 mum,
1560 1512 1687 1549 neque
1707 1499 1901 1546 deorsum,
1923 1499 2028 1548 quod
2049 1506 2104 1536 est
2131 1499 2317 1536 medium.
2339 1499 2489 1546 Quibus

1417 1553 1615 1590 subtractis
1633 1551 1658 1600 ²,
1679 1553 1803 1589 nullus
1823 1553 1930 1589 locus
1951 1552 2019 1589 erit
2043 1564 2120 1600 quo
2142 1564 2304 1600 corpora
2323 1552 2490 1589 ferantur

1416 1614 1525 1643 motu
1554 1614 1675 1643 recto:
1706 1606 1877 1643 feruntur
1896 1605 1999 1642 enim
2029 1617 2181 1642 sursum
2208 1605 2271 1642 vel
2293 1605 2487 1642 deorsum.

1418 1660 1576 1696 Sublato
1597 1667 1726 1697 autem
1746 1660 1845 1706 loco,
1857 1660 1981 1696 nullus
2001 1658 2070 1695 erit
2084 1666 2228 1695 motus:
2244 1658 2488 1708 quia*omne

1417 1714 1523 1762 quod
1543 1721 1724 1750 movetur
1748 1725 1904 1750 necesse
1933 1720 1990 1749 est
2008 1711 2158 1749 moveri
2177 1719 2241 1748 aut
2275 1713 2488 1750 secundum

2518 396 2528 406 *
2543 395 2627 418 dicant
2637 404 2659 419 Α.

2516 604 2526 613 '
2541 605 2565 624 et
2578 603 2635 624 haec
2649 610 2670 625 r.

2616 1563 2633 1589 λ

2517 1664 2527 1673 '
2549 1666 2572 1685 et
2589 1670 2602 1686 P
2618 1668 2640 1686 et
2659 1664 2729 1687 codd.

2518 1696 2567 1712 exc.
2577 1697 2599 1712 Α.

1416 1774 1593 1804 naturam
1613 1774 1678 1804 aut
1697 1774 1847 1816 praeter
1865 1773 2053 1812 naturam,
2070 1765 2176 1814 quod
2191 1764 2348 1814 quidem
2368 1766 2489 1804 deter-
2527 1814 2531 1816 ς

1415 1821 1616 1858 minatur!⁸
1635 1833 1705 1869 per
1723 1821 1807 1857 loca
1836 1819 1989 1869 propria
2010 1826 2046 1856 et
2064 1818 2188 1856 aliena
2217 1821 2332 1865 (nam
2360 1826 2487 1857 motus

1416 1875 1607 1912 naturales
1636 1874 1812 1911 dicuntur
1843 1873 1981 1922 quibus
2010 1885 2173 1921 corpora
2201 1880 2409 1910 moventur
2437 1872 2487 1910 ad

1414 1928 1500 1965 loca
1528 1928 1701 1978 propria,
1723 1934 1851 1964 motus
1871 1934 2000 1963 autem
2027 1925 2186 1963 violenti
2215 1925 2391 1963 dicuntur
2408 1926 2489 1976 qui-

1415 1982 1488 2019 bus
1526 1989 1734 2019 moventur
1771 1980 1820 2018 ad
1853 1980 1938 2017 loca
1971 1979 2130 2026 aliena).
2162 1979 2249 2015 Hoc
2278 1987 2406 2016 autern
2436 1987 2491 2016 est

1415 2034 1663 2085 impossibile,
1686 2034 1791 2084 quod
1819 2041 1948 2072 motus
1977 2034 2168 2070 auferatur
2196 2045 2218 2069 a
2247 2033 2488 2082 corporibus:

1416 2101 1507 2137 ergo
1537 2088 1772 2137 impossibile
1802 2095 1859 2124 est
1885 2099 2031 2137 ponere
2059 2085 2263 2123 infinitum.

1470 2154 1507 2190 9.
1528 2142 1700 2179 Tertiam
1721 2141 1908 2178 rationem
1927 2140 2036 2189 ponit
2049 2139 2119 2177 ibi:
2139 2139 2275 2176 Adhuc
2292 2139 2326 2175 si
2340 2139 2405 2175 ubi
2418 2146 2486 2176 etc.

1415 2196 1465 2233 Et
1484 2196 1505 2218 *
1525 2195 1614 2232 dicit
1642 2195 1747 2244 quod
1776 2195 1882 2231 locus
1911 2194 1960 2230 ad
1988 2205 2105 2243 quem
2138 2200 2319 2230 movetur
2346 2192 2489 2240 aliquid

1413 2256 1566 2298 praeter
1584 2256 1771 2295 naturam,
1791 2248 1855 2284 vel
1874 2247 1913 2283 in
1933 2259 2010 2296 quo
2035 2246 2194 2295 quiescit
2211 2253 2362 2294 praeter
2380 2253 2487 2282 natu-

1415 2314 1510 2349 ram,
1527 2313 1684 2338 necesse
1705 2308 1760 2338 est
1775 2300 1879 2349 quod
1899 2300 1944 2336 sit
1964 2299 2162 2337 cuiusdam
2183 2298 2334 2336 alterius
2354 2311 2488 2336 secun-

1415 2355 1509 2392 dum
1543 2362 1738 2401 naturam,
1769 2353 1817 2391 ad
1846 2365 1974 2401 quem.
1994 2353 2134 2390 scilicet
2157 2352 2376 2389 naturaliter
2398 2364 2482 2389 mo-

1413 2416 1549 2445 veatur
1564 2409 1599 2454 ²¹²,
1622 2416 1659 2445 et
1676 2408 1715 2444 in
1734 2420 1812 2456 quo
1831 2407 1872 2428 ²¹⁶*
1891 2406 2108 2443 naturaliter
2127 2405 2307 2454 quiescat.
2335 2406 2385 2442 Et
2411 2406 2487 2442 hoc

1415 2461 1594 2499 credibile
1622 2461 1666 2498 fit
1693 2473 1739 2498 ex
1775 2460 2014 2498 inductione:
2047 2472 2138 2496 nam
2176 2466 2275 2496 terra
2308 2466 2487 2496 movetur

1414 2527 1565 2552 sursum
1593 2522 1743 2563 praeter
1778 2521 1976 2559 naturam,
2012 2513 2108 2561 ignis
2139 2525 2234 2549 vero
2272 2512 2485 2549 secundum

1414 2575 1610 2615 naturam;
1639 2575 1676 2604 et
1704 2579 1726 2603 e
1755 2579 1943 2604 converso
1966 2566 2099 2614 *ignis
2128 2566 2309 2603 deorsum
2338 2573 2487 2614 praeter

1414 2629 1605 2668 naturam,
1626 2628 1726 2658 terra
1743 2632 1838 2657 vero
1859 2620 2072 2657 secundum
2092 2627 2279 2656 naturam.
2299 2618 2486 2656 Videmus

1414 2682 1543 2712 autem
1581 2674 1773 2723 quaedam
1816 2673 1966 2711 moveri
2006 2673 2188 2710 deorsum
2222 2680 2258 2709 et
2295 2672 2486 2721 quaedam

1414 2741 1578 2766 sursum.
1604 2728 1645 2765 Si
1673 2735 1802 2765 autem
1830 2727 1892 2764 illa
1920 2739 2019 2776 quae
2047 2733 2254 2763 moventur
2282 2738 2432 2762 sursum
2462 2732 2484 2774 ⁹,

1414 2789 1622 2819 moventur
1647 2788 1799 2831 praeter
1826 2788 2019 2827 naturam,
2049 2780 2241 2829 oportebit
2270 2779 2394 2816 dicere
2423 2779 2487 2815 ali-

1414 2848 1491 2885 qua
1516 2836 1589 2872 alia
1618 2847 1701 2872 esse
1730 2847 1829 2884 quae
1858 2841 2065 2871 moventur
2093 2845 2242 2884 sursum
2271 2832 2485 2869 secundum

1413 2897 1606 2935 naturam;
1637 2896 1673 2925 et
1701 2887 1887 2935 similiter,
1917 2887 1947 2924 si
1974 2894 2140 2936 ponatur
2173 2886 2279 2934 quod
2308 2898 2353 2922 ea
2387 2898 2485 2934 quae

1413 2950 1620 2980 moventur
1649 2942 1848 2988 deorsum,
1879 2948 2086 2978 moventur
2112 2947 2262 2989 praeter
2290 2946 2482 2986 naturam,

1413 3009 1570 3034 necesse
1609 3003 1664 3032 est
1699 3007 1845 3044 ponere
1884 2994 1955 3031 alia
1996 3005 2094 3042 quae
2131 3000 2338 3030 moventur
2375 2993 2485 3029 deor-

1413 3063 1500 3087 sum
1533 3049 1747 3086 secundum
1780 3056 1967 3086 naturam.
2002 3046 2113 3083 Unde
2148 3058 2274 3094 neque
2304 3047 2324 3066 ²³
2354 3045 2485 3082 omnia

1412 3104 1556 3141 habent
1583 3102 1826 3151 gravitatem,
1852 3112 1977 3148 neque
2007 3099 2137 3136 omnia
2156 3100 2176 3120 *
2195 3099 2404 3146 levitatem,
2426 3111 2483 3135 se-

1413 3157 1584 3194 cundum
1611 3155 1843 3205 positionem
1870 3152 2103 3203 praedictam
2120 3154 2161 3189 *ε
2192 3152 2260 3189 sed
2287 3153 2383 3189 haec
2403 3152 2485 3200 qui-

1466 3298 1495 3332 λ)
1512 3298 1614 3329 Quibus
1626 3297 1778 3322 subtractis.
1788 3309 1808 3314 -
1817 3296 1927 3320 Sursum
1944 3301 2039 3326 nempe
2052 3298 2077 3318 et
2091 3294 2216 3319 deorsum
2231 3301 2246 3319 e
2258 3294 2343 3318 medio
2358 3293 2468 3319 sublatis
2476 3303 2484 3326 ;

1412 3335 1432 3360 P
1451 3334 1531 3359 habet
1549 3334 1643 3366 quibus
1661 3332 1838 3364 suppositis.-
1851 3331 1909 3355 Lin.
1922 3337 1980 3362 seq.
1999 3337 2047 3362 pro
2066 3333 2148 3359 motu,
2169 3329 2195 3354 in
2215 3333 2288 3354 motu
2308 3330 2406 3354 CDEF.

1467 3369 1496 3404 μ.)
1517 3369 1589 3402 quod
1607 3368 1721 3401 quidemr
1733 3366 1937 3391 determinatur.
1950 3379 1971 3383 -
1983 3367 2020 3390 Ita
2034 3365 2062 3395 P,
2077 3370 2103 3389 et
2115 3370 2154 3390 est
2168 3365 2377 3397 intelligendum:
2394 3369 2483 3390 utrum

1412 3413 1509 3439 corpus
1520 3409 1655 3429 moveatur
1665 3403 1807 3427 secundum
1819 3406 1936 3426 naturam
1946 3409 1979 3426 an
1988 3405 2090 3433 praeter
2100 3406 2225 3430 naturam,
2235 3401 2418 3425 determinatur
2425 3406 2482 3432 etc.;

1412 3442 1488 3466 lectio
1503 3448 1565 3472 ergo
1580 3440 1657 3464 Plana
1671 3439 1740 3462 bona
1755 3443 1806 3468 est;
1828 3437 1928 3462 codices
1948 3437 2037 3469 legunt
2056 3443 2124 3468 quae
2144 3436 2250 3469 quidem
2271 3436 2467 3461 determinatur
2477 3454 2484 3466 ,

1412 3482 1532 3508 corrupte
1551 3483 1598 3507 pro
1608 3474 1717 3499 lectione
1726 3474 1754 3503 P,
1764 3473 1805 3497 vel
1816 3480 1863 3505 pro
1879 3479 1947 3505 quae
1963 3472 2069 3505 quidem
2086 3472 2308 3502 determinantur,
2320 3472 2391 3504 quod
2407 3471 2484 3496 habet

1411 3514 1445 3538 δι’
1461 3512 1500 3579 (ἐξ
1510 3516 1647 3570 ,ἴςῖχῖιῖῗὲω
1659 3544 1706 3569 illa
1718 3551 1786 3576 quae
1800 3546 1940 3568 moventur
1952 3550 2067 3568 sursum.
2081 3557 2100 3561 —
2113 3543 2149 3568 Ita
2163 3543 2221 3574 PA;
2237 3543 2329 3568 ceteri:
2350 3542 2381 3567 Si
2393 3545 2481 3567 autem

1411 3583 1458 3608 illa
1473 3589 1541 3615 quae
1556 3584 1696 3605 moventur
1713 3580 1838 3604 deorsum
1858 3579 2021 3604 naturaliter
2035 3582 2062 3603 et
2073 3579 2119 3603 illa
2133 3585 2202 3611 quae
2214 3581 2355 3603 mouentur
2367 3585 2481 3606 sursum,

1411 3618 1487 3643 lectio
1506 3616 1668 3649 interpolata.

2516 2201 2527 2211 ·
2541 2200 2573 2222 Et
2590 2206 2637 2222 om.
2656 2206 2729 2223 1³13ch

2515 2234 2552 2250 ro.

2514 2414 2524 2424 '¹
2538 2415 2645 2435 mouetur
2658 2420 2679 2435 P.

2514 2441 2535 2450 ·’
2550 2446 2617 2468 quem
2634 2440 2727 2462 codices

2514 2472 2564 2488 exc.
2579 2473 2609 2489 si.

2514 2569 2524 2579 *
2543 2569 2667 2591 contrario
2681 2575 2726 2591 Am>

2513 2600 2552 2616 ze.

2513 3053 2523 3062 ”
2538 3058 2584 3074 non
2598 3059 2619 3074 P.

2512 3106 2522 3116 *
2536 3105 2623 3128 liabent
2635 3106 2687 3128 add.
2703 3113 2726 3128 ι’.

2512 3160 2521 3169 ¹
2537 3159 2572 3181 Cf.
2587 3165 2652 3181 num.
2663 3160 2686 3181 6.
