2782 4134
321 287 357 315 2.
379 276 491 314 Circa
518 276 689 326 primum
717 276 827 326 ponit
844 276 960 313 talem
990 275 1189 313 rationem.
1212 276 1342 313 Omne

265 330 480 379 generabile
509 331 552 367 fit
581 342 627 367 ex
656 329 844 368 contrario
881 335 918 365 et
946 329 1118 366 subiecto
1147 330 1340 389 quodam,

266 384 345 421 sive
374 384 551 421 materia:
582 396 674 421 nam
703 395 750 420 ex
787 382 977 420 contrario
1006 382 1050 419 fit
1078 382 1219 443 aliquid
1247 383 1343 420 sicut

266 432 312 475 ex
335 449 416 475 non
442 444 743 487 permanente,
714 435 732 466 Ρ
765 448 812 473 ex
837 435 1008 473 subiecto
1029 444 1159 473 autem
1182 437 1275 474 sicut
1296 449 1341 473 ex

264 499 528 540 permanente,
559 498 601 528 ut
627 497 732 539 patet
759 489 798 526 in
827 490 1011 538 IPhysic.
1044 491 1064 511 *⁶
1093 490 1142 526 Et
1174 490 1343 527 similiter

264 544 381 582 etiarn
400 556 518 582 omne
537 542 780 592 corruptibile
800 542 1057 592 corrumpitur
1077 543 1258 580 existente
1279 543 1342 580 ali-

264 610 342 648 quo
363 598 548 636 subiecto.
578 598 648 634 Est
676 596 791 634 etiam
821 596 947 633 omnis
977 596 1170 645 corruptio
1199 609 1223 633 a
1251 609 1341 634 con-

262 651 377 689 trario
397 651 539 689 activo:
560 650 688 688 omnis
709 649 824 687 etiam
845 650 1038 700 corruptio
1058 650 1284 687 terminatur
1302 650 1341 687 in

264 705 519 752 contrarium,
550 704 645 742 sicut
673 703 817 741 dictum
848 711 904 740 est
932 705 969 741 in
993 703 1132 753 primis
1158 704 1341 740 sermoni-

97 779 104 786 ·
140 779 146 791 =
177 770 233 812 33³
263 759 352 806 bus,
381 758 480 796 idest
506 757 546 795 in
575 759 589 794 I
617 757 768 806 thsic.
789 758 810 778 ’²²
829 757 908 794 Sed
936 757 1089 806 corpori
1108 757 1241 806 quinto
1261 769 1342 794 non

227 806 233 818 ’
263 819 320 850 est
346 810 488 861 aliquid
517 811 772 849 contrarium:
802 822 893 858 ergo
922 823 995 848 nec
1033 818 1089 848 est
1126 811 1340 859 generabile

99 878 111 887 *¹
162 876 184 893 ¹³·
261 877 335 903 nec
354 864 610 914 corruptibile.
638 864 812 902 Mediam
829 866 848 887 *
872 865 1011 914 probat
1038 877 1109 914 per
1135 865 1211 902 hoc
1234 864 1340 914 quod

118 924 129 929 ’“
156 936 157 939 “
231 923 233 925 ’
262 918 543 957 contrariorum
563 918 739 955 contrarii
760 926 849 956 sunt
866 926 1008 966 motus,
1030 917 1126 955 sicut
1149 919 1235 955 leve
1255 931 1339 956 mo-

213 989 216 992 *
260 980 374 1010 vetur
401 984 554 1010 sursum
584 979 621 1009 et
648 984 765 1020 grave
794 971 996 1009 deorsum:
1025 972 1094 1009 sed
1122 971 1245 1009 motui
1273 984 1338 1009 na-

260 1025 372 1064 turali
408 1025 529 1076 quinti
561 1026 756 1076 corporis,
790 1025 857 1074 qui
890 1033 946 1063 est
978 1033 1108 1063 motus
1137 1025 1338 1073 circularis,

151 1100 159 1108 ·
261 1080 387 1118 nullus
415 1087 544 1117 motus
574 1087 630 1117 est
657 1079 887 1126 contrarius,
917 1087 959 1117 ut
986 1079 1083 1116 infra
1112 1080 1132 1100 '¹‘
1161 1079 1340 1128 probabi-

128 1132 233 1179 ,‘⁴·''j;‘'*‘„',
259 1140 474 1182 marei-g&
487 1132 578 1171 huic
615 1133 767 1182 corpori
800 1133 890 1170 nihil
919 1140 976 1170 est
1013 1133 1260 1170 contrarium.
1291 1134 1340 1170 Et

141 1194 145 1203 ¹
162 1190 179 1206 '²
218 1201 243 1214 ¹-
259 1186 312 1225 ita
330 1195 432 1225 recte
450 1187 602 1225 videtur
621 1194 755 1224 natura
775 1187 921 1235 fecisse,
943 1186 1114 1224 eximens
1130 1191 1145 1213 ⁷
1160 1187 1236 1223 hoc
1255 1198 1338 1223 cor-

258 1251 335 1291 pus
361 1253 384 1278 a
413 1241 689 1288 contrarietate,
710 1249 895 1290 tanquam
913 1241 1110 1288 futurum,
1140 1239 1239 1277 idest
1273 1239 1338 1277 de-

259 1294 356 1332 bens
385 1306 489 1343 esse,
518 1294 730 1343 ingenitum
761 1302 797 1331 et
822 1293 1119 1342 incorruptibile.

267 1369 271 1372 ·
314 1348 352 1386 3.
373 1348 452 1386 Sed
481 1347 580 1385 circa
609 1360 655 1385 ea
683 1359 782 1397 quae
801 1346 864 1384 hic
891 1346 1113 1384 Aristoteles
1142 1346 1242 1394 dicit,
1269 1345 1338 1384 du-

258 1401 347 1451 plex
366 1401 619 1440 consideratio
649 1400 829 1438 occurrit:
858 1412 937 1438 una
956 1400 1114 1449 quidem
1143 1400 1243 1437 circa
1267 1413 1336 1450 po-

150 1466 195 1484 -⁴·
259 1454 438 1494 sirionem
460 1455 542 1493 eius
558 1456 589 1502 ⁸⁸,
611 1466 687 1504 qua
714 1453 823 1504 ponit
851 1465 992 1503 corpus
1017 1454 1111 1491 caeli
1131 1466 1212 1491 esse
1233 1453 1336 1502 inge-

259 1508 427 1547 notabile
462 1517 500 1546 et
536 1507 837 1556 incorruptibile3
866 1507 939 1544 alia
976 1514 1106 1545 autem
1145 1515 1202 1545 est
1238 1508 1337 1545 circa

81 1571 232 1619 ..m'¹⁰'‘
258 1562 450 1600 rationem
469 1562 589 1612 ipsius
603 1562 669 1599 *.-
686 1561 897 1605 Sciendum
918 1569 976 1598 est
994 1569 1125 1599 autem
1145 1561 1244 1598 circa
1262 1561 1336 1611 pri-

64 1654 68 1657 .
122 1629 232 1648 omo·
258 1628 382 1664 mum,
403 1616 511 1666 quod
530 1615 688 1666 quidam
707 1622 921 1665 posuerunt
946 1627 1086 1665 corpus
1107 1614 1236 1652 caeli*
1253 1627 1336 1653 esse

257 1667 493 1731 generabile
505 1677 543 1708 et
570 1669 814 1719 corruptibile
842 1669 1056 1707 secundum
1086 1681 1198 1706 suam
1227 1676 1334 1707 natu-

257 1734 354 1772 τω,
381 1724 476 1762 sicut
503 1725 668 1761 Ioannes
697 1722 1003 1770 Grammaticus,
1032 1723 1098 1772 qui
1128 1722 1250 1760 dictus
1279 1731 1336 1760 est

227 1775 538 1828 'Philoponus''.
564 1778 615 1815 Et
637 1776 687 1815 ad
715 1789 827 1814 suam
856 1776 1108 1814 intentionem
1137 1776 1334 1814 adstruen-

213 1830 362 1879 udam,
381 1831 510 1881 primo
533 1830 650 1869 utitur
669 1830 890 1868 auctoritate
919 1830 1101 1878 Platonis,
1122 1830 1187 1880 qui
1206 1830 1336 1880 posuit

258 1885 408 1923 eaelum
428 1897 512 1923 esse
531 1884 701 1934 genitum
726 1891 763 1922 et
781 1891 905 1922 totum
925 1884 1130 1922 mundum.
1153 1884 1334 1922 Secundo

256 1937 402 1977 inducit
427 1940 544 1977 talem
565 1938 775 1976 rationem.-
788 1937 929 1975 Omnis
956 1938 1078 1975 virtus
1098 1937 1270 1987 corporis
1290 1938 1334 1975 fi-

179 2014 186 2022 ·
223 2006 234 2027 τ
257 1992 325 2030 niti
352 2001 410 2030 est
432 1993 550 2041 finita,
570 1999 614 2030 ut
640 1992 826 2042 probatur
845 1991 883 2029 in
911 1992 999 2028 Vlll
1028 1992 1178 2041 Plzysic.
1199 1993 1236 2028 *t
1266 1992 1335 2029 sed

221 2042 228 2055 '
255 2043 378 2084 virtus
404 2046 513 2084 finita
540 2058 621 2084 non
640 2053 766 2095 potest
793 2057 834 2083 se
855 2045 1060 2082 extendere
1090 2045 1139 2083 ad
1168 2045 1334 2083 duratio-

257 2110 349 2138 nem
377 2099 567 2138 infinitam
596 2099 720 2146 (unde
757 2111 828 2148 per
854 2099 1035 2136 virtutem
1071 2098 1222 2136 finitam
1255 2111 1334 2136 non

223 2176 230 2184 ·
257 2160 385 2203 potest
403 2152 544 2203 aliquid
564 2152 715 2190 moveri
733 2159 909 2202 tempore
924 2152 1085 2199 infinito,
1101 2160 1143 2189 ut
1158 2152 1302 2190 ibidem
1315 2154 1335 2175 *

222 2234 229 2241 .
257 2207 477 2258 probatur):
498 2211 594 2255 ergo'
610 2218 749 2256 corpus
770 2206 932 2242 caeleste
952 2217 1031 2242 non
1050 2206 1167 2243 habet
1183 2207 1202 2227 *⁴
1217 2205 1334 2243 virtu-

257 2268 338 2298 tem
365 2268 407 2298 ut
432 2260 479 2298 sit
506 2259 699 2298 infinitum
723 2267 911 2309 tempore.
942 2259 1075 2296 Tertio
1109 2259 1239 2296 obiicit
1268 2260 1333 2297 sic.

257 2314 302 2352 In
329 2314 437 2352 omni
466 2325 628 2363 corpore
647 2313 808 2350 naturali
837 2321 894 2350 est
912 2312 1072 2350 materia
1101 2321 1137 2350 et
1159 2313 1334 2362 privatio,

175 2393 183 2400 ·
222 2394 230 2400 -
256 2375 301 2406 ut
318 2375 423 2418 patet
450 2379 497 2405 ex
526 2368 539 2404 1
569 2367 719 2416 Pnysic.
741 2367 782 2403 *t
812 2366 881 2404 sed
909 2365 1146 2416 ubicumque
1171 2375 1227 2404 est
1255 2379 1336 2404 ma-

257 2421 351 2460 teria
379 2433 468 2459 cum
496 2420 732 2471 privatione,
765 2428 821 2457 est
848 2419 1018 2469 potentia
1047 2420 1097 2457 ad
1126 2420 1336 2470 corruptio—

257 2487 372 2514 nem:
407 2487 497 2524 ergo
527 2486 667 2524 corpus
697 2475 857 2511 caeleste
878 2475 899 2495 ¹*
922 2481 978 2511 est
1011 2474 1264 2523 corruptibile.
1296 2474 1337 2511 Si

258 2530 344 2580 quis
371 2536 502 2567 autem
538 2529 638 2566 dicat
671 2528 777 2578 quod
810 2540 891 2565 non
920 2535 976 2564 est
1005 2527 1143 2565 eadem
1177 2528 1337 2565 materia

181 2596 210 2604 ’·
259 2583 480 2621 caelestium
514 2594 723 2632 corporum
754 2589 790 2618 et
818 2581 1044 2619 inferiorum
1075 2582 1111 2628 ³²,
1142 2581 1271 2619 obiicit
1298 2582 1337 2619 in

143 2629 150 2636 ’
259 2636 511 2674 contrarium:
540 2635 631 2686 quia
659 2635 875 2673 secundum
903 2635 979 2672 hoc
1007 2642 1203 2684 oporteret
1230 2635 1336 2685 quod

258 2689 417 2729 materia
445 2697 546 2728 esset
574 2689 806 2739 composita,
837 2701 884 2726 ex
912 2701 959 2725 eo
989 2689 1129 2726 scilicet
1157 2691 1261 2738 quod
1282 2697 1338 2727 est

259 2756 470 2793 commune
496 2743 648 2793 utrique
677 2742 872 2791 materiae,
899 2750 936 2780 et
964 2755 1010 2780 ex
1039 2755 1086 2779 eo
1117 2743 1222 2792 quod
1250 2743 1338 2780 facit

260 2797 520 2836 diversitatem
548 2797 646 2834 inter
673 2796 863 2834 materias.

312 2863 351 2899 4.
373 2850 452 2889 Sed
483 2851 581 2888 haec
618 2850 885 2888 necessitatem
923 2861 1003 2886 non
1031 2849 1186 2886 habent.
1218 2850 1337 2896 Quod

262 2904 363 2941 enim
383 2905 492 2941 Plato
520 2905 648 2953 posuit
667 2905 817 2941 caelum
846 2903 1029 2952 genitum,
1051 2915 1131 2940 non
1159 2903 1338 2941 intellexit

262 2969 308 2994 ex
327 2957 403 2994 hoc
421 2957 529 3006 quod
549 2965 604 2995 est
623 2957 857 3006 generationi
880 2957 1107 3005 subiectum,
1129 2957 1236 3006 quod
1254 2957 1336 2994 Ari-

262 3011 416 3048 stoteles
448 3010 510 3047 hic
547 3023 686 3060 negare
724 3011 898 3048 intendit:
929 3011 998 3048 sed
1035 3011 1143 3060 quod
1180 3023 1336 3048 necesse

262 3071 319 3101 est
347 3063 478 3113 ipsum>
494 3064 636 3101 habere
665 3076 748 3102 esse
769 3065 818 3102 ab
847 3064 974 3114 aliqua
992 3064 1180 3113 superiori
1208 3077 1335 3111 causa,

50 1818 54 1820 Y
74 1755 80 1762 „
90 1775 158 1818 3³21„
195 1784 197 1786 ·

315 3212 342 3247 β)
356 3216 579 3247 permanenteoe
591 3213 764 3246 permanenti
777 3214 854 3239 codd.
868 3213 911 3239 hic
924 3219 950 3240 et
961 3222 1019 3247 seq.
1034 3215 1080 3240 lin.
1094 3215 1146 3240 Pro
1165 3222 1203 3240 ex
1220 3215 1338 3241 subiecto

261 3253 361 3280 autem,
381 3253 408 3275 et
425 3249 543 3275 subiecto
562 3249 591 3274 P.

280 3310 283 3314 ,
316 3286 343 3319 γ)
357 3285 522 3315 eximens.-
502 3285 676 3311 -excutiens
687 3275 744 3310 sive
755 3285 879 3310 eximens
891 3285 952 3309 P-
965 3285 1024 3311 Lin.
1038 3294 1096 3319 seq.
1110 3293 1158 3318 pro
1171 3286 1268 3311 debens
1282 3294 1338 3311 cor-

260 3326 338 3354 rupte
357 3321 464 3347 demens
482 3322 513 3345 A.

316 3355 342 3389 ὃ)
362 3357 476 3382 Ioannes
493 3357 702 3386 Grammaticus,
716 3356 763 3389 qui
777 3356 864 3381 dictus
876 3359 917 3381 est
930 3356 1135 3388 Philoponusff
1149 3356 1262 3382 Ioannes
1276 3358 1339 3382 Phi-

262 3393 376 3425 loponus
394 3392 427 3417 G.
439 3393 525 3418 —*Pro
543 3393 746 3422 adstruendam,
766 3392 952 3417 instruendam
971 3392 1000 3422 P.
1019 3393 1227 3418 construendam
1246 3393 1276 3418 B.

277 3448 280 3450 .
318 3428 340 3460 ε)
361 3427 560 3453 distensionem.
571 3442 590 3448 -·
605 3428 802 3454 distinctionem
821 3429 859 3458 A,
880 3427 1068 3453 dissentionem
1087 3428 1131 3453 BC
1149 3428 1226 3452 male.
1242 3442 1263 3446 -
1281 3429 1339 3453 Lin.

264 3471 323 3496 seq.
337 3471 386 3497 pro
404 3463 588 3497 significatur,
608 3464 735 3498 signatur
754 3464 783 3488 P.
807 3464 858 3488 Pro
879 3470 935 3488 esse
953 3463 1024 3492 eius,
1048 3470 1166 3488 recessus
1189 3463 1246 3489 eius
1264 3465 1340 3489 codd.

265 3507 319 3524 exc.
334 3500 366 3524 A.
379 3513 398 3518 —
412 3499 448 3524 Ibi
467 3506 571 3525 omnem
590 3500 802 3529 multitudinem,
823 3500 842 3524 P
862 3507 916 3524 om.
929 3506 1043 3524 omnem.

275 3559 280 3563 ,
319 3534 345 3568 ζ)
360 3534 447 3560 virtus
458 3535 564 3560 essendi
576 3543 689 3568 semper.
701 3550 722 3555 -
733 3543 837 3567 semper
850 3543 903 3560 om.
918 3535 1002 3565 codd„
1017 3540 1043 3559 et
1056 3534 1158 3559 videtur
1170 3535 1242 3567 quod
1257 3535 1342 3568 possit

263 3570 363 3601 omitti;
383 3578 444 3595 nam
463 3570 488 3595 in
507 3572 637 3603 praesenti
656 3572 715 3600 loco
734 3571 849 3604 arguitur
868 3575 956 3596 contra
975 3571 1133 3602 Averroem,
1152 3570 1197 3603 qui
1222 3570 1340 3595 absolute

1132 195 1244 233 CAP.
1276 197 1343 244 III,
1375 197 1527 234 LECT.
1557 197 1608 234 VI

2423 201 2472 237 23

1397 283 1530 325 utpote
1551 277 1834 315 multitudinem
1862 285 1897 314 et
1917 278 2189 316 distensionem
2205 285 2218 300 ¹
2233 279 2271 316 in
2290 279 2368 317 suis
2386 292 2471 329 par-

1397 330 1497 367 tibus
1529 330 1695 378 habens3
1728 343 1799 380 per
1825 331 1932 380 quod
1965 331 2198 380 significatur
2233 345 2316 369 esse
2347 333 2425 370 eius
2449 345 2472 370 a

1395 383 1522 432 primo
1552 397 1631 422 uno
1661 384 1823 432 causari,
1852 397 1874 422 a
1903 397 1980 434 quo
2010 393 2162 434 oportet
2190 397 2346 423 omnem
2375 386 2472 423 mul-

1396 437 1597 475 titudinem
1627 438 1785 475 causari.

1455 492 1487 528 5.
1506 491 1624 538 Quod
1644 498 1774 529 autem
1799 491 1929 529 obiicit
1951 491 2132 529 virtutem
2154 491 2325 541 corporis
2350 493 2472 529 caele-

1396 543 1461 581 stis
1491 557 1574 581 esse
1602 545 1766 593 finitam,
1797 545 2130 582 solvit-Averroes
2164 545 2330 583 dicendo
2365 547 2471 594 quod

1396 597 1435 634 in
1464 610 1625 646 corpore
1665 599 1815 636 caelesti
1849 606 1906 636 est
1941 598 2061 641 virtus
2095 598 2176 636 sive
2213 599 2384 647 potentia
2421 599 2469 636 ad

1397 658 1548 687 motum
1577 653 1791 689 secundum
1820 653 1967 700 locum,
1997 665 2077 689 non
2110 659 2166 689 est
2192 659 2321 689 autem
2349 652 2469 689 virtus

1396 703 1477 741 sive
1495 705 1667 753 potentia
1695 706 1744 743 ad
1774 718 1868 754 esse,
1889 718 2016 756 neque
2037 705 2144 743 finita
2163 717 2291 754 neque
2309 705 2466 743 infinita.

1395 757 1510 794 -Sed
1538 757 1578 794 in
1596 759 1672 795 hoc
1700 759 1897 796 manifeste
1927 759 2018 796 dixit
2046 766 2179 797 contra
2205 758 2466 807 Aristotelem,

1396 810 1461 859 qui
1489 811 1585 848 infra
1613 811 1652 848 in
1679 812 1755 849 hoc
1785 813 1923 850 eodem
1949 813 2045 850 libro
2076 814 2096 834 ’Β
2123 812 2233 862 ponit
2259 812 2299 849 in
2327 812 2467 861 sempi—

1394 864 1510 902 ternis
1544 865 1727 902 virtutem
1756 865 1805 902 ad
1833 866 1908 903 hoc
1946 866 2053 915 quod
2080 866 2154 904 sint
2186 877 2351 915 semper.
2381 865 2469 903 Fuit

1394 925 1524 955 autem
1554 919 1738 968 deceptus
1765 931 1834 968 per
1863 920 1938 956 hoc
1962 921 2068 968 quod
2098 918 2324 957 existimavit
2350 919 2466 956 virtu-

1393 979 1472 1009 tem
1502 972 1652 1010 essendi
1680 971 1869 1022 pertinere
1898 974 2023 1010 solum
2062 973 2112 1011 ad
2138 972 2352 1023 potentiam
2380 985 2466 1022 pas-

1394 1025 1539 1073 sivam,
1569 1038 1668 1075 quae
1698 1034 1754 1063 est
1785 1026 1953 1075 potentia
1990 1026 2188 1074 materiae;
2218 1038 2307 1064 cum
2345 1026 2467 1075 magis

1391 1079 1579 1128 pertineat
1606 1079 1655 1117 ad
1682 1079 1894 1128 potentiam
1920 1080 2080 1128 formae,
2101 1080 2191 1129 quia
2218 1079 2466 1129 unumquod-

1394 1144 1469 1181 que
1499 1140 1555 1169 est
1573 1145 1644 1182 per
1671 1145 1782 1170 suam
1802 1134 1979 1171 formam.
2000 1134 2112 1172 Unde
2132 1141 2280 1171 tantum
2306 1141 2342 1170 et
2369 1141 2466 1171 tarn-

1394 1185 1458 1222 diu
1496 1186 1613 1224 habet
1649 1199 1905 1236 unaquaeque
1941 1199 2000 1224 res
2029 1188 2077 1225 de
2107 1200 2210 1235 esse,
2240 1194 2383 1236 quanta
2411 1194 2468 1224 est

1391 1239 1514 1276 virtus
1541 1240 1691 1277 formae
1719 1240 1810 1277 eius.
1839 1241 1888 1277 Et
1916 1240 1969 1277 sic
1998 1253 2078 1278 non
2106 1241 2232 1278 solum
2261 1240 2299 1277 in
2329 1252 2465 1290 corpo-

1392 1292 1496 1330 ribus
1516 1293 1752 1340 caelestibus,
1769 1294 1837 1331 sed
1857 1293 1970 1331 etiam
1991 1294 2029 1331 in
2049 1294 2265 1332 substantiis
2285 1294 2466 1343 separatis

1393 1354 1449 1383 est
1467 1346 1587 1384 virtus
1607 1348 1757 1385 essendi
1777 1359 1931 1397 semper
1946 1347 1970 1384 ζ.

1445 1400 1663 1438 Dicendum
1693 1409 1749 1438 est
1773 1413 1862 1449 ergo
1888 1401 1994 1450 quod
2012 1401 2050 1438 id
2079 1401 2186 1451 quod
2210 1400 2365 1450 requirit
2391 1401 2467 1438 vir-

1390 1461 1511 1491 tutem
1531 1454 1732 1502 infinitam,
1754 1462 1906 1504 oportet
1925 1467 2008 1491 esse
2037 1454 2240 1492 infinitum.
2272 1454 2465 1491 Infinitum

1391 1515 1538 1555 autem,
1569 1508 1783 1545 secundum
1817 1508 2096 1557 Philosophum
2130 1508 2169 1545 in
2198 1509 2212 1544 Ι
2240 1508 2389 1556 Physic.
2423 1509 2501 1554 *,·

1389 1561 1553 1610 pertinet
1575 1561 1624 1599 ad
1644 1561 1912 1611 quantitatem;
1942 1561 1992 1598 ita
2020 1562 2126 1611 quod
2144 1561 2184 1599 id
2212 1561 2317 1610 quod
2346 1573 2466 1611 quan-

1390 1614 1494 1652 titate
1523 1623 1645 1663 caret,
1680 1627 1806 1664 neque
1834 1615 1986 1652 finitum
2015 1627 2143 1663 neque
2176 1614 2368 1652 infinitum
2397 1623 2463 1652 est.

1391 1669 1523 1706 Motus
1542 1676 1671 1706 autem
1692 1668 1942 1719 quantitatem
1957 1669 2083 1717 habet,
2105 1681 2203 1718 quae
2225 1676 2466 1706 mensuratur

1390 1730 1565 1772 ternpore
1586 1730 1622 1760 et
1641 1722 1901 1771 magnitudine
1913 1752 1922 1770 ,
1942 1729 1985 1759 ut
2003 1730 2107 1772 patet
2125 1722 2163 1759 in
2182 1722 2234 1759 VI
2253 1722 2403 1770 Ρὴγείε.
2426 1723 2463 1759 *z

1391 1784 1426 1813 et
1446 1776 1534 1814 ideo
1553 1776 1674 1814 virtus
1689 1789 1788 1825 quae
1808 1783 1934 1826 potest
1948 1775 1986 1813 in
2006 1784 2158 1813 motum
2174 1776 2463 1825 sempiternum,

1389 1837 1516 1879 potest
1534 1830 1573 1867 in
1588 1833 1608 1850 ’³
1626 1830 1806 1867 effectum
1843 1829 2052 1867 infinitum:
2081 1837 2117 1867 et
2136 1837 2293 1879 propter
2316 1829 2392 1866 hoc
2411 1836 2464 1866 ta-

1390 1885 1467 1921 lem
1486 1884 1667 1921 virtutem
1689 1891 1840 1933 oportet
1859 1896 1941 1921 esse
1961 1883 2161 1920 infinitam.
2188 1884 2319 1933 Ipsum
2335 1890 2465 1920 autem

1379 1949 1475 1974 esse
1499 1937 1656 1975 alicuius
1676 1937 1729 1975 rei
1749 1937 1964 1975 secundum
1981 1938 2000 1958 Ψ·
2021 1949 2061 1974 se
2083 1936 2372 1977 consideratum,
2386 1948 2465 1974 non

1391 1998 1446 2028 est
1465 1998 1665 2041 quantum:
1682 2003 1761 2028 non
1781 1990 1884 2028 enim
1899 1991 2014 2028 habet
2028 1998 2167 2040 partes,
2183 1991 2252 2028 sed
2266 1998 2390 2027 totum
2410 1997 2467 2027 est

1390 2045 1515 2082 simul.
1546 2044 1694 2082 Accidit
1721 2052 1851 2082 autem
1881 2045 1916 2081 ei
1942 2044 2049 2094 quod
2077 2044 2123 2081 sit
2151 2051 2355 2093 quantum,
2385 2056 2464 2080 uno

1390 2098 1548 2148 quidem
1570 2099 1690 2137 modo
1719 2098 1933 2135 secundum
1963 2097 2216 2145 durationem,
2238 2097 2465 2146 inquantum

1392 2160 1447 2189 est
1465 2152 1681 2189 subiectum
1696 2153 1717 2173 *
1737 2152 1858 2189 motui
1881 2159 1918 2188 et
1936 2164 2004 2201 per
2026 2163 2265 2200 consequens
2286 2150 2463 2200 tempori,

1390 2205 1488 2243 sicut
1506 2217 1590 2243 esse
1619 2218 1748 2242 rerum
1776 2205 2038 2243 variabilium:
2067 2205 2171 2242 unde
2194 2205 2314 2242 virtus
2343 2204 2465 2242 cuius-

1390 2259 1481 2297 libet
1500 2259 1552 2296 rei
1577 2259 1784 2308 corporalis
1805 2260 1824 2280 ²¹²
1846 2259 1951 2296 cuius
1980 2271 2063 2296 esse
2085 2258 2299 2296 subiectum
2324 2266 2380 2296 est
2397 2270 2464 2295 va-

1392 2312 1557 2360 riationi,
1592 2325 1671 2350 non
1699 2320 1825 2362 potest
1857 2312 1927 2350 nisi
1960 2312 1999 2349 in
2031 2312 2273 2350 durationem
2301 2311 2462 2349 finitam.

1391 2367 1477 2404 Alio
1507 2373 1637 2403 autem
1657 2366 1777 2403 modo
1799 2378 1880 2403 esse
1910 2365 2068 2403 alicuius
2090 2366 2143 2402 rei
2170 2373 2297 2415 potest
2315 2377 2384 2415 per
2403 2377 2464 2402 ac-

1392 2420 1521 2458 cidens
1550 2419 1622 2457 dici
1650 2427 1850 2469 quantum,
1873 2432 1919 2456 ex
1937 2427 2044 2468 parte
2070 2419 2240 2467 subiecti,
2263 2418 2370 2468 quod
2397 2419 2463 2456 ha-

1392 2474 1456 2511 bet
1471 2473 1763 2511 determinatam
1778 2473 2039 2522 quantitatem.
2053 2472 2272 2510 Dicendum
2297 2479 2353 2510 est
2374 2484 2463 2520 ergo

1392 2527 1500 2576 quod
1520 2539 1603 2564 esse
1633 2526 1726 2564 caeli
1750 2539 1830 2564 non
1850 2534 1906 2564 est
1930 2526 2144 2563 subiectum
2172 2525 2374 2564 variationi
2394 2538 2466 2562 nec

1391 2580 1574 2630 tempori:
1594 2580 1699 2618 unde
1727 2592 1807 2617 non
1835 2587 1891 2617 est
1910 2587 2098 2629 quantum
2126 2580 2331 2629 quantitate
2353 2579 2464 2617 dura-

1392 2634 1519 2682 tionis,
1550 2642 1587 2671 et
1622 2646 1692 2684 per
1721 2646 1962 2682 consequens
1999 2645 2124 2682 neque
2153 2633 2304 2671 finitum
2338 2644 2464 2681 neque

1391 2689 1596 2726 infinitum.
1627 2689 1696 2725 Est
1715 2695 1843 2725 autern
1867 2695 2055 2736 quantum
2085 2688 2298 2725 secundum
2318 2686 2465 2736 quanti-

1391 2750 1509 2780 tatem
1529 2741 1701 2792 corporis
1721 2741 1863 2778 extensi
1876 2748 1906 2787 γ’;
1929 2749 1965 2778 et
1984 2741 2197 2778 secundum
2218 2742 2293 2778 hoc
2313 2748 2368 2778 est
2381 2740 2465 2778 fini-

1392 2804 1486 2834 tum.
1509 2796 1574 2833 Sic
1592 2795 1705 2844 igitur
1733 2795 1939 2832 dicendum
1969 2802 2024 2832 est
2047 2794 2153 2844 quod
2171 2795 2290 2833 virtus
2315 2793 2465 2831 essendi

1393 2849 1565 2900 corporis
1594 2849 1764 2886 caelestis
1799 2856 1854 2886 est
1881 2848 2005 2886 finita:
2035 2861 2107 2885 nec
2134 2856 2264 2886 tamen
2298 2848 2466 2897 sequitur

1393 2903 1499 2953 quod
1528 2903 1574 2940 sit
1601 2903 1650 2940 ad
1680 2903 1886 2940 essendum
1915 2910 2088 2951 tempore
2108 2902 2234 2947 finito;
2265 2901 2353 2950 quia
2381 2900 2465 2937 fini-

1392 2965 1474 2994 tum
1503 2964 1539 2994 et
1566 2956 1758 2994 infinitum
1795 2955 1979 3005 temporis
2017 2955 2151 2992 accidit
2179 2954 2250 3003 ipsi
2279 2967 2360 2991 esse
2390 2954 2463 3001 rei,

1394 3011 1500 3060 quod
1528 3023 1607 3047 non
1636 3018 1692 3047 est
1720 3010 1933 3047 subiectum
1957 3008 2129 3046 varietati
2156 3007 2350 3057 temporis.
2372 2983 2465 3044 Nori

1393 3072 1524 3101 tamen
1552 3071 1683 3113 posset
1709 3062 1932 3101 huiusmodi
1958 3062 2078 3099 virtus
2107 3073 2264 3098 causare
2292 3058 2407 3098 esse⁰
2426 3060 2466 3097 in

1394 3215 1508 3248 ponebat
1533 3216 1605 3248 quod
1630 3215 1655 3239 in
1681 3213 1833 3246 corporibus
1859 3213 2013 3238 caelestibus
2032 3220 2084 3238 non
2110 3213 2143 3238 sit
2168 3213 2254 3238 virtus
2273 3220 2321 3238 seu
2341 3214 2466 3245 potentia

1393 3251 1431 3276 ad
1449 3258 1512 3276 esse.

1447 3287 1474 3318 η)
1493 3286 1615 3318 corporis
1633 3285 1748 3310 extensi.
1760 3299 1779 3304 -
1790 3285 1911 3316 corporis
1930 3285 2072 3310 existentis
2091 3285 2181 3315 codd.;
2201 3290 2242 3309 est
2260 3285 2390 3318 corruptio
2410 3293 2466 3310 ma-

1393 3322 1499 3351 nifesta3
1514 3329 1575 3346 nam
1591 3326 1689 3354 quanto
1708 3320 1850 3353 quantitate
1868 3321 2021 3346 durationis
2035 3320 2076 3345 hic
2089 3320 2230 3353 opponitur
2244 3325 2371 3353 quantum
2383 3329 2466 3354 quan·-

1393 3358 1464 3382 titate
1478 3357 1652 3386 extensionis,
1668 3364 1721 3381 non
1739 3357 1830 3388 utique
1849 3356 2006 3386 existentiae,
2021 3357 2053 3382 de
2067 3364 2119 3389 qua
2133 3363 2213 3389 supra
2232 3356 2322 3381 dicitur
2336 3357 2408 3389 quod
2422 3365 2465 3382 se-

1394 3393 1509 3418 cundum
1529 3400 1558 3417 se
1577 3392 1738 3418 considerata
1757 3399 1808 3416 non
1828 3396 1869 3416 est
1887 3396 1991 3424 quanta.

1447 3426 1472 3462 θ)
1491 3435 1605 3453 causare
1623 3434 1686 3452 esse.
1700 3441 1719 3446 -
1733 3427 1769 3452 Ita
1786 3427 1846 3458 AC3
1865 3435 1978 3453 causare
1996 3435 2050 3453 orn.
2063 3428 2096 3458 H,
2115 3435 2208 3453 carere
2222 3435 2278 3453 esse
2291 3433 2350 3458 cet„
2364 3429 2435 3461 quod
2446 3429 2466 3453 P

1395 3463 1498 3496 corrigit
1516 3464 1542 3488 in
1561 3463 1657 3488 habere
1675 3470 1731 3488 esse
1736 3471 1746 3493 ;
1765 3470 1796 3488 ex
1814 3468 1934 3488 contextu
1952 3463 2055 3488 videtur
2073 3463 2212 3496 legendum
2237 3470 2362 3494 causare,
2383 3469 2409 3489 et
2427 3469 2468 3489 est

1394 3499 1589 3532 intelligendum
1605 3499 1676 3532 quod
1688 3498 1770 3523 virtus
1783 3506 1858 3532 quae,
1872 3499 1941 3524 iuxta
1952 3499 2065 3524 formam
2085 3499 2185 3524 dicendi
2203 3500 2282 3531 paulo
2301 3507 2380 3532 supra
2394 3499 2466 3524 adhi-

1395 3535 1484 3566 bitam,
1499 3537 1590 3567 potest
1609 3534 1635 3559 in
1651 3534 1819 3560 durationem
1839 3542 1887 3560 seu
1902 3535 1928 3560 in
1949 3542 2005 3560 esse
2019 3535 2135 3568 corporis
2157 3535 2285 3566 caelestiS,
2307 3543 2359 3560 non
2381 3540 2467 3567 potest

1395 3571 1421 3596 in
1442 3578 1497 3596 esse
1516 3570 1620 3595 maioris
1640 3571 1764 3603 corporis.
1784 3570 1876 3595 Stricte
1894 3570 1964 3596 enirn
1979 3571 2118 3604 loquendo,
2134 3579 2148 3595 e
2160 3570 2322 3603 impossibile
2341 3576 2381 3595 est
2394 3571 2466 3603 quod

2494 820 2579 843 ⁸.Lect
2589 827 2651 876 xx5v1‚
2645 828 2712 871 (,ani

2494 853 2558 869 xxvu
2582 854 2605 870 n

2605 854 2628 897 in
2652 875 2709 897 VIII

2495 864 2582 896 snm.

2494 900 2596 956 ΠΡΙιίξίσἾ
2587 902 2654 929 ,le.ct
2660 908 2708 929 xxx,

2492 1541 2518 1564 S.
2517 1514 2575 1563 ΤΕ.
2583 1520 2653 1563 ¹llectn
2658 1520 2700 1567 iiii

2493 1574 2515 1590 n.
2526 1574 2547 1590 2.

2490 1729 2706 1778 'sffssssssszifffi

2491 1845 2501 1854 '
2516 1844 2541 1866 in
2556 1849 2605 1865 om.
2625 1850 2646 1865 P.

2493 1947 2580 1968 ἰἠΑ.

2492 2157 2500 2166 ·
2512 2156 2623 2178 obiectum
2636 2162 2702 2178 curci

2489 2189 2529 2211 pt.

2493 2270 2502 2278 '
2517 2268 2654 2296 temporalis
2669 2275 2692 2290 Ρ.
