2782 4134
61 3461 211 3490 praedictam
229 3469 252 3486 Α.

65 3561 102 3611 (ἔ.
112 3563 164 3587 lect.
174 3570 251 3592 praec.

1142 272 1253 310 CAP.
1284 274 1352 321 ΙΙΙ,
1384 273 1535 310 LECT.
1563 274 1633 311 VII

2401 276 2477 324 287

1034 497 1330 554 LECTIO
1369 500 1732 557 SEPTIMA

574 640 856 691 OSTENDIssUR
880 641 999 678 QUAE
1024 642 1091 673 SIT
1114 643 1171 674 EX
1195 644 1337 675 PARTE
1361 622 1585 678 MATEnIAE
1610 649 1751 681 CAUSA
1776 651 1898 688 QUOD
1924 651 2176 684 GENERATIO

1155 700 1376 738 NUNQUAM
1399 703 1603 735 DEFICIAT

282 833 357 875 Περί
390 843 428 862 τε
454 827 588 861 τούτων
622 825 678 859 οὖν
716 825 792 858 ὅσον
827 822 1007 872 ἐνδέχεται
1040 825 1351 873 πραγματευτέον,

349 876 410 906 καὶ
434 876 486 911 τίς
512 872 611 904 αἰτία
636 871 700 904 τοῦ
724 869 854 916 γένεσιν
882 872 932 904 ἀεὶ
953 868 1053 913 εἶναι,
1071 876 1129 905 καὶ
1152 873 1216 910 τήν
1240 872 1354 907 οἱπλῆν

350 920 410 951 καὶ
434 917 499 954 τήν
524 916 621 949 κατά,
644 915 754 960 μέρος.

282 964 390 1001 Οὔσης
415 958 444 994 δ’
474 962 588 999 αἰτίας
613 961 692 1004 μιᾶς
717 959 777 1003 μὲν
805 958 876 991 ὅθεν
902 959 967 996 τήν
995 960 1102 1005 ἀρχὴν
1135 958 1219 992 εἷναί
1245 971 1353 1004 φαμεν

351 1008 413 1045 τῆς
438 1006 613 1047 κινήσεως,
640 1004 718 1049 μιᾶς
744 999 782 1036 δὲ
806 1005 869 1042 τῆς
897 1003 990 1046 ὕλης,
1018 1006 1082 1042 τήν
1108 1005 1277 1042 τοιαύτην
1304 1004 1356 1035 αὶ-

351 1055 430 1085 τίαν
453 1050 608 1083 λεκτέον.
635 1050 711 1093 Περὶ
729 1048 788 1092 μὲν
808 1048 873 1095 γάρ
892 1049 1018 1087 ἐκείνης
1039 1051 1172 1094 εἴρηται
1191 1048 1354 1094 πρότερον

351 1097 384 1131 ἐν
410 1099 482 1133 τοῖς
508 1096 580 1139 περὶ
601 1093 762 1134 κινήσεῳς
786 1094 920 1139 λόγοις,
949 1092 1003 1126 ὅτι
1029 1093 1104 1126 ἐστὶ
1129 1095 1170 1127 τὸ
1196 1094 1255 1139 μὲν
1283 1093 1355 1125 οὶκί-

350 1151 453 1179 νητον
479 1139 539 1172 τὸν
574 1138 718 1172 ἅπαντα
748 1138 888 1184 χρόνον,
916 1138 958 1170 τὸ
989 1137 1027 1170 δέ
1060 1138 1254 1183 κινούμενον
1287 1137 1351 1169 ἀεί.

349 1185 489 1217 Τούτων
514 1179 651 1228 &ef-Jeep).
676 1184 736 1227 μὲν
763 1184 824 1221 τῆς
845 1182 1009 1219 ἀκινήτου
1029 1183 1136 1238 ἀρχῆς
1154 1184 1217 1221 τῆς
1235 1182 1354 1226 ἑτέρας

287 1224 603 1273 κοίιιοιὶρ-ἰιτροΐι-ἐρας
629 1225 750 1260 διελεῖν
770 1228 842 1260 ἐστὶ
859 1228 1058 1270 φιλοσοφίας
1083 1240 1196 1274 εργον·
1224 1229 1298 1269 περὶ
1316 1221 1355 1257 δὲ

267 1271 279 1273 ⁴
351 1275 414 1307 τοῦ
431 1268 492 1305 διαὶ
508 1273 550 1305 τὸ
568 1274 712 1317 συνεχῶς
738 1271 903 1304 κινεῖσθαι
925 1270 1040 1305 τᾶλλα
1064 1273 1239 1309 κινοῦντος
1258 1271 1355 1303 ὅστε-

350 1330 405 1364 ρον
433 1313 641 1356 ἀποδοτέον,
664 1320 697 1350 τί
724 1317 884 1350 τοιοῦτον
910 1318 976 1349 τῶν
1001 1315 1078 1349 καθ’
1100 1315 1235 1349 ἕκαστα
1259 1317 1355 1359 λεγο-

350 1363 458 1408 μένων
484 1362 598 1394 αἴτιόν
624 1362 729 1395 ἐστιν.
769 1362 838 1393 Νῦν
862 1356 900 1392 δέ
933 1361 1000 1398 τήν
1032 1362 1074 1399 ὠς
1101 1361 1134 1393 ἑν
1161 1360 1241 1399 ὕλης
1273 1362 1354 1396 εἴδει

350 1406 528 1452 τιθεμένην
555 1407 672 1438 αἰτίαν
698 1408 858 1449 εἴπωμεν,
885 1401 924 1436 δι’
951 1406 991 1443 ἧν
1019 1406 1070 1437 ἀεὶ
1096 1404 1202 1450 φθοροί
1225 1406 1283 1437 καὶ
1300 1406 1357 1454 γέ-

350 1464 438 1490 νεσις
466 1451 530 1496 οὐχ
561 1452 740 1483 ύπολείπει
776 1450 840 1487 τήν
870 1449 984 1494 φύσιν·
1013 1449 1086 1493 ἅμα
1115 1450 1180 1505 γάρ
1207 1450 1247 1483 ἄν
1276 1451 1354 1490 ἴσως

352 1498 459 1530 τοῦτο
483 1498 621 1543 γένοιτο
643 1491 763 1535 δῆλον,
781 1496 839 1526 καὶ
856 1495 931 1569 περὶ
951 1495 1015 1527 τοῦ
1033 1495 1089 1526 νῦν
1109 1493 1353 1538 απορηθέντος,

351 1542 421 1580 πῶς
446 1540 535 1574 πότέ
559 1535 613 1572 δεῖ
627 1539 736 1586 λέγειν
761 1540 819 1570 καὶ
838 1550 898 1582 περ
930 1540 993 1577 τῆς
1013 1540 1126 1577 οἱπλῆς
1146 1539 1270 1585 φθορᾶς
1294 1543 1354 1573 καὶ

350 1585 524 1632 γενέσεως.

275 1630 372 1676 Ἔχει
395 1625 426 1661 δ’
449 1628 593 1674 ἀπορίαν
618 1627 740 1665 ἱκανήν
763 1628 822 1659 καὶ
848 1629 881 1659 τί
907 1627 948 1659 τὸ
974 1629 1086 1661 αἴτιον
1109 1629 1172 1661 τοῦ
1196 1632 1354 1672 συνείρειν

352 1674 416 1711 τήν
441 1674 588 1721 γένεσιν,
607 1675 699 1717 εἴπερ
718 1671 760 1704 τὸ
777 1670 990 1717 φθειρόμενον
1010 1674 1054 1711 εἰς
1073 1673 1114 1705 τὰ
1132 1674 1179 1718 μή
1199 1672 1234 1705 ὃν
1253 1673 1355 1718 ἀπέρ-

305 1735 310 1739 ·
349 1731 467 1764 χεται,
487 1719 528 1751 τὸ
553 1714 591 1750 δέ
615 1717 664 1762 μή
691 1716 725 1749 ὃν
750 1711 856 1760 μηδέν
882 1716 993 1749 ἐστιν·
1021 1717 1100 1750 οὔτε
1125 1718 1191 1765 γὰρ
1217 1720 1251 1750 τὶ
1273 1719 1354 1750 οὔτε

351 1763 448 1796 ποιὰν
475 1763 556 1796 οὔτε
582 1762 688 1794 ποσὸν
721 1761 800 1793 οὔτε
836 1761 903 1793 ποῦ
933 1761 975 1794 vd
1000 1762 1047 1806 μή
1074 1761 1126 1801 ὄν.,
1161 1764 1262 1806 Εἴπερ
1297 1761 1353 1796 οὖν

353 1808 405 1840 ἀεί
430 1819 465 1840 τι
490 1809 557 1840 τῶν
585 1806 691 1839 ὄντων
718 1805 923 1851 ἀπέρχεται,
943 1802 1002 1839 διαὶ
1027 1809 1060 1839 τί
1087 1807 1166 1840 ποτ’
1193 1807 1253 1839 οὐκ.
1272 1807 1354 1845 ἀνή-

349 1853 460 1885 λωται
485 1852 596 1885 ποίλαι
620 1853 679 1883 καὶ
705 1849 847 1896 φροῦδον
875 1850 916 1882 τὸ
937 1853 1020 1893 πᾶν,
1039 1853 1069 1883 εἴ
1084 1863 1122 1909 γε
1141 1853 1356 1897 πεπερασμέ-

349 1908 406 1929 νον
432 1896 472 1934 ἧν
499 1895 533 1937 ἑξ
559 1896 597 1928 οὖ
622 1899 757 1942 γίνεται
781 1897 849 1930 τῶν
868 1896 1056 1953 Ίγινομένων
1083 1899 1249 1937 ἑκαστον;

282 1943 323 1976 οὗ
348 1942 413 1988 γάρ
438 1937 482 1978 δή
510 1937 571 1974 διαὶ
604 1941 645 1973 τὸ
681 1941 818 1986 ἄπειρον
851 1953 938 1974 ειναι
970 1939 1005 1982 ἑξ
1042 1942 1078 1973 οὖ
1107 1943 1263 1986 γίνεται,
1291 1942 1355 1987 οὐχ

352 1987 547 2019 ὑπολείπει·
574 1986 682 2019 τοῦτο
695 1985 764 2042 ΙΎοὶρ
784 1981 971 2019 ἀδύνατον.
999 1986 1084 2018 Κατ’
1107 1985 1275 2032 ἐνέργειαν
1293 1987 1352 2031 μὲν

351 2031 416 2076 γοὶρ
443 2027 541 2064 οὐδέν
566 2031 659 2063 ἐστιν
687 2042 844 2075 απειρον,

281 2069 424 2120 δυνάμει
448 2071 478 2107 ’δ’
508 2076 564 2107 ἐπὶ
596 2074 660 2111 τήν
693 2071 874 2120 διαίρεσιν,
902 2074 982 2108 ὥστ’
1014 2070 1081 2106 ἔδει
1106 2074 1240 2112 ταύτην
1267 2072 1353 2108 εἶναι

317 2160 319 2163 ⁴
350 2120 454 2166 μόνην
472 2119 537 2157 τὴν
555 2120 602 2163 μή
622 2120 874 2159 ὑπολείπουσαν
892 2121 941 2161 τῷ
958 2119 1110 2166 γίνεσθαί
1128 2132 1162 2152 τι
1182 2120 1234 2153 ἀεὶ
1252 2120 1354 2153 ἔλατ-

351 2176 430 2199 τον·
456 2166 513 2197 νῦν
537 2159 576 2196 δὲ
601 2165 708 2197 τοῦτο
737 2165 800 2210 οὐχ
825 2165 965 2210 ὁρῶμεν.

273 2252 346 2297 'Ap'
375 2252 432 2286 οὖν
458 2247 518 2285 Stoi
543 2252 584 2285 τὸ
611 2253 676 2290 τήν
703 2248 805 2285 τοῦδε
831 2252 955 2298 φθοροὶν
984 2252 1087 2286 ἄλλου
1113 2250 1198 2285 εἶναι
1222 2252 1352 2298 γένεσιν

349 2300 408 2331 καὶ
433 2297 497 2334 τήν
524 2293 625 2330 τοῦδε
650 2296 779 2344 γένεο-ιν
800 2298 904 2330 ἄλλου
925 2294 1011 2330 εἶναι
1029 2296 1152 2343 φθοράν
1172 2297 1352 2331 ἄπαυστον

352 2343 541 2388 ἀναγκαῖον
567 2339 653 2374 εἶναι
678 2343 743 2379 τήν
773 2341 994 2386 μεταβολήν;
1020 2343 1095 2384 Περὶ
1147 2342 1179 2374 ἐν
1207 2340 1263 2374 οὖν
1290 2343 1352 2374 τοῦ

375 2387 482 2420 ένεσιν
508 2383 594 2418 εἶναι
625 2388 684 2418 καὶ
709 2385 834 2431 φθοράν
866 2387 986 2429 ὁμοίως
1012 2389 1086 2430 περὶ
1112 2398 1258 2419 εκαστον
1286 2387 1352 2419 τῶν

349 2400 482 2472 ἔνι-ων,
509 2430 644 2468 ταύτην
672 2430 805 2468 οἰητέον
831 2427 917 2463 εἶναι
943 2432 1046 2463 πᾶσιν
1072 2431 1192 2468 ἱκανήν
1220 2432 1351 2463 αἰτίαν.

335 2583 486 2611 SYNorsxs.
508 2598 542 2603 —
570 2591 595 2609 1.
617 2582 831 2619 Argumentum
851 2588 880 2611 et
900 2582 1004 2611 divisio
1025 2588 1127 2611 textus.
1149 2599 1170 2604 —
1189 2583 1228 2611 Ut
1248 2582 1352 2611 melius

281 2623 442 2652 declaretur
462 2621 604 2650 dubitatio
619 2621 779 2658 praemissa
800 2622 881 2658 (lect.
897 2623 1030 2659 praeced.
1051 2632 1080 2651 n.
1096 2623 1135 2658 8),
1156 2622 1351 2651 determinan-

280 2663 353 2692 dum
374 2668 417 2690 est
442 2671 517 2699 quae
545 2661 580 2689 sit
605 2670 692 2690 causa
719 2661 916 2698 perpetuitatis
942 2662 1145 2699 generationis.
1167 2679 1187 2684 -
1208 2670 1235 2690 2.
1258 2662 1351 2690 Huius

281 2708 380 2731 autem
393 2701 494 2738 quaeri
507 2707 604 2738 potest
618 2708 646 2730 et
660 2711 747 2730 causa
761 2700 890 2730 efficiens
909 2709 937 2730 et
951 2711 1037 2730 causa
1052 2702 1215 2731 materialis.
1238 2703 1295 2730 Sed
1314 2703 1351 2730 de

282 2739 426 2771 efficiente
446 2741 514 2769 alibi
535 2741 757 2770 determinatur:
779 2751 858 2770 nunc
872 2742 908 2770 de
922 2741 1062 2770 materiali
1077 2749 1193 2779 oportet
1213 2742 1317 2770 dicere.
1331 2757 1352 2763 —-

274 2782 311 2810 ’3.
334 2781 468 2809 Obiectio
489 2787 590 2809 contra
610 2781 829 2817 perpetuitatem
855 2781 1059 2818 generationis.
1088 2783 1177 2817 Quod
1198 2788 1351 2819 generatur

280 2820 457 2859 simpliciter,
479 2820 511 2848 fit
531 2830 566 2849 ex
586 2830 647 2849 non
668 2827 734 2849 ente
755 2821 938 2858 simpliciter:
960 2831 1029 2859 ergo
1051 2823 1132 2859 quod
1154 2821 1349 2858 corrumpitur

281 2860 457 2898 simpliciter,
473 2861 548 2888 cedit
562 2860 592 2888 in
606 2870 667 2889 non
682 2869 734 2889 ens
748 2860 923 2898 simpliclter,
946 2870 997 2889 seu
1011 2861 1041 2889 in
1056 2861 1084 2889 id
1100 2862 1180 2899 quod
1194 2870 1289 2898 neque
1307 2867 1350 2890 est

281 2900 442 2931 substantia
455 2909 550 2938 neque
563 2900 706 2936 accidens,
719 2901 770 2929 sed
782 2907 824 2929 est
838 2901 960 2929 omnino
975 2901 1054 2930 nihil.
1067 2903 1153 2938 Ergo,
1167 2901 1190 2929 si
1201 2901 1348 2938 generatio

281 2947 310 2970 et
330 2940 478 2977 corruptio
499 2940 556 2968 sint
577 2940 760 2977 sempiterna,
776 2950 892 2977 semper
906 2940 1015 2978 aliquid
1030 2941 1207 2970 subtrahitur
1220 2951 1238 2970 a
1251 2950 1348 2969 rerum

281 2987 395 3009 natura.
425 2980 522 3009 Omne
543 2987 640 3009 autem
661 2980 775 3008 finitum
797 2980 987 3016 consumitur,
1009 2981 1032 3009 si
1054 2990 1168 3018 semper
1188 2982 1225 3009 ab
1242 2990 1277 3009 eo
1299 2981 1349 3009 fiat

280 3020 398 3049 ablatio.
409 3021 485 3048 Cum
500 3030 568 3057 ergo
583 3026 678 3049 totum
691 3020 869 3056 universum,
881 3030 915 3049 ex
927 3030 986 3058 quo
997 3028 1151 3058 generatur
1160 3022 1349 3058 unumquod-

281 3069 339 3097 que
357 3059 476 3095 entium,
491 3060 528 3088 sit
544 3060 667 3096 finitum,
676 3060 734 3088 iam
749 3060 821 3088 olim
832 3060 931 3089 debuit
951 3070 1014 3089 esse
1025 3067 1231 3098 consumptum
1253 3068 1347 3089 totum

280 3109 342 3128 ens.
350 3115 370 3121 —-
379 3108 407 3134 4.
416 3100 583 3128 Excluditur
592 3100 687 3137 prima
698 3100 834 3129 obviatio.
849 3100 979 3137 Antiqui,
990 3107 1023 3129 ut
1036 3101 1215 3138 assignarent
1230 3110 1347 3129 causam

280 3139 478 3176 perpetuitatis
499 3139 705 3177 generationis,
727 3149 823 3168 rerum
844 3141 991 3177 principiis
1017 3141 1189 3169 infinitatem
1211 3141 1347 3169 attribue—

280 3186 357 3207 runt.
373 3180 430 3207 Sed
445 3186 546 3208 contra
558 3180 615 3208 hoc
630 3186 681 3215 est,
694 3181 775 3217 quod
788 3180 860 3208 nihil
875 3187 918 3209 est
928 3187 994 3209 actu
1006 3180 1150 3209 infinitum
1165 3180 1196 3208 in
1207 3187 1347 3209 natura.—

283 3220 309 3248 5.
320 3219 419 3247 Altera
430 3219 558 3248 obviatio
572 3220 740 3248 excluditur.
755 3221 858 3249 Posset
868 3221 924 3249 dici
939 3221 1028 3258 quod,
1040 3221 1106 3249 licet
1116 3230 1177 3249 non
1189 3221 1288 3248 existat
1303 3220 1347 3248 in-

280 3258 395 3287 finitum
406 3258 436 3287 in
447 3266 521 3295 actu,
533 3259 626 3288 existit
639 3259 784 3288 infinitum
799 3260 829 3289 in
844 3261 984 3297 potentia.
997 3261 1076 3289 Sicut
1087 3270 1156 3297 ergo
1168 3270 1185 3288 a
1196 3260 1348 3295 continuo,

279 3308 332 3336 per
346 3299 519 3328 divisionem
533 3309 608 3337 quae
620 3300 656 3328 sit
667 3309 781 3337 semper
795 3301 955 3329 secundum
974 3301 1098 3328 eandem
1112 3299 1344 3336 proportionem,

1407 834 1424 852 *
1447 834 1495 864 De
1517 835 1567 865 his
1590 843 1708 876 autem,
1732 847 1889 878 quantum
1912 841 2076 881 contingit,
2100 842 2317 881 tractandum;
2339 850 2370 874 et
2392 854 2474 885 quae

1475 889 1569 910 causa
1593 890 1689 920 quare
1712 884 1870 921 generatio
1899 895 2023 925 semper
2045 886 2106 925 sit,
2130 893 2161 917 et
2183 897 2266 928 quae
2289 887 2474 928 simpliciter

1475 931 1506 954 et
1529 933 1611 964 quae
1635 927 1812 956 secundum
1835 935 1966 967 partem.
2071 935 2079 941 '

1407 967 1424 986 *
1439 967 1599 999 Existente
1615 975 1723 999 autern
1739 980 1833 1001 causa
1856 981 1919 1002 una
1943 973 2072 1013 quidem
2091 975 2176 1005 unde
2194 975 2386 1016 principium
2402 987 2473 1008 mo-

1474 1018 1525 1042 tus
1549 1012 1684 1043 dicimus
1704 1023 1781 1052 esse,
1797 1025 1861 1045 una
1882 1023 1990 1047 autem
2007 1018 2146 1055 materia,
2165 1019 2262 1050 talem
2277 1027 2384 1051 autem
2401 1031 2473 1052 cau-

1475 1066 1544 1103 sam
1567 1057 1668 1087 dicere
1692 1065 1837 1097 oportet:
1863 1060 1901 1090 de
1927 1060 1979 1090 illa
2003 1062 2088 1092 enim
2115 1063 2236 1094 dictum
2260 1071 2306 1095 est
2328 1065 2416 1104 prius
2439 1066 2473 1096 in

1475 1101 1514 1131 de
1538 1108 1630 1132 motu
1654 1103 1869 1141 sermonibus,
1891 1105 1980 1144 quod
2004 1105 2065 1136 hoc
2085 1107 2215 1147 quidem
2238 1108 2404 1139 immobile
2427 1117 2474 1141 est

1474 1155 1532 1184 per
1554 1155 1651 1176 omne
1670 1152 1808 1186 tempus,
1826 1147 1887 1178 hoc
1910 1155 2017 1179 autern
2032 1157 2179 1181 movetur
2193 1162 2327 1192 semper.
2345 1153 2473 1184 Horum

1475 1196 1593 1228 autem,
1613 1190 1652 1220 de
1675 1189 1834 1221 immobili
1857 1192 2012 1232 principio
2031 1194 2162 1234 quidem
2185 1195 2323 1227 dividere
2345 1197 2473 1229 alterius

1475 1240 1506 1264 et
1529 1234 1650 1274 primae
1673 1234 1895 1275 philosophiae
1916 1243 1962 1267 est
1984 1245 2085 1277 opus:
2110 1239 2148 1269 de
2172 1247 2301 1280 propter
2323 1241 2474 1273 continue

1475 1285 1583 1308 autem
1607 1278 1727 1308 moveri
1751 1279 1810 1309 alia
1834 1287 2001 1318 movente,
2033 1289 2143 1322 postea
2171 1284 2397 1323 assignandum
2427 1293 2474 1317 est

1475 1322 1552 1363 quid
1575 1323 1637 1353 tale
1661 1322 1868 1363 singularium
1892 1324 2050 1355 dictorum
2074 1333 2120 1357 est
2143 1337 2244 1359 causa.
2269 1326 2285 1343 *
2303 1330 2397 1360 Nunc
2417 1340 2473 1361 au-

2502 851 2648 906 :rggspsscan
2664 858 2700 874 ιιι.

2500 987 2512 998 ⁴
2525 986 2595 1009 Text.
2610 993 2642 1014 14.

2500 1336 2508 1344 ”
2523 1334 2592 1357 Text.
2607 1341 2636 1363 ¹5-

1474 1373 1541 1397 tem
1563 1374 1599 1398 ut
1622 1367 1655 1397 in
1683 1367 1830 1398 materiae
1861 1368 1963 1408 specie
1987 1370 2124 1409 positam
2155 1381 2282 1402 causam
2312 1373 2472 1413 dicamus,
2501 1392 2508 1400 ι

1475 1418 1606 1452 propter
1628 1421 1726 1452 quarn
1750 1421 1875 1452 semper
1904 1413 2063 1452 generatio
2088 1421 2118 1445 et
2140 1416 2300 1456 corruptio
2329 1427 2395 1448 non
2419 1419 2472 1448 de-

1475 1462 1584 1486 serunt
1607 1462 1770 1486 naturam:
1795 1456 1891 1487 simul
1907 1456 1991 1487 enirn
2015 1457 2144 1489 forsitan
2164 1459 2218 1490 fiet
2241 1466 2271 1490 et
2286 1461 2348 1491 hoc
2371 1462 2472 1492 mani-

1475 1499 1603 1538 festum,
1621 1506 1652 1530 et
1674 1500 1714 1530 de
1737 1510 1822 1531 nunc
1845 1501 1988 1541 quaesito
2012 1503 2179 1542 quomodo
2200 1511 2344 1543 oporteat
2360 1506 2472 1545 dicere,

1475 1551 1506 1575 et
1529 1544 1698 1585 quomodo
1722 1545 1761 1575 de
1784 1544 1919 1585 simplici
1942 1546 2143 1585 generatione
2167 1555 2196 1578 et
2219 1549 2432 1589 corruptione.

1407 1631 1423 1648 *
1448 1634 1552 1664 Habet
1575 1640 1683 1664 autem
1711 1632 1943 1664 dubitationem
1975 1634 2183 1666 sufficientem
2213 1642 2243 1666 et
2275 1646 2356 1677 quae
2380 1648 2473 1668 causa

1475 1685 1522 1709 est
1545 1678 1635 1718 quod
1659 1677 1867 1717 complicatur
1896 1679 2073 1717 generatio,
2100 1679 2126 1709 si
2149 1680 2236 1720 quod
2261 1682 2473 1722 corrumpitur

1475 1722 1515 1752 ad
1538 1731 1605 1752 non
1629 1731 1684 1752 ens
1708 1721 1843 1760 secedit,
1866 1732 1932 1752 non
1957 1732 2011 1752 ens
2035 1730 2142 1754 autern
2172 1724 2250 1754 nihil
2273 1732 2335 1756 est:
2358 1728 2471 1767 ‘neque

1475 1766 1562 1798 enim
1592 1766 1670 1807 quid
1697 1776 1801 1807 neque
1833 1766 1927 1807 quale
1959 1777 2063 1808 neque
2093 1775 2250 1808 quantum
2282 1779 2385 1810 neque
2418 1771 2473 1801 ubi

1475 1811 1563 1852 quod
1595 1821 1661 1841 non
1685 1820 1749 1841 ens.
1775 1810 1807 1841 Si
1831 1810 1926 1850 igitur
1949 1821 2073 1852 semper
2096 1812 2174 1852 quid
2197 1812 2318 1843 entium
2341 1815 2471 1852 secedit,

1475 1865 1573 1896 quare
1600 1865 1666 1886 non
1693 1862 1923 1895 consumptum
1954 1862 2001 1886 est
2030 1856 2108 1886 olim
2133 1863 2164 1887 et
2190 1857 2282 1887 inane
2309 1868 2422 1895 omne,
2447 1859 2472 1889 si

1475 1899 1603 1931 finitum
1622 1905 1687 1930 erat
1710 1909 1747 1929 ex
1762 1909 1828 1940 quo
1844 1898 1880 1929 fit
1901 1907 2123 1939 generatorum
2146 1901 2424 1942 unumquodque?

1408 1945 1484 1975 Non
1507 1944 1592 1975 enim
1616 1944 1727 1984 utique
1756 1950 1886 1984 propter
1916 1943 2077 1975 infinitum
2108 1955 2174 1975 esse
2198 1956 2235 1975 ex
2257 1955 2323 1986 quo
2347 1956 2472 1986 genera-

1475 1995 1537 2026 tur,
1561 1998 1627 2018 non
1651 1987 1773 2018 deficit:
1807 1987 1869 2018 hoc
1893 1987 1978 2018 enim
2001 1988 2195 2029 impossibile
2219 1996 2281 2020 est:
2306 1997 2377 2021 actu
2401 1991 2473 2032 qui-

1477 2033 1550 2063 dem
1574 2032 1660 2063 enim
1682 2031 1762 2062 nihil
1784 2031 1955 2063 infinitum.

1408 2078 1566 2109 Potestate
1589 2084 1698 2108 autem
1721 2083 1785 2115 est,
1809 2083 1845 2107 ut
1867 2076 1900 2106 in
1925 2076 2088 2108 divisione.
2116 2078 2319 2119 Quapropter
2348 2086 2474 2119 oportet

1474 2122 1557 2153 hanc
1580 2131 1647 2152 esse
1670 2121 1778 2151 solum
1801 2130 1930 2151 causam
1953 2131 2019 2151 non
2044 2121 2223 2161 deficiendi,
2247 2123 2402 2164 quoniam
2424 2134 2474 2164 ge-

1475 2172 1601 2197 neratur
1625 2165 1757 2207 quidem
1787 2174 1912 2206 semper
1934 2165 2056 2196 minus:
2081 2176 2166 2197 nunc
2193 2174 2299 2198 autem
2322 2167 2384 2198 hoc
2407 2178 2471 2198 non

1473 2211 1630 2241 videmus.

1406 2255 1423 2275 *
1440 2255 1608 2294 Quocirca,
1625 2261 1755 2295 propter
1774 2254 1870 2284 huius
1894 2255 2132 2295 corruptionem
2148 2255 2275 2286 alterius
2297 2255 2473 2296 generatio-

1474 2309 1549 2329 nem
1573 2309 1660 2338 esse,
1691 2305 1722 2329 et
1744 2298 1839 2329 huius
1862 2299 2099 2339 generationem
2127 2300 2252 2330 alterius
2277 2310 2343 2330 esse
2367 2310 2471 2331 corru-

1474 2343 1637 2384 ptionem,
1661 2342 1838 2384 inquietam
1861 2353 1927 2373 esse
1952 2353 2077 2374 necesse
2101 2351 2147 2374 est
2165 2344 2471 2375 transmutationem.

1474 2388 1522 2418 De
1538 2387 1740 2428 generatione
1760 2387 1890 2428 quidem
1914 2387 2009 2427 igitur
2024 2394 2055 2418 et
2070 2388 2271 2428 corruptione
2292 2388 2474 2428 simpliciter

1474 2442 1600 2472 semper
1615 2431 1695 2463 circa
1710 2431 1968 2473 unumquodque
1985 2432 2116 2471 entium,
2129 2433 2211 2463 hanc
2229 2433 2473 2463 existimandum

1474 2483 1520 2508 est
1543 2485 1610 2507 esse
1634 2475 1842 2506 sufficientem
1865 2486 1994 2506 causam
2016 2476 2048 2506 in
2072 2477 2229 2508 omnibus.

1405 2581 1583 2610 subtrahitur
1607 2581 1716 2619 aliquid
1737 2581 1767 2610 in
1788 2581 1949 2618 infinitum,
1971 2591 2025 2610 nec
2050 2588 2148 2610 tamen
2174 2582 2369 2618 consumitur3
2397 2582 2435 2610 ita
2456 2592 2474 2611 a

1405 2631 1528 2658 corpore
1553 2621 1677 2650 naturali
1706 2631 1739 2650 ex
1761 2631 1820 2659 quo
1842 2621 1942 2650 omnia
1962 2628 2152 2659 generantur,
2173 2628 2268 2658 potest
2288 2631 2402 2659 semper
2422 2632 2473 2659 per

1405 2662 1623 2699 corruptionem
1638 2661 1764 2690 abstrahi
1778 2661 1887 2699 aliquid
1904 2663 1984 2699 quod
1998 2659 2028 2689 in
2043 2661 2164 2690 nihilum
2179 2663 2271 2696 abeat,
2291 2662 2360 2699 quin
2375 2668 2472 2690 tamen

1405 2711 1511 2738 corpus
1528 2701 1600 2730 illud
1613 2701 1739 2730 totaliter
1759 2708 1957 2730 consumatur.
1974 2718 1993 2723 -
2007 2702 2064 2730 Sed
2078 2702 2134 2730 hoc
2148 2701 2260 2730 admitti
2274 2701 2388 2739 nequit:
2404 2701 2472 2739 quia

1404 2741 1428 2769 si
1449 2741 1597 2778 generatio
1619 2748 1647 2769 et
1667 2741 1815 2778 corruptio
1837 2742 1974 2769 durarent
1994 2741 2024 2769 ln
2045 2748 2215 2778 perpetuum
2237 2751 2271 2769 ea
2287 2741 2399 2769 ratione
2414 2751 2471 2778 qua

1404 2781 1575 2809 continuum
1598 2781 1734 2809 dividitur
1754 2781 1785 2809 in
1806 2781 1964 2816 infinitum,
1988 2790 2102 2817 semper
2123 2782 2202 2818 quod
2222 2781 2364 2817 posterius
2384 2790 2469 2817 gene-

1403 2827 1492 2857 ratur,
1514 2827 1589 2850 esset
1610 2820 1706 2849 minus
1727 2821 1757 2849 in
1779 2821 1953 2858 quantitate;
1975 2827 2076 2849 contra
2097 2821 2127 2848 id
2142 2821 2221 2858 quod
2242 2821 2370 2848 accidere
2391 2820 2468 2848 vide-

1404 2871 1478 2889 mus.
1497 2877 1517 2882 —
1537 2862 1565 2889 6.
1587 2862 1663 2889 Vera
1683 2860 1800 2889 solutio.
1822 2861 1891 2889 Ideo
1912 2860 2078 2888 indeficiens
2100 2866 2142 2888 est
2162 2860 2361 2888 transmutatio
2382 2869 2468 2896 gene-

1402 2901 1524 2934 rationis
1544 2907 1572 2929 et
1593 2900 1799 2937 corruptionis,
1823 2900 1890 2937 quia
1911 2909 2024 2936 semper
2045 2899 2191 2936 corruptio
2213 2899 2298 2927 unius
2319 2905 2361 2927 est
2381 2908 2467 2935 gene-

1402 2940 1477 2969 ratio
1498 2940 1614 2969 alterius
1629 2946 1657 2968 et
1671 2950 1686 2968 e
1701 2949 1851 2968 converso.
1868 2941 1942 2967 Nam
1956 2939 2102 2976 generatio
2124 2946 2166 2967 est
2183 2946 2241 2976 per
2255 2948 2286 2966 se
2301 2938 2418 2975 quidem
2433 2948 2467 2966 ex

1403 2987 1468 3009 ente
1489 2980 1520 3008 in
1540 2980 1679 3017 potentia,
1698 2989 1756 3017 per
1776 2980 1910 3008 accidens
1930 2986 2026 3007 autem
2048 2988 2082 3006 ex
2102 2984 2168 3006 ente
2189 2978 2218 3006 in
2233 2984 2307 3006 actu.
2330 2978 2466 3006 Similiter

1402 3020 1598 3057 corrumpitur
1612 3020 1729 3057 quidem
1744 3018 1853 3056 aliquid
1863 3028 1921 3056 per
1932 3028 1962 3046 se
1977 3018 2006 3045 in
2021 3027 2071 3045 ens
2086 3018 2115 3045 in
2129 3017 2266 3054 potentia,
2278 3018 2357 3053 quod
2368 3024 2465 3045 tamen

1402 3060 1551 3088 subiicitur
1571 3060 1652 3088 alteri
1672 3060 1798 3093 formae,
1825 3059 1983 3086 secundum
2005 3066 2092 3094 quam
2115 3063 2157 3085 est
2177 3066 2228 3084 ens
2249 3057 2279 3084 in
2299 3063 2373 3084 actu.
2395 3058 2463 3085 Ideo

1402 3101 1483 3137 quod
1504 3099 1699 3136 corrumpitur
1723 3108 1784 3126 non
1809 3097 1915 3125 recedit
1942 3097 2066 3125 totaliter
2087 3106 2104 3124 a
2125 3105 2220 3124 rerum
2242 3103 2357 3124 natura:
2380 3097 2464 3133 quia,

1402 3140 1533 3177 quamvis
1555 3140 1604 3167 fiat
1625 3139 1695 3166 illud
1715 3147 1775 3166 non
1797 3147 1847 3165 ens
1870 3137 1949 3173 quod
1971 3143 2013 3164 est
2031 3142 2208 3172 corruptum,
2224 3142 2321 3163 tamen
2335 3143 2464 3164 remanet

1401 3179 1479 3207 aliud
1494 3189 1554 3214 ens,
1570 3179 1649 3215 quod
1671 3184 1713 3206 est
1733 3183 1909 3214 generatum.
1925 3192 1944 3197 —
1959 3177 2038 3204 Haec
2059 3184 2127 3212 ergo
2149 3181 2191 3203 est
2212 3184 2298 3203 causa
2319 3176 2399 3212 quod
2413 3185 2464 3212 ge-

1401 3219 1512 3247 neratio
1527 3225 1554 3246 et
1569 3217 1715 3253 corruptio
1737 3217 1793 3244 sint
1814 3216 1843 3243 in
1864 3215 2086 3251 sempiternum3
2109 3215 2190 3251 quod
2210 3214 2328 3251 quidem
2347 3222 2463 3251 oportet

1400 3258 1551 3287 admittere
1573 3256 1722 3293 supposita
1747 3255 1913 3284 aeternitate
1939 3254 2040 3282 mundi
2068 3261 2096 3282 et
2115 3260 2228 3290 motus,
2251 3264 2339 3291 quam
2365 3261 2463 3283 tamen

1400 3299 1471 3326 fides
1493 3297 1633 3325 catholica
1653 3305 1714 3323 non
1735 3294 1881 3331 supponit.

1401 3398 1563 3435 stionem
1593 3404 1628 3433 et
1647 3396 1758 3433 solvit
1778 3408 1879 3441 eam;
1909 3395 2077 3432 secundo
2099 3407 2143 3432 ex
2164 3395 2243 3432 eius
2272 3396 2460 3433 solutione

1399 3450 1571 3499 procedit
1598 3450 1646 3486 ad
1675 3448 1902 3485 solvendum
1923 3448 2187 3496 quaestionem
2210 3448 2463 3498 principaliter

1400 3505 1602 3549 intentam,
1641 3501 1712 3538 ibi:
1742 3503 1901 3549 Propter
1928 3501 2019 3549 quid
2052 3507 2176 3538 autem
2204 3501 2224 3523 '³‘
2253 3510 2321 3539 etc.
2350 3503 2460 3539 Circa

1401 3556 1566 3604 primum
1595 3555 1663 3591 tria
1692 3554 1793 3591 facit:
1823 3554 1946 3603 primo
1966 3555 2146 3603 proponit
2174 3555 2459 3603 quaestionem,

1401 3608 1569 3646 secundo
1589 3607 1833 3656 prosequitur
1853 3619 1950 3655 eam,
1967 3607 2036 3644 ibi:
2065 3608 2194 3644 Habet
2211 3613 2336 3645 autem
2356 3608 2461 3645 dubi-

2499 1646 2510 1656 ·
2524 1645 2592 1668 Text.
2607 1646 2641 1668 16.

2500 2264 2509 2272 ·
2523 2262 2592 2285 Text.
2606 2269 2638 2290 ¹7·

2487 3512 2498 3523 ⁸
2513 3512 2576 3534 Lect.
2591 3519 2640 3540 seq.
