2782 4134
190 942 200 957 Ε

85 995 96 1005 ¹
112 993 209 1015 dicimus
224 999 247 1015 Α.

189 1039 204 1068 ζ

91 1581 100 1589 ·
124 1580 216 1600 movent
229 1584 300 1606 scaz,

90 1607 200 1627 moveant
212 1612 232 1626 r.

89 1685 98 1693 '¹
112 1683 182 1705 Num.
198 1690 247 1712 seq.

188 1795 204 1818 ⁷1

91 2158 252 2186 'consequitur
260 2164 274 2179 Ρ
280 2161 302 2179 et

90 2185 158 2207 codd.
167 2191 217 2207 exc.
225 2191 248 2207 Α.

85 2273 94 2283 ·
119 2279 188 2321 guam
214 2273 301 2294 habeat

89 2305 117 2321 co
135 2300 158 2321 d.

190 2423 203 2448 0

91 2534 100 2543 '¹
116 2534 179 2554 recte
192 2539 225 2554 ez.

192 2592 200 2607 ῑ

1019 265 1090 301 DE
1120 263 1296 300 CAELO
1326 263 1397 300 ET

323 345 456 384 venire
486 344 534 382 ad
554 343 710 392 aliquod
739 344 886 380 bonum
907 342 1129 391 perfectum,
1150 340 1283 388 triplex
1310 352 1392 387 gra-

325 400 395 437 dus
424 398 624 436 invenitur.
655 398 833 444 Quorum
863 407 1064 444 supremus
1094 401 1149 430 est
1178 393 1257 429 eius
1287 393 1392 441 quod

325 452 470 502 optime
498 464 539 488 se
558 451 684 498 habet,
707 457 743 486 et
767 462 845 486 non
864 449 1003 496 indiget
1031 447 1156 494 aliqua
1176 445 1323 482 actione
1344 445 1392 482 ad

326 505 601 554 acquirendum
632 505 779 541 bonum
817 502 1043 551 perfectum,
1075 499 1142 536 sed
1168 500 1243 535 hoc
1273 498 1394 535 existit

327 559 360 596 ei
389 558 469 595 sine
499 558 623 606 aliqua
651 556 810 593 actione.
833 554 1033 592 Secundus
1061 551 1199 600 gradus
1229 551 1310 588 eius
1339 558 1394 588 est

327 611 434 661 quod
449 618 504 648 est
517 609 882 659 propinquissimum
897 607 936 643 in
952 605 1120 643 bonitate
1137 604 1394 654 dispositionis

327 665 486 714 optimo,
516 664 620 712 quod
649 662 787 699 scilicet
815 660 975 708 acquirit
1005 659 1218 708 perfectum
1246 659 1393 694 bonum

326 730 396 767 per
409 729 527 754 unam
544 724 580 753 et
594 715 786 753 modicam
803 714 1004 750 actionem.
1017 711 1170 749 Tertius
1185 711 1324 759 gradus
1340 718 1396 747 est

329 783 463 808 eorum
483 782 582 818 quae
602 768 721 816 magis
742 767 878 804 distant
898 767 946 803 ab
967 765 1126 815 optimO,
1147 777 1247 813 quae
1267 772 1395 801 tamen

329 823 528 873 acquirunt
536 823 746 871 perfectum
762 821 907 857 bonum
920 831 989 868 per
997 820 1125 868 plures
1140 818 1394 867 operationes.

382 876 529 913 Deinde
568 887 655 911 cum
691 873 798 910 dicit:
832 872 1159 915 Quemadmodum
1189 872 1225 908 in
1264 883 1395 920 corpo-

328 942 371 967 re
399 936 480 976 ete.,
501 927 713 965 manifestat
739 939 808 976 per
827 926 1058 975 exemplum.
1079 926 1128 962 Et
1150 930 1161 945 ‘
1186 924 1274 962 dicit
1293 924 1397 973 quod

329 983 367 1020 in
396 981 616 1030 corporibus
638 980 789 1018 videtur
810 981 829 1001 ²¹*
857 979 949 1017 illud
979 991 1117 1028 corpus
1146 978 1288 1027 optime
1315 990 1396 1014 esse

331 1035 566 1084 dispositum,
583 1034 687 1083 quod
702 1045 781 1070 non
804 1033 946 1081 indiget
960 1032 1086 1082 aliqua
1102 1032 1367 1068 exercitatione
1384 1030 1398 1057 ζ

330 1090 380 1126 ad
399 1089 540 1125 bonam
561 1087 618 1124 sui
637 1086 900 1124 habitudinem
917 1089 1031 1135 (quae
1057 1086 1189 1123 dicitur
1209 1085 1396 1131 euechia);

329 1142 368 1179 in
382 1142 550 1178 secundo
567 1147 695 1177 autem
711 1140 832 1188 gradu
847 1147 903 1176 est
918 1152 1057 1189 corpus
1073 1140 1178 1188 quod
1191 1151 1261 1188 per
1275 1139 1397 1176 modi-

330 1207 414 1231 cam
442 1193 793 1231 deambulationem
817 1193 1062 1242 consequitur
1080 1194 1223 1230 bonam
1249 1193 1397 1229 habitu-

329 1248 476 1294 dinem;
505 1247 543 1284 in
570 1247 679 1284 tertio
718 1254 845 1284 autem
883 1246 1004 1295 gradu
1033 1254 1089 1283 est
1122 1258 1260 1295 corpus
1292 1246 1398 1295 quod

328 1302 376 1338 ad
417 1301 560 1337 bonam
597 1300 861 1337 habitudinem
878 1336 881 1339 ,
909 1300 1221 1349 consequendam
1259 1299 1399 1348 indiget

329 1354 456 1391 multis
478 1354 671 1402 exercitiis,
690 1361 783 1404 puta
804 1365 928 1401 cursu,
949 1355 1048 1390 lucta
1069 1361 1105 1390 et
1131 1365 1271 1402 pugna.

382 1408 417 1444 3.
438 1407 588 1444 Deinde
619 1420 707 1444 cum
732 1407 836 1444 dicit:
865 1408 1009 1444 Iterum
1031 1413 1156 1444 autem
1177 1406 1287 1443 alteri
1314 1414 1397 1454 ete.,

327 1460 435 1510 ponit
471 1460 654 1510 principia
681 1472 750 1510 per
787 1472 885 1509 quae
918 1460 1077 1497 solvitur
1113 1459 1282 1497 secunda
1310 1472 1398 1509 pars

329 1514 573 1563 quaestionis,
600 1526 718 1562 quare
738 1514 878 1550 scilicet
896 1513 1092 1550 inferiores
1110 1514 1285 1562 planetae
1304 1526 1398 1562 pau-

330 1567 494 1604 cioribus
513 1567 680 1604 motibus
704 1575 910 1604 moventur
924 1568 944 1588 ’i'
965 1579 1081 1615 quam
1102 1567 1329 1615 superiores.
1350 1567 1400 1604 Et

329 1621 455 1670 primo
491 1620 600 1669 ponit
634 1620 838 1670 principia;
875 1620 1044 1657 secundo
1080 1620 1234 1657 adhibet
1271 1632 1398 1657 exem-

328 1675 449 1723 plum,
469 1673 538 1710 ibi:
567 1675 728 1722 Propter
754 1674 856 1722 quod
882 1679 1027 1722 oportet
1046 1679 1186 1722 putare
1206 1674 1225 1695 ²¹⁸
1247 1681 1316 1711 ete.

385 1727 496 1764 Circa
514 1727 683 1776 primum
703 1727 773 1764 tria
792 1727 894 1764 facit:
915 1727 1041 1776 primo
1060 1726 1169 1776 ponit
1184 1739 1265 1764 esse
1282 1739 1399 1776 quen-

331 1780 419 1817 dam
440 1781 600 1828 gradum
618 1780 838 1817 inferiorem
857 1780 975 1817 tribus
989 1780 1190 1829 praedictis
1204 1786 1229 1817 η.
1247 1781 1296 1817 Et
1312 1780 1400 1818 dicit

330 1833 435 1883 quod
453 1833 644 1871 invenitur
667 1833 706 1870 in
725 1842 860 1882 quarto
880 1834 1000 1882 gradu
1020 1833 1159 1883 aliquid
1179 1834 1296 1882 quod,
1318 1833 1399 1882 qui-

330 1888 568 1936 buscumque
606 1886 821 1934 laboribus,
851 1900 930 1924 non
957 1894 1082 1937 potest
1108 1887 1320 1936 pertingere
1350 1887 1399 1924 ad

329 1941 404 1977 hoc
433 1941 538 1990 quod
566 1940 795 1990 adipiscatur
815 1941 963 1978 bonum
991 1941 1215 1989 perfectum,
1236 1940 1304 1977 sed
1328 1953 1397 1989 po-

329 2001 401 2031 test
430 1994 611 2043 consequi
630 1994 829 2043 quoddam
858 1994 960 2031 aliud
990 1995 1137 2031 bonum
1167 1993 1294 2031 minus
1314 2006 1399 2042 per-

327 278 398 315 192

324 2047 428 2084 -feeto
462 2048 587 2094 bon0;
616 2055 708 2096 puta
736 2048 766 2084 si
796 2047 951 2096 aliquod
989 2060 1126 2096 corpus
1154 2059 1224 2096 per
1251 2048 1398 2084 nullum

331 2100 548 2138 exercitium
576 2107 706 2150 posset
735 2100 917 2150 consequi
944 2101 1111 2149 perfecte
1131 2101 1275 2138 bonam
1295 2101 1400 2138 habi-

329 2154 512 2202 tudinem,
533 2154 602 2191 sed
619 2166 689 2203 per
710 2155 835 2203 aliqua
865 2154 1039 2191 exercitia
1063 2162 1361 2202 consequeretur
1379 2155 1399 2175 ³¹²

330 2207 607 2257 aliquantulum
626 2208 826 2245 meliorem
847 2207 1136 2256 dispositionem
1158 2220 1274 2257 quam
1293 2208 1398 2256 prius

329 2261 493 2298 habebat
513 2260 545 2297 *.

384 2314 575 2362 Secund0‚
605 2313 674 2351 ibi:
699 2315 768 2351 Est
785 2319 909 2351 autem
939 2314 1105 2364 dirigere
1130 2321 1212 2361 ete.,
1235 2314 1400 2352 ostendit

328 2367 368 2405 in
394 2368 469 2404 hoe
497 2366 611 2404 etiam
639 2368 757 2415 gradu
787 2379 869 2404 esse
898 2368 1093 2416 quandam
1119 2367 1398 2414 diversitatem,

331 2420 459 2458 dicens
480 2420 584 2470 quod
605 2420 755 2458 difficile
772 2428 828 2458 est
846 2421 1012 2470 dirigere
1026 2419 1049 2467 ⁰,
1067 2421 1164 2458 idest
1179 2420 1397 2469 rectificare,

330 2482 395 2511 aut
423 2475 541 2511 multa
567 2482 631 2511 aut
659 2474 871 2511 multoties:
902 2474 1090 2512 difficilius
1119 2474 1223 2511 enim
1253 2482 1309 2511 est
1343 2487 1398 2511 re-

331 2535 433 2565 ctum
452 2527 471 2549 *
492 2540 532 2564 se
551 2528 693 2565 habere
713 2527 752 2565 in
771 2527 898 2564 multis
917 2540 1035 2577 quam
1062 2527 1100 2564 in
1123 2527 1268 2576 paucis.
1299 2528 1398 2564 Mul-

330 2580 449 2618 titudo
471 2588 598 2618 autem
617 2588 625 2601 ⁸
651 2581 772 2630 accipi
794 2588 920 2630 potest
947 2581 1009 2618 vel
1030 2580 1245 2618 secundum
1274 2580 1398 2618 diver-

331 2633 480 2671 sitatem
509 2646 647 2681 rerum,
667 2635 731 2671 vel
757 2635 969 2672 secundum
1000 2633 1257 2672 diversitatem
1284 2634 1399 2670 actio-

330 2699 424 2725 num
449 2687 709 2725 ordinatarum
738 2689 787 2726 ad
815 2687 956 2736 aliquid
979 2699 1120 2733 unum;
1157 2687 1205 2725 ad
1234 2699 1399 2736 quorum

383 2846 405 2882 ε)
420 2846 495 2872 Dicit
508 2853 574 2879 ergo
584 2845 674 2878 primo
688 2845 760 2878 quod
772 2845 798 2870 in
814 2845 881 2870 his...
894 2846 1055 2878 exemplum.
1069 2846 1114 2871 Et.
1123 2860 1143 2865 ·-
1155 2846 1206 2871 Ista
1219 2846 1307 2871 omnia
1320 2846 1397 2870 omit-

329 2888 387 2908 tunt
401 2883 420 2907 P
435 2887 460 2907 et
474 2882 548 2907 codd.
563 2889 617 2906 exc.
627 2882 649 2906 Α
665 2880 720 2915 (qui
733 2885 820 2906 tamen
841 2881 867 2906 in
881 2881 1006 2914 principio
1020 2882 1081 2914 legit
1095 2887 1214 2914 corrupte
1233 2881 1304 2914 quod
1319 2880 1398 2915 illis),-

331 2918 406 2947 male.
419 2923 447 2943 ut
461 2922 538 2950 patet.
549 2917 617 2950 quia,
632 2917 663 2941 iis
676 2917 790 2948 omissis,
805 2916 867 2941 nihil
883 2916 964 2942 habes
979 2918 1049 2949 quod
1064 2917 1266 2950 correspondeat
1279 2917 1398 2950 superius

332 2954 398 2978 dicto
408 2953 499 2985 primo
513 2952 593 2985 ponit
599 2952 773 2984 principium,
789 2959 874 2985 neque
888 2952 967 2977 textui
984 2952 1127 2978 Videtur...
1137 2953 1297 2985 perplures,
1313 2960 1399 2985 neque

332 2989 445 3014 dicendis
465 2989 497 3013 de
517 2989 626 3013 diversis
645 2988 767 3020 gradibus
794 2988 825 3012 ad
848 2987 947 3013 bonum
968 2989 1143 3019 tendentium;
1163 2989 1196 3013 cf.
1210 2996 1282 3013 num.
1298 2996 1354 3020 seq.
1374 2993 1399 3013 et

332 3032 403 3048 num.
419 3023 442 3048 5.
461 3023 597 3048 Credimus
617 3031 683 3056 quae
702 3031 732 3048 ex
746 3024 769 3047 A
783 3024 972 3056 adoptavimus,
992 3023 1050 3048 ideo
1069 3024 1168 3049 omissa
1183 3032 1242 3049 esse
1254 3024 1280 3049 in
1299 3024 1400 3054 ceteris,

333 3060 393 3092 quia
406 3059 582 3083 homoteleuto
597 3059 769 3091 aequivalent.
781 3059 869 3092 Margo
884 3059 905 3083 E
920 3059 1037 3091 supplet:
1059 3059 1132 3085 Dicit
1150 3067 1214 3093 ergo
1224 3059 1315 3092 primo
1328 3059 1400 3092 quod

334 3095 360 3119 in
380 3094 444 3126 ipsis
468 3094 544 3119 rebus
563 3098 603 3119 est
621 3094 687 3119 dare
713 3094 844 3126 triplicem
863 3094 1000 3119 ordinem:
1023 3095 1154 3127 quaedam
1179 3095 1248 3120 enim
1274 3095 1400 3120 videntur

334 3130 449 3154 existere
473 3133 499 3154 et
518 3130 613 3154 habere
635 3130 764 3162 optimam
790 3130 987 3162 dispositionem
1011 3130 1068 3155 sine
1090 3131 1181 3163 aliqua
1199 3130 1318 3160 actione;
1344 3131 1399 3155 alia

334 3168 422 3189 autem
436 3167 498 3189 sunt
517 3165 562 3189 isti
575 3165 811 3197 propinquissima,
831 3173 898 3198 quae
917 3166 1014 3191 habent
1028 3166 1123 3191 bonam
1139 3166 1338 3198 dispositionem
1349 3173 1400 3198 per

330 3207 446 3232 paucam
461 3199 590 3224 actionem
605 3203 631 3225 et
646 3208 725 3225 unam
731 3209 740 3230 ‚·
754 3201 809 3225 alia
821 3204 909 3226 autem
925 3204 988 3226 sunt
1002 3205 1105 3226 remota
1117 3202 1151 3226 ab
1165 3202 1213 3231 his,
1229 3209 1297 3234 quae
1309 3202 1399 3234 acqui-

336 3238 399 3259 runt
412 3242 487 3259 suum
502 3235 596 3260 bonum
610 3242 665 3260 esse
679 3243 731 3268 per
739 3237 833 3268 plures
849 3237 966 3262 actiones
981 3239 1007 3262 et
1021 3237 1198 3269 operationes.
1218 3237 1322 3262 Deinde
1340 3245 1399 3262 cum

338 3269 416 3294 dicit:
437 3270 665 3299 Quemadmodum
685 3271 710 3295 in
731 3279 849 3303 corpore,
865 3272 994 3297 declarat.
1014 3272 1058 3298 Et.
1079 3272 1145 3303 Quia
1159 3277 1265 3305 propter
1278 3272 1400 3298 omissio-

338 3312 398 3328 nem
416 3306 496 3329 oratio
515 3313 566 3330 non
586 3305 712 3337 cohaeret,
727 3314 774 3339 pro
793 3315 906 3340 sequens
924 3307 996 3335 dicit.
1013 3308 1032 3333 P
1048 3308 1108 3341 legit
1128 3308 1202 3333 Dicit
1220 3315 1285 3341 ergo
1299 3308 1400 3340 primo,

338 3339 383 3363 Csl
404 3340 476 3364 Dicit
494 3348 567 3373 ergo.

390 3373 415 3406 ζ)
427 3376 777 3402 exercitatione-existenti
788 3377 893 3403 ratione
903 3378 1059 3411 BDEGlpF;
1070 3379 1264 3404 exercitatione
1273 3379 1402 3405 existenti

339 3409 443 3434 ratione
458 3410 490 3440 C,
504 3410 535 3435 cf.
548 3419 627 3443 supra
645 3417 698 3436 not.
712 3419 736 3436 a.
753 3426 769 3431 —
783 3413 841 3437 Lin.
860 3421 916 3446 seq.
935 3422 982 3446 pro
1001 3415 1055 3443 sui,
1077 3415 1148 3447 quod
1162 3422 1216 3440 om.
1229 3415 1256 3444 P,
1276 3422 1353 3440 suam
1367 3416 1398 3440 Α.

392 3443 417 3477 η)
430 3446 588 3485 praedictis.
601 3460 620 3465 -
633 3447 652 3470 P
667 3447 727 3478 legit
741 3448 882 3479 principiis
908 3449 960 3474 iam
980 3450 1071 3479 dictis,
1092 3450 1152 3483 quin
1171 3451 1246 3476 codd.
1268 3457 1322 3476 exc.
1339 3451 1400 3475 ΑΒΕ

335 3479 483 3511 praedictis
502 3486 669 3513 corrumpunt
688 3482 713 3506 in
728 3483 852 3514 planetis.
866 3498 884 3502 -
898 3485 954 3509 Lin.
973 3492 1030 3517 seq.
1043 3493 1090 3518 pro
1105 3485 1309 3518 quibuscumque
1328 3486 1400 3512 labo-

340 3514 425 3543 ribus,
445 3519 682 3549 quantumcumque
700 3517 800 3543 laboret
819 3519 850 3543 Α.

393 3547 418 3583 θ)
437 3550 552 3574 ostendit
570 3551 595 3575 in
616 3551 693 3576 hoc...
708 3552 833 3585 dirigere.
847 3555 913 3579 —lta
927 3556 963 3585 A;
982 3556 1058 3580 ceteri
1078 3564 1137 3581 curn
1150 3557 1169 3581 Ρ
1183 3557 1306 3581 omittunt
1324 3557 1400 3587 istud,

340 3584 459 3653 nont-'gna
477 3585 575 3610 ratione
600 3594 677 3619 quarn
702 3587 761 3620 quia
783 3588 976 3614 homoteleuton
996 3595 1034 3615 est
1041 3598 1048 3622 3
1074 3591 1152 3616 iidem
1171 3599 1218 3625 pro
1238 3593 1399 3626 rectificare,

339 3626 384 3644 cer
397 3627 404 3644 ι
425 3627 494 3646 care.

1427 263 1622 300 MUNDO
1653 263 1746 299 LIB.
1779 265 1810 300 II

1446 341 1616 389 primurn
1635 341 1798 390 pertinet
1823 342 1928 391 quod
1958 341 2047 379 dicit
2065 341 2199 387 multa,
2230 341 2279 378 ad
2304 343 2520 380 secundum

1446 395 1609 443 pertinet
1637 395 1742 443 quod
1763 395 1851 432 dicit
1879 395 2080 441 multoties,
2111 394 2280 431 maxime
2301 395 2331 432 si
2351 396 2522 433 actiones

1448 459 1527 483 non
1556 447 1668 484 simul
1697 448 1845 485 fuerint.
1867 449 1924 485 Ex
1945 461 2021 497 quo
2051 456 2209 497 apparet
2233 449 2339 497 quod
2366 448 2522 486 maioris

1447 500 1594 537 virtutis
1633 509 1689 538 est
1725 503 1832 551 quod
1867 514 1937 551 per
1973 503 2092 538 multa
2125 509 2251 551 potest
2294 501 2333 538 in
2367 502 2523 551 aliquod

1449 554 1597 591 bonum
1616 555 1842 604 pertingere,
1873 567 1991 604 quam
2020 555 2125 604 quod
2145 555 2183 592 in
2203 555 2265 591 illa
2293 556 2413 591 multa
2442 567 2523 592 non

1448 614 1574 656 potest
1592 614 1617 654 2,
1640 615 1676 644 et
1693 608 1745 644 ita
1772 621 1852 645 non
1872 609 2116 657 consequitur
2140 608 2231 645 illud
2251 609 2413 645 bonum.

1504 661 1657 708 Tertio,
1693 657 1929 699 cum'dicit:
1963 663 2060 699 Puta
2097 663 2244 711 myrios
2287 669 2378 708 ete.,
2413 661 2523 710 ponit

1451 715 1671 763 exemplum
1693 716 1740 752 de
1761 727 1807 751 eo
1828 715 1934 764 quod
1948 728 2050 753 nunc
2071 716 2214 752 dictum
2240 723 2306 752 est.
2329 716 2378 752 Et
2395 714 2522 764 primo

1451 775 1637 815 quantum
1658 769 1706 805 ad
1725 768 1799 804 hoc
1820 769 1926 816 quod
1946 769 2036 806 dixit
2056 769 2075 790 *
2096 770 2234 814 multas
2263 768 2393 807 dicens
2417 767 2524 816 quod

1452 820 1604 857 difficile
1625 828 1681 858 est
1698 821 1884 870 proiicere
1899 820 1912 842 λ
1931 823 2077 871 myrios
2095 823 2322 872 astragalos,
2343 822 2440 859 idest
2459 821 2525 859 de-

1453 886 1537 910 cem
1558 874 1674 911 millia
1702 875 1988 922 astragalorum,
2009 888 2109 924 quae
2138 883 2225 913 sunt
2248 875 2440 926 quaedam
2461 887 2524 923 ge-

1452 939 1544 964 nera
1581 927 1803 975 missilium,
1839 940 1884 965 ex
1925 928 2048 966 insula
2081 941 2179 978 quae
2219 929 2354 966 dicitur
2387 928 2523 976 Chios,

1452 980 1517 1017 ubi
1538 988 1625 1017 sunt
1653 981 1781 1029 magni
1810 982 1982 1030 astragali
2013 982 2099 1029 (alia
2126 983 2247 1020 littera
2274 983 2391 1020 habet
2414 983 2524 1028 Coos,

1453 1046 1551 1083 quae
1573 1041 1628 1071 est
1647 1034 1718 1071 alia
1737 1034 1859 1071 insula
1879 1035 2075 1082 Graeciae,
2092 1035 2131 1072 in
2151 1048 2228 1084 qua
2248 1035 2417 1072 similiter
2436 1042 2525 1073 sunt

1452 1087 1581 1135 magni
1609 1087 1818 1136 astragali);
1853 1088 1961 1125 facile
1994 1096 2051 1125 est
2084 1096 2214 1125 autem
2249 1089 2356 1137 quod
2389 1088 2525 1137 aliquis

1451 1140 1561 1177 iaciat
1588 1153 1709 1177 unum
1740 1153 1785 1178 ex
1813 1140 1872 1178 his
1900 1142 1963 1178 vel
1992 1141 2082 1178 duo.

1507 1195 1697 1242 Secundo,
1719 1194 1787 1231 ibi:
1803 1195 1853 1231 Et
1875 1194 2010 1231 iterum
2037 1203 2120 1242 ete.,
2138 1194 2392 1244 exemplificat
2406 1207 2525 1244 quan-

1452 1254 1533 1284 tum
1562 1247 1610 1284 ad
1638 1247 1676 1285 id
1705 1248 1812 1297 quod
1831 1248 1921 1285 dixit
1943 1254 1973 1294 μ,
2004 1248 2199 1285 multoties.
2229 1249 2278 1285 Et
2303 1247 2393 1286 dicit
2419 1248 2526 1296 quod

1453 1301 1607 1350 quando
1641 1309 1791 1350 oportet
1819 1302 1969 1351 operari
2007 1301 2150 1351 aliquid
2181 1301 2294 1338 huius
2322 1301 2459 1349 gratia,
2490 1309 2528 1338 et

1452 1355 1527 1391 hoc
1556 1354 1706 1391 alterius
1735 1355 1862 1403 gratia,
1886 1363 1921 1392 et
1949 1355 2040 1392 illud
2069 1355 2196 1392 adhuc
2229 1354 2380 1392 alterius
2409 1353 2527 1402 gratia

1453 1408 1519 1455 (ita
1538 1407 1678 1445 scilicet
1697 1408 1802 1457 quod
1822 1408 1870 1446 ad
1889 1421 2011 1445 unum
2039 1408 2160 1445 finem
2190 1415 2365 1457 oporteat
2386 1419 2524 1457 perve-

1454 1461 1525 1498 niri
1557 1473 1627 1510 per
1655 1463 1793 1499 multas
1827 1461 1996 1498 actiones
2025 1461 2074 1498 ad
2107 1461 2274 1499 invicem
2303 1461 2526 1509 ordinatas),

1453 1514 1561 1551 facile
1574 1516 1593 1535 ⁸²
1610 1522 1666 1552 est
1682 1515 1786 1552 hunc
1805 1515 1926 1552 finem
1946 1515 2116 1564 adipisci,
2142 1516 2298 1563 quando
2318 1526 2387 1564 per
2405 1514 2525 1552 unam

1454 1569 1643 1605 actionem
1663 1569 1726 1606 vel
1747 1568 1841 1606 duas
1854 1569 1874 1590 ’¹‘
1887 1576 2013 1617 potest
2031 1568 2166 1617 aliquis
2183 1568 2367 1618 consequi
2387 1569 2524 1615 finem;

1453 1629 1546 1670 puta
1565 1621 1595 1658 si
1616 1622 1753 1670 aliquis
1782 1622 1872 1659 emit
1891 1634 2035 1671 equum
2056 1622 2106 1659 ad
2125 1622 2201 1659 hoc
2221 1622 2328 1671 quod
2347 1621 2524 1672 aequiter,

1455 1682 1491 1711 et
1514 1675 1744 1723 aequitando
1773 1675 1974 1724 perveniat
2002 1676 2049 1713 ad
2078 1676 2207 1712 locum
2236 1675 2416 1725 aliquem.
2448 1675 2526 1718 Sed

1454 1728 1608 1777 quando
1638 1735 1788 1777 oportet
1822 1729 1869 1766 ad
1898 1729 2018 1765 finem
2051 1728 2253 1777 pervenire
2290 1741 2360 1777 per
2396 1729 2525 1778 plures

1455 1781 1634 1828 actiones,
1665 1789 1754 1818 tunc
1782 1782 1858 1818 hoc
1878 1790 1933 1818 est
1961 1781 2168 1828 difficilius;
2198 1789 2290 1830 puta
2309 1781 2341 1819 si
2359 1794 2440 1819 non
2458 1782 2526 1819 ha-

1454 1834 1542 1871 beat
1569 1834 1773 1883 pecuniam
1802 1835 1841 1872 in
1877 1842 2058 1884 promptu
2096 1834 2199 1872 unde
2229 1842 2331 1872 emat
2363 1846 2525 1884 equum,

1454 1887 1522 1924 sed
1538 1887 1558 1908 ²⁸
1575 1896 1725 1936 oportet
1744 1900 1831 1925 eam
1852 1888 2048 1937 acquirere
2076 1900 2146 1937 per
2175 1887 2440 1937 operationem
2460 1887 2525 1925 ali-

1455 1941 1561 1978 cuius
1582 1941 1728 1978 artificii
1750 1943 1788 1987 ²³²,
1816 1941 1864 1979 ad
1893 1954 1993 1991 quae
2023 1941 2236 1979 exercenda
2263 1941 2404 1979 iterum
2430 1940 2527 1980 indi-

1454 2002 1539 2042 geat
1566 2007 1751 2044 quaerere
1779 1995 2031 2032 instrumenta
2054 1994 2212 2032 alicuius
2233 1994 2379 2032 artificii
2399 2000 2422 2033 '.
2443 1995 2527 2034 Ma-

1454 2047 1634 2085 nifestum
1650 2056 1705 2085 est
1726 2048 1835 2096 igitur
1854 2048 1959 2098 quod
1974 2048 2098 2086 maior
2115 2048 2236 2087 virtus
2256 2048 2469 2098 requiritur,
2490 2055 2528 2086 et

1456 2114 1501 2138 ex
1523 2109 1631 2150 parte
1660 2101 1871 2139 intellectus
1900 2101 2110 2139 ordinantis
2139 2109 2175 2139 et
2195 2114 2241 2139 ex
2266 2109 2374 2152 parte
2392 2109 2527 2152 poten-

1454 2154 1527 2192 tiae
1557 2155 1789 2203 exequentis,
1811 2167 1880 2204 per
1907 2155 2036 2204 plures
2065 2155 2235 2193 actiones
2262 2155 2464 2205 pervenire
2488 2155 2528 2195 in

1454 2208 1594 2254 finem,
1625 2220 1741 2257 quam
1763 2221 1840 2258 per
1867 2221 1984 2246 unam
2014 2209 2076 2246 vel
2104 2208 2305 2258 pauciores
2326 2210 2358 2246 ’ἦ

1507 2265 1544 2309 4.
1574 2262 1723 2299 Deinde
1745 2274 1834 2299 cum
1855 2262 1963 2299 dicit:
1992 2263 2154 2311 Propter
2170 2263 2273 2311 quod
2289 2267 2528 2312 oportetpu-

1454 2320 1536 2352 tare
1564 2322 1653 2363 ete.,
1683 2315 1792 2365 ponit
1826 2316 2001 2365 exempla
2029 2315 2230 2365 praemissi
2261 2315 2448 2366 principii.
2478 2316 2529 2355 Et

1455 2368 1543 2405 dicit
1575 2369 1681 2418 quod
1707 2376 1864 2418 propter
1890 2369 2102 2418 praemissa
2131 2376 2282 2418 oportet
2315 2369 2527 2408 existimare

1454 2422 1560 2470 quod
1580 2422 1677 2458 actio
1698 2423 1904 2469 stellarum,
1921 2422 2135 2459 secundum
2159 2421 2442 2460 multitudinem
2463 2422 2528 2460 vel

1454 2475 1686 2524 paucitatem
1714 2482 1843 2512 motus
1872 2487 2018 2522 earum,
2049 2475 2095 2512 sit
2123 2474 2254 2512 similis
2283 2475 2422 2512 actioni
2447 2475 2527 2513 ani-

1455 2528 1614 2565 malium
1653 2535 1690 2565 et
1726 2529 1953 2577 plantarum.
1982 2528 2170 2566 Videmus
2209 2528 2311 2565 enim
2345 2528 2451 2578 quod
2487 2528 2527 2568 in

1455 2581 1532 2618 istis
1556 2581 1795 2618 inferioribus
1813 2582 1948 2629 homo,
1972 2582 2119 2619 habens
2144 2581 2354 2631 perfectam
2374 2582 2526 2620 animae

1454 2634 1647 2681 virtutem,
1668 2635 1783 2672 habet
1811 2634 2035 2684 multiplices
2064 2635 2318 2684 operationes,
2349 2635 2437 2685 quia
2455 2648 2526 2686 po-

1454 2695 1525 2725 test
1557 2688 1676 2725 multa
1709 2688 1812 2725 bona
1840 2688 2017 2737 adipisci:
2053 2696 2088 2725 et
2115 2696 2272 2738 propter
2303 2689 2380 2726 hoc
2407 2689 2527 2727 multa

1506 2847 1524 2879 ι)
1544 2846 1691 2871 ᾹΙιιΙῙίἰιιάο
1709 2850 1807 2872 autem.
1821 2860 1841 2864 —
1853 2850 1941 2872 autem
1961 2854 2015 2872 om.
2034 2847 2054 2871 P
2073 2852 2099 2872 ct
2117 2847 2192 2873 codd.
2211 2855 2265 2872 exc.
2279 2847 2336 2873 Ast.
2355 2861 2376 2867 -
2390 2847 2449 2874 Lin.
2468 2855 2527 2882 seq.

1451 2889 1498 2913 pro
1512 2889 1610 2911 rerum,
1626 2882 1763 2915 agentium
1779 2883 1807 2907 P.
1820 2896 1839 2901 —
1853 2882 1889 2907 lbi
1904 2882 1970 2908 dicit
1989 2883 2081 2911 multa,
2095 2883 2162 2908 dicit
2174 2883 2252 2908 multi
2267 2883 2393 2915 Beni-:1³3
2413 2883 2437 2909 G
2450 2884 2526 2910 lae.-

1452 2918 1503 2942 Pro
1522 2925 1573 2942 non
1593 2918 1673 2942 simul
1683 2918 1804 2951 suerint,
1824 2925 1876 2943 non
1896 2918 1934 2943 sic
1945 2918 2055 2952 fuerim
2073 2919 2092 2943 Ρ
2112 2923 2138 2943 et
2155 2919 2232 2944 codd.
2246 2926 2299 2944 exc.
2313 2919 2344 2944 A.

1505 2953 1530 2985 κ)
1551 2953 1576 2978 in
1597 2953 1707 2986 aliquod
1726 2953 1822 2978 bonum
1874 2961 1925 2979 non
1942 2957 2039 2986 potest.
2059 2969 2079 2973 —
2093 2954 2163 2979 lstud
2178 2954 2375 2980 homoteleuton
2394 2962 2448 2980 om.
2461 2954 2482 2980 P
2499 2960 2527 2980 et

1452 2989 1527 3014 codd.
1542 2996 1596 3014 exc.
1608 2990 1645 3019 A;
1665 2989 1710 3021 qui
1728 2994 1824 3020 tamen,
1838 2997 1885 3022 per
1898 2989 2024 3014 incuriam
2043 2990 2218 3019 amanuensis,
2231 2998 2284 3015 om.
2301 2990 2328 3015 in
2342 2995 2402 3015 ante
2415 2990 2526 3024 aliquod

1452 3025 1556 3053 bonum,
1577 3029 1602 3049 et
1622 3024 1647 3049 in
1668 3024 1714 3049 illa
1733 3025 1876 3057 corrumpit
1894 3025 1920 3050 in
1940 3025 2023 3050 milia.

1504 3058 1532 3091 λ)
1548 3059 1689 3091 proiicere.
1707 3073 1726 3080 -
1740 3060 1834 3090 iacere,
1850 3060 1919 3086 idest
1934 3061 2067 3092 prolicere
2083 3061 2111 3091 Ρ,
2125 3066 2214 3086 contra
2228 3068 2321 3086 omnes
2340 3061 2416 3087 codd.
2429 3075 2448 3081 -
2460 3061 2526 3087 Post

1451 3103 1531 3120 unam
1550 3096 1593 3120 lin.
1607 3103 1655 3128 pro
1675 3095 1822 3125 missilium,
1838 3096 1979 3122 miscilium
1998 3097 2028 3125 Α,
2045 3097 2283 3122 instrumentorum
2303 3097 2323 3122 P
2342 3103 2367 3122 et
2385 3101 2436 3123 cet.
2451 3097 2526 3129 Quae

1452 3136 1606 3163 sequuntur,
1621 3138 1658 3156 ex
1672 3131 1759 3156 insula
1773 3139 1840 3164 quae
1854 3131 1954 3157 dicitur
1969 3132 2048 3158 Chios
2068 3133 2112 3158 ubi
2125 3135 2188 3158 sunt
2207 3132 2300 3166 magni
2312 3133 2455 3166 astragali,
2470 3140 2525 3159 om.

1452 3166 1471 3191 P
1491 3171 1516 3191 et
1534 3167 1609 3191 codd.
1623 3174 1677 3191 exc.
1690 3167 1726 3196 A;
1747 3175 1798 3191 non
1813 3167 1879 3192 bene
1894 3173 1989 3198 tamen,
2003 3173 2032 3193 ut
2046 3172 2115 3201 patet
2134 3176 2165 3193 ex
2183 3168 2239 3193 alid
2257 3168 2349 3193 littera
2363 3168 2442 3194 habet
2455 3173 2482 3194 et
2494 3175 2526 3194 ex

1452 3202 1583 3231 similiter,
1598 3210 1666 3235 quae
1681 3203 1705 3227 in
1720 3203 1828 3227 lectione
1843 3203 1862 3227 P
1877 3203 1908 3228 ad
1924 3203 1985 3228 nihil
2001 3203 2165 3228 referrentur.
2185 3203 2422 3229 Animadvertimus
2434 3204 2458 3229 A
2472 3211 2527 3229 non

1453 3237 1539 3270 legere
1557 3245 1595 3262 ex
1614 3243 1671 3262 ante
1692 3238 1786 3267 insula,
1806 3239 1853 3263 sed
1872 3242 1898 3263 et
1916 3238 1948 3267 h‘,
1968 3239 2039 3272 quod
2059 3239 2124 3264 forte
2143 3238 2220 3264 etiam
2240 3246 2278 3264 ex
2295 3239 2346 3264 hac
2364 3238 2523 3272 interpretari

1453 3280 1604 3306 possumus.
1623 3287 1640 3292 -
1659 3273 1710 3298 Pro
1729 3274 1827 3303 littera,
1848 3274 1951 3306 plurimi
1976 3275 2066 3308 legunt
2090 3275 2202 3300 lectura.
2221 3274 2272 3299 Pro
2293 3275 2374 3303 Coos,
2397 3274 2476 3300 Chios
2495 3274 2525 3304 P.

1453 3308 1541 3333 etheos
1561 3309 1600 3338 131,
1615 3309 1686 3334 ch'os
1701 3309 1729 3338 Ε,
1744 3309 1821 3334 cheos
1841 3314 1897 3340 cet„
1910 3310 1957 3335 sed
1971 3311 1994 3335 Α
2009 3310 2131 3343 expungit
2143 3317 2165 3335 e.
2185 3309 2236 3334 Pro
2250 3309 2306 3335 alia
2321 3310 2417 3339 insula,
2431 3309 2524 3343 aliqua

1454 3343 1541 3369 insula
1554 3344 1574 3368 Ρ
1590 3349 1614 3369 et
1630 3345 1704 3369 codd.
1719 3352 1772 3370 exc.
1787 3346 1818 3370 Α.

1507 3379 1535 3414 μ.)
1557 3380 1705 3405 Secundo...
1721 3380 1803 3406 dixit.
1817 3395 1836 3401 -
1853 3380 1975 3407 Tertio...
1991 3381 2102 3406 dixerat
2116 3381 2135 3406 Ρ
2152 3385 2178 3406 et
2190 3380 2264 3406 codd.
2280 3388 2334 3406 exc.
2347 3381 2378 3411 A,
2394 3380 2440 3406 sed
2453 3380 2523 3406 conf.

1454 3423 1532 3447 supra
1551 3415 1587 3440 Et
1602 3416 1693 3447 primo
1712 3419 1840 3449 quantum
1856 3417 1892 3442 ad
1907 3422 1954 3442 etc.
1968 3431 1988 3436 -
2002 3416 2052 3441 Pro
2070 3416 2185 3449 quando,
2205 3416 2364 3449 quandoque
2377 3416 2397 3441 P
2410 3421 2436 3441 et
2449 3416 2525 3441 codd.

1454 3458 1508 3476 exc.
1523 3451 1557 3482 C;
1578 3451 1609 3476 cf.
1624 3456 1684 3476 text.
1696 3465 1715 3470 -
1728 3452 1851 3484 Sequenti
1871 3453 1938 3478 linea
1956 3456 1983 3478 et
2002 3452 2069 3478 illud
2086 3451 2175 3477 adhuc
2192 3451 2304 3477 alterius
2317 3452 2410 3485 gratia
2423 3459 2477 3477 om.
2491 3452 2524 3483 A,

1455 3487 1514 3518 quia
1533 3486 1739 3512 homoteleuton.
1759 3488 1850 3512 Statim
1869 3493 1918 3513 cet.
1937 3493 1963 3514 et
1976 3489 1996 3513 Ρ
2010 3495 2064 3513 om.
2076 3487 2124 3513 ita.
2137 3501 2156 3506 -
2169 3487 2220 3512 Pro
2238 3490 2363 3520 oporteat
2375 3486 2525 3520 perveniri,

1455 3525 1559 3554 oportet
1574 3523 1717 3554 pervenire
1736 3523 1765 3548 Ρ.

1508 3558 1531 3589 ν)
1551 3558 1588 3582 ad
1605 3565 1673 3590 quae
1685 3558 1837 3584 exercenda
1884 3558 2002 3592 artificii.
2011 3572 2030 3578 —
2042 3558 2176 3584 Omittitur
2188 3558 2238 3583 hoc
2253 3557 2450 3583 homoteleuton
2462 3558 2488 3583 in
2503 3557 2525 3582 Ρ

1456 3598 1481 3618 et
1495 3593 1626 3618 codicibus
1642 3599 1748 3627 excepto
1762 3595 1797 3624 A,
1813 3594 1885 3619 cuius
1901 3595 2037 3619 lectionem
2053 3593 2233 3627 adoptavimus
2245 3599 2275 3619 ut
2288 3593 2382 3619 melius
2397 3593 2524 3626 exprima-

1455 3633 1497 3653 tur
1516 3629 1647 3662 pluralitas
1667 3630 1806 3660 actionum‚
1821 3630 1852 3654 de
1865 3637 1918 3663 qua
1937 3630 2027 3663 agitur.
2039 3643 2058 3649 -
2070 3629 2160 3655 Statim
2175 3637 2224 3663 pro
2236 3629 2320 3663 igitur
2332 3629 2355 3654 A
2369 3629 2430 3662 legit
2443 3628 2524 3654 enim.

2551 775 2560 785 ⁶
2576 774 2635 796 dicit
2647 781 2671 797 r.
2720 784 2723 786 ·

2553 1523 2660 1552 ‘saetae
2672 1529 2695 1546 ι».

2551 1575 2562 1587 “
2577 1581 2625 1604 per
2642 1581 2713 1598 aava
2731 1575 2770 1598 vel

2553 1601 2615 1625 duae
2629 1602 2768 1625 acum-⁸1².

2553 1893 2679 1917 'undem

2553 1953 2564 1964 ·
2578 1951 2680 1980 artificii
2688 1957 2736 1975 om.
2747 1958 2769 1974 ι.

2652 2011 2666 2028 ν

2555 2219 2566 2229 '¹
2573 2217 2678 2241 acauno·
2686 2217 2740 2240 add.
2745 2223 2770 2240 ι’.
