2782 4134
0 3477 63 3528 :melfi
72 3479 124 3501 leet.
134 3485 213 3507 praec.

2 3578 16 3606 ,⁸
28 3579 99 3603 Num.
112 3587 133 3609 3.

1069 288 1181 325 CAP.
1210 289 1278 336 VI,
1309 287 1462 324 LECT.
1491 287 1578 324 VIII

2359 293 2430 329 149

997 513 1297 570 LECTIO
1337 513 1670 569 OCTAVA

371 676 535 707 MOTUM
557 674 686 707 CAELI
708 672 810 704 ESSE
833 672 1120 712 REGULAREM,
1145 673 1270 704 IDEST
1294 673 1462 703 SEMPER
1485 673 1746 704 UNIFORMEM
1769 670 2087 704 VELOCITATEM
2109 669 2300 707 HABERE,

952 729 1124 761 DUABUS
1147 729 1408 760 RATIONIBUS
1432 729 1713 761 OSTENDITUR

236 867 312 910 Περὶ
335 859 374 896 δὲ
398 863 462 900 τῆς
485 861 645 899 κινήσεως
675 861 800 902 αὐτοῦ,
828 859 882 892 ὅτι
907 858 1040 903 ὁμαλής
1066 860 1139 892 ἐστι
1162 861 1221 891 καὶ
1247 859 1308 891 οὐκ
1362 863 1380 882 *
1404 863 1452 893 De
1475 869 1568 893 motu
1592 869 1698 892 autem
1721 862 1832 902 ipsius,
1849 863 1923 903 quia
1947 862 2096 902 regularis
2111 869 2158 893 est
2173 869 2204 893 et
2221 871 2288 892 non
2310 861 2429 902 irregu-

307 907 506 951 ἀνώμαλος,
534 905 652 949 &qa-255<
680 905 719 938 ἂν
745 907 796 942 εἴη
822 905 888 938 τῶν
913 903 1093 949 εἰρημένων
1117 899 1272 936 διελθεῖν.

236 954 334 1001 Λέγω
357 947 396 984 δὲ
420 952 528 984 τοῦτο
554 952 629 995 περὶ
654 951 718 982 τοῦ
741 949 878 994 πρώτου
904 949 1050 992 οὐρανοῦ
1073 951 1131 981 καὶ
1144 950 1226 992 impl
1244 950 1306 986 τῆς

303 996 440 1043 πρώτης
470 995 591 1040 φορᾶς·
618 995 651 1026 ὲν
683 995 748 1041 γάρ
774 998 846 1032 τοῖς
879 993 1044 1027 ὑποκάτω
1075 994 1208 1031 πλείους
1240 988 1306 1030 ἤδη

305 1045 340 1075 αἱ
365 1041 463 1086 φοραὶ
489 1037 752 1077 συνεληλύθασιν
777 1039 822 1077 εἰς
849 1037 894 1071 ἓν.

237 1088 277 1120 Εἰ
299 1087 364 1134 γάρ
391 1084 577 1129 ἀνωμάλως
601 1082 799 1125 κινήσεται,
818 1079 922 1120 δῆλον
945 1082 999 1115 ὅτι
1025 1082 1183 1120 ἐπίτασις
1209 1082 1308 1114 ἔσται

302 1133 362 1163 καὶ
389 1124 482 1173 ἀκμή
506 1130 565 1161 καὶ
592 1129 701 1166 ἄνεσις
726 1129 789 1165 τῆς
815 1128 935 1173 φορᾶς·
964 1126 1085 1160 ἅπασα
1102 1126 1167 1173 γάρ
1185 1127 1206 1163 ἡ
1226 1124 1308 1158 ἀνώ-

251 1183 253 1185 “
303 1177 412 1220 μαλος
429 1173 516 1218 φοραὶ
539 1175 599 1206 καὶ
617 1173 728 1205 ἄνεσιν
751 1174 821 1218 ἔχει
844 1174 903 1205 καὶ
924 1172 1084 1205 ἐπίτασιν
1104 1173 1164 1203 καὶ
1182 1170 1307 1215 ἀκμήν.

298 1221 307 1233 ’
402 1213 472 1250 ¹13¹
500 1218 592 1250 ἐστὶν
618 1216 639 1254 ἢ
666 1216 739 1250 ὅθεν
771 1216 910 1262 φέρεται
935 1216 957 1253 ἦ
984 1217 1014 1248 οἱ
1038 1214 1060 1253 ἦ
1088 1213 1154 1248 ἀνά
1184 1215 1307 1259 μέσον,

305 1265 374 1298 οἷον
398 1266 477 1301 ἴσως
503 1266 574 1300 τοῖς
600 1262 659 1306 μέν
684 1262 781 1295 κατά
804 1261 899 1305 φύσιν
926 1262 957 1293 οἷ
980 1260 1154 1306 φέρονται,
1175 1263 1246 1297 τοῖς
1271 1254 1309 1291 δὲ

276 1350 280 1352 μ
305 1308 403 1354 παρά
426 1307 522 1352 φύσιν
549 1305 644 1348 ὅθεν,
671 1310 742 1344 τοῖς
767 1301 806 1339 δὲ
834 1304 1066 1350 ἰπτουμένοις
1099 1304 1167 1337 ἀνά
1190 1303 1305 1348 μέσον.

305 1354 372 1391 Τῆς
398 1348 436 1384 δὲ
460 1351 570 1393 κύκλῳ
603 1353 704 1396 φορᾶς
738 1351 798 1383 οὐκ
831 1361 923 1383 εστιν
958 1349 1037 1382 οὔτε
1069 1347 1141 1381 ὅθεν
1172 1349 1252 1380 οὔτε
1279 1348 1309 1379 οἷ

305 1397 387 1430 οὔτε
411 1395 531 1441 μέσον·
547 1395 639 1428 ὀὔτε
663 1395 729 1439 γάρ
757 1395 845 1440 ἀρχὴ
871 1395 952 1426 οὔτε
978 1392 1083 1438 πέρας
1107 1392 1187 1425 οὔτε
1205 1391 1308 1436 μέσον

305 1443 398 1475 ἔστὶν
418 1441 528 1477 αὐτῆς
555 1441 687 1478 άπλῶς·
714 1439 762 1480 τῷ
782 1451 821 1471 τε
837 1439 903 1485 γάρ
927 1437 1034 1484 χρόνῳ
1053 1433 1160 1474 ἀΐδιος
1183 1439 1242 1468 καὶ
1259 1437 1308 1478 τῷ

304 1486 406 1533 μήκει
430 1484 620 1530 συνηγμένη
650 1485 710 1516 καὶ
737 1484 923 1521 ἄκλαστος.
957 1482 1056 1515 Ὥστ·
1084 1482 1114 1514 εἰ
1138 1481 1186 1525 μή
1216 1482 1307 1514 ἐστιν

307 1529 399 1576 ᾆκμῆ
432 1530 543 1562 αὐτοῦ
576 1529 638 1566 τῆς
667 1530 755 1572 φορᾶ
781 1551 790 1569 ,
817 1523 888 1560 οὐδ’
918 1525 1165 1571 ἄν’ἀνωμαλία
1189 1527 1260 1563 εἴη·
1288 1526 1309 1562 ἡ

303 1574 369 1624 γάρ
389 1575 570 1618 ἀνωμαλία
585 1575 743 1620 γίγνεται
783 1572 820 1604 ιά
837 1571 902 1609 τήν
921 1571 1032 1604 άνεσιν
1057 1572 1116 1603 καὶ
1134 1571 1307 1603 ἐπίτασιν.

229 1664 308 1698 Ἔτι
333 1661 407 1696 ἐπεὶ
424 1661 494 1694 πᾶν
514 1661 556 1695 vd
579 1660 774 1705 κινούμενον
794 1659 860 1693 ὑπό
879 1671 969 1697 τινος
994 1663 1155 1700 κινεῖται,
1177 1657 1308 1705 ἀνάγκη

304 1707 370 1744 την
405 1707 473 1739 ἀνω
503 1708 603 1739 αλίαν
633 1704 809 1752 γίγνεσθαι
841 1705 905 1743 τῆς
939 1703 1101 1742 κινήσεως
1133 1703 1155 1740 ἦ
1183 1698 1244 1735 διά
1267 1703 1311 1736 τὸ

302 1753 416 1787 κινοῦν
434 1749 456 1788 ἦ
497 1751 534 1784 ιοὶ
558 1750 600 1783 τὸ
624 1750 821 1794 κινούμενον
848 1749 869 1786 ἦ
893 1749 932 1781 δι’
955 1748 1071 1794 ἄμφω·
1098 1750 1168 1782 εἴτε
1185 1748 1251 1795 γοὶρ
1269 1748 1310 1781 τὸ

235 1823 254 1840 ,2
284 1797 415 1841 ,κινοῦν
441 1797 489 1839 μή
514 1796 560 1839 τῇ
587 1795 680 1837 αὐτῇ
705 1791 848 1839 δυνάμει
871 1797 971 1835 κινοϊ,
997 1796 1067 1827 εἴτε
1091 1793 1134 1826 τὸ
1157 1792 1311 1836 κινούμε-

255 1875 258 1878 ,
303 1853 358 1875 νον
387 1840 562 1874 ἀλλοιοῖτο
587 1841 644 1872 καὶ
670 1839 717 1884 μή
742 1834 897 1883 διαμένοι
922 1839 963 1871 τὸ
990 1837 1092 1878 αὐτό,
1112 1840 1182 1872 εἴτε
1209 1838 1308 1883 άμφω

296 1883 543 1932 μεταβάλλοι,
579 1881 672 1916 οὐθὲν
706 1883 828 1916 κωλύει
855 1882 1041 1927 ἀνωμάλως
1073 1882 1238 1915 κινεῖσθαι
1266 1883 1309 1915 τᾶ

302 1929 513 1974 κινούμενον.
545 1927 648 1961 Οὐθὲν
673 1923 712 1960 δὲ
737 1927 871 1961 τούτων
897 1923 1045 1961 δυνατὸν
1071 1930 1143 1973 περὶ
1169 1926 1230 1960 τᾶν
1256 1926 1309 1959 οὐ-

303 1974 404 2020 ρανὸν
435 1973 610 2022 γενέσθαι·
643 1972 685 2005 τὸ
718 1973 777 2018 μὲν
809 1973 875 2019 γάρ
905 1972 1101 2017 κινούμενον
1132 1967 1308 2005 δέδεικται

305 2020 360 2053 ὅτι
385 2021 520 2062 πρῶτον
543 2020 602 2051 καὶ
629 2019 760 2051 άπλοῦν
785 2019 844 2050 καὶ
867 2017 1034 2064 ἀγένητον
1059 2018 1118 2049 καὶ
1137 2015 1308 2062 ἄφθαρτον

303 2065 364 2097 καὶ
389 2062 472 2103 ὅλως
499 2061 766 2107 ἀμετάβλητον,
793 2062 836 2095 τό
860 2058 898 2094 δὲ
926 2063 1038 2094 κινοῦν
1065 2062 1153 2094 πολι)
1177 2063 1306 2106 μᾶλλον

250 2144 252 2146 ,
303 2107 444 2155 εὔλογον
470 2105 557 2141 εἶναι
582 2108 759 2140 τοιοῦτοψ
787 2107 828 2139 τό
853 2106 918 2152 γάρ
939 2107 1073 2163 πρῶτον
1091 2107 1155 2139 τοῦ
1173 2106 1308 2151 πρώτου

302 2156 362 2186 καὶ
387 2154 429 2186 τὸ
455 2153 586 2185 άπλοῦν
605 2153 668 2184 τοῦ
688 2151 800 2184 ἁπλοῦ
817 2153 876 2183 καί
897 2151 939 2184 τὰ
958 2150 1130 2196 αφθαρτον
1154 2153 1212 2184 καὶ
1232 2150 1309 2197 ἀγέ-

300 2209 408 2235 νητον
433 2198 495 2231 τοῦ
522 2195 696 2242 ἀφθάρτου
719 2197 779 2228 καὶ
799 2195 820 2228 ἀ
846 2195 969 2232 ενήτου
992 2195 1178 2233 κινητικόν.
1212 2196 1310 2227 Ἐπεὶ

305 2241 361 2275 οὖν
387 2242 430 2274 τὰ
453 2241 648 2286 κινούμενον
676 2241 714 2273 οὐ
739 2208 951 2285 μετάῖὀάλλει
975 2241 1073 2284 σῶμα
1098 2240 1149 2281 ὄν,
1177 2234 1247 2272 οὐδ’
1270 2239 1310 2272 ἂν

304 2287 347 2320 το
370 2287 483 2319 κινοῦν
508 2285 726 2330 μεταβάλλοι
753 2285 937 2330 ἀσώματον
964 2285 1012 2317 ὄν.
1032 2284 1135 2317 ‘'ssa-*re
1165 2286 1224 2316 καὶ
1244 2284 1309 2321 τήν

303 2331 408 2375 φοράν
435 2326 609 2364 ἀδύνατον
637 2329 817 2374 ἀνώμαλον
843 2327 942 2363 εἶναι.

289 2438 441 2466 smorsrs.
468 2453 503 2458 —
533 2446 558 2464 1.
580 2437 651 2464 Post
671 2445 706 2464 ea
726 2444 802 2473 quae
827 2435 903 2464 dicta
928 2437 1008 2471 sunt'‚
1031 2435 1246 2463 ostendendum
1267 2441 1310 2463 est

236 2477 319 2516 quod
339 2477 419 2505 nulla
444 2475 637 2513 irregularitas
665 2482 708 2504 est
735 2475 766 2503 in
793 2481 876 2504 motu
905 2474 993 2510 caeli,
1022 2474 1072 2512 qui
1100 2481 1143 2503 est
1162 2475 1260 2512 regula
1281 2481 1310 2503 et

236 2525 375 2546 mensura
399 2516 535 2545 omnium
563 2515 689 2544 aliorum
717 2521 862 2543 motuum.
887 2531 907 2536 -
931 2523 958 2543 2.
982 2516 1034 2543 Est
1061 2520 1159 2543 autem
1186 2514 1308 2543 intentio

236 2557 408 2594 Philosophi
435 2557 588 2586 ostendere
615 2556 674 2585 hoc
701 2555 863 2592 specialiter
890 2555 927 2583 de
954 2555 1050 2592 prima
1076 2555 1200 2592 sphaera
1224 2561 1253 2583 et
1273 2555 1310 2583 de

236 2597 334 2635 primo
356 2603 457 2632 motu,
485 2597 543 2625 hoc
564 2602 607 2624 est
627 2596 664 2624 de
685 2602 769 2624 motu
790 2595 896 2624 diurno
925 2604 985 2633 quo
1013 2601 1109 2623 totum
1132 2595 1244 2624 caelum
1264 2604 1310 2624 re·

236 2636 363 2666 volvitur
387 2637 424 2665 ab
451 2636 563 2665 oriente
590 2635 621 2663 in
649 2635 847 2664 occidentem:
876 2635 906 2663 in
931 2636 988 2663 hoc
1016 2634 1094 2663 enim
1120 2641 1204 2663 motu
1231 2635 1311 2663 nulla

237 2677 430 2714 irregularitas
456 2682 515 2711 est,
540 2684 636 2713 neque
662 2676 822 2704 secundum
849 2675 999 2703 veritatem
1025 2683 1121 2712 neque
1148 2675 1310 2704 secundum

237 2716 447 2754 apparentiam.
473 2715 611 2745 Rationes
637 2722 736 2744 tamen
757 2724 830 2752 quas
851 2715 898 2744 hic
918 2715 1052 2750 adducit,
1078 2715 1187 2744 habent
1206 2715 1310 2744 verita-

238 2763 299 2786 tem
320 2756 407 2785 etiam
427 2756 459 2784 in
479 2755 608 2784 motibus
629 2756 825 2792 planetarum,
847 2755 878 2783 in
900 2755 1006 2792 quibus
1026 2761 1147 2792 apparet
1172 2755 1310 2792 irregula-

238 2796 308 2825 ritas
328 2803 448 2834 propter
476 2805 651 2824 concursum
673 2795 833 2823 multorum
854 2801 997 2823 motuum.
1012 2811 1032 2816 —
1055 2795 1081 2823 3.
1104 2794 1206 2823 Prz'ma
1224 2795 1309 2829 ratio,

237 2845 274 2865 ex
294 2836 357 2873 ipsa
377 2843 481 2865 natura
501 2842 599 2864 motus
614 2835 768 2864 circularis.
790 2836 822 2863 ln
837 2834 919 2863 omni
934 2841 1017 2863 motu
1031 2834 1178 2872 irregulari
1196 2841 1311 2871 oportet

238 2877 320 2914 quod
334 2876 371 2905 sit
384 2876 507 2905 intensio
527 2876 573 2904 vel
588 2875 732 2909 remissio,
753 2881 782 2904 et
801 2881 952 2912 praeterea
966 2875 1067 2908 virtus,
1089 2884 1141 2903 seu
1161 2884 1310 2903 summum

238 2916 407 2946 velocitatis.
422 2916 591 2944 Declaratur
601 2916 695 2944 hoc.—
705 2924 734 2950 4.
753 2914 853 2943 Virtus
866 2921 964 2943 autern
978 2921 1077 2943 motus
1091 2921 1134 2943 est
1147 2921 1197 2943 aut
1211 2924 1310 2943 versus

237 2956 397 2984 terminum
418 2964 436 2983 a
457 2965 530 2993 quo,
552 2954 626 2984 sicut
646 2955 676 2983 in
697 2953 742 2982 his
763 2963 838 2991 quae
859 2960 1014 2982 moventur
1034 2961 1138 2983 contra
1158 2961 1311 2991 naturam;

238 3001 290 3023 aut
302 2998 402 3024 versus
415 2995 572 3023 terminum
594 2995 633 3023 ad
654 3003 748 3032 quem,
763 2993 836 3022 sicut
850 2993 881 3022 in
895 2993 948 3022 illis
970 3003 1044 3031 quae
1065 2994 1232 3023 naturaliter
1246 3004 1310 3023 mo-

239 3041 358 3070 ventur;
379 3041 430 3064 aut
443 3035 519 3063 circa
539 3034 678 3070 medium,
700 3033 774 3063 sicut
795 3034 826 3062 in
842 3034 992 3072 proiectis.
1006 3051 1028 3055 -
1047 3034 1074 3063 5.
1090 3036 1243 3069 Quaenam
1264 3034 1311 3063 hic

239 3074 435 3111 Philosophus
455 3080 539 3103 vocet
555 3075 697 3112 proiecta.
720 3074 829 3111 Opinio
851 3074 991 3112 Simplicii
1012 3075 1093 3112 quod
1110 3075 1244 3113 proiecta
1258 3084 1309 3103 vo-

240 3120 343 3142 cantur
362 3114 410 3142 hic
431 3123 556 3150 corpora
582 3113 762 3142 animalium.
792 3114 849 3142 Sed
870 3115 941 3143 haec
966 3114 1108 3151 expositio
1130 3114 1243 3143 videtur
1263 3124 1311 3142 ex-

239 3160 325 3183 torta.
344 3170 364 3175 —
378 3153 529 3191 Expositio
550 3153 715 3190 Alexandri,
737 3153 857 3182 dicentis
873 3155 954 3192 quod
968 3154 1098 3183 medium
1113 3161 1156 3183 est
1169 3154 1217 3183 hic
1236 3154 1311 3183 acei-

385 3279 396 3298 z
507 3263 684 3304 ostquam
703 3255 960 3305 Philosophus
990 3255 1194 3304 assignavit
1222 3268 1309 3293 cau—

319 3303 334 3328 ³
370 3317 392 3346 ,ς’
448 3309 492 3372 46⁴
507 3320 589 3346 sam
627 3321 744 3358 quare
783 3309 930 3346 eaelum
967 3317 1146 3346 movetur
1175 3321 1310 3346 versus

451 3362 491 3425 ³ss
506 3374 624 3399 unam
650 3369 798 3411 partem
834 3370 870 3399 et
897 3375 975 3399 non
1010 3375 1146 3399 versus
1175 3363 1310 3410 aliam,

451 3404 488 3442 '¹¹¹³
506 3415 568 3453 hic
589 3415 814 3453 determinat
832 3415 881 3452 de
899 3415 1156 3453 uniformitate
1184 3422 1310 3452 motus

241 3521 380 3570 probat
405 3522 658 3570 propositum,
678 3521 746 3558 ibi:
767 3521 810 3558 Si
825 3521 926 3559 enim
950 3521 1213 3572 irregulariter
1231 3533 1310 3557 mo-

241 3574 531 3611 vehitur*etc.—
544 3575 654 3612 Circa
672 3574 839 3624 primum
860 3575 937 3612 duo
957 3575 1055 3612 facit.
1073 3575 1202 3611 Primo
1221 3585 1308 3622 pro-

241 3627 349 3675 ponit
377 3627 482 3676 quod
505 3627 679 3666 intendit:
701 3635 737 3665 et
765 3627 854 3666 dicit
872 3629 978 3677 quod
1005 3635 1093 3677 post
1119 3626 1312 3676 praedicta

1430 907 1514 945 laris,
1538 906 1685 946 deinceps
1709 907 1819 947 utique
1843 907 1932 938 dictis
1955 907 2014 938 erit
2035 906 2231 947 pertransire.

1364 953 1445 983 Dico
1468 958 1576 982 autem
1598 951 1660 981 hoc
1684 951 1722 981 de
1745 951 1849 991 primo
1873 952 1959 982 caelo
1990 958 2021 982 et
2049 952 2088 982 de
2111 950 2213 991 prima
2241 949 2369 981 latione.
2395 950 2430 980 In

1431 996 1480 1026 his
1503 995 1590 1026 enim
1615 1004 1697 1036 quae
1721 995 1760 1025 de
1783 995 1911 1034 subtus,
1938 995 2044 1036 plures
2067 995 2131 1026 iam
2154 994 2288 1026 lationes
2312 1004 2427 1025 conve-

1431 1047 1524 1071 munt
1546 1050 1579 1070 1n
1603 1049 1717 1070 unum.

1364 1086 1396 1117 Si
1420 1084 1506 1116 enim
1528 1083 1738 1124 irregulariter
1753 1083 1942 1122 movebitur,
1962 1082 2167 1114 manifestum
2186 1083 2275 1123 quod
2293 1081 2429 1113 intensio

1432 1129 1489 1160 erit
1514 1135 1545 1160 et
1563 1129 1662 1159 virtus
1683 1134 1713 1158 et
1735 1127 1896 1158 remissio:
1922 1127 2026 1157 omnis
2047 1127 2132 1157 enim
2155 1126 2332 1167 irregularis
2352 1125 2429 1157 latio

1431 1181 1463 1205 et
1477 1173 1698 1204 remissionem
1714 1172 1808 1203 habet
1827 1179 1856 1203 et
1872 1172 2083 1203 intensionem
2100 1178 2131 1202 et
2150 1171 2309 1202 virtutem.
2322 1170 2430 1202 Virtus

2457 869 2541 924 {Seno
2555 876 2586 892 vr.
2602 870 2671 892 Text.

1431 1225 1539 1249 autem
1562 1223 1609 1248 est
1627 1223 1683 1248 aut
1697 1217 1782 1247 unde
1802 1216 1910 1255 fertur,
1929 1222 1983 1247 aut
1997 1226 2075 1256 quo,
2095 1222 2150 1246 aut
2168 1216 2248 1246 circa
2271 1215 2429 1246 medium:
2481 1236 2484 1239 -

1431 1269 1509 1303 puta
1532 1262 1612 1293 forte
1635 1261 1683 1291 his
1707 1260 1837 1302 quidem
1856 1260 1912 1301 qui
1931 1260 2108 1291 secundum
2123 1266 2279 1298 naturam,
2303 1269 2370 1300 quo
2386 1258 2430 1289 fe-

1432 1313 1560 1345 runtur;
1584 1305 1632 1336 his
1648 1312 1755 1336 autem
1778 1305 1834 1346 qui
1853 1311 1973 1345 praeter
1993 1310 2148 1343 naturam,
2166 1304 2267 1343 unde;
2283 1302 2430 1344 proiectis

1432 1357 1539 1382 autem
1563 1350 1643 1381 circa
1666 1349 1819 1380 medium.
1844 1348 2065 1380 Circulationis
2088 1354 2195 1379 autem
2220 1358 2287 1379 non
2310 1354 2356 1378 est
2374 1357 2427 1377 ne-

1431 1405 1495 1436 que
1518 1395 1621 1434 unde,
1645 1403 1749 1435 neque
1779 1403 1862 1434 quo,
1886 1403 1989 1434 neque
2017 1392 2179 1423 medium:
2210 1402 2314 1433 neque
2345 1391 2430 1422 enim

1432 1440 1635 1481 principium,
1659 1448 1763 1479 neque
1786 1437 1869 1476 finis,
1886 1447 1989 1478 neque
2012 1437 2156 1467 medium
2178 1437 2278 1476 ipsius
2295 1443 2341 1468 est
2355 1436 2430 1466 sim-

1432 1485 1571 1525 pliciter;
1602 1491 1746 1524 tempore
1769 1482 1856 1513 enim
1879 1482 2084 1522 sempiterna,
2108 1488 2139 1511 et
2161 1481 2360 1521 longitudine
2387 1479 2429 1510 si-

1432 1529 1502 1560 mul
1525 1530 1629 1567 ducta,
1653 1535 1684 1559 et
1706 1526 1921 1567 infrangibilis.
1946 1527 2063 1564 Quare,
2082 1525 2108 1555 si
2128 1535 2193 1555 non
2215 1525 2313 1556 virtus
2332 1523 2432 1565 ipsius

1432 1573 1570 1612 lationis,
1594 1582 1698 1613 neque
1720 1570 1928 1611 irregularitas
1953 1570 2023 1600 erit:
2052 1569 2259 1610 irregularitas
2283 1569 2368 1600 enim
2396 1569 2431 1601 fit

1433 1624 1563 1659 propter
1584 1616 1804 1647 remissionem
1828 1621 1858 1645 et
1879 1613 2100 1645 intensionem.

1365 1661 1381 1678 *
1400 1662 1534 1701 Adhuc,
1564 1660 1719 1702 quoniam
1742 1669 1838 1690 omne
1866 1659 1956 1699 quod
1983 1664 2130 1689 movetur
2157 1658 2196 1688 ab
2225 1658 2333 1699 aliquo
2362 1668 2431 1689 mo-

1432 1714 1543 1746 vetur,
1567 1715 1693 1736 necesse
1724 1703 1983 1744 irregularitatem
2011 1702 2076 1732 fieri
2100 1709 2208 1733 motus
2227 1709 2282 1733 aut
2304 1709 2433 1743 propter

1433 1761 1582 1789 movens,
1606 1756 1662 1781 aut
1683 1754 1814 1790 propter
1836 1753 1978 1785 motum,
2003 1754 2058 1778 aut
2080 1753 2209 1787 propter
2231 1747 2342 1778 ambo:
2367 1747 2432 1782 sive

1434 1796 1520 1827 enirn
1542 1804 1676 1826 movens
1699 1802 1766 1823 non
1790 1792 1901 1822 eadem
1923 1791 2037 1822 virtute
2060 1798 2197 1830 moveat,
2218 1791 2282 1822 sive
2305 1798 2432 1822 motum

1432 1841 1578 1872 alteretur
1601 1846 1631 1870 et
1654 1848 1720 1869 non
1744 1842 1926 1877 permaneat
1948 1836 2048 1875 idem,
2075 1835 2139 1866 sive
2158 1836 2253 1866 ambo
2276 1842 2432 1867 transmu-

1432 1892 1547 1923 tentur,
1573 1883 1651 1914 nihil
1674 1881 1821 1923 prohibet
1841 1880 2049 1921 irregulariter
2068 1879 2189 1910 moveri
2212 1879 2301 1921 quod
2324 1890 2432 1911 move-

1432 1936 1492 1961 tur.
1524 1928 1612 1960 Nihil
1635 1933 1743 1958 autem
1766 1925 1884 1955 horum
1915 1925 1995 1956 circa
2025 1924 2149 1955 caelum
2176 1923 2242 1954 fieri
2271 1924 2429 1964 possibile.

1433 1974 1531 2012 Quod
1554 1972 1686 2014 quidem
1709 1976 1867 2008 movetur,
1891 1976 2056 2000 ostensum
2080 1974 2127 1999 est
2149 1968 2224 2009 quia
2247 1969 2389 2009 primum
2403 1975 2434 2000 et

1431 2018 1565 2059 simplex
1593 2023 1623 2048 et
1653 2015 1831 2056 ingenitum
1855 2020 1885 2045 et
1906 2013 2143 2054 incorruptibile
2172 2019 2203 2044 et
2229 2013 2365 2044 totaliter
2386 2013 2433 2043 in-

1432 2060 1680 2094 transmutabile.
1704 2060 1838 2091 Movens
1866 2064 1974 2089 autem
1992 2058 2096 2089 multo
2122 2057 2222 2098 magis
2250 2057 2434 2088 rationabile

1432 2117 1499 2138 esse
1523 2106 1597 2138 tale:
1623 2104 1765 2146 primum
1788 2103 1873 2135 enim
1892 2102 1998 2143 primi,
2022 2109 2052 2133 et
2075 2101 2208 2142 simplex
2226 2101 2388 2142 simplicis,
2404 2108 2435 2132 et

1432 2149 1670 2191 incorruptibile
1705 2156 1736 2180 et
1758 2148 1935 2189 ingenitum
1967 2146 2213 2187 incorruptibilis
2244 2152 2274 2177 et
2303 2145 2434 2186 ingeniti

1432 2196 1601 2227 motivum.
1627 2193 1791 2232 Quoniam
1806 2192 1901 2233 igitur
1917 2192 2006 2232 quod
2022 2197 2170 2222 movetur
2191 2200 2257 2221 non
2278 2197 2432 2221 transmu-

1403 2270 1408 2274 .
1432 2247 1526 2276 tatur,
1543 2249 1660 2279 corpus
1680 2238 1824 2275 existens,
1840 2246 1944 2277 neque
1966 2236 2077 2276 utique
2096 2245 2229 2265 movens
2246 2241 2432 2266 transmuta-

1433 2285 1528 2323 bitur,
1544 2282 1743 2324 incorporale
1768 2282 1912 2312 existens,
1929 2280 1947 2300 *
1962 2281 2068 2318 Quare
2092 2287 2122 2311 et
2142 2280 2296 2311 lationem
2313 2279 2432 2320 impos-

1433 2329 1522 2360 sibile
1544 2327 1747 2369 irregularem
1770 2335 1847 2357 esse.

1363 2434 1504 2471 piendum
1524 2442 1586 2461 non
1602 2431 1763 2461 secundum
1784 2437 1908 2467 tempus,
1930 2429 1981 2458 sed
2002 2429 2163 2458 secundum
2184 2429 2291 2457 locum.
2305 2445 2325 2450 -
2338 2428 2431 2456 Mani-

1363 2474 1483 2502 festatur
1503 2473 1585 2510 quod
1606 2472 1692 2500 etiam
1714 2470 1883 2508 accipiendo
1905 2469 2035 2498 medium
2056 2469 2216 2497 secundum
2238 2475 2360 2505 ternpus,
2376 2467 2431 2496 dici

1363 2519 1460 2551 potest
1480 2513 1561 2550 quod
1581 2511 1719 2549 proiecta,
1740 2517 1811 2548 puta
1831 2509 1933 2547 sagitta
1954 2515 1982 2537 et
2003 2509 2185 2543 huiusmodi,
2208 2508 2283 2537 circa
2303 2508 2431 2536 medium

1362 2553 1492 2583 velocius
1512 2558 1675 2581 moventur.
1690 2568 1711 2573 -
1724 2551 1752 2579 6.
1767 2550 1894 2578 Maxima
1915 2558 1983 2586 ergo
2005 2549 2142 2578 velocitas
2163 2555 2260 2577 motus
2281 2549 2326 2576 vel
2346 2554 2388 2576 est
2402 2547 2432 2575 in

1363 2593 1518 2631 principio,
1539 2593 1584 2621 vel
1604 2592 1635 2620 in
1649 2591 1756 2626 medio,
1778 2591 1824 2619 vel
1844 2590 1875 2618 in
1895 2589 1962 2618 fine.
1984 2590 2042 2618 Sed
2062 2590 2134 2618 haec
2154 2589 2209 2617 tria
2226 2598 2288 2616 non
2302 2594 2344 2616 est
2357 2587 2431 2616 acci-

1363 2643 1432 2671 pere
1453 2633 1484 2661 in
1501 2639 1585 2661 motu
1606 2632 1685 2667 caeli,
1707 2639 1803 2668 neque
1824 2636 1966 2668 quantum
1988 2630 2026 2657 ad
2046 2635 2169 2666 tempus,
2192 2628 2260 2666 quia
2274 2634 2371 2656 motus
2385 2627 2431 2655 ille

1363 2674 1483 2711 ponitur
1503 2672 1714 2709 sempiternus;
1743 2679 1838 2708 neque
1863 2676 2005 2707 quantum
2033 2669 2071 2697 ad
2095 2669 2212 2704 locum,
2241 2667 2309 2705 quia
2329 2667 2361 2695 fit
2381 2676 2432 2704 per

1363 2714 1472 2743 lineam
1486 2713 1663 2747 circularem,
1686 2721 1761 2749 quae
1782 2717 1826 2740 est
1845 2710 1959 2740 rediens
1979 2710 2009 2738 in
2031 2709 2155 2745 seipsam
2184 2715 2212 2737 et
2240 2717 2302 2736 non
2323 2714 2366 2735 est
2388 2707 2431 2735 di-

1363 2754 1426 2783 visa
1438 2754 1469 2782 in
1483 2759 1557 2782 actu.
1580 2754 1658 2790 Ergo
1679 2752 1710 2780 in
1730 2757 1814 2780 motu
1835 2750 1906 2779 caeli
1928 2750 2088 2779 secundum
2102 2749 2211 2777 nullam
2226 2754 2337 2784 partem
2352 2747 2431 2775 inve-

1364 2794 1443 2822 nitur
1463 2792 1590 2822 maxima
1610 2792 1761 2827 velocitas;
1784 2798 1811 2820 et
1832 2799 1884 2828 per
1905 2798 2087 2827 consequens
2108 2798 2203 2825 neque
2224 2787 2429 2824 irregularitas,

1364 2844 1432 2863 cum
1446 2834 1518 2862 haec
1539 2839 1672 2862 causetur
1692 2841 1744 2869 per
1758 2830 1952 2859 intensionem
1967 2836 1996 2858 et
2009 2829 2211 2858 remissionem
2228 2826 2394 2855 velocitatis.
2410 2842 2429 2847 -

1366 2884 1392 2911 7.
1409 2874 1544 2902 Secunda
1558 2873 1643 2907 ratio,
1659 2882 1692 2900 ex
1706 2878 1787 2908 parte
1801 2871 1888 2899 simul
1908 2869 2051 2898 moventis
2066 2875 2094 2897 et
2108 2868 2231 2897 mobilis.
2253 2868 2285 2894 In
2302 2865 2430 2903 quolibet

1364 2921 1448 2943 motu
1461 2912 1655 2951 irregularitas
1665 2918 1800 2940 causatur
1813 2917 1863 2940 aut
1876 2916 1995 2947 propter
2009 2918 2139 2943 movens,
2151 2908 2230 2944 quod
2241 2915 2302 2934 non
2317 2914 2429 2941 semper

1364 2960 1393 2983 et
1407 2954 1520 2991 aequali
1535 2953 1638 2981 virtute
1651 2958 1764 2987 movet;
1785 2958 1834 2980 aut
1848 2956 1966 2987 propter
1979 2949 2095 2983 mobile,
2111 2948 2191 2985 quod
2204 2955 2265 2974 non
2279 2950 2430 2983 permanet

1365 2994 1395 3022 in
1416 2995 1519 3022 eadem
1540 2992 1731 3029 dispositione
1752 2997 1779 3019 et
1800 2989 1959 3027 aptitudine
1984 2994 2115 3024 respectu
2136 2986 2245 3014 virtutis
2271 2984 2427 3019 moventis3

1364 3040 1415 3063 aut
1435 3040 1555 3070 propter
1574 3039 1740 3068 utrumque.
1764 3032 1822 3059 Sed
1842 3030 1968 3067 primum
1983 3027 2091 3056 mobile
2105 3033 2146 3054 est
2160 3025 2284 3054 totaliter
2305 3024 2427 3052 intrans-

1365 3073 1503 3102 mutabile
1515 3073 1614 3110 quoad
1624 3081 1706 3100 suam
1718 3069 1908 3100 substantiam
1919 3075 1947 3096 et
1960 3068 2106 3096 virtutem:
2120 3072 2217 3094 motor
2231 3070 2328 3092 autem
2338 3063 2428 3100 ipsius

1366 3114 1458 3142 multo
1480 3113 1571 3150 magis
1593 3118 1707 3149 oportet
1736 3111 1816 3148 quod
1844 3109 1879 3137 sit
1900 3105 2168 3141 intransmutabilis,
2197 3114 2264 3133 curn
2285 3103 2320 3131 sit
2341 3102 2427 3131 etiam

1366 3154 1565 3190 incorporeus.
1587 3153 1664 3189 Ergo
1687 3149 1863 3187 impossibile
1885 3154 1927 3176 est
1941 3153 2053 3175 motum
2069 3145 2137 3174 caeli
2155 3153 2217 3172 esse
2231 3143 2426 3180 irregularem.

1366 3260 1643 3302 consequenter
1671 3259 1727 3288 est
1747 3247 2110 3298 pertranseundum,
2140 3246 2237 3283 idest
2263 3245 2428 3283 breviter

1366 3308 1582 3353 dicendum,
1613 3305 1659 3342 de
1687 3311 1794 3340 motu
1823 3300 1932 3348 caeli,
1963 3299 2201 3337 ostendendo
2238 3299 2344 3347 quod
2373 3305 2428 3335 est

1365 3360 1573 3410 regularis,
1602 3358 1698 3394 idest
1734 3367 1887 3403 semper
1919 3353 2151 3390 uniformem
2187 3352 2428 3389 velocitatem

1364 3414 1530 3459 habens,
1561 3418 1597 3448 et
1633 3420 1830 3457 nunquam
1856 3406 2091 3454 irregularis,
2120 3413 2161 3442 ut
2195 3405 2427 3453 quandoque

1366 3466 1504 3503 scilicet
1531 3462 1702 3501 velocius
1723 3459 1953 3510 quandoque
1971 3459 2112 3496 tardius
2137 3465 2348 3495 moveatur.
2379 3458 2429 3494 Et

1364 3521 1439 3557 hoc
1467 3515 1750 3554 rationabiliter:
1780 3525 1870 3550 nam
1899 3513 1967 3549 iste
1995 3519 2124 3549 motus
2154 3519 2209 3549 est
2236 3511 2364 3559 regula
2393 3518 2429 3546 et

1365 3582 1545 3609 mensura
1573 3568 1746 3605 omnium
1782 3566 1943 3603 aliorum
1972 3573 2166 3611 motuum;
2194 3564 2296 3601 unde
2326 3563 2428 3600 nulla

1365 3622 1612 3671 irregularitas
1631 3622 1693 3658 vel
1713 3619 1959 3669 inaequalitas
1978 3618 2017 3656 in
2038 3631 2083 3655 eo
2105 3618 2217 3656 debet
2231 3628 2425 3667 apparere.

2459 1663 2469 1673 '¹
2483 1663 2551 1685 Text.
2566 1663 2602 1692 36.

2460 2286 2469 2295 ·
2483 2284 2550 2307 Text.
2564 2290 2599 2313 37.
