<?xml version="1.0" encoding="UTF-8"?>
<!DOCTYPE html PUBLIC "-//W3C//DTD XHTML 1.0 Transitional//EN"
    "http://www.w3.org/TR/xhtml1/DTD/xhtml1-transitional.dtd">
<html xmlns="http://www.w3.org/1999/xhtml" xml:lang="en" lang="en">
 <head>
  <title>
</title>
<meta http-equiv="Content-Type" content="text/html;charset=utf-8" />
  <meta name='ocr-system' content='tesseract 3.04.00' />
  <meta name='ocr-capabilities' content='ocr_page ocr_carea ocr_par ocr_line ocrx_word'/>
</head>
<body>
  <div class='ocr_page' id='page_1' title='image "./operaomniaiussui03thom_0043.png"; bbox 0 0 2554 4062; ppageno 0'>
   <div class='ocr_carea' id='block_1_1' title="bbox 2262 309 2372 334">
    <p class='ocr_par' dir='ltr' id='par_1_1' title="bbox 2262 309 2372 334">
     <span class='ocr_line' id='line_1_1' title="bbox 2262 309 2372 334; baseline 0.018 -2"><span class='ocrx_word' id='word_1_1' title='bbox 2262 309 2331 333; x_wconf 89' lang='lat' dir='ltr'><strong>XXX</strong></span> <span class='ocrx_word' id='word_1_2' title='bbox 2339 310 2372 334; x_wconf 84' lang='lat' dir='ltr'><strong>lx</strong></span> 
     </span>
    </p>
   </div>
   <div class='ocr_carea' id='block_1_2' title="bbox 139 364 2372 3740">
    <p class='ocr_par' dir='ltr' id='par_1_2' title="bbox 156 364 2372 803">
     <span class='ocr_line' id='line_1_2' title="bbox 157 364 2372 427; baseline 0.005 -17"><span class='ocrx_word' id='word_1_3' title='bbox 157 364 350 410; x_wconf 85' lang='lat' dir='ltr'><strong>Ulterius</strong></span> <span class='ocrx_word' id='word_1_4' title='bbox 385 368 520 409; x_wconf 91' lang='lat' dir='ltr'><strong>lector</strong></span> <span class='ocrx_word' id='word_1_5' title='bbox 552 367 880 417; x_wconf 88' lang='lat' dir='ltr'><strong>animadvertat,</strong></span> <span class='ocrx_word' id='word_1_6' title='bbox 916 367 1146 422; x_wconf 87' lang='lat' dir='ltr'><strong>epistolam</strong></span> <span class='ocrx_word' id='word_1_7' title='bbox 1181 369 1360 418; x_wconf 84' lang='lat' dir='ltr'><strong>tertiam,</strong></span> <span class='ocrx_word' id='word_1_8' title='bbox 1397 384 1508 425; x_wconf 88' lang='lat' dir='ltr'><strong>quae</strong></span> <span class='ocrx_word' id='word_1_9' title='bbox 1543 371 1711 427; x_wconf 88' lang='lat' dir='ltr'>incipit:</span> <span class='ocrx_word' id='word_1_10' title='bbox 1753 374 1945 415; x_wconf 77' lang='lat' dir='ltr'><strong>Veniunt</strong></span> <span class='ocrx_word' id='word_1_11' title='bbox 1983 376 2027 416; x_wconf 83' lang='lat' dir='ltr'><strong>in</strong></span> <span class='ocrx_word' id='word_1_12' title='bbox 2072 377 2229 426; x_wconf 83' lang='lat' dir='ltr'><strong>lucem,</strong></span> <span class='ocrx_word' id='word_1_13' title='bbox 2266 380 2372 419; x_wconf 90' lang='lat' dir='ltr'><strong>scri-</strong></span> 
     </span>
     <span class='ocr_line' id='line_1_3' title="bbox 157 430 2370 496; baseline 0.005 -26"><span class='ocrx_word' id='word_1_14' title='bbox 157 435 275 485; x_wconf 84' lang='lat' dir='ltr'><strong>ptam</strong></span> <span class='ocrx_word' id='word_1_15' title='bbox 312 444 408 471; x_wconf 91' lang='lat' dir='ltr'><strong>esse</strong></span> <span class='ocrx_word' id='word_1_16' title='bbox 441 444 557 471; x_wconf 91' lang='lat' dir='ltr'><strong>anno</strong></span> <span class='ocrx_word' id='word_1_17' title='bbox 599 430 737 479; x_wconf 86' lang='lat'><strong>1532,</strong></span> <span class='ocrx_word' id='word_1_18' title='bbox 774 430 879 472; x_wconf 91' lang='lat' dir='ltr'><strong>dum</strong></span> <span class='ocrx_word' id='word_1_19' title='bbox 915 431 1047 472; x_wconf 92' lang='lat' dir='ltr'><strong>editio</strong></span> <span class='ocrx_word' id='word_1_20' title='bbox 1084 437 1126 472; x_wconf 91' lang='lat' dir='ltr'><strong>et</strong></span> <span class='ocrx_word' id='word_1_21' title='bbox 1160 431 1201 472; x_wconf 93' lang='lat' dir='ltr'><strong>in</strong></span> <span class='ocrx_word' id='word_1_22' title='bbox 1237 432 1359 473; x_wconf 90' lang='lat' dir='ltr'><strong>titulo</strong></span> <span class='ocrx_word' id='word_1_23' title='bbox 1401 440 1443 474; x_wconf 94' lang='lat' dir='ltr'><strong>et</strong></span> <span class='ocrx_word' id='word_1_24' title='bbox 1477 434 1518 474; x_wconf 92' lang='lat' dir='ltr'><strong>in</strong></span> <span class='ocrx_word' id='word_1_25' title='bbox 1552 434 1637 475; x_wconf 90' lang='lat' dir='ltr'><strong>fine</strong></span> <span class='ocrx_word' id='word_1_26' title='bbox 1681 436 1876 492; x_wconf 82' lang='lat' dir='ltr'><strong>assignat</strong></span> <span class='ocrx_word' id='word_1_27' title='bbox 1917 451 2079 480; x_wconf 90' lang='lat' dir='ltr'><strong>annum</strong></span> <span class='ocrx_word' id='word_1_28' title='bbox 2121 439 2260 494; x_wconf 87' lang='lat'>1537:</span> <span class='ocrx_word' id='word_1_29' title='bbox 2297 442 2370 496; x_wconf 89' lang='lat' dir='ltr'><strong>qui</strong></span> 
     </span>
     <span class='ocr_line' id='line_1_4' title="bbox 158 493 2371 548; baseline 0.005 -15"><span class='ocrx_word' id='word_1_30' title='bbox 158 493 318 534; x_wconf 86' lang='lat' dir='ltr'><strong>facturn</strong></span> <span class='ocrx_word' id='word_1_31' title='bbox 352 493 408 534; x_wconf 90' lang='lat' dir='ltr'><strong>sit</strong></span> <span class='ocrx_word' id='word_1_32' title='bbox 440 499 488 534; x_wconf 91' lang='lat' dir='ltr'><strong>ut</strong></span> <span class='ocrx_word' id='word_1_33' title='bbox 508 498 607 534; x_wconf 89' lang='lat' dir='ltr'><strong>ante</strong></span> <span class='ocrx_word' id='word_1_34' title='bbox 631 493 824 548; x_wconf 90' lang='lat' dir='ltr'><strong>quinque</strong></span> <span class='ocrx_word' id='word_1_35' title='bbox 859 506 1000 534; x_wconf 92' lang='lat' dir='ltr'><strong>annos</strong></span> <span class='ocrx_word' id='word_1_36' title='bbox 1033 493 1077 535; x_wconf 92' lang='lat' dir='ltr'><strong>in</strong></span> <span class='ocrx_word' id='word_1_37' title='bbox 1110 494 1251 534; x_wconf 91' lang='lat' dir='ltr'><strong>lucem</strong></span> <span class='ocrx_word' id='word_1_38' title='bbox 1285 509 1372 536; x_wconf 92' lang='lat' dir='ltr'><strong>non</strong></span> <span class='ocrx_word' id='word_1_39' title='bbox 1399 496 1559 546; x_wconf 89' lang='lat' dir='ltr'><strong>exierit,</strong></span> <span class='ocrx_word' id='word_1_40' title='bbox 1586 498 1815 539; x_wconf 90' lang='lat' dir='ltr'><strong>nescimus.</strong></span> <span class='ocrx_word' id='word_1_41' title='bbox 1841 499 1931 540; x_wconf 93' lang='lat' dir='ltr'><strong>-Id</strong></span> <span class='ocrx_word' id='word_1_42' title='bbox 1966 501 2094 542; x_wconf 90' lang='lat' dir='ltr'><strong>etiam</strong></span> <span class='ocrx_word' id='word_1_43' title='bbox 2130 509 2282 544; x_wconf 91' lang='lat' dir='ltr'><strong>notatu</strong></span> <span class='ocrx_word' id='word_1_44' title='bbox 2307 504 2371 544; x_wconf 92' lang='lat' dir='ltr'><strong>di-</strong></span> 
     </span>
     <span class='ocr_line' id='line_1_5' title="bbox 156 554 2371 613; baseline 0.005 -17"><span class='ocrx_word' id='word_1_45' title='bbox 156 569 295 611; x_wconf 91' lang='lat' dir='ltr'><strong>gnum</strong></span> <span class='ocrx_word' id='word_1_46' title='bbox 328 561 405 605; x_wconf 90' lang='lat' dir='ltr'><strong>est,</strong></span> <span class='ocrx_word' id='word_1_47' title='bbox 430 554 552 610; x_wconf 90' lang='lat' dir='ltr'><strong>quod</strong></span> <span class='ocrx_word' id='word_1_48' title='bbox 586 554 826 597; x_wconf 90' lang='lat' dir='ltr'><strong>Philaretus</strong></span> <span class='ocrx_word' id='word_1_49' title='bbox 862 555 916 597; x_wconf 90' lang='lat' dir='ltr'><strong>de</strong></span> <span class='ocrx_word' id='word_1_50' title='bbox 951 556 1271 597; x_wconf 86' lang='lat' dir='ltr'><strong>authenticitate</strong></span> <span class='ocrx_word' id='word_1_51' title='bbox 1306 558 1438 599; x_wconf 92' lang='lat' dir='ltr'><strong>totius</strong></span> <span class='ocrx_word' id='word_1_52' title='bbox 1469 561 1765 602; x_wconf 89' lang='lat' dir='ltr'><strong>commentarii</strong></span> <span class='ocrx_word' id='word_1_53' title='bbox 1790 574 1878 602; x_wconf 91' lang='lat' dir='ltr'><strong>non</strong></span> <span class='ocrx_word' id='word_1_54' title='bbox 1904 562 2082 613; x_wconf 86' lang='lat' dir='ltr'><strong>dubitat,</strong></span> <span class='ocrx_word' id='word_1_55' title='bbox 2109 578 2132 605; x_wconf 92' lang='lat' dir='ltr'><strong>e</strong></span> <span class='ocrx_word' id='word_1_56' title='bbox 2156 566 2371 607; x_wconf 90' lang='lat' dir='ltr'><strong>contrario</strong></span> 
     </span>
     <span class='ocr_line' id='line_1_6' title="bbox 158 615 2371 681; baseline 0.006 -24"><span class='ocrx_word' id='word_1_57' title='bbox 158 631 258 659; x_wconf 88' lang='lat' dir='ltr'><strong>eum</strong></span> <span class='ocrx_word' id='word_1_58' title='bbox 292 615 452 674; x_wconf 87' lang='lat' dir='ltr'><strong>pluries</strong></span> <span class='ocrx_word' id='word_1_59' title='bbox 487 617 604 674; x_wconf 88' lang='lat' dir='ltr'><strong>nulla</strong></span> <span class='ocrx_word' id='word_1_60' title='bbox 635 617 746 658; x_wconf 87' lang='lat' dir='ltr'><strong>sacta</strong></span> <span class='ocrx_word' id='word_1_61' title='bbox 779 618 1056 660; x_wconf 91' lang='lat' dir='ltr'><strong>distinctione</strong></span> <span class='ocrx_word' id='word_1_62' title='bbox 1090 633 1123 660; x_wconf 92' lang='lat' dir='ltr'><strong>s.</strong></span> <span class='ocrx_word' id='word_1_63' title='bbox 1148 619 1347 661; x_wconf 92' lang='lat' dir='ltr'><strong>Thomae</strong></span> <span class='ocrx_word' id='word_1_64' title='bbox 1393 622 1586 663; x_wconf 86' lang='lat' dir='ltr'><strong>ascribit:</strong></span> <span class='ocrx_word' id='word_1_65' title='bbox 1623 636 1677 664; x_wconf 92' lang='lat' dir='ltr'><strong>ex</strong></span> <span class='ocrx_word' id='word_1_66' title='bbox 1709 623 1792 664; x_wconf 90' lang='lat' dir='ltr'><strong>alia</strong></span> <span class='ocrx_word' id='word_1_67' title='bbox 1824 630 1969 665; x_wconf 90' lang='lat' dir='ltr'><strong>tamen</strong></span> <span class='ocrx_word' id='word_1_68' title='bbox 2003 633 2124 681; x_wconf 88' lang='lat' dir='ltr'><strong>parte</strong></span> <span class='ocrx_word' id='word_1_69' title='bbox 2158 641 2263 669; x_wconf 93' lang='lat' dir='ltr'><strong>suos</strong></span> <span class='ocrx_word' id='word_1_70' title='bbox 2298 643 2371 670; x_wconf 89' lang='lat' dir='ltr'><strong>su-</strong></span> 
     </span>
     <span class='ocr_line' id='line_1_7' title="bbox 158 680 2371 739; baseline 0.005 -17"><span class='ocrx_word' id='word_1_71' title='bbox 158 681 289 722; x_wconf 90' lang='lat' dir='ltr'><strong>dores</strong></span> <span class='ocrx_word' id='word_1_72' title='bbox 322 687 364 722; x_wconf 91' lang='lat' dir='ltr'><strong>et</strong></span> <span class='ocrx_word' id='word_1_73' title='bbox 396 680 569 736; x_wconf 88' lang='lat' dir='ltr'><strong>vigilias</strong></span> <span class='ocrx_word' id='word_1_74' title='bbox 604 680 787 722; x_wconf 89' lang='lat' dir='ltr'><strong>multum</strong></span> <span class='ocrx_word' id='word_1_75' title='bbox 823 687 967 738; x_wconf 90' lang='lat' dir='ltr'><strong>urget;</strong></span> <span class='ocrx_word' id='word_1_76' title='bbox 1003 681 1081 723; x_wconf 90' lang='lat' dir='ltr'><strong>sed</strong></span> <span class='ocrx_word' id='word_1_77' title='bbox 1116 688 1258 723; x_wconf 90' lang='lat' dir='ltr'><strong>utrum</strong></span> <span class='ocrx_word' id='word_1_78' title='bbox 1298 685 1610 725; x_wconf 91' lang='lat' dir='ltr'><strong>commentario</strong></span> <span class='ocrx_word' id='word_1_79' title='bbox 1643 687 1786 727; x_wconf 92' lang='lat' dir='ltr'><strong>solum</strong></span> <span class='ocrx_word' id='word_1_80' title='bbox 1822 687 2118 739; x_wconf 90' lang='lat' dir='ltr'><strong>emendando,</strong></span> <span class='ocrx_word' id='word_1_81' title='bbox 2153 704 2208 731; x_wconf 91' lang='lat' dir='ltr'><strong>an</strong></span> <span class='ocrx_word' id='word_1_82' title='bbox 2244 692 2371 732; x_wconf 91' lang='lat' dir='ltr'><strong>etiam</strong></span> 
     </span>
     <span class='ocr_line' id='line_1_8' title="bbox 158 742 1787 803; baseline 0.003 -19"><span class='ocrx_word' id='word_1_83' title='bbox 158 742 420 798; x_wconf 91' lang='lat' dir='ltr'><strong>complendo</strong></span> <span class='ocrx_word' id='word_1_84' title='bbox 455 742 819 798; x_wconf 85' lang='lat' dir='ltr'><strong>impenderentur,</strong></span> <span class='ocrx_word' id='word_1_85' title='bbox 855 756 910 785; x_wconf 90' lang='lat' dir='ltr'><strong>ex</strong></span> <span class='ocrx_word' id='word_1_86' title='bbox 943 744 1035 785; x_wconf 90' lang='lat' dir='ltr'><strong>istis</strong></span> <span class='ocrx_word' id='word_1_87' title='bbox 1070 744 1264 799; x_wconf 90' lang='lat' dir='ltr'><strong>epistolis</strong></span> <span class='ocrx_word' id='word_1_88' title='bbox 1299 752 1416 786; x_wconf 89' lang='lat' dir='ltr'><strong>certo</strong></span> <span class='ocrx_word' id='word_1_89' title='bbox 1454 747 1599 803; x_wconf 81' lang='lat' dir='ltr'>colligi</span> <span class='ocrx_word' id='word_1_90' title='bbox 1627 749 1787 803; x_wconf 91' lang='lat' dir='ltr'><strong>nequit.</strong></span> 
     </span>
    </p>

    <p class='ocr_par' dir='ltr' id='par_1_3' title="bbox 155 805 2371 1237">
     <span class='ocr_line' id='line_1_9' title="bbox 282 805 2369 863; baseline 0.006 -18"><span class='ocrx_word' id='word_1_91' title='bbox 282 806 391 846; x_wconf 91' lang='lat' dir='ltr'><strong>Post</strong></span> <span class='ocrx_word' id='word_1_92' title='bbox 425 805 661 846; x_wconf 87' lang='lat' dir='ltr'><strong>editionem</strong></span> <span class='ocrx_word' id='word_1_93' title='bbox 684 806 898 856; x_wconf 79' lang='lat' dir='ltr'><strong>philareti,</strong></span> <span class='ocrx_word' id='word_1_94' title='bbox 933 813 1076 848; x_wconf 92' lang='lat' dir='ltr'><strong>textus</strong></span> <span class='ocrx_word' id='word_1_95' title='bbox 1100 809 1397 849; x_wconf 90' lang='lat' dir='ltr'><strong>commentarii</strong></span> <span class='ocrx_word' id='word_1_96' title='bbox 1421 810 1691 863; x_wconf 87' lang='lat' dir='ltr'><strong>paucissimis</strong></span> <span class='ocrx_word' id='word_1_97' title='bbox 1715 812 2024 858; x_wconf 87' lang='lat' dir='ltr'><strong>mutationibus</strong></span> <span class='ocrx_word' id='word_1_98' title='bbox 2047 814 2268 857; x_wconf 89' lang='lat' dir='ltr'><strong>subiectus</strong></span> <span class='ocrx_word' id='word_1_99' title='bbox 2294 823 2369 858; x_wconf 91' lang='lat' dir='ltr'><strong>est.</strong></span> 
     </span>
     <span class='ocr_line' id='line_1_10' title="bbox 157 867 2369 926; baseline 0.005 -17"><span class='ocrx_word' id='word_1_100' title='bbox 157 869 226 910; x_wconf 89' lang='lat' dir='ltr'><strong>Ex</strong></span> <span class='ocrx_word' id='word_1_101' title='bbox 259 868 576 924; x_wconf 87' lang='lat' dir='ltr'><strong>posterioribus</strong></span> <span class='ocrx_word' id='word_1_102' title='bbox 611 867 877 911; x_wconf 89' lang='lat' dir='ltr'><strong>editionibus</strong></span> <span class='ocrx_word' id='word_1_103' title='bbox 912 870 954 910; x_wconf 92' lang='lat' dir='ltr'><strong>in</strong></span> <span class='ocrx_word' id='word_1_104' title='bbox 988 876 1197 926; x_wconf 90' lang='lat' dir='ltr'><strong>apparatu</strong></span> <span class='ocrx_word' id='word_1_105' title='bbox 1230 871 1488 913; x_wconf 89' lang='lat' dir='ltr'><strong>variantium</strong></span> <span class='ocrx_word' id='word_1_106' title='bbox 1513 872 1694 914; x_wconf 89' lang='lat' dir='ltr'><strong>citamus</strong></span> <span class='ocrx_word' id='word_1_107' title='bbox 1718 874 1943 924; x_wconf 91' lang='lat' dir='ltr'><strong>Venetam,</strong></span> <span class='ocrx_word' id='word_1_108' title='bbox 1970 876 2091 917; x_wconf 91' lang='lat' dir='ltr'><strong>cuius</strong></span> <span class='ocrx_word' id='word_1_109' title='bbox 2115 877 2261 919; x_wconf 91' lang='lat' dir='ltr'><strong>titulus</strong></span> <span class='ocrx_word' id='word_1_110' title='bbox 2284 886 2369 921; x_wconf 85' lang='lat' dir='ltr'><strong>est:</strong></span> 
     </span>
     <span class='ocr_line' id='line_1_11' title="bbox 163 930 2371 996; baseline 0.006 -26"><span class='ocrx_word' id='word_1_111' title='bbox 163 947 178 968; x_wconf 90' lang='lat'>‹</span> <span class='ocrx_word' id='word_1_112' title='bbox 203 930 247 972; x_wconf 88' lang='lat' dir='ltr'><strong>S.</strong></span> <span class='ocrx_word' id='word_1_113' title='bbox 274 931 474 972; x_wconf 90' lang='lat' dir='ltr'><strong>Thomae</strong></span> <span class='ocrx_word' id='word_1_114' title='bbox 509 931 744 986; x_wconf 90' lang='lat' dir='ltr'><strong>Aquinatis</strong></span> <span class='ocrx_word' id='word_1_115' title='bbox 778 933 987 974; x_wconf 90' lang='lat' dir='ltr'><strong>Doctoris</strong></span> <span class='ocrx_word' id='word_1_116' title='bbox 1022 933 1223 990; x_wconf 91' lang='lat' dir='ltr'><strong>Angelici</strong></span> <span class='ocrx_word' id='word_1_117' title='bbox 1258 934 1300 974; x_wconf 91' lang='lat' dir='ltr'><strong>in</strong></span> <span class='ocrx_word' id='word_1_118' title='bbox 1335 934 1469 994; x_wconf 84' lang='lat' dir='ltr'><strong>libros</strong></span> <span class='ocrx_word' id='word_1_119' title='bbox 1503 935 1932 990; x_wconf 56' lang='lat' dir='ltr'><strong>Meteorologzkorum</strong></span> <span class='ocrx_word' id='word_1_120' title='bbox 1967 939 2213 981; x_wconf 88' lang='lat' dir='ltr'><strong>Aristotelis</strong></span> <span class='ocrx_word' id='word_1_121' title='bbox 2247 955 2371 996; x_wconf 89' lang='lat' dir='ltr'><strong>prae-</strong></span> 
     </span>
     <span class='ocr_line' id='line_1_12' title="bbox 157 993 2369 1056; baseline 0.005 -22"><span class='ocrx_word' id='word_1_122' title='bbox 157 993 394 1035; x_wconf 91' lang='lat' dir='ltr'><strong>clarissima</strong></span> <span class='ocrx_word' id='word_1_123' title='bbox 428 994 740 1035; x_wconf 90' lang='lat' dir='ltr'><strong>commentaria</strong></span> <span class='ocrx_word' id='word_1_124' title='bbox 774 1009 872 1036; x_wconf 91' lang='lat' dir='ltr'><strong>cum</strong></span> <span class='ocrx_word' id='word_1_125' title='bbox 906 995 1064 1051; x_wconf 92' lang='lat' dir='ltr'><strong>duplici</strong></span> <span class='ocrx_word' id='word_1_126' title='bbox 1088 1002 1230 1037; x_wconf 89' lang='lat' dir='ltr'><strong>textus</strong></span> <span class='ocrx_word' id='word_1_127' title='bbox 1254 996 1605 1052; x_wconf 89' lang='lat' dir='ltr'><strong>interpretatione</strong></span> <span class='ocrx_word' id='word_1_128' title='bbox 1628 1012 1714 1039; x_wconf 89' lang='lat' dir='ltr'><strong>una</strong></span> <span class='ocrx_word' id='word_1_129' title='bbox 1747 999 1792 1040; x_wconf 89' lang='lat' dir='ltr'><strong>fr.</strong></span> <span class='ocrx_word' id='word_1_130' title='bbox 1818 1000 2003 1050; x_wconf 90' lang='lat' dir='ltr'><strong>Vatabli,</strong></span> <span class='ocrx_word' id='word_1_131' title='bbox 2028 1002 2205 1056; x_wconf 91' lang='lat' dir='ltr'><strong>antiqua</strong></span> <span class='ocrx_word' id='word_1_132' title='bbox 2227 1004 2369 1046; x_wconf 91' lang='lat' dir='ltr'><strong>altera.</strong></span> 
     </span>
     <span class='ocr_line' id='line_1_13' title="bbox 155 1056 2369 1120; baseline 0.005 -23"><span class='ocrx_word' id='word_1_133' title='bbox 155 1056 316 1098; x_wconf 92' lang='lat' dir='ltr'><strong>Denuo</strong></span> <span class='ocrx_word' id='word_1_134' title='bbox 352 1056 541 1098; x_wconf 90' lang='lat' dir='ltr'><strong>maxima</strong></span> <span class='ocrx_word' id='word_1_135' title='bbox 565 1056 788 1114; x_wconf 89' lang='lat' dir='ltr'><strong>diligentia</strong></span> <span class='ocrx_word' id='word_1_136' title='bbox 811 1064 853 1099; x_wconf 92' lang='lat' dir='ltr'><strong>et</strong></span> <span class='ocrx_word' id='word_1_137' title='bbox 876 1058 1046 1100; x_wconf 89' lang='lat' dir='ltr'><strong>fidelius</strong></span> <span class='ocrx_word' id='word_1_138' title='bbox 1070 1073 1201 1114; x_wconf 91' lang='lat' dir='ltr'><strong>quam</strong></span> <span class='ocrx_word' id='word_1_139' title='bbox 1225 1066 1352 1100; x_wconf 89' lang='lat' dir='ltr'><strong>antea</strong></span> <span class='ocrx_word' id='word_1_140' title='bbox 1375 1074 1400 1100; x_wconf 93' lang='lat' dir='ltr'><strong>a</strong></span> <span class='ocrx_word' id='word_1_141' title='bbox 1423 1060 1592 1101; x_wconf 87' lang='lat' dir='ltr'><strong>mendis</strong></span> <span class='ocrx_word' id='word_1_142' title='bbox 1627 1067 1669 1102; x_wconf 90' lang='lat' dir='ltr'><strong>et</strong></span> <span class='ocrx_word' id='word_1_143' title='bbox 1703 1062 1920 1103; x_wconf 91' lang='lat' dir='ltr'><strong>erroribus</strong></span> <span class='ocrx_word' id='word_1_144' title='bbox 1946 1071 2195 1120; x_wconf 89' lang='lat' dir='ltr'><strong>expurgata,</strong></span> <span class='ocrx_word' id='word_1_145' title='bbox 2221 1066 2369 1108; x_wconf 90' lang='lat' dir='ltr'><strong>addito</strong></span> 
     </span>
     <span class='ocr_line' id='line_1_14' title="bbox 158 1119 2370 1179; baseline 0.005 -20"><span class='ocrx_word' id='word_1_146' title='bbox 158 1119 356 1160; x_wconf 89' lang='lat' dir='ltr'><strong>omnium</strong></span> <span class='ocrx_word' id='word_1_147' title='bbox 389 1120 700 1161; x_wconf 90' lang='lat' dir='ltr'><strong>sententiarum</strong></span> <span class='ocrx_word' id='word_1_148' title='bbox 735 1126 823 1162; x_wconf 89' lang='lat' dir='ltr'><strong>tam</strong></span> <span class='ocrx_word' id='word_1_149' title='bbox 858 1127 1000 1162; x_wconf 90' lang='lat' dir='ltr'><strong>textus</strong></span> <span class='ocrx_word' id='word_1_150' title='bbox 1036 1135 1167 1176; x_wconf 83' lang='lat' dir='ltr'><strong>quam</strong></span> <span class='ocrx_word' id='word_1_151' title='bbox 1203 1123 1613 1164; x_wconf 90' lang='lat' dir='ltr'><strong>commentariorum</strong></span> <span class='ocrx_word' id='word_1_152' title='bbox 1649 1124 1952 1179; x_wconf 91' lang='lat' dir='ltr'><strong>copiosissimo</strong></span> <span class='ocrx_word' id='word_1_153' title='bbox 1989 1126 2140 1168; x_wconf 89' lang='lat' dir='ltr'><strong>indice.</strong></span> <span class='ocrx_word' id='word_1_154' title='bbox 2175 1128 2370 1171; x_wconf 90' lang='lat' dir='ltr'><strong>Venetiis</strong></span> 
     </span>
     <span class='ocr_line' id='line_1_15' title="bbox 157 1181 1077 1237; baseline -0.001 -15"><span class='ocrx_word' id='word_1_155' title='bbox 157 1181 614 1237; x_wconf 17' lang='lat' dir='ltr'><strong>apudrHieronimum</strong></span> <span class='ocrx_word' id='word_1_156' title='bbox 651 1183 852 1225; x_wconf 87' lang='lat' dir='ltr'><strong>Scottum</strong></span> <span class='ocrx_word' id='word_1_157' title='bbox 885 1196 1040 1225; x_wconf 84' lang='lat' dir='ltr'><strong>MDLXI.</strong></span> <span class='ocrx_word' id='word_1_158' title='bbox 1063 1202 1077 1221; x_wconf 83' lang='lat'><strong>»</strong></span> 
     </span>
    </p>

    <p class='ocr_par' dir='ltr' id='par_1_4' title="bbox 154 1244 2372 1725">
     <span class='ocr_line' id='line_1_16' title="bbox 283 1244 2370 1303; baseline 0.005 -18"><span class='ocrx_word' id='word_1_159' title='bbox 283 1244 397 1286; x_wconf 92' lang='lat' dir='ltr'><strong>Cum</strong></span> <span class='ocrx_word' id='word_1_160' title='bbox 430 1245 511 1286; x_wconf 93' lang='lat' dir='ltr'><strong>hac</strong></span> <span class='ocrx_word' id='word_1_161' title='bbox 541 1245 732 1287; x_wconf 92' lang='lat' dir='ltr'><strong>editione</strong></span> <span class='ocrx_word' id='word_1_162' title='bbox 754 1247 994 1302; x_wconf 88' lang='lat' dir='ltr'><strong>generatim</strong></span> <span class='ocrx_word' id='word_1_163' title='bbox 1027 1246 1127 1287; x_wconf 85' lang='lat' dir='ltr'><strong>facit</strong></span> <span class='ocrx_word' id='word_1_164' title='bbox 1158 1247 1214 1287; x_wconf 88' lang='lat' dir='ltr'><strong>P:</strong></span> <span class='ocrx_word' id='word_1_165' title='bbox 1246 1247 1324 1288; x_wconf 93' lang='lat' dir='ltr'><strong>sed</strong></span> <span class='ocrx_word' id='word_1_166' title='bbox 1346 1253 1491 1288; x_wconf 89' lang='lat' dir='ltr'><strong>tamen</strong></span> <span class='ocrx_word' id='word_1_167' title='bbox 1525 1248 1766 1303; x_wconf 91' lang='lat' dir='ltr'><strong>aliquoties,</strong></span> <span class='ocrx_word' id='word_1_168' title='bbox 1793 1249 1993 1291; x_wconf 89' lang='lat' dir='ltr'><strong>meliores</strong></span> <span class='ocrx_word' id='word_1_169' title='bbox 2018 1250 2144 1292; x_wconf 90' lang='lat' dir='ltr'><strong>huius</strong></span> <span class='ocrx_word' id='word_1_170' title='bbox 2168 1252 2370 1295; x_wconf 92' lang='lat' dir='ltr'><strong>editionis</strong></span> 
     </span>
     <span class='ocr_line' id='line_1_17' title="bbox 155 1306 2368 1366; baseline 0.004 -18"><span class='ocrx_word' id='word_1_171' title='bbox 155 1306 366 1348; x_wconf 89' lang='lat' dir='ltr'><strong>lectiones</strong></span> <span class='ocrx_word' id='word_1_172' title='bbox 399 1308 676 1362; x_wconf 91' lang='lat' dir='ltr'><strong>praeteriens,</strong></span> <span class='ocrx_word' id='word_1_173' title='bbox 703 1321 892 1350; x_wconf 89' lang='lat' dir='ltr'><strong>errorem</strong></span> <span class='ocrx_word' id='word_1_174' title='bbox 923 1309 1099 1350; x_wconf 89' lang='lat' dir='ltr'><strong>exhibet</strong></span> <span class='ocrx_word' id='word_1_175' title='bbox 1137 1308 1324 1351; x_wconf 91' lang='lat' dir='ltr'><strong>editonis</strong></span> <span class='ocrx_word' id='word_1_176' title='bbox 1347 1324 1376 1350; x_wconf 85' lang='lat' dir='ltr'><strong>a</strong></span> <span class='ocrx_word' id='word_1_177' title='bbox 1401 1310 1494 1364; x_wconf 94' lang='lat' dir='ltr'><strong>(lib.</strong></span> <span class='ocrx_word' id='word_1_178' title='bbox 1520 1311 1549 1358; x_wconf 92' lang='lat' dir='ltr'><strong>I,</strong></span> <span class='ocrx_word' id='word_1_179' title='bbox 1574 1311 1666 1352; x_wconf 92' lang='lat' dir='ltr'><strong>lect.</strong></span> <span class='ocrx_word' id='word_1_180' title='bbox 1693 1324 1718 1360; x_wconf 93' lang='lat'><strong>1,</strong></span> <span class='ocrx_word' id='word_1_181' title='bbox 1751 1323 1786 1360; x_wconf 90' lang='grc' dir='ltr'><strong>α,</strong></span> <span class='ocrx_word' id='word_1_182' title='bbox 1818 1328 1855 1360; x_wconf 87' lang='grc' dir='ltr'><strong>κ,</strong></span> <span class='ocrx_word' id='word_1_183' title='bbox 1888 1329 1914 1364; x_wconf 90' lang='grc' dir='ltr'>μ</span> <span class='ocrx_word' id='word_1_184' title='bbox 1939 1320 1980 1354; x_wconf 93' lang='lat' dir='ltr'><strong>et</strong></span> <span class='ocrx_word' id='word_1_185' title='bbox 2008 1328 2056 1362; x_wconf 86' lang='grc' dir='ltr'><strong>ν;</strong></span> <span class='ocrx_word' id='word_1_186' title='bbox 2091 1327 2131 1363; x_wconf 92' lang='lat'><strong>11,</strong></span> <span class='ocrx_word' id='word_1_187' title='bbox 2165 1316 2206 1366; x_wconf 87' lang='grc' dir='ltr'><strong>β;</strong></span> <span class='ocrx_word' id='word_1_188' title='bbox 2241 1329 2298 1365; x_wconf 89' lang='lat' dir='ltr'><strong>1v,</strong></span> <span class='ocrx_word' id='word_1_189' title='bbox 2330 1331 2368 1366; x_wconf 77' lang='grc' dir='ltr'><strong>ος</strong></span> 
     </span>
     <span class='ocr_line' id='line_1_18' title="bbox 155 1370 2372 1429; baseline 0.004 -19"><span class='ocrx_word' id='word_1_190' title='bbox 155 1381 229 1418; x_wconf 88' lang='lat' dir='ltr'><strong>vn,</strong></span> <span class='ocrx_word' id='word_1_191' title='bbox 259 1383 302 1422; x_wconf 88' lang='grc' dir='ltr'><strong>γ;</strong></span> <span class='ocrx_word' id='word_1_192' title='bbox 336 1370 407 1411; x_wconf 92' lang='lat' dir='ltr'><strong>lib.</strong></span> <span class='ocrx_word' id='word_1_193' title='bbox 432 1371 490 1419; x_wconf 88' lang='grc' dir='ltr'><strong>ΙΙ,</strong></span> <span class='ocrx_word' id='word_1_194' title='bbox 531 1371 624 1412; x_wconf 90' lang='lat' dir='ltr'><strong>lect.</strong></span> <span class='ocrx_word' id='word_1_195' title='bbox 649 1384 675 1420; x_wconf 86' lang='lat'><strong>1,</strong></span> <span class='ocrx_word' id='word_1_196' title='bbox 705 1372 747 1420; x_wconf 92' lang='grc' dir='ltr'><strong>λ;</strong></span> <span class='ocrx_word' id='word_1_197' title='bbox 783 1386 823 1421; x_wconf 86' lang='grc' dir='ltr'><strong>ν,</strong></span> <span class='ocrx_word' id='word_1_198' title='bbox 855 1372 891 1416; x_wconf 81' lang='grc' dir='ltr'><strong>ζ.</strong></span> <span class='ocrx_word' id='word_1_199' title='bbox 928 1371 991 1413; x_wconf 87' lang='lat' dir='ltr'><strong>Cf.</strong></span> <span class='ocrx_word' id='word_1_200' title='bbox 1017 1371 1146 1413; x_wconf 91' lang='lat' dir='ltr'><strong>etiam</strong></span> <span class='ocrx_word' id='word_1_201' title='bbox 1180 1371 1392 1414; x_wconf 89' lang='lat' dir='ltr'><strong>absurdas</strong></span> <span class='ocrx_word' id='word_1_202' title='bbox 1416 1373 1623 1414; x_wconf 91' lang='lat' dir='ltr'><strong>lectiones</strong></span> <span class='ocrx_word' id='word_1_203' title='bbox 1647 1374 1814 1422; x_wconf 84' lang='lat' dir='ltr'><strong>Pianas,</strong></span> <span class='ocrx_word' id='word_1_204' title='bbox 1842 1388 1952 1429; x_wconf 91' lang='lat' dir='ltr'><strong>quae</strong></span> <span class='ocrx_word' id='word_1_205' title='bbox 1978 1389 2030 1416; x_wconf 93' lang='lat' dir='ltr'><strong>ex</strong></span> <span class='ocrx_word' id='word_1_206' title='bbox 2053 1390 2091 1424; x_wconf 85' lang='lat' dir='ltr'><strong>a,</strong></span> <span class='ocrx_word' id='word_1_207' title='bbox 2119 1377 2293 1419; x_wconf 91' lang='lat' dir='ltr'><strong>minime</strong></span> <span class='ocrx_word' id='word_1_208' title='bbox 2318 1392 2372 1419; x_wconf 92' lang='lat' dir='ltr'><strong>ex</strong></span> 
     </span>
     <span class='ocr_line' id='line_1_19' title="bbox 157 1431 2369 1490; baseline 0.004 -17"><span class='ocrx_word' id='word_1_209' title='bbox 157 1431 224 1474; x_wconf 92' lang='lat' dir='ltr'><strong>ed.</strong></span> <span class='ocrx_word' id='word_1_210' title='bbox 257 1431 366 1474; x_wconf 91' lang='lat'><strong>1561</strong></span> <span class='ocrx_word' id='word_1_211' title='bbox 409 1433 611 1487; x_wconf 90' lang='lat' dir='ltr'><strong>explicari</strong></span> <span class='ocrx_word' id='word_1_212' title='bbox 645 1440 852 1488; x_wconf 87' lang='lat' dir='ltr'><strong>possunt:</strong></span> <span class='ocrx_word' id='word_1_213' title='bbox 888 1434 959 1475; x_wconf 91' lang='lat' dir='ltr'><strong>lib.</strong></span> <span class='ocrx_word' id='word_1_214' title='bbox 983 1435 1024 1484; x_wconf 91' lang='grc' dir='ltr'><strong>Ι,</strong></span> <span class='ocrx_word' id='word_1_215' title='bbox 1059 1434 1155 1476; x_wconf 91' lang='lat' dir='ltr'><strong>lect.</strong></span> <span class='ocrx_word' id='word_1_216' title='bbox 1180 1446 1245 1484; x_wconf 90' lang='lat' dir='ltr'><strong>v1,</strong></span> <span class='ocrx_word' id='word_1_217' title='bbox 1281 1436 1367 1487; x_wconf 65' lang='lat' dir='ltr'><strong>Bet</strong></span> <span class='ocrx_word' id='word_1_218' title='bbox 1395 1452 1415 1476; x_wconf 87' lang='grc' dir='ltr'><strong>ι.</strong></span> <span class='ocrx_word' id='word_1_219' title='bbox 1452 1436 1578 1477; x_wconf 90' lang='lat' dir='ltr'><strong>Errat</strong></span> <span class='ocrx_word' id='word_1_220' title='bbox 1611 1442 1754 1478; x_wconf 89' lang='lat' dir='ltr'><strong>tamen</strong></span> <span class='ocrx_word' id='word_1_221' title='bbox 1788 1438 1822 1477; x_wconf 92' lang='lat' dir='ltr'>P</span> <span class='ocrx_word' id='word_1_222' title='bbox 1857 1451 1954 1478; x_wconf 92' lang='lat' dir='ltr'><strong>cum</strong></span> <span class='ocrx_word' id='word_1_223' title='bbox 1979 1438 2044 1479; x_wconf 90' lang='lat' dir='ltr'><strong>ed.</strong></span> <span class='ocrx_word' id='word_1_224' title='bbox 2078 1439 2205 1489; x_wconf 88' lang='lat'><strong>1561,</strong></span> <span class='ocrx_word' id='word_1_225' title='bbox 2235 1441 2306 1481; x_wconf 93' lang='lat' dir='ltr'><strong>lib.</strong></span> <span class='ocrx_word' id='word_1_226' title='bbox 2331 1442 2369 1490; x_wconf 96' lang='lat' dir='ltr'><strong>I,</strong></span> 
     </span>
     <span class='ocr_line' id='line_1_20' title="bbox 156 1495 2371 1554; baseline 0.003 -17"><span class='ocrx_word' id='word_1_227' title='bbox 156 1495 252 1538; x_wconf 88' lang='lat' dir='ltr'><strong>lect.</strong></span> <span class='ocrx_word' id='word_1_228' title='bbox 275 1508 333 1545; x_wconf 92' lang='lat' dir='ltr'><strong>1x,</strong></span> <span class='ocrx_word' id='word_1_229' title='bbox 364 1495 405 1546; x_wconf 88' lang='grc' dir='ltr'><strong>β;</strong></span> <span class='ocrx_word' id='word_1_230' title='bbox 439 1507 528 1544; x_wconf 79' lang='grc' dir='ltr'>Χῑν,</span> <span class='ocrx_word' id='word_1_231' title='bbox 559 1497 598 1545; x_wconf 87' lang='grc' dir='ltr'><strong>θ;</strong></span> <span class='ocrx_word' id='word_1_232' title='bbox 624 1508 728 1545; x_wconf 80' lang='lat' dir='ltr'><strong>xvn,</strong></span> <span class='ocrx_word' id='word_1_233' title='bbox 759 1497 805 1548; x_wconf 89' lang='grc' dir='ltr'><strong>ψ;</strong></span> <span class='ocrx_word' id='word_1_234' title='bbox 841 1496 912 1539; x_wconf 91' lang='lat' dir='ltr'><strong>lib.</strong></span> <span class='ocrx_word' id='word_1_235' title='bbox 938 1497 987 1546; x_wconf 85' lang='grc' dir='ltr'><strong>ΙΙ,</strong></span> <span class='ocrx_word' id='word_1_236' title='bbox 1012 1497 1106 1538; x_wconf 88' lang='lat' dir='ltr'><strong>lect.</strong></span> <span class='ocrx_word' id='word_1_237' title='bbox 1130 1510 1187 1546; x_wconf 87' lang='lat' dir='ltr'><strong>1x,</strong></span> <span class='ocrx_word' id='word_1_238' title='bbox 1218 1498 1274 1553; x_wconf 78' lang='grc' dir='ltr'><strong>κ).</strong></span> <span class='ocrx_word' id='word_1_239' title='bbox 1310 1498 1398 1540; x_wconf 92' lang='lat' dir='ltr'><strong>Ubi</strong></span> <span class='ocrx_word' id='word_1_240' title='bbox 1423 1498 1465 1539; x_wconf 94' lang='lat' dir='ltr'><strong>in</strong></span> <span class='ocrx_word' id='word_1_241' title='bbox 1489 1505 1696 1554; x_wconf 87' lang='lat' dir='ltr'><strong>apparatu</strong></span> <span class='ocrx_word' id='word_1_242' title='bbox 1720 1499 1976 1540; x_wconf 90' lang='lat' dir='ltr'><strong>variantium</strong></span> <span class='ocrx_word' id='word_1_243' title='bbox 2002 1500 2055 1541; x_wconf 92' lang='lat' dir='ltr'><strong>de</strong></span> <span class='ocrx_word' id='word_1_244' title='bbox 2079 1501 2158 1542; x_wconf 92' lang='lat' dir='ltr'><strong>hac</strong></span> <span class='ocrx_word' id='word_1_245' title='bbox 2183 1503 2371 1544; x_wconf 89' lang='lat' dir='ltr'><strong>editione</strong></span> 
     </span>
     <span class='ocr_line' id='line_1_21' title="bbox 155 1557 2370 1619; baseline 0.002 -19"><span class='ocrx_word' id='word_1_246' title='bbox 155 1558 327 1607; x_wconf 84' lang='lat' dir='ltr'><strong>siletur,</strong></span> <span class='ocrx_word' id='word_1_247' title='bbox 362 1557 625 1614; x_wconf 89' lang='lat' dir='ltr'><strong>intelligatur</strong></span> <span class='ocrx_word' id='word_1_248' title='bbox 658 1572 709 1600; x_wconf 90' lang='lat' dir='ltr'><strong>ea</strong></span> <span class='ocrx_word' id='word_1_249' title='bbox 742 1559 887 1615; x_wconf 90' lang='lat' dir='ltr'><strong>legere</strong></span> <span class='ocrx_word' id='word_1_250' title='bbox 923 1566 970 1600; x_wconf 90' lang='lat' dir='ltr'><strong>ut</strong></span> <span class='ocrx_word' id='word_1_251' title='bbox 1002 1560 1055 1601; x_wconf 90' lang='lat' dir='ltr'><strong>P:</strong></span> <span class='ocrx_word' id='word_1_252' title='bbox 1092 1561 1294 1615; x_wconf 91' lang='lat' dir='ltr'><strong>quamvis</strong></span> <span class='ocrx_word' id='word_1_253' title='bbox 1329 1561 1442 1601; x_wconf 91' lang='lat' dir='ltr'><strong>enirn</strong></span> <span class='ocrx_word' id='word_1_254' title='bbox 1476 1561 1560 1602; x_wconf 92' lang='lat' dir='ltr'><strong>hoc</strong></span> <span class='ocrx_word' id='word_1_255' title='bbox 1595 1574 1683 1602; x_wconf 93' lang='lat' dir='ltr'><strong>non</strong></span> <span class='ocrx_word' id='word_1_256' title='bbox 1717 1574 1889 1616; x_wconf 91' lang='lat' dir='ltr'><strong>semper</strong></span> <span class='ocrx_word' id='word_1_257' title='bbox 1920 1576 2073 1603; x_wconf 90' lang='lat' dir='ltr'><strong>verum</strong></span> <span class='ocrx_word' id='word_1_258' title='bbox 2096 1564 2150 1604; x_wconf 90' lang='lat' dir='ltr'><strong>sit</strong></span> <span class='ocrx_word' id='word_1_259' title='bbox 2194 1565 2370 1619; x_wconf 91' lang='lat' dir='ltr'><strong>quando</strong></span> 
     </span>
     <span class='ocr_line' id='line_1_22' title="bbox 154 1620 2366 1679; baseline 0.004 -18"><span class='ocrx_word' id='word_1_260' title='bbox 154 1620 199 1662; x_wconf 91' lang='lat' dir='ltr'><strong>in</strong></span> <span class='ocrx_word' id='word_1_261' title='bbox 216 1621 257 1667; x_wconf 59' lang='lat' dir='ltr'><strong>,P</strong></span> <span class='ocrx_word' id='word_1_262' title='bbox 280 1633 447 1662; x_wconf 87' lang='lat' dir='ltr'><strong>errores</strong></span> <span class='ocrx_word' id='word_1_263' title='bbox 481 1621 783 1676; x_wconf 90' lang='lat' dir='ltr'><strong>typographici</strong></span> <span class='ocrx_word' id='word_1_264' title='bbox 819 1628 1061 1671; x_wconf 90' lang='lat' dir='ltr'><strong>occurrunt,</strong></span> <span class='ocrx_word' id='word_1_265' title='bbox 1087 1623 1359 1679; x_wconf 75' lang='lat' dir='ltr'><strong>negleximus</strong></span> <span class='ocrx_word' id='word_1_266' title='bbox 1393 1629 1537 1664; x_wconf 92' lang='lat' dir='ltr'><strong>tamen</strong></span> <span class='ocrx_word' id='word_1_267' title='bbox 1573 1624 1811 1664; x_wconf 84' lang='lat' dir='ltr'><strong>variantem</strong></span> <span class='ocrx_word' id='word_1_268' title='bbox 1844 1631 2063 1675; x_wconf 91' lang='lat' dir='ltr'><strong>annotare,</strong></span> <span class='ocrx_word' id='word_1_269' title='bbox 2090 1640 2187 1667; x_wconf 91' lang='lat' dir='ltr'><strong>cum</strong></span> <span class='ocrx_word' id='word_1_270' title='bbox 2212 1628 2366 1669; x_wconf 91' lang='lat' dir='ltr'><strong>nullius</strong></span> 
     </span>
     <span class='ocr_line' id='line_1_23' title="bbox 156 1683 466 1725; baseline 0 -1"><span class='ocrx_word' id='word_1_271' title='bbox 156 1683 366 1725; x_wconf 89' lang='lat' dir='ltr'><strong>momenti</strong></span> <span class='ocrx_word' id='word_1_272' title='bbox 400 1683 466 1724; x_wconf 89' lang='lat' dir='ltr'><strong>sit.</strong></span> 
     </span>
    </p>

    <p class='ocr_par' dir='ltr' id='par_1_5' title="bbox 139 1746 2372 3305">
     <span class='ocr_line' id='line_1_24' title="bbox 282 1746 2371 1801; baseline 0.003 -15"><span class='ocrx_word' id='word_1_273' title='bbox 282 1746 356 1787; x_wconf 93' lang='lat' dir='ltr'><strong>VI.</strong></span> <span class='ocrx_word' id='word_1_274' title='bbox 392 1746 468 1786; x_wconf 81' lang='lat' dir='ltr'><strong>DE</strong></span> <span class='ocrx_word' id='word_1_275' title='bbox 501 1758 720 1788; x_wconf 80' lang='lat' dir='ltr'><strong>PARTmUS</strong></span> <span class='ocrx_word' id='word_1_276' title='bbox 754 1759 1035 1789; x_wconf 79' lang='lat' dir='ltr'><strong>APOCRYPHIS</strong></span> <span class='ocrx_word' id='word_1_277' title='bbox 1069 1759 1498 1790; x_wconf 81' lang='lat' dir='ltr'><strong>COMMENTARIORUM</strong></span> <span class='ocrx_word' id='word_1_278' title='bbox 1530 1761 1575 1789; x_wconf 83' lang='lat' dir='ltr'><strong>IN</strong></span> <span class='ocrx_word' id='word_1_279' title='bbox 1608 1761 1766 1790; x_wconf 82' lang='lat' dir='ltr'><strong>L113Ros</strong></span> <span class='ocrx_word' id='word_1_280' title='bbox 1800 1761 1861 1789; x_wconf 84' lang='lat' dir='ltr'><strong>DE</strong></span> <span class='ocrx_word' id='word_1_281' title='bbox 1896 1749 2008 1791; x_wconf 80' lang='lat' dir='ltr'><strong>GEN.</strong></span> <span class='ocrx_word' id='word_1_282' title='bbox 2034 1763 2092 1791; x_wconf 84' lang='lat' dir='ltr'><strong>ET</strong></span> <span class='ocrx_word' id='word_1_283' title='bbox 2128 1751 2280 1801; x_wconf 88' lang='lat' dir='ltr'><strong>CORR.,</strong></span> <span class='ocrx_word' id='word_1_284' title='bbox 2311 1765 2371 1793; x_wconf 83' lang='lat' dir='ltr'><strong>ET</strong></span> 
     </span>
     <span class='ocr_line' id='line_1_25' title="bbox 155 1807 2367 1869; baseline 0.002 -19"><span class='ocrx_word' id='word_1_285' title='bbox 155 1808 434 1851; x_wconf 81' lang='lat' dir='ltr'>METEOROL.</span> <span class='ocrx_word' id='word_1_286' title='bbox 460 1832 479 1839; x_wconf 90' lang='lat'>-</span> <span class='ocrx_word' id='word_1_287' title='bbox 502 1807 663 1862; x_wconf 77' lang='lat' dir='ltr'><strong>Quoad</strong></span> <span class='ocrx_word' id='word_1_288' title='bbox 686 1809 764 1851; x_wconf 90' lang='lat' dir='ltr'><strong>has</strong></span> <span class='ocrx_word' id='word_1_289' title='bbox 788 1816 931 1865; x_wconf 91' lang='lat' dir='ltr'><strong>partes</strong></span> <span class='ocrx_word' id='word_1_290' title='bbox 955 1811 1383 1859; x_wconf 88' lang='lat' dir='ltr'><strong>commentariorum,</strong></span> <span class='ocrx_word' id='word_1_291' title='bbox 1409 1811 1696 1852; x_wconf 89' lang='lat' dir='ltr'><strong>abstinuimus</strong></span> <span class='ocrx_word' id='word_1_292' title='bbox 1720 1826 1745 1852; x_wconf 93' lang='lat' dir='ltr'><strong>a</strong></span> <span class='ocrx_word' id='word_1_293' title='bbox 1768 1811 1899 1852; x_wconf 90' lang='lat' dir='ltr'><strong>nimia</strong></span> <span class='ocrx_word' id='word_1_294' title='bbox 1923 1813 2217 1869; x_wconf 89' lang='lat' dir='ltr'><strong>castigatione.</strong></span> <span class='ocrx_word' id='word_1_295' title='bbox 2243 1815 2367 1856; x_wconf 88' lang='lat' dir='ltr'><strong>Ultro</strong></span> 
     </span>
     <span class='ocr_line' id='line_1_26' title="bbox 157 1870 2370 1931; baseline 0.002 -18"><span class='ocrx_word' id='word_1_296' title='bbox 157 1870 307 1926; x_wconf 90' lang='lat' dir='ltr'><strong>utique</strong></span> <span class='ocrx_word' id='word_1_297' title='bbox 342 1871 518 1919; x_wconf 81' lang='lat' dir='ltr'><strong>damus,</strong></span> <span class='ocrx_word' id='word_1_298' title='bbox 553 1872 814 1914; x_wconf 90' lang='lat' dir='ltr'><strong>recurrendo</strong></span> <span class='ocrx_word' id='word_1_299' title='bbox 849 1873 904 1914; x_wconf 91' lang='lat' dir='ltr'><strong>ad</strong></span> <span class='ocrx_word' id='word_1_300' title='bbox 928 1874 1266 1915; x_wconf 88' lang='lat' dir='ltr'><strong>commentarios</strong></span> <span class='ocrx_word' id='word_1_301' title='bbox 1290 1874 1338 1915; x_wconf 91' lang='grc' dir='ltr'><strong>Β.</strong></span> <span class='ocrx_word' id='word_1_302' title='bbox 1364 1874 1532 1915; x_wconf 91' lang='lat' dir='ltr'><strong>Alberti</strong></span> <span class='ocrx_word' id='word_1_303' title='bbox 1557 1880 1598 1914; x_wconf 89' lang='lat' dir='ltr'><strong>et</strong></span> <span class='ocrx_word' id='word_1_304' title='bbox 1620 1873 1733 1915; x_wconf 91' lang='lat' dir='ltr'><strong>Petri</strong></span> <span class='ocrx_word' id='word_1_305' title='bbox 1759 1873 1812 1914; x_wconf 94' lang='lat' dir='ltr'><strong>de</strong></span> <span class='ocrx_word' id='word_1_306' title='bbox 1836 1874 2055 1925; x_wconf 89' lang='lat' dir='ltr'><strong>Alvernia,</strong></span> <span class='ocrx_word' id='word_1_307' title='bbox 2080 1889 2370 1931; x_wconf 90' lang='lat' dir='ltr'><strong>unumquem-</strong></span> 
     </span>
     <span class='ocr_line' id='line_1_27' title="bbox 157 1933 2368 1992; baseline 0.003 -18"><span class='ocrx_word' id='word_1_308' title='bbox 157 1947 244 1990; x_wconf 91' lang='lat' dir='ltr'><strong>que</strong></span> <span class='ocrx_word' id='word_1_309' title='bbox 278 1947 390 1988; x_wconf 91' lang='lat' dir='ltr'><strong>pene</strong></span> <span class='ocrx_word' id='word_1_310' title='bbox 423 1933 744 1990; x_wconf 88' lang='lat' dir='ltr'><strong>paragraphum</strong></span> <span class='ocrx_word' id='word_1_311' title='bbox 769 1934 926 1992; x_wconf 90' lang='lat' dir='ltr'><strong>corrigi</strong></span> <span class='ocrx_word' id='word_1_312' title='bbox 950 1936 1157 1991; x_wconf 87' lang='lat' dir='ltr'><strong>potuisse,</strong></span> <span class='ocrx_word' id='word_1_313' title='bbox 1184 1936 1370 1978; x_wconf 88' lang='lat' dir='ltr'><strong>maxime</strong></span> <span class='ocrx_word' id='word_1_314' title='bbox 1401 1942 1448 1977; x_wconf 90' lang='lat' dir='ltr'><strong>ut</strong></span> <span class='ocrx_word' id='word_1_315' title='bbox 1470 1936 1779 1978; x_wconf 88' lang='lat' dir='ltr'><strong>commentatio</strong></span> <span class='ocrx_word' id='word_1_316' title='bbox 1803 1936 1971 1992; x_wconf 92' lang='lat' dir='ltr'><strong>plenior</strong></span> <span class='ocrx_word' id='word_1_317' title='bbox 2004 1944 2046 1979; x_wconf 93' lang='lat' dir='ltr'><strong>et</strong></span> <span class='ocrx_word' id='word_1_318' title='bbox 2071 1939 2216 1980; x_wconf 90' lang='lat' dir='ltr'><strong>verior</strong></span> <span class='ocrx_word' id='word_1_319' title='bbox 2238 1939 2368 1989; x_wconf 86' lang='lat' dir='ltr'><strong>fieret,</strong></span> 
     </span>
     <span class='ocr_line' id='line_1_28' title="bbox 157 1996 2370 2055; baseline 0.003 -18"><span class='ocrx_word' id='word_1_320' title='bbox 157 1996 378 2051; x_wconf 88' lang='lat' dir='ltr'><strong>mentique</strong></span> <span class='ocrx_word' id='word_1_321' title='bbox 413 1997 461 2037; x_wconf 92' lang='lat' dir='ltr'><strong>B.</strong></span> <span class='ocrx_word' id='word_1_322' title='bbox 486 1996 655 2038; x_wconf 90' lang='lat' dir='ltr'><strong>Alberti</strong></span> <span class='ocrx_word' id='word_1_323' title='bbox 691 2003 733 2039; x_wconf 93' lang='lat' dir='ltr'><strong>et</strong></span> <span class='ocrx_word' id='word_1_324' title='bbox 765 1999 895 2039; x_wconf 90' lang='lat' dir='ltr'><strong>Petro</strong></span> <span class='ocrx_word' id='word_1_325' title='bbox 930 1998 1156 2040; x_wconf 91' lang='lat' dir='ltr'><strong>Alvernati</strong></span> <span class='ocrx_word' id='word_1_326' title='bbox 1192 1999 1332 2055; x_wconf 88' lang='lat' dir='ltr'><strong>magis</strong></span> <span class='ocrx_word' id='word_1_327' title='bbox 1367 2005 1637 2055; x_wconf 89' lang='lat' dir='ltr'><strong>congrueret.</strong></span> <span class='ocrx_word' id='word_1_328' title='bbox 1665 1999 1898 2040; x_wconf 92' lang='lat' dir='ltr'><strong>Potissime</strong></span> <span class='ocrx_word' id='word_1_329' title='bbox 1932 2000 2003 2041; x_wconf 92' lang='lat' dir='ltr'><strong>tali</strong></span> <span class='ocrx_word' id='word_1_330' title='bbox 2028 2002 2280 2042; x_wconf 90' lang='lat' dir='ltr'><strong>correctioni</strong></span> <span class='ocrx_word' id='word_1_331' title='bbox 2305 2003 2370 2043; x_wconf 92' lang='lat' dir='ltr'><strong>lo-</strong></span> 
     </span>
     <span class='ocr_line' id='line_1_29' title="bbox 157 2055 2370 2118; baseline 0.003 -19"><span class='ocrx_word' id='word_1_332' title='bbox 157 2072 256 2101; x_wconf 88' lang='lat' dir='ltr'><strong>cum</strong></span> <span class='ocrx_word' id='word_1_333' title='bbox 291 2059 365 2100; x_wconf 92' lang='lat' dir='ltr'><strong>dat</strong></span> <span class='ocrx_word' id='word_1_334' title='bbox 398 2059 665 2101; x_wconf 87' lang='lat' dir='ltr'><strong>continuatio</strong></span> <span class='ocrx_word' id='word_1_335' title='bbox 700 2055 998 2102; x_wconf 82' lang='lat' dir='ltr'><strong>commentarii</strong></span> <span class='ocrx_word' id='word_1_336' title='bbox 1033 2061 1076 2103; x_wconf 91' lang='lat' dir='ltr'><strong>in</strong></span> <span class='ocrx_word' id='word_1_337' title='bbox 1109 2062 1454 2116; x_wconf 78' lang='lat' dir='ltr'><strong>Meteorologz‘ca‚</strong></span> <span class='ocrx_word' id='word_1_338' title='bbox 1481 2075 1594 2117; x_wconf 90' lang='lat' dir='ltr'><strong>quae</strong></span> <span class='ocrx_word' id='word_1_339' title='bbox 1627 2062 1762 2118; x_wconf 91' lang='lat' dir='ltr'><strong>vulgo</strong></span> <span class='ocrx_word' id='word_1_340' title='bbox 1794 2062 2041 2103; x_wconf 90' lang='lat' dir='ltr'><strong>Alvernatis</strong></span> <span class='ocrx_word' id='word_1_341' title='bbox 2077 2070 2370 2106; x_wconf 91' lang='lat' dir='ltr'><strong>commentum</strong></span> 
     </span>
     <span class='ocr_line' id='line_1_30' title="bbox 156 2120 2371 2179; baseline 0.003 -18"><span class='ocrx_word' id='word_1_342' title='bbox 156 2120 214 2163; x_wconf 92' lang='lat' dir='ltr'><strong>ad</strong></span> <span class='ocrx_word' id='word_1_343' title='bbox 246 2121 506 2163; x_wconf 89' lang='lat' dir='ltr'><strong>scheletrum</strong></span> <span class='ocrx_word' id='word_1_344' title='bbox 540 2134 764 2178; x_wconf 91' lang='lat' dir='ltr'><strong>exsangue</strong></span> <span class='ocrx_word' id='word_1_345' title='bbox 798 2123 974 2173; x_wconf 89' lang='lat' dir='ltr'><strong>reducit,</strong></span> <span class='ocrx_word' id='word_1_346' title='bbox 1001 2130 1043 2165; x_wconf 89' lang='lat' dir='ltr'><strong>et</strong></span> <span class='ocrx_word' id='word_1_347' title='bbox 1075 2137 1207 2179; x_wconf 88' lang='lat' dir='ltr'><strong>saepe</strong></span> <span class='ocrx_word' id='word_1_348' title='bbox 1241 2124 1421 2166; x_wconf 91' lang='lat' dir='ltr'><strong>omnino</strong></span> <span class='ocrx_word' id='word_1_349' title='bbox 1445 2124 1500 2166; x_wconf 93' lang='lat' dir='ltr'><strong>ab</strong></span> <span class='ocrx_word' id='word_1_350' title='bbox 1536 2137 1590 2165; x_wconf 89' lang='lat' dir='ltr'><strong>eo</strong></span> <span class='ocrx_word' id='word_1_351' title='bbox 1626 2130 1667 2166; x_wconf 90' lang='lat' dir='ltr'><strong>et</strong></span> <span class='ocrx_word' id='word_1_352' title='bbox 1699 2139 1725 2165; x_wconf 89' lang='lat' dir='ltr'><strong>a</strong></span> <span class='ocrx_word' id='word_1_353' title='bbox 1758 2130 1876 2165; x_wconf 91' lang='lat' dir='ltr'><strong>textu</strong></span> <span class='ocrx_word' id='word_1_354' title='bbox 1911 2125 2082 2174; x_wconf 90' lang='lat' dir='ltr'><strong>recedit,</strong></span> <span class='ocrx_word' id='word_1_355' title='bbox 2108 2132 2150 2167; x_wconf 88' lang='lat' dir='ltr'><strong>et</strong></span> <span class='ocrx_word' id='word_1_356' title='bbox 2184 2127 2318 2167; x_wconf 57' lang='lat' dir='ltr'><strong>etiamv</strong></span> <span class='ocrx_word' id='word_1_357' title='bbox 2346 2142 2371 2167; x_wconf 85' lang='lat' dir='ltr'><strong>a</strong></span> 
     </span>
     <span class='ocr_line' id='line_1_31' title="bbox 157 2183 2370 2242; baseline 0.003 -18"><span class='ocrx_word' id='word_1_358' title='bbox 157 2197 302 2232; x_wconf 88' lang='lat' dir='ltr'><strong>sensu,</strong></span> <span class='ocrx_word' id='word_1_359' title='bbox 327 2190 375 2224; x_wconf 91' lang='lat' dir='ltr'><strong>ut</strong></span> <span class='ocrx_word' id='word_1_360' title='bbox 407 2183 701 2225; x_wconf 88' lang='lat' dir='ltr'><strong>conferentem</strong></span> <span class='ocrx_word' id='word_1_361' title='bbox 736 2191 863 2226; x_wconf 90' lang='lat' dir='ltr'><strong>notas</strong></span> <span class='ocrx_word' id='word_1_362' title='bbox 898 2186 1158 2242; x_wconf 89' lang='lat' dir='ltr'><strong>marginales</strong></span> <span class='ocrx_word' id='word_1_363' title='bbox 1192 2201 1281 2229; x_wconf 92' lang='lat' dir='ltr'><strong>non</strong></span> <span class='ocrx_word' id='word_1_364' title='bbox 1315 2187 1474 2228; x_wconf 91' lang='lat' dir='ltr'><strong>latebit.</strong></span> <span class='ocrx_word' id='word_1_365' title='bbox 1511 2187 1592 2227; x_wconf 93' lang='lat' dir='ltr'><strong>His</strong></span> <span class='ocrx_word' id='word_1_366' title='bbox 1616 2186 1854 2228; x_wconf 90' lang='lat' dir='ltr'><strong>defectibus</strong></span> <span class='ocrx_word' id='word_1_367' title='bbox 1878 2188 2081 2229; x_wconf 90' lang='lat' dir='ltr'><strong>continua</strong></span> <span class='ocrx_word' id='word_1_368' title='bbox 2106 2190 2370 2230; x_wconf 85' lang='lat' dir='ltr'><strong>correctione</strong></span> 
     </span>
     <span class='ocr_line' id='line_1_32' title="bbox 156 2246 2369 2305; baseline 0.003 -19"><span class='ocrx_word' id='word_1_369' title='bbox 156 2246 338 2287; x_wconf 87' lang='lat' dir='ltr'><strong>obviare</strong></span> <span class='ocrx_word' id='word_1_370' title='bbox 373 2259 461 2287; x_wconf 91' lang='lat' dir='ltr'><strong>non</strong></span> <span class='ocrx_word' id='word_1_371' title='bbox 499 2246 715 2288; x_wconf 88' lang='lat' dir='ltr'><strong>credimus</strong></span> <span class='ocrx_word' id='word_1_372' title='bbox 750 2247 942 2289; x_wconf 90' lang='lat' dir='ltr'><strong>licuisse:</strong></span> <span class='ocrx_word' id='word_1_373' title='bbox 979 2248 1036 2289; x_wconf 89' lang='lat' dir='ltr'><strong>ita</strong></span> <span class='ocrx_word' id='word_1_374' title='bbox 1070 2249 1184 2289; x_wconf 93' lang='lat' dir='ltr'><strong>enim</strong></span> <span class='ocrx_word' id='word_1_375' title='bbox 1218 2249 1406 2305; x_wconf 87' lang='lat' dir='ltr'><strong>agendo,</strong></span> <span class='ocrx_word' id='word_1_376' title='bbox 1443 2263 1554 2304; x_wconf 93' lang='lat' dir='ltr'><strong>opus</strong></span> <span class='ocrx_word' id='word_1_377' title='bbox 1590 2249 1789 2290; x_wconf 86' lang='lat' dir='ltr'><strong>effectum</strong></span> <span class='ocrx_word' id='word_1_378' title='bbox 1823 2256 1937 2291; x_wconf 90' lang='lat' dir='ltr'><strong>esset</strong></span> <span class='ocrx_word' id='word_1_379' title='bbox 1971 2250 2091 2305; x_wconf 93' lang='lat' dir='ltr'><strong>quod</strong></span> <span class='ocrx_word' id='word_1_380' title='bbox 2120 2264 2198 2292; x_wconf 91' lang='lat' dir='ltr'><strong>nec</strong></span> <span class='ocrx_word' id='word_1_381' title='bbox 2233 2252 2369 2292; x_wconf 92' lang='lat' dir='ltr'><strong>conti-</strong></span> 
     </span>
     <span class='ocr_line' id='line_1_33' title="bbox 157 2308 2370 2368; baseline 0.003 -19"><span class='ocrx_word' id='word_1_382' title='bbox 157 2308 427 2358; x_wconf 88' lang='lat' dir='ltr'><strong>nuatoribus,</strong></span> <span class='ocrx_word' id='word_1_383' title='bbox 463 2322 542 2350; x_wconf 91' lang='lat' dir='ltr'><strong>nec</strong></span> <span class='ocrx_word' id='word_1_384' title='bbox 577 2309 625 2350; x_wconf 91' lang='lat' dir='ltr'><strong>B.</strong></span> <span class='ocrx_word' id='word_1_385' title='bbox 661 2309 845 2351; x_wconf 90' lang='lat' dir='ltr'><strong>Alberto</strong></span> <span class='ocrx_word' id='word_1_386' title='bbox 869 2311 939 2352; x_wconf 91' lang='lat' dir='ltr'><strong>vel</strong></span> <span class='ocrx_word' id='word_1_387' title='bbox 963 2311 1093 2352; x_wconf 88' lang='lat' dir='ltr'><strong>Petro</strong></span> <span class='ocrx_word' id='word_1_388' title='bbox 1129 2311 1283 2352; x_wconf 87' lang='lat' dir='ltr'><strong>ascribi</strong></span> <span class='ocrx_word' id='word_1_389' title='bbox 1307 2312 1404 2366; x_wconf 94' lang='lat' dir='ltr'><strong>quis</strong></span> <span class='ocrx_word' id='word_1_390' title='bbox 1439 2318 1666 2366; x_wconf 89' lang='lat' dir='ltr'><strong>pateretur,</strong></span> <span class='ocrx_word' id='word_1_391' title='bbox 1691 2312 1769 2352; x_wconf 92' lang='lat' dir='ltr'><strong>sed</strong></span> <span class='ocrx_word' id='word_1_392' title='bbox 1804 2312 1912 2353; x_wconf 90' lang='lat' dir='ltr'><strong>inter</strong></span> <span class='ocrx_word' id='word_1_393' title='bbox 1934 2319 2144 2368; x_wconf 91' lang='lat' dir='ltr'><strong>utrosque</strong></span> <span class='ocrx_word' id='word_1_394' title='bbox 2178 2313 2370 2355; x_wconf 92' lang='lat' dir='ltr'><strong>medium</strong></span> 
     </span>
     <span class='ocr_line' id='line_1_34' title="bbox 157 2371 2369 2427; baseline 0.002 -15"><span class='ocrx_word' id='word_1_395' title='bbox 157 2377 334 2412; x_wconf 89' lang='lat' dir='ltr'><strong>teneret.</strong></span> <span class='ocrx_word' id='word_1_396' title='bbox 374 2372 414 2413; x_wconf 82' lang='lat' dir='ltr'><strong>E</strong></span> <span class='ocrx_word' id='word_1_397' title='bbox 447 2371 662 2412; x_wconf 91' lang='lat' dir='ltr'><strong>contrario</strong></span> <span class='ocrx_word' id='word_1_398' title='bbox 694 2372 796 2427; x_wconf 91' lang='lat' dir='ltr'><strong>quia</strong></span> <span class='ocrx_word' id='word_1_399' title='bbox 829 2373 931 2414; x_wconf 86' lang='lat' dir='ltr'><strong>nihil</strong></span> <span class='ocrx_word' id='word_1_400' title='bbox 966 2380 1085 2414; x_wconf 89' lang='lat' dir='ltr'><strong>vetat</strong></span> <span class='ocrx_word' id='word_1_401' title='bbox 1118 2373 1291 2415; x_wconf 91' lang='lat' dir='ltr'><strong>credere</strong></span> <span class='ocrx_word' id='word_1_402' title='bbox 1327 2374 1539 2415; x_wconf 88' lang='lat' dir='ltr'><strong>editiones</strong></span> <span class='ocrx_word' id='word_1_403' title='bbox 1573 2388 1601 2415; x_wconf 85' lang='lat' dir='ltr'><strong>a</strong></span> <span class='ocrx_word' id='word_1_404' title='bbox 1636 2375 2046 2416; x_wconf 90' lang='lat' dir='ltr'><strong>commentariorum</strong></span> <span class='ocrx_word' id='word_1_405' title='bbox 2081 2381 2172 2416; x_wconf 90' lang='lat' dir='ltr'><strong>tum</strong></span> <span class='ocrx_word' id='word_1_406' title='bbox 2205 2376 2258 2417; x_wconf 79' lang='lat' dir='ltr'><strong>de</strong></span> <span class='ocrx_word' id='word_1_407' title='bbox 2287 2377 2369 2417; x_wconf 81' lang='lat' dir='ltr'><strong>Ge-</strong></span> 
     </span>
     <span class='ocr_line' id='line_1_35' title="bbox 157 2434 2369 2494; baseline 0.002 -19"><span class='ocrx_word' id='word_1_408' title='bbox 157 2434 383 2475; x_wconf 81' lang='lat' dir='ltr'><strong>neratione</strong></span> <span class='ocrx_word' id='word_1_409' title='bbox 415 2439 507 2475; x_wconf 89' lang='lat' dir='ltr'><strong>tum</strong></span> <span class='ocrx_word' id='word_1_410' title='bbox 540 2434 983 2489; x_wconf 58' lang='lat' dir='ltr'><strong>Meteorologzkorum,</strong></span> <span class='ocrx_word' id='word_1_411' title='bbox 1009 2436 1222 2492; x_wconf 93' lang='lat' dir='ltr'><strong>genuinas</strong></span> <span class='ocrx_word' id='word_1_412' title='bbox 1258 2437 1607 2478; x_wconf 89' lang='lat' dir='ltr'><strong>continuatorum</strong></span> <span class='ocrx_word' id='word_1_413' title='bbox 1635 2437 1909 2478; x_wconf 87' lang='lat' dir='ltr'><strong>recensiones</strong></span> <span class='ocrx_word' id='word_1_414' title='bbox 1945 2438 2158 2487; x_wconf 89' lang='lat' dir='ltr'><strong>exhibere,</strong></span> <span class='ocrx_word' id='word_1_415' title='bbox 2185 2438 2369 2494; x_wconf 91' lang='lat' dir='ltr'><strong>demptis</strong></span> 
     </span>
     <span class='ocr_line' id='line_1_36' title="bbox 159 2495 2371 2552; baseline 0.001 -14"><span class='ocrx_word' id='word_1_416' title='bbox 159 2496 377 2538; x_wconf 88' lang='lat' dir='ltr'><strong>erroribus</strong></span> <span class='ocrx_word' id='word_1_417' title='bbox 404 2497 739 2552; x_wconf 88' lang='lat' dir='ltr'><strong>typothetarum,</strong></span> <span class='ocrx_word' id='word_1_418' title='bbox 778 2495 959 2539; x_wconf 88' lang='lat' dir='ltr'><strong>Pianam</strong></span> <span class='ocrx_word' id='word_1_419' title='bbox 997 2513 1085 2540; x_wconf 91' lang='lat' dir='ltr'><strong>non</strong></span> <span class='ocrx_word' id='word_1_420' title='bbox 1120 2499 1383 2540; x_wconf 86' lang='lat' dir='ltr'><strong>mutavimus</strong></span> <span class='ocrx_word' id='word_1_421' title='bbox 1420 2499 1500 2539; x_wconf 90' lang='lat' dir='ltr'><strong>nisi</strong></span> <span class='ocrx_word' id='word_1_422' title='bbox 1534 2499 1608 2540; x_wconf 92' lang='lat' dir='ltr'><strong>ubi</strong></span> <span class='ocrx_word' id='word_1_423' title='bbox 1646 2512 1800 2540; x_wconf 92' lang='lat' dir='ltr'><strong>sensus</strong></span> <span class='ocrx_word' id='word_1_424' title='bbox 1835 2499 2014 2540; x_wconf 91' lang='lat' dir='ltr'><strong>omnino</strong></span> <span class='ocrx_word' id='word_1_425' title='bbox 2056 2500 2294 2550; x_wconf 86' lang='lat' dir='ltr'><strong>deficiebat,</strong></span> <span class='ocrx_word' id='word_1_426' title='bbox 2330 2507 2371 2542; x_wconf 90' lang='lat' dir='ltr'><strong>et</strong></span> 
     </span>
     <span class='ocr_line' id='line_1_37' title="bbox 159 2559 2368 2619; baseline 0.001 -19"><span class='ocrx_word' id='word_1_427' title='bbox 159 2559 370 2600; x_wconf 91' lang='lat' dir='ltr'><strong>correctio</strong></span> <span class='ocrx_word' id='word_1_428' title='bbox 394 2565 568 2614; x_wconf 90' lang='lat' dir='ltr'><strong>praesto</strong></span> <span class='ocrx_word' id='word_1_429' title='bbox 604 2566 694 2601; x_wconf 90' lang='lat' dir='ltr'><strong>erat</strong></span> <span class='ocrx_word' id='word_1_430' title='bbox 727 2560 768 2601; x_wconf 93' lang='lat' dir='ltr'><strong>in</strong></span> <span class='ocrx_word' id='word_1_431' title='bbox 803 2561 996 2602; x_wconf 86' lang='lat' dir='ltr'><strong>sontibus</strong></span> <span class='ocrx_word' id='word_1_432' title='bbox 1030 2562 1100 2602; x_wconf 90' lang='lat' dir='ltr'><strong>vel</strong></span> <span class='ocrx_word' id='word_1_433' title='bbox 1136 2568 1353 2603; x_wconf 91' lang='lat' dir='ltr'><strong>contextu.</strong></span> <span class='ocrx_word' id='word_1_434' title='bbox 1379 2561 1547 2602; x_wconf 88' lang='lat' dir='ltr'><strong>Eadem</strong></span> <span class='ocrx_word' id='word_1_435' title='bbox 1581 2561 1635 2602; x_wconf 92' lang='lat' dir='ltr'><strong>de</strong></span> <span class='ocrx_word' id='word_1_436' title='bbox 1671 2575 1812 2610; x_wconf 92' lang='lat' dir='ltr'><strong>causa,</strong></span> <span class='ocrx_word' id='word_1_437' title='bbox 1838 2575 1891 2602; x_wconf 89' lang='lat' dir='ltr'><strong>ne</strong></span> <span class='ocrx_word' id='word_1_438' title='bbox 1914 2562 2076 2603; x_wconf 90' lang='lat' dir='ltr'><strong>scilicet</strong></span> <span class='ocrx_word' id='word_1_439' title='bbox 2110 2563 2368 2619; x_wconf 91' lang='lat' dir='ltr'><strong>corrigendo</strong></span> 
     </span>
     <span class='ocr_line' id='line_1_38' title="bbox 139 2622 2370 2680; baseline 0.001 -17"><span class='ocrx_word' id='word_1_440' title='bbox 139 2634 559 2677; x_wconf 36' lang='lat' dir='ltr'><strong>fcorrumperemus,</strong></span> <span class='ocrx_word' id='word_1_441' title='bbox 594 2622 637 2663; x_wconf 92' lang='lat' dir='ltr'><strong>in</strong></span> <span class='ocrx_word' id='word_1_442' title='bbox 673 2624 885 2678; x_wconf 91' lang='lat' dir='ltr'><strong>opusculo</strong></span> <span class='ocrx_word' id='word_1_443' title='bbox 920 2638 953 2665; x_wconf 91' lang='lat' dir='ltr'><strong>s.</strong></span> <span class='ocrx_word' id='word_1_444' title='bbox 973 2624 1172 2665; x_wconf 89' lang='lat' dir='ltr'><strong>Thomae</strong></span> <span class='ocrx_word' id='word_1_445' title='bbox 1207 2624 1259 2665; x_wconf 79' lang='lat' dir='ltr'><strong>de</strong></span> <span class='ocrx_word' id='word_1_446' title='bbox 1291 2625 1508 2665; x_wconf 69' lang='lat' dir='ltr'><strong>Adixtz&#39;one</strong></span> <span class='ocrx_word' id='word_1_447' title='bbox 1539 2623 1885 2672; x_wconf 81' lang='lat' dir='ltr'><strong>Elementorum,</strong></span> <span class='ocrx_word' id='word_1_448' title='bbox 1922 2638 1998 2679; x_wconf 89' lang='lat' dir='ltr'><strong>per</strong></span> <span class='ocrx_word' id='word_1_449' title='bbox 2031 2625 2230 2680; x_wconf 90' lang='lat' dir='ltr'><strong>ignotum</strong></span> <span class='ocrx_word' id='word_1_450' title='bbox 2265 2639 2370 2667; x_wconf 91' lang='lat' dir='ltr'><strong>con-</strong></span> 
     </span>
     <span class='ocr_line' id='line_1_39' title="bbox 157 2683 2370 2737; baseline 0.001 -12"><span class='ocrx_word' id='word_1_451' title='bbox 157 2683 420 2726; x_wconf 88' lang='lat' dir='ltr'><strong>tinuatorem</strong></span> <span class='ocrx_word' id='word_1_452' title='bbox 458 2684 632 2726; x_wconf 88' lang='lat' dir='ltr'><strong>lectioni</strong></span> <span class='ocrx_word' id='word_1_453' title='bbox 666 2698 774 2726; x_wconf 76' lang='lat' dir='ltr'><strong>xxw</strong></span> <span class='ocrx_word' id='word_1_454' title='bbox 809 2686 922 2727; x_wconf 90' lang='lat' dir='ltr'><strong>lib.I</strong></span> <span class='ocrx_word' id='word_1_455' title='bbox 956 2686 1009 2728; x_wconf 82' lang='lat' dir='ltr'><strong>de</strong></span> <span class='ocrx_word' id='word_1_456' title='bbox 1048 2687 1334 2728; x_wconf 80' lang='lat' dir='ltr'><strong>Generatione</strong></span> <span class='ocrx_word' id='word_1_457' title='bbox 1367 2687 1541 2736; x_wconf 89' lang='lat' dir='ltr'><strong>inserto,</strong></span> <span class='ocrx_word' id='word_1_458' title='bbox 1577 2687 1711 2728; x_wconf 91' lang='lat' dir='ltr'><strong>semel</strong></span> <span class='ocrx_word' id='word_1_459' title='bbox 1742 2687 2007 2728; x_wconf 90' lang='lat' dir='ltr'><strong>correximus</strong></span> <span class='ocrx_word' id='word_1_460' title='bbox 2041 2688 2232 2737; x_wconf 88' lang='lat' dir='ltr'><strong>Pianam,</strong></span> <span class='ocrx_word' id='word_1_461' title='bbox 2268 2688 2370 2729; x_wconf 93' lang='lat' dir='ltr'><strong>nihil</strong></span> 
     </span>
     <span class='ocr_line' id='line_1_40' title="bbox 160 2747 2369 2805; baseline 0.002 -17"><span class='ocrx_word' id='word_1_462' title='bbox 160 2747 352 2788; x_wconf 90' lang='lat' dir='ltr'><strong>curando</strong></span> <span class='ocrx_word' id='word_1_463' title='bbox 388 2747 442 2788; x_wconf 92' lang='lat' dir='ltr'><strong>de</strong></span> <span class='ocrx_word' id='word_1_464' title='bbox 476 2747 729 2789; x_wconf 90' lang='lat' dir='ltr'><strong>melioribus</strong></span> <span class='ocrx_word' id='word_1_465' title='bbox 763 2748 1021 2791; x_wconf 89' lang='lat' dir='ltr'><strong>lectionibus</strong></span> <span class='ocrx_word' id='word_1_466' title='bbox 1057 2763 1169 2804; x_wconf 92' lang='lat' dir='ltr'><strong>quae</strong></span> <span class='ocrx_word' id='word_1_467' title='bbox 1208 2763 1261 2790; x_wconf 93' lang='lat' dir='ltr'><strong>ex</strong></span> <span class='ocrx_word' id='word_1_468' title='bbox 1295 2749 1519 2791; x_wconf 90' lang='lat' dir='ltr'><strong>codicibus</strong></span> <span class='ocrx_word' id='word_1_469' title='bbox 1559 2749 1679 2791; x_wconf 90' lang='lat' dir='ltr'><strong>istius</strong></span> <span class='ocrx_word' id='word_1_470' title='bbox 1719 2750 1915 2804; x_wconf 91' lang='lat' dir='ltr'><strong>opusculi</strong></span> <span class='ocrx_word' id='word_1_471' title='bbox 1951 2750 2135 2791; x_wconf 89' lang='lat' dir='ltr'><strong>obtineri</strong></span> <span class='ocrx_word' id='word_1_472' title='bbox 2178 2757 2369 2805; x_wconf 89' lang='lat' dir='ltr'><strong>possent.</strong></span> 
     </span>
     <span class='ocr_line' id='line_1_41' title="bbox 158 2809 2370 2868; baseline 0.002 -18"><span class='ocrx_word' id='word_1_473' title='bbox 158 2809 253 2851; x_wconf 93' lang='lat' dir='ltr'><strong>Nec</strong></span> <span class='ocrx_word' id='word_1_474' title='bbox 277 2810 510 2864; x_wconf 90' lang='lat' dir='ltr'><strong>quisquam</strong></span> <span class='ocrx_word' id='word_1_475' title='bbox 543 2809 627 2851; x_wconf 92' lang='lat' dir='ltr'><strong>hoc</strong></span> <span class='ocrx_word' id='word_1_476' title='bbox 661 2811 790 2852; x_wconf 92' lang='lat' dir='ltr'><strong>nobis</strong></span> <span class='ocrx_word' id='word_1_477' title='bbox 820 2811 862 2852; x_wconf 91' lang='lat' dir='ltr'><strong>in</strong></span> <span class='ocrx_word' id='word_1_478' title='bbox 887 2812 1047 2853; x_wconf 90' lang='lat' dir='ltr'><strong>crimen</strong></span> <span class='ocrx_word' id='word_1_479' title='bbox 1080 2818 1229 2861; x_wconf 89' lang='lat' dir='ltr'><strong>vertet,</strong></span> <span class='ocrx_word' id='word_1_480' title='bbox 1265 2813 1385 2867; x_wconf 91' lang='lat' dir='ltr'><strong>quod</strong></span> <span class='ocrx_word' id='word_1_481' title='bbox 1419 2812 1659 2868; x_wconf 89' lang='lat' dir='ltr'><strong>generatim</strong></span> <span class='ocrx_word' id='word_1_482' title='bbox 1694 2812 2052 2861; x_wconf 86' lang='lat' dir='ltr'><strong>continuationes,</strong></span> <span class='ocrx_word' id='word_1_483' title='bbox 2089 2813 2370 2867; x_wconf 91' lang='lat' dir='ltr'><strong>imposterum</strong></span> 
     </span>
     <span class='ocr_line' id='line_1_42' title="bbox 161 2872 2370 2931; baseline 0.001 -18"><span class='ocrx_word' id='word_1_484' title='bbox 161 2872 280 2913; x_wconf 91' lang='lat' dir='ltr'><strong>omni</strong></span> <span class='ocrx_word' id='word_1_485' title='bbox 319 2872 572 2914; x_wconf 87' lang='lat' dir='ltr'><strong>auctoritate</strong></span> <span class='ocrx_word' id='word_1_486' title='bbox 612 2873 860 2923; x_wconf 88' lang='lat' dir='ltr'><strong>destitutas,</strong></span> <span class='ocrx_word' id='word_1_487' title='bbox 902 2888 990 2915; x_wconf 92' lang='lat' dir='ltr'><strong>non</strong></span> <span class='ocrx_word' id='word_1_488' title='bbox 1031 2874 1185 2916; x_wconf 90' lang='lat' dir='ltr'><strong>eadem</strong></span> <span class='ocrx_word' id='word_1_489' title='bbox 1225 2889 1326 2916; x_wconf 91' lang='lat' dir='ltr'><strong>cura</strong></span> <span class='ocrx_word' id='word_1_490' title='bbox 1365 2875 1671 2924; x_wconf 91' lang='lat' dir='ltr'><strong>recensuimus,</strong></span> <span class='ocrx_word' id='word_1_491' title='bbox 1718 2889 1848 2929; x_wconf 92' lang='lat' dir='ltr'><strong>quam</strong></span> <span class='ocrx_word' id='word_1_492' title='bbox 1882 2875 2082 2931; x_wconf 92' lang='lat' dir='ltr'><strong>genuinis</strong></span> <span class='ocrx_word' id='word_1_493' title='bbox 2121 2875 2370 2916; x_wconf 81' lang='lat' dir='ltr'><strong>s.Thomae</strong></span> 
     </span>
     <span class='ocr_line' id='line_1_43' title="bbox 161 2935 2372 2992; baseline 0.001 -17"><span class='ocrx_word' id='word_1_494' title='bbox 161 2935 366 2989; x_wconf 89' lang='lat' dir='ltr'><strong>operibus</strong></span> <span class='ocrx_word' id='word_1_495' title='bbox 401 2935 652 2990; x_wconf 90' lang='lat' dir='ltr'><strong>impendere</strong></span> <span class='ocrx_word' id='word_1_496' title='bbox 695 2936 934 2978; x_wconf 90' lang='lat' dir='ltr'><strong>studemus.</strong></span> <span class='ocrx_word' id='word_1_497' title='bbox 976 2938 1044 2978; x_wconf 91' lang='lat' dir='ltr'><strong>De</strong></span> <span class='ocrx_word' id='word_1_498' title='bbox 1078 2937 1345 2979; x_wconf 91' lang='lat' dir='ltr'><strong>variantibus</strong></span> <span class='ocrx_word' id='word_1_499' title='bbox 1380 2938 1507 2979; x_wconf 87' lang='lat' dir='ltr'><strong>etiam</strong></span> <span class='ocrx_word' id='word_1_500' title='bbox 1552 2937 1790 2979; x_wconf 92' lang='lat' dir='ltr'><strong>editionum</strong></span> <span class='ocrx_word' id='word_1_501' title='bbox 1825 2938 1949 2992; x_wconf 92' lang='lat' dir='ltr'><strong>(inter</strong></span> <span class='ocrx_word' id='word_1_502' title='bbox 1982 2951 2090 2991; x_wconf 90' lang='lat' dir='ltr'><strong>quas</strong></span> <span class='ocrx_word' id='word_1_503' title='bbox 2126 2944 2372 2978; x_wconf 88' lang='lat' dir='ltr'><strong>numeretur</strong></span> 
     </span>
     <span class='ocr_line' id='line_1_44' title="bbox 161 2996 2370 3055; baseline 0.001 -19"><span class='ocrx_word' id='word_1_504' title='bbox 161 2996 302 3037; x_wconf 90' lang='lat' dir='ltr'><strong>codex</strong></span> <span class='ocrx_word' id='word_1_505' title='bbox 334 2997 563 3039; x_wconf 91' lang='lat' dir='ltr'><strong>Venceslai</strong></span> <span class='ocrx_word' id='word_1_506' title='bbox 591 2998 747 3054; x_wconf 90' lang='lat' dir='ltr'><strong>Crispi)</strong></span> <span class='ocrx_word' id='word_1_507' title='bbox 781 3013 933 3054; x_wconf 91' lang='lat' dir='ltr'><strong>parum</strong></span> <span class='ocrx_word' id='word_1_508' title='bbox 972 3000 1236 3042; x_wconf 90' lang='lat' dir='ltr'><strong>curavimus:</strong></span> <span class='ocrx_word' id='word_1_509' title='bbox 1270 3014 1371 3041; x_wconf 89' lang='lat' dir='ltr'><strong>narn</strong></span> <span class='ocrx_word' id='word_1_510' title='bbox 1406 3006 1640 3055; x_wconf 87' lang='lat' dir='ltr'><strong>postquam</strong></span> <span class='ocrx_word' id='word_1_511' title='bbox 1678 3000 1909 3055; x_wconf 91' lang='lat' dir='ltr'><strong>probatum</strong></span> <span class='ocrx_word' id='word_1_512' title='bbox 1944 3006 2018 3048; x_wconf 88' lang='lat' dir='ltr'><strong>est,</strong></span> <span class='ocrx_word' id='word_1_513' title='bbox 2058 2999 2177 3053; x_wconf 91' lang='lat' dir='ltr'><strong>quod</strong></span> <span class='ocrx_word' id='word_1_514' title='bbox 2218 3000 2259 3040; x_wconf 91' lang='lat' dir='ltr'><strong>in</strong></span> <span class='ocrx_word' id='word_1_515' title='bbox 2294 3013 2370 3054; x_wconf 90' lang='lat' dir='ltr'><strong>ap-</strong></span> 
     </span>
     <span class='ocr_line' id='line_1_45' title="bbox 162 3055 2372 3118; baseline 0.002 -20"><span class='ocrx_word' id='word_1_516' title='bbox 162 3058 346 3113; x_wconf 92' lang='lat' dir='ltr'><strong>pendice</strong></span> <span class='ocrx_word' id='word_1_517' title='bbox 386 3055 629 3102; x_wconf 84' lang='lat' dir='ltr'><strong>continetur</strong></span> <span class='ocrx_word' id='word_1_518' title='bbox 665 3062 914 3103; x_wconf 90' lang='lat' dir='ltr'><strong>s.Thomae</strong></span> <span class='ocrx_word' id='word_1_519' title='bbox 953 3063 1137 3118; x_wconf 92' lang='lat' dir='ltr'><strong>amplius</strong></span> <span class='ocrx_word' id='word_1_520' title='bbox 1170 3063 1325 3104; x_wconf 91' lang='lat' dir='ltr'><strong>ascribi</strong></span> <span class='ocrx_word' id='word_1_521' title='bbox 1357 3077 1445 3104; x_wconf 94' lang='lat' dir='ltr'><strong>non</strong></span> <span class='ocrx_word' id='word_1_522' title='bbox 1481 3063 1661 3111; x_wconf 91' lang='lat' dir='ltr'><strong>debere,</strong></span> <span class='ocrx_word' id='word_1_523' title='bbox 1700 3062 1895 3103; x_wconf 89' lang='lat' dir='ltr'><strong>indicatis</strong></span> <span class='ocrx_word' id='word_1_524' title='bbox 1931 3062 2057 3102; x_wconf 90' lang='lat' dir='ltr'><strong>etiam</strong></span> <span class='ocrx_word' id='word_1_525' title='bbox 2090 3062 2281 3103; x_wconf 86' lang='lat' dir='ltr'><strong>fontibus</strong></span> <span class='ocrx_word' id='word_1_526' title='bbox 2319 3076 2372 3103; x_wconf 93' lang='lat' dir='ltr'><strong>ex</strong></span> 
     </span>
     <span class='ocr_line' id='line_1_46' title="bbox 161 3121 2372 3180; baseline 0.003 -20"><span class='ocrx_word' id='word_1_527' title='bbox 161 3121 321 3175; x_wconf 92' lang='lat' dir='ltr'><strong>quibus</strong></span> <span class='ocrx_word' id='word_1_528' title='bbox 364 3134 442 3175; x_wconf 90' lang='lat' dir='ltr'><strong>per</strong></span> <span class='ocrx_word' id='word_1_529' title='bbox 484 3123 806 3165; x_wconf 85' lang='lat' dir='ltr'><strong>continuatores</strong></span> <span class='ocrx_word' id='word_1_530' title='bbox 848 3125 991 3165; x_wconf 89' lang='lat' dir='ltr'><strong>bonae</strong></span> <span class='ocrx_word' id='word_1_531' title='bbox 1027 3132 1100 3166; x_wconf 90' lang='lat' dir='ltr'><strong>aut</strong></span> <span class='ocrx_word' id='word_1_532' title='bbox 1134 3126 1271 3166; x_wconf 88' lang='lat' dir='ltr'><strong>malae</strong></span> <span class='ocrx_word' id='word_1_533' title='bbox 1306 3125 1406 3166; x_wconf 90' lang='lat' dir='ltr'><strong>fidei</strong></span> <span class='ocrx_word' id='word_1_534' title='bbox 1443 3125 1771 3180; x_wconf 89' lang='lat' dir='ltr'><strong>excerpebatur,</strong></span> <span class='ocrx_word' id='word_1_535' title='bbox 1817 3125 1937 3165; x_wconf 92' lang='lat' dir='ltr'><strong>cuius</strong></span> <span class='ocrx_word' id='word_1_536' title='bbox 1971 3123 2112 3164; x_wconf 92' lang='lat' dir='ltr'><strong>adhuc</strong></span> <span class='ocrx_word' id='word_1_537' title='bbox 2146 3124 2372 3166; x_wconf 91' lang='lat' dir='ltr'><strong>interesset</strong></span> 
     </span>
     <span class='ocr_line' id='line_1_47' title="bbox 159 3183 2371 3243; baseline 0.003 -21"><span class='ocrx_word' id='word_1_538' title='bbox 159 3183 307 3224; x_wconf 90' lang='lat' dir='ltr'><strong>videre</strong></span> <span class='ocrx_word' id='word_1_539' title='bbox 343 3183 572 3237; x_wconf 90' lang='lat' dir='ltr'><strong>quomodo</strong></span> <span class='ocrx_word' id='word_1_540' title='bbox 609 3185 788 3240; x_wconf 90' lang='lat' dir='ltr'><strong>Crispus</strong></span> <span class='ocrx_word' id='word_1_541' title='bbox 821 3187 1034 3228; x_wconf 90' lang='lat' dir='ltr'><strong>absurdas</strong></span> <span class='ocrx_word' id='word_1_542' title='bbox 1068 3188 1276 3229; x_wconf 89' lang='lat' dir='ltr'><strong>lectiones</strong></span> <span class='ocrx_word' id='word_1_543' title='bbox 1310 3188 1535 3243; x_wconf 89' lang='lat' dir='ltr'><strong>Papiensis</strong></span> <span class='ocrx_word' id='word_1_544' title='bbox 1570 3187 1770 3228; x_wconf 92' lang='lat' dir='ltr'><strong>editionis</strong></span> <span class='ocrx_word' id='word_1_545' title='bbox 1804 3186 1858 3227; x_wconf 90' lang='lat' dir='ltr'><strong>ad</strong></span> <span class='ocrx_word' id='word_1_546' title='bbox 1893 3187 2059 3227; x_wconf 89' lang='lat' dir='ltr'><strong>bonum</strong></span> <span class='ocrx_word' id='word_1_547' title='bbox 2093 3200 2270 3228; x_wconf 91' lang='lat' dir='ltr'><strong>sensum</strong></span> <span class='ocrx_word' id='word_1_548' title='bbox 2304 3201 2371 3228; x_wconf 93' lang='lat' dir='ltr'><strong>re-</strong></span> 
     </span>
     <span class='ocr_line' id='line_1_48' title="bbox 160 3245 2043 3305; baseline 0.002 -20"><span class='ocrx_word' id='word_1_549' title='bbox 160 3245 318 3287; x_wconf 91' lang='lat' dir='ltr'><strong>ducere</strong></span> <span class='ocrx_word' id='word_1_550' title='bbox 353 3246 600 3295; x_wconf 82' lang='lat' dir='ltr'><strong>tentaverit;</strong></span> <span class='ocrx_word' id='word_1_551' title='bbox 637 3248 889 3301; x_wconf 89' lang='lat' dir='ltr'><strong>praesertim</strong></span> <span class='ocrx_word' id='word_1_552' title='bbox 924 3263 1022 3291; x_wconf 91' lang='lat' dir='ltr'><strong>cum</strong></span> <span class='ocrx_word' id='word_1_553' title='bbox 1057 3250 1099 3290; x_wconf 91' lang='lat' dir='ltr'><strong>in</strong></span> <span class='ocrx_word' id='word_1_554' title='bbox 1132 3257 1252 3305; x_wconf 90' lang='lat' dir='ltr'><strong>parte</strong></span> <span class='ocrx_word' id='word_1_555' title='bbox 1287 3250 1530 3291; x_wconf 87' lang='lat' dir='ltr'><strong>authentica</strong></span> <span class='ocrx_word' id='word_1_556' title='bbox 1564 3250 1760 3303; x_wconf 88' lang='lat' dir='ltr'><strong>exempla</strong></span> <span class='ocrx_word' id='word_1_557' title='bbox 1793 3248 2043 3289; x_wconf 85' lang='lat' dir='ltr'><strong>abundent?</strong></span> 
     </span>
    </p>

    <p class='ocr_par' dir='ltr' id='par_1_6' title="bbox 158 3308 2372 3740">
     <span class='ocr_line' id='line_1_49' title="bbox 287 3308 2371 3362; baseline 0.002 -14"><span class='ocrx_word' id='word_1_558' title='bbox 287 3308 336 3349; x_wconf 86' lang='lat' dir='ltr'><strong>Si</strong></span> <span class='ocrx_word' id='word_1_559' title='bbox 371 3309 468 3362; x_wconf 93' lang='lat' dir='ltr'><strong>quis</strong></span> <span class='ocrx_word' id='word_1_560' title='bbox 503 3309 852 3351; x_wconf 91' lang='lat' dir='ltr'><strong>continuationes</strong></span> <span class='ocrx_word' id='word_1_561' title='bbox 877 3325 975 3352; x_wconf 93' lang='lat' dir='ltr'><strong>cum</strong></span> <span class='ocrx_word' id='word_1_562' title='bbox 1010 3313 1330 3353; x_wconf 90' lang='lat' dir='ltr'><strong>commentariis</strong></span> <span class='ocrx_word' id='word_1_563' title='bbox 1365 3314 1412 3353; x_wconf 90' lang='lat' dir='ltr'><strong>B.</strong></span> <span class='ocrx_word' id='word_1_564' title='bbox 1439 3312 1606 3353; x_wconf 86' lang='lat' dir='ltr'><strong>Alberti</strong></span> <span class='ocrx_word' id='word_1_565' title='bbox 1632 3318 1674 3352; x_wconf 90' lang='lat' dir='ltr'><strong>et</strong></span> <span class='ocrx_word' id='word_1_566' title='bbox 1705 3311 1820 3352; x_wconf 92' lang='lat' dir='ltr'><strong>Petri</strong></span> <span class='ocrx_word' id='word_1_567' title='bbox 1854 3311 1907 3352; x_wconf 94' lang='lat' dir='ltr'><strong>de</strong></span> <span class='ocrx_word' id='word_1_568' title='bbox 1937 3311 2146 3352; x_wconf 91' lang='lat' dir='ltr'><strong>Alvernia</strong></span> <span class='ocrx_word' id='word_1_569' title='bbox 2179 3312 2371 3353; x_wconf 87' lang='lat' dir='ltr'><strong>conferre</strong></span> 
     </span>
     <span class='ocr_line' id='line_1_50' title="bbox 158 3371 2370 3426; baseline 0.001 -15"><span class='ocrx_word' id='word_1_570' title='bbox 158 3371 265 3419; x_wconf 90' lang='lat' dir='ltr'><strong>vult,</strong></span> <span class='ocrx_word' id='word_1_571' title='bbox 289 3371 387 3411; x_wconf 91' lang='lat' dir='ltr'><strong>loca</strong></span> <span class='ocrx_word' id='word_1_572' title='bbox 418 3371 807 3426; x_wconf 88' lang='lat' dir='ltr'><strong>correspondentia</strong></span> <span class='ocrx_word' id='word_1_573' title='bbox 839 3372 924 3414; x_wconf 92' lang='lat' dir='ltr'><strong>hoc</strong></span> <span class='ocrx_word' id='word_1_574' title='bbox 959 3375 1093 3415; x_wconf 93' lang='lat' dir='ltr'><strong>modo</strong></span> <span class='ocrx_word' id='word_1_575' title='bbox 1128 3375 1330 3416; x_wconf 91' lang='lat' dir='ltr'><strong>inveniet.</strong></span> <span class='ocrx_word' id='word_1_576' title='bbox 1364 3376 1450 3415; x_wconf 93' lang='lat' dir='ltr'><strong>Pro</strong></span> <span class='ocrx_word' id='word_1_577' title='bbox 1486 3374 1796 3415; x_wconf 90' lang='lat' dir='ltr'><strong>commentario</strong></span> <span class='ocrx_word' id='word_1_578' title='bbox 1826 3373 1867 3414; x_wconf 93' lang='lat' dir='ltr'><strong>in</strong></span> <span class='ocrx_word' id='word_1_579' title='bbox 1901 3373 1954 3414; x_wconf 79' lang='lat' dir='ltr'><strong>de</strong></span> <span class='ocrx_word' id='word_1_580' title='bbox 1983 3374 2278 3426; x_wconf 78' lang='lat' dir='ltr'><strong>Generatz&#39;one,</strong></span> <span class='ocrx_word' id='word_1_581' title='bbox 2304 3375 2370 3414; x_wconf 93' lang='lat' dir='ltr'><strong>vi-</strong></span> 
     </span>
     <span class='ocr_line' id='line_1_51' title="bbox 162 3432 2372 3488; baseline 0.002 -15"><span class='ocrx_word' id='word_1_582' title='bbox 162 3432 263 3473; x_wconf 91' lang='lat' dir='ltr'><strong>deat</strong></span> <span class='ocrx_word' id='word_1_583' title='bbox 295 3435 377 3474; x_wconf 93' lang='lat' dir='ltr'><strong>sub</strong></span> <span class='ocrx_word' id='word_1_584' title='bbox 414 3448 503 3488; x_wconf 91' lang='lat' dir='ltr'><strong>quo</strong></span> <span class='ocrx_word' id='word_1_585' title='bbox 538 3441 680 3475; x_wconf 89' lang='lat' dir='ltr'><strong>textus</strong></span> <span class='ocrx_word' id='word_1_586' title='bbox 715 3436 994 3476; x_wconf 91' lang='lat' dir='ltr'><strong>commentati</strong></span> <span class='ocrx_word' id='word_1_587' title='bbox 1029 3450 1210 3478; x_wconf 91' lang='lat' dir='ltr'><strong>numero</strong></span> <span class='ocrx_word' id='word_1_588' title='bbox 1245 3444 1387 3478; x_wconf 92' lang='lat' dir='ltr'><strong>textus</strong></span> <span class='ocrx_word' id='word_1_589' title='bbox 1422 3436 1655 3477; x_wconf 89' lang='lat' dir='ltr'><strong>commenti</strong></span> <span class='ocrx_word' id='word_1_590' title='bbox 1691 3436 1970 3485; x_wconf 84' lang='lat' dir='ltr'><strong>contineatur,</strong></span> <span class='ocrx_word' id='word_1_591' title='bbox 1996 3443 2038 3477; x_wconf 89' lang='lat' dir='ltr'><strong>et</strong></span> <span class='ocrx_word' id='word_1_592' title='bbox 2071 3436 2256 3477; x_wconf 91' lang='lat' dir='ltr'><strong>eundem</strong></span> <span class='ocrx_word' id='word_1_593' title='bbox 2293 3451 2372 3477; x_wconf 91' lang='lat' dir='ltr'><strong>nu-</strong></span> 
     </span>
     <span class='ocr_line' id='line_1_52' title="bbox 162 3492 2370 3555; baseline 0.002 -20"><span class='ocrx_word' id='word_1_594' title='bbox 162 3508 341 3544; x_wconf 90' lang='lat' dir='ltr'><strong>merum,</strong></span> <span class='ocrx_word' id='word_1_595' title='bbox 366 3492 575 3538; x_wconf 90' lang='lat' dir='ltr'><strong>librorum</strong></span> <span class='ocrx_word' id='word_1_596' title='bbox 610 3497 776 3538; x_wconf 90' lang='lat' dir='ltr'><strong>ratione</strong></span> <span class='ocrx_word' id='word_1_597' title='bbox 807 3497 965 3547; x_wconf 90' lang='lat' dir='ltr'><strong>habita,</strong></span> <span class='ocrx_word' id='word_1_598' title='bbox 991 3506 1170 3552; x_wconf 89' lang='lat' dir='ltr'><strong>quaerat</strong></span> <span class='ocrx_word' id='word_1_599' title='bbox 1204 3500 1246 3539; x_wconf 92' lang='lat' dir='ltr'><strong>in</strong></span> <span class='ocrx_word' id='word_1_600' title='bbox 1270 3500 1463 3555; x_wconf 90' lang='lat' dir='ltr'><strong>margine</strong></span> <span class='ocrx_word' id='word_1_601' title='bbox 1497 3499 1731 3539; x_wconf 91' lang='lat' dir='ltr'><strong>voluminis</strong></span> <span class='ocrx_word' id='word_1_602' title='bbox 1765 3500 1802 3539; x_wconf 95' lang='lat' dir='ltr'><strong>II</strong></span> <span class='ocrx_word' id='word_1_603' title='bbox 1827 3499 2027 3540; x_wconf 89' lang='lat' dir='ltr'><strong>editionis</strong></span> <span class='ocrx_word' id='word_1_604' title='bbox 2061 3499 2370 3554; x_wconf 91' lang='lat' dir='ltr'><strong>Lugdunensis</strong></span> 
     </span>
     <span class='ocr_line' id='line_1_53' title="bbox 163 3551 2371 3622; baseline 0.002 -25"><span class='ocrx_word' id='word_1_605' title='bbox 163 3571 344 3612; x_wconf 91' lang='lat' dir='ltr'><strong>operum</strong></span> <span class='ocrx_word' id='word_1_606' title='bbox 380 3560 428 3600; x_wconf 89' lang='lat' dir='ltr'><strong>B.</strong></span> <span class='ocrx_word' id='word_1_607' title='bbox 454 3560 744 3622; x_wconf 56' lang='lat' dir='ltr'><strong>Albertizoex.</strong></span> <span class='ocrx_word' id='word_1_608' title='bbox 780 3574 856 3615; x_wconf 91' lang='lat' dir='ltr'><strong>gr.,</strong></span> <span class='ocrx_word' id='word_1_609' title='bbox 892 3551 1021 3609; x_wconf 78' lang='lat' dir='ltr'><strong>lib.&#39;1,</strong></span> <span class='ocrx_word' id='word_1_610' title='bbox 1057 3561 1149 3602; x_wconf 91' lang='lat' dir='ltr'><strong>lect.</strong></span> <span class='ocrx_word' id='word_1_611' title='bbox 1176 3575 1297 3610; x_wconf 90' lang='lat' dir='ltr'><strong>xv111‚</strong></span> <span class='ocrx_word' id='word_1_612' title='bbox 1337 3562 1503 3602; x_wconf 92' lang='lat' dir='ltr'><strong>numeri</strong></span> <span class='ocrx_word' id='word_1_613' title='bbox 1542 3575 1556 3602; x_wconf 94' lang='lat'>1</span> <span class='ocrx_word' id='word_1_614' title='bbox 1600 3567 1641 3602; x_wconf 90' lang='lat' dir='ltr'><strong>et</strong></span> <span class='ocrx_word' id='word_1_615' title='bbox 1676 3574 1699 3602; x_wconf 91' lang='lat'>2</span> <span class='ocrx_word' id='word_1_616' title='bbox 1737 3568 1960 3616; x_wconf 92' lang='lat' dir='ltr'><strong>exponunt</strong></span> <span class='ocrx_word' id='word_1_617' title='bbox 1993 3567 2158 3602; x_wconf 89' lang='lat' dir='ltr'><strong>textum</strong></span> <span class='ocrx_word' id='word_1_618' title='bbox 2194 3563 2269 3613; x_wconf 84' lang='lat'><strong>43;</strong></span> <span class='ocrx_word' id='word_1_619' title='bbox 2305 3561 2371 3602; x_wconf 92' lang='lat' dir='ltr'><strong>hic</strong></span> 
     </span>
     <span class='ocr_line' id='line_1_54' title="bbox 163 3623 2370 3680; baseline 0.002 -21"><span class='ocrx_word' id='word_1_620' title='bbox 163 3626 307 3660; x_wconf 90' lang='lat' dir='ltr'><strong>autem</strong></span> <span class='ocrx_word' id='word_1_621' title='bbox 351 3635 556 3663; x_wconf 90' lang='lat' dir='ltr'><strong>numerus</strong></span> <span class='ocrx_word' id='word_1_622' title='bbox 601 3623 795 3679; x_wconf 91' lang='lat' dir='ltr'><strong>margine</strong></span> <span class='ocrx_word' id='word_1_623' title='bbox 840 3623 1064 3677; x_wconf 91' lang='lat' dir='ltr'><strong>appositus</strong></span> <span class='ocrx_word' id='word_1_624' title='bbox 1109 3623 1324 3664; x_wconf 88' lang='lat' dir='ltr'><strong>invenitur</strong></span> <span class='ocrx_word' id='word_1_625' title='bbox 1360 3624 1402 3664; x_wconf 91' lang='lat' dir='ltr'><strong>in</strong></span> <span class='ocrx_word' id='word_1_626' title='bbox 1443 3623 1557 3665; x_wconf 92' lang='lat' dir='ltr'><strong>dicto</strong></span> <span class='ocrx_word' id='word_1_627' title='bbox 1592 3624 1838 3673; x_wconf 90' lang='lat' dir='ltr'><strong>volumine,</strong></span> <span class='ocrx_word' id='word_1_628' title='bbox 1879 3638 1976 3680; x_wconf 91' lang='lat' dir='ltr'><strong>pag.</strong></span> <span class='ocrx_word' id='word_1_629' title='bbox 2014 3626 2070 3665; x_wconf 88' lang='lat'><strong>28</strong></span> <span class='ocrx_word' id='word_1_630' title='bbox 2107 3624 2185 3664; x_wconf 90' lang='lat' dir='ltr'><strong>col.</strong></span> <span class='ocrx_word' id='word_1_631' title='bbox 2218 3637 2249 3664; x_wconf 91' lang='lat'><strong>1.</strong></span> <span class='ocrx_word' id='word_1_632' title='bbox 2286 3625 2370 3664; x_wconf 91' lang='lat' dir='ltr'><strong>Pro</strong></span> 
     </span>
     <span class='ocr_line' id='line_1_55' title="bbox 161 3685 2370 3740; baseline 0.001 -18"><span class='ocrx_word' id='word_1_633' title='bbox 161 3685 477 3725; x_wconf 90' lang='lat' dir='ltr'><strong>commentario</strong></span> <span class='ocrx_word' id='word_1_634' title='bbox 511 3699 618 3726; x_wconf 91' lang='lat' dir='ltr'><strong>vero</strong></span> <span class='ocrx_word' id='word_1_635' title='bbox 655 3686 695 3726; x_wconf 91' lang='lat' dir='ltr'><strong>in</strong></span> <span class='ocrx_word' id='word_1_636' title='bbox 737 3686 1090 3740; x_wconf 70' lang='lat' dir='ltr'><strong>Meleorohgica,</strong></span> <span class='ocrx_word' id='word_1_637' title='bbox 1131 3686 1267 3727; x_wconf 90' lang='lat' dir='ltr'><strong>verba</strong></span> <span class='ocrx_word' id='word_1_638' title='bbox 1307 3686 1483 3726; x_wconf 87' lang='lat' dir='ltr'><strong>initialia</strong></span> <span class='ocrx_word' id='word_1_639' title='bbox 1521 3686 1679 3740; x_wconf 89' lang='lat' dir='ltr'><strong>quibus</strong></span> <span class='ocrx_word' id='word_1_640' title='bbox 1720 3693 1862 3728; x_wconf 92' lang='lat' dir='ltr'><strong>textus</strong></span> <span class='ocrx_word' id='word_1_641' title='bbox 1901 3686 2148 3727; x_wconf 89' lang='lat' dir='ltr'><strong>Aristotelis</strong></span> <span class='ocrx_word' id='word_1_642' title='bbox 2190 3686 2370 3726; x_wconf 89' lang='lat' dir='ltr'><strong>citantur</strong></span> 
     </span>
    </p>
   </div>
  </div>
 </body>
</html>
