2782 4134
141 691 159 708 α

43 793 54 804 ·
61 793 98 816 Cf.
106 794 158 816 lect.
165 797 199 820 m,
206 797 229 814 n.
235 798 257 821 3.

41 1003 55 1016 ⁴
67 1003 134 1026 Lect-
146 1010 170 1025 x.

1142 286 1254 323 CAP.
1285 287 1351 334 III,
1383 287 1534 324 LECT.
1563 287 1614 324 VI

283 366 358 395 actu,
373 359 425 387 sed
443 359 474 387 in
487 358 626 396 potentia.
640 360 700 387 Aut
714 368 784 396 ergo
799 359 853 387 erit
867 359 897 388 in
911 367 977 388 actu
992 362 1111 398 aliquod
1129 362 1253 392 aliorum
1269 373 1350 400 prae-

283 399 516 427 dicamentorum
525 420 532 434 ‚
547 404 597 426 aut
611 398 682 426 nihil
697 398 750 427 erit
771 408 873 427 eorum
890 399 920 427 in
939 407 1014 428 actu.
1030 401 1059 429 Si
1075 403 1158 430 detur
1173 404 1229 431 hoc
1249 413 1352 432 secun·

2398 291 2472 327 285

1405 365 1485 393 nullo
1501 365 1698 402 praexistente.
1721 365 1751 394 Si
1773 365 1899 402 primum
1919 372 2054 402 ponatur,
2069 366 2198 403 sequitur
2219 367 2300 403 quod
2314 367 2474 396 accidentia

1406 411 1575 441 separentur
1595 414 1613 434 a
1634 405 1818 440 substantiis,
1843 406 1925 442 quod
1946 412 1989 433 est
2020 405 2207 442 impossibile.
2223 422 2242 427 -
2256 406 2376 434 Videtur
2404 416 2473 444 ergo

284 439 364 475 dum,
380 438 509 475 sequitur
529 438 610 475 quod
631 439 659 473 a)
681 447 742 466 non
763 447 814 466 ens
836 438 872 466 sit
902 446 1080 475 separatum,
1106 451 1210 478 nempe
1232 443 1352 472 materia
1405 445 1486 480 quod
1500 454 1562 472 non
1582 444 1674 481 possit
1687 454 1748 473 esse
1769 445 1915 482 generatio
1931 445 2097 482 simpliciter
2117 446 2174 474 hoc
2189 446 2288 481 modo,
2305 447 2386 482 quod
2401 448 2470 474 sub-

284 478 412 507 subiecta
432 477 586 515 privationi
599 478 710 514 absque
725 478 806 506 omni
820 478 932 514 forma3
948 480 976 514 b)
998 480 1106 517 aliquid
1121 482 1304 518 generabitur
1318 492 1352 511 ex
1408 483 1513 512 stantia
1532 491 1684 521 generetur
1704 494 1738 513 ex
1759 494 1821 513 non
1841 491 1907 513 ente
1928 491 1994 513 actu
2009 491 2038 513 et
2052 494 2086 513 ex
2107 491 2172 513 ente
2193 485 2223 513 in
2243 485 2381 522 potentia.

508 596 521 615 ,.
551 578 728 620 ostquam
744 570 1000 620 Philosophus
1020 573 1283 610 determinavit
1303 575 1350 611 de

516 623 792 672 generatione
822 631 859 660 et
887 624 1106 662 alteratione
1139 627 1351 663 secundum

494 680 504 712 ’τ
522 715 530 726 Ι
550 677 748 726 opiniones
762 682 780 698 ‘³‘
795 677 969 724 aliorum,
991 677 1052 714 hic
1078 678 1205 727 incipit
1231 679 1351 726 inqui-

350 755 371 759 »-
439 767 442 770 ,
508 726 531 755 (³
551 742 632 767 rere
652 730 699 767 de
716 729 767 766 eis
787 730 1001 767 secundum
1022 731 1245 779 opinionem
1264 744 1352 780 pro-

283 783 406 833 priam
425 783 456 821 *ἢ
486 784 536 820 Et
562 783 687 832 primo
716 782 871 832 inquirit
897 791 1026 820 utrum
1056 784 1101 821 sit
1120 784 1245 833 aliqua
1265 785 1352 821 sim-

282 837 369 887 plex
396 835 608 885 generatio,
643 836 857 873 secundum
890 849 1006 886 quam
1042 837 1185 885 aliquid
1220 837 1354 874 dicitur

284 889 500 939 simpliciter
526 889 718 937 generari;
748 889 918 926 secundo
949 890 997 927 de
1028 890 1237 927 differentia
1265 891 1354 927 alte-

283 942 440 980 rationis
468 942 518 980 ad
546 942 757 991 simplicem
786 943 1083 991 generationem,
1111 943 1180 981 ibi:
1200 945 1261 981 De
1287 956 1353 994 ge—

284 996 480 1033 neratione
505 1001 632 1032 autem
661 1001 697 1032 et
722 995 942 1033 alteratione
960 996 980 1018 '¹‘
1000 1004 1070 1034 etc.

337 1049 447 1086 Circa
473 1048 640 1097 primum
670 1048 747 1085 duo
776 1048 874 1086 facit.
910 1050 1040 1087 Primo
1070 1049 1157 1087 dicit
1194 1049 1241 1087 de
1275 1062 1352 1098 quo

285 1109 341 1139 est
367 1101 544 1139 intentio:
575 1101 703 1139 dicens
733 1103 838 1150 quod
872 1110 960 1151 post
997 1102 1352 1140 determinationem

282 1154 588 1204 praedictorum,
621 1154 659 1191 in
693 1154 992 1193 consideratione
1024 1156 1190 1194 veritatis
1226 1156 1352 1205 primo

284 1207 453 1256 occurrit*
464 1207 679 1250 videndum
697 1216 827 1245 utrum
847 1208 987 1257 aliquid
1006 1217 1207 1257 generetur
1221 1216 1257 1246 et
1272 1221 1354 1246 cor-

244 1280 255 1282 >
283 1258 483 1310 rumpatur
499 1259 517 1289 Ρ
541 1261 773 1310 simpliciter;
802 1262 866 1299 vel
886 1263 1046 1311 proprie
1067 1262 1238 1312 quidem,
1258 1262 1355 1299 idest

284 1313 501 1364 simpliciter
529 1326 596 1351 seu
623 1314 897 1363 principaliter,
932 1315 1023 1352 nihil
1056 1323 1259 1363 generatur
1290 1316 1354 1352 vel

284 1367 550 1416 corrumpitur,
571 1368 638 1404 sed
658 1380 812 1417 semper
834 1368 1197 1418 generatur-aliquid
1217 1380 1263 1405 ex
1292 1368 1355 1405 ali-

284 1433 362 1470 quo
391 1428 429 1457 et
455 1420 495 1457 in
518 1420 676 1470 aliquid3
705 1421 810 1469 quod
839 1421 990 1458 videtur
1007 1421 1196 1470 pertinere
1224 1421 1272 1459 ad
1292 1434 1355 1470 ge-

246 1493 258 1499 ·
283 1473 521 1511 nerationem
551 1474 614 1511 vel
643 1474 927 1523 corruptionem
954 1474 975 1496 '¹‘
1002 1474 1216 1512 secundum
1248 1475 1352 1523 quid.

284 1528 334 1565 Et
363 1526 507 1564 inducit
539 1527 777 1576 exemplum,
811 1534 904 1576 puta
937 1539 1026 1564 cum
1060 1539 1105 1564 ex
1138 1527 1353 1575 laborante,

283 1580 382 1618 idest
399 1580 567 1627 infirmo,
587 1580 631 1617 fit
650 1592 788 1617 sanum
803 1585 838 1616 ⁷:
868 1592 947 1617 non
968 1580 1068 1617 enim
1096 1581 1140 1618 fit
1168 1593 1235 1618 ens
1264 1581 1353 1618 sim-

283 1633 440 1683 pliciter,
460 1632 551 1681 quia
570 1640 608 1669 et
633 1632 738 1682 prius
767 1641 857 1681 erat,
887 1633 956 1670 sed
975 1634 1018 1671 fit
1036 1633 1189 1683 aliquid,
1215 1635 1355 1672 scilicet

283 1698 434 1734 sanum,
463 1697 553 1723 cum
581 1685 684 1735 prius
721 1699 801 1723 non
829 1694 928 1723 esset
956 1699 1119 1735 sanum,
1149 1688 1218 1725 sed
1251 1688 1353 1725 labo-

282 1751 387 1786 rans,
405 1739 502 1776 idest
523 1739 733 1776 infirmum.
754 1740 804 1776 Et
833 1740 971 1777 eadem
1000 1740 1092 1777 ratio
1114 1748 1171 1778 est
1194 1754 1283 1778 cum
1311 1742 1354 1779 fit

283 1792 423 1841 aliquid
455 1793 634 1829 laborans
655 1805 700 1829 ex
727 1805 835 1840 sano,
863 1794 926 1830 vel
944 1805 1108 1842 parvum
1129 1806 1174 1830 ex
1198 1807 1352 1843 magno,

283 1853 350 1883 aut
373 1858 394 1882 e
424 1858 632 1894 converSO,
662 1853 699 1882 et
732 1846 785 1883 sic
818 1846 866 1883 de
895 1846 1074 1884 omnibus
1107 1847 1185 1884 aliis
1213 1845 1227 1869 ὅ
1255 1860 1354 1896 quae

282 1899 359 1936 hoc
392 1899 512 1936 modo
543 1899 737 1936 dicuntur:
766 1899 985 1937 huiusmodi
1023 1900 1124 1938 enim
1162 1901 1353 1949 generatio

283 1952 497 1990 secundum
527 1952 618 2001 quid
645 1952 835 1989 invenitur
861 1953 899 1989 in
928 1953 1036 1990 omni
1063 1965 1203 2002 genere
1231 1955 1354 1991 mobi-

249 2020 256 2069 ξ
283 2005 390 2053 lium,
410 2013 453 2043 ut
478 2012 582 2054 patet
609 2005 648 2042 in
676 2006 764 2042 VIII
788 2006 938 2054 Physic.
958 2005 979 2027 ’¹‘

340 2070 374 2096 2.
396 2059 577 2096 Se'cundo
597 2058 669 2095 ibi:
690 2058 733 2096 Si
745 2059 844 2096 enim
863 2059 1080 2108 simpliciter
1099 2067 1183 2108 etc.,
1201 2061 1353 2109 exequi-

283 2119 346 2149 tur
362 2111 616 2162 propositum.
642 2113 692 2149 Et
710 2112 836 2161 primo
855 2112 1037 2161 proponit
1056 2112 1351 2160 dubitationem;

284 2166 455 2203 secundo
471 2165 584 2203 solvit
599 2177 698 2213 eam,
714 2165 780 2202 ibi:
801 2166 862 2202 De
875 2166 932 2202 his
946 2166 1095 2214 quidem
1110 2166 1130 2188 '¹‘
1146 2174 1229 2213 etc.;
1245 2167 1352 2204 tertio

284 2218 410 2256 obiicit
437 2226 570 2256 contra
597 2218 838 2266 solutionem,
858 2218 930 2255 ibi:
969 2219 1080 2261 Quod
1100 2225 1226 2257 autem
1246 2226 1282 2257 et
1297 2221 1355 2258 his

283 2271 539 2309 determinatis
557 2272 578 2294 ’¹‘
597 2279 666 2309 etc.
689 2271 799 2308 Circa
817 2271 985 2321 primum
1006 2272 1083 2309 duo
1104 2273 1208 2310 facit:
1227 2273 1353 2322 primo

282 2325 393 2374 ponit
419 2324 716 2371 dubitationem;
754 2325 923 2362 secundo
961 2325 1124 2363 excludit
1160 2327 1355 2375 quandam

284 2378 590 2427 responsionem,
619 2378 689 2415 ibi:
719 2378 945 2427 Simpliciter
972 2385 1098 2416 autem
1117 2378 1137 2401 ’¹‘
1157 2387 1227 2417 etc.

339 2431 450 2468 Circa
477 2431 647 2480 primum
671 2431 741 2468 tria
764 2431 864 2469 facit.
886 2431 1016 2468 Primo
1036 2433 1216 2481 proponit
1235 2445 1355 2481 quan-

284 2485 375 2523 dam
405 2484 738 2534 consequentiam:
775 2484 904 2521 dicens
937 2486 1059 2534 quod,
1090 2485 1120 2522 si
1158 2486 1204 2523 sit
1230 2486 1356 2535 aliqua

283 2538 475 2587 generatio
504 2537 731 2587 simpliciter,
762 2538 930 2587 sequitur
957 2538 1064 2588 quod
1083 2538 1222 2587 aliquid
1242 2551 1355 2588 gene-

283 2590 428 2628 rabitur
455 2603 502 2628 ex
529 2590 752 2640 simpliciter
771 2603 858 2628 -non
889 2598 985 2628 ente.

339 2645 374 2682 3.
414 2645 594 2682 Secundo
611 2673 620 2691 ,
661 2657 749 2682 cum
793 2644 903 2681 dicit:
943 2644 1182 2693 Quapropter
1220 2657 1354 2683 verum

283 2698 355 2735 erit
368 2704 452 2745 etc.,
469 2697 632 2735 ostendit
647 2709 887 2746 consequens
903 2709 986 2734 esse
1000 2697 1244 2746 impossibile.
1261 2699 1356 2736 Illud

284 2750 388 2788 enim
417 2762 463 2787 ex
491 2763 569 2799 quo
603 2750 742 2800 aliquid
770 2758 991 2799 generatur,
1016 2758 1142 2799 potest
1173 2751 1243 2789 dici
1272 2765 1355 2789 esse

283 2803 374 2841 illud
402 2809 430 2850 ¹3
461 2803 556 2840 sicut
583 2803 614 2840 si
643 2816 688 2840 ex
721 2803 822 2851 ligno
860 2812 1061 2852 generatur
1089 2816 1201 2852 arca,
1231 2812 1357 2854 potest

284 2856 357 2894 dici
381 2856 488 2904 quod
511 2857 656 2904 lignum
685 2864 740 2893 est
768 2869 867 2894 arca.
898 2857 940 2894 Si
968 2869 1058 2905 ergo
1089 2869 1134 2894 ex
1162 2870 1241 2895 non
1271 2866 1356 2895 ente

284 2909 501 2959 simpliciter
519 2917 720 2958 generatur
739 2922 818 2956 ens,
846 2922 986 2947 verum
1015 2910 1085 2947 erit
1109 2910 1231 2948 dicere
1251 2912 1356 2960 quod

284 3105 304 3131 d
338 3069 366 3103 α)
385 3069 531 3102 opiniones.
548 3084 568 3089 -
585 3070 735 3103 opinionem
754 3071 787 3095 A.
800 3084 820 3089 -
832 3071 882 3096 Pro
901 3071 1004 3103 aliquid
1018 3071 1126 3101 dicitur,
1140 3071 1240 3097 scilieet
1253 3072 1356 3105 aliquid

304 3105 392 3132 icatur
410 3106 443 3131 A.

339 3139 364 3174 β)
384 3143 410 3166 et
427 3144 630 3172 corrumpatur.
640 3154 660 3160 -
671 3141 712 3166 vel
729 3144 920 3173 corrumpatur
938 3142 1006 3167 PCb.
1017 3156 1036 3161 -
1049 3142 1101 3166 Pro
1115 3142 1157 3167 vel
1171 3142 1284 3176 proprie
1298 3143 1355 3175 qui-

284 3176 345 3202 dem
365 3176 433 3202 idest
450 3176 614 3209 simpliciter,
630 3177 702 3209 quod
721 3177 864 3201 secundum
883 3182 981 3202 textum
995 3178 1107 3210 legimus
1121 3185 1182 3202 cum
1194 3179 1225 3208 A,
1241 3179 1282 3203 vel
1291 3186 1357 3210 pro-

279 3211 343 3244 prie
361 3211 468 3245 quidem
487 3215 514 3236 et
531 3211 689 3244 simpliciter
703 3212 761 3236 edd.
774 3219 791 3236 a
802 3212 825 3241 b,
839 3213 880 3237 vel
889 3213 1004 3245 proprie
1021 3213 1127 3246 quidem
1142 3213 1171 3242 C,
1187 3214 1227 3238 vel
1235 3214 1355 3245 proprie.

285 3247 399 3280 Pr0prie
418 3247 523 3279 quidem
547 3250 573 3272 et
590 3247 747 3280 simpliciter
765 3247 794 3273 P.
812 3262 832 3267 —
850 3248 901 3272 Pro
926 3248 993 3273 nihil
1013 3246 1174 3282 generatur,
1195 3249 1261 3273 nihil
1284 3249 1354 3274 enim

283 3285 432 3316 generatur
450 3282 498 3307 Ca.

338 3317 364 3351 γ)
384 3325 444 3343 cum
462 3325 501 3342 ex
518 3318 671 3348 laborante,
692 3318 761 3343 idest
780 3318 901 3351 infirmo,
913 3319 952 3350 fit
969 3326 1073 3343 sanum.
1086 3332 1105 3337 —
1123 3326 1182 3343 cum
1202 3319 1299 3350 aliquis
1318 3326 1356 3343 ex

284 3353 424 3378 laborante
441 3353 479 3386 fit
496 3360 579 3378 sanus
591 3354 623 3378 A.
636 3367 654 3373 -
667 3354 718 3378 Pro
732 3360 779 3379 ens
797 3354 961 3386 simpliciter,
984 3361 1079 3378 sanum
1099 3353 1255 3385 simpliciter
1270 3354 1355 3378 PCab.

339 3387 364 3421 δ)
384 3391 410 3413 et
427 3389 466 3414 sic
478 3389 511 3413 de
525 3389 646 3414 omnibus
664 3389 734 3414 aliis.
747 3403 766 3408 -
780 3393 806 3414 et
825 3390 858 3414 de
877 3389 1030 3414 huiusmodi
1048 3388 1108 3413 aliis
1123 3389 1155 3413 A.
1173 3402 1192 3407 —
1210 3389 1354 3413 secundum

284 3423 351 3456 quid
374 3431 428 3448 om.
442 3424 532 3455 PCab;
552 3432 599 3456 pro
626 3431 725 3457 genere
753 3424 908 3454 mobilium,
923 3424 1097 3457 generatione
1124 3426 1244 3448 motuum
1268 3424 1305 3454 A;
1326 3427 1356 3448 ut

280 3462 360 3491 patet
379 3459 405 3483 in
430 3459 498 3484 VIII
511 3459 619 3492 Plrysic.
637 3467 691 3484 om.
705 3461 750 3486 Pb.

339 3494 361 3526 ε)
382 3493 436 3519 dici
453 3501 509 3519 esse
528 3495 603 3519 illud.
616 3509 635 3514 -
649 3495 703 3520 dici
722 3495 788 3521 illud
805 3494 889 3519 PCab.
902 3508 922 3513 —
935 3494 985 3518 Pro
1004 3493 1072 3518 sicut
1090 3492 1121 3521 si,
1136 3494 1206 3518 sicut
1226 3493 1285 3518 edd.
1298 3501 1315 3518 a
1326 3493 1354 3522 b,

284 3529 355 3554 sicut
373 3529 436 3563 quia
453 3529 482 3559 P,
501 3530 571 3555 sicut
587 3538 647 3555 cum
667 3531 700 3561 C;
720 3539 768 3564 pro
788 3537 825 3555 ex
843 3530 926 3562 ligno,
946 3536 984 3554 ex
1002 3529 1091 3560 aliquo
1110 3530 1141 3553 A.

339 3564 364 3596 ζ)
384 3565 464 3589 simul
483 3572 556 3590 vera.
573 3579 593 3584 -
611 3573 675 3590 vera
694 3574 746 3591 om.
770 3566 801 3590 A.
814 3578 833 3583 —
847 3565 938 3589 Statim
958 3571 1013 3588 esse
1036 3571 1090 3590 om.
1109 3564 1193 3588 PCab.
1205 3577 1224 3582 —
1243 3570 1281 3588 ex
1301 3570 1353 3587 non

284 3603 346 3624 ente
363 3607 418 3625 om.
430 3600 463 3625 A.
481 3600 581 3625 Revera
601 3601 756 3626 antecedens
778 3608 830 3624 non
849 3599 927 3624 habet
945 3599 992 3623 nisi
1011 3599 1036 3623 si
1053 3600 1089 3625 sit
1106 3599 1198 3631 aliqua
1215 3598 1354 3631 generatio

284 3635 454 3667 simpliciter;
473 3635 505 3660 cf.
520 3643 592 3660 num.
606 3643 692 3668 praec.

1405 588 1484 613 non
1505 589 1571 613 ens
1590 578 1728 624 existit,
1748 577 1844 615 idest
1868 585 1923 615 est
1951 590 2038 624 ens;
2069 579 2174 627 quod
2203 586 2259 615 est
2287 579 2473 616 contradi-

1407 629 1524 665 ctoria
1544 642 1626 666 esse
1655 631 1766 667 simul
1784 643 1877 668 vera
1905 631 1930 667 ζ.
1953 631 2015 668 Sic
2035 643 2125 679 ergo
2144 630 2296 668 videtur
2315 639 2351 668 et
2370 639 2472 668 ante-

1407 681 1546 718 cedens
1576 695 1658 719 esse
1686 683 1928 732 impossibile,
1950 684 2087 721 scilicet
2115 684 2219 732 quod
2245 684 2382 733 aliquid
2410 697 2472 732 ge-

1407 741 1560 770 neretur
1587 735 1800 783 simpliciter
1820 749 1866 774 ex
1885 749 1964 774 non
1984 745 2117 774 ente.-
2139 737 2317 785 Sequitur
2344 745 2473 774 autern

1406 786 1481 822 hoc
1507 786 1796 836 inconveniens,
1821 790 1851 826 si
1879 790 2023 827 dicatur
2051 796 2068 816 η
2097 803 2143 827 ex
2170 803 2249 827 non
2270 798 2355 827 ente
2384 790 2472 827 sim-

1405 838 1549 887 pliciter
1567 840 1650 876 fieri
1673 841 1811 889 aliquid
1834 843 1927 879 sicut
1951 856 1996 880 ex
2016 844 2185 880 subiecto
2204 851 2472 892 permanente:

1407 904 1486 928 non
1514 900 1642 929 autem
1663 894 1841 942 sequitur,
1867 895 1896 931 si
1914 904 2079 944 ponatur
2099 909 2143 933 ex
2167 909 2247 933 non
2276 904 2362 934 ente
2390 896 2473 934 fieri

1407 944 1545 993 aliquid
1580 945 1793 994 simpliciter
1821 948 1950 984 ordine
1978 957 2136 997 tantum,
2156 949 2263 997 idest,
2282 957 2370 998 post
2394 962 2473 987 non

1407 1009 1475 1034 ens
1516 997 1559 1035 fit
1601 1011 1668 1035 ens
1700 996 1723 1035 ⁰.
1760 1000 1836 1036 Sed
1872 1002 2090 1039 Aristoteles
2131 1003 2206 1039 hoc
2247 1002 2472 1052 disputative

1407 1050 1542 1087 obiicit.

1460 1115 1496 1150 4.
1528 1103 1658 1141 Tertio
1688 1104 1754 1141 ibi:
1789 1105 1982 1146 Quaedam
2020 1108 2119 1144 enim
2151 1109 2346 1158 generatio
2380 1116 2472 1155 etc.,

1408 1156 1573 1193 ostendit
1591 1157 1854 1194 necessitatem
1874 1159 2017 1207 primae
2038 1162 2342 1209 consequentiae.
2369 1161 2474 1199 Sicut

1409 1209 1511 1246 enim
1532 1222 1573 1246 se
1596 1211 1712 1247 habet
1731 1212 1921 1258 generatio
1942 1214 2132 1261 quaedam
2152 1214 2201 1251 ad
2219 1227 2298 1251 non
2324 1227 2391 1252 ens
2410 1214 2473 1251 ali-

1409 1264 1526 1311 quod,
1556 1263 1609 1300 sic
1637 1276 1677 1300 se
1705 1264 1821 1300 habet
1855 1266 2044 1312 generatio
2076 1266 2292 1316 simpliciter
2317 1269 2366 1305 ad
2393 1279 2472 1304 non

1409 1328 1476 1352 ens
1503 1316 1524 1338 ’¹‘
1551 1316 1786 1365 simpliciter.
1817 1318 1894 1354 Sed
1927 1319 2116 1366 generatio
2145 1321 2348 1368 quaedam,
2377 1320 2475 1357 idest

1408 1369 1622 1406 secundum
1651 1382 1767 1418 quam
1797 1370 1935 1418 aliquid
1958 1371 1978 1392 '¹‘
1998 1371 2129 1409 dicitur
2148 1373 2318 1420 generari
2336 1386 2470 1410 secun-

1409 1422 1502 1459 dum
1523 1422 1625 1471 quid,
1648 1430 1703 1459 est
1731 1435 1776 1459 ex
1795 1435 1874 1460 non
1903 1431 1987 1460 ente
2008 1425 2188 1473 quodam,
2209 1434 2301 1474 puta
2330 1438 2375 1463 ex
2394 1439 2473 1464 non

1408 1476 1513 1523 albo,
1549 1488 1637 1512 cum
1665 1476 1709 1512 fit
1741 1476 1880 1524 aliquid
1908 1477 2050 1524 album,
2075 1485 2139 1515 aut
2168 1491 2212 1515 ex
2240 1491 2319 1515 non
2346 1480 2472 1528 bono,

1408 1541 1497 1565 curn
1526 1529 1570 1566 fit
1600 1528 1743 1578 aliquid
1770 1529 1929 1566 bonurn.
1968 1531 2071 1578 Ergo
2109 1531 2323 1579 simpliciter
2362 1544 2474 1579 gene-

1408 1582 1515 1629 ratio,
1545 1583 1758 1619 secundum
1796 1594 1912 1631 quarn
1931 1589 1939 1602 ¹
1972 1583 2110 1631 aliquid
2144 1584 2275 1621 dicitur
2306 1585 2474 1632 generari

1407 1635 1632 1684 simpliciter,
1654 1643 1710 1672 est
1737 1647 1783 1671 ex
1811 1635 2024 1684 simpliciter
2051 1649 2129 1673 non
2158 1645 2255 1674 ente.

1465 1689 1499 1725 5.
1515 1688 1665 1725 Deinde
1686 1700 1775 1725 cum
1796 1688 1902 1726 dicit:
1923 1689 2146 1738 Simpliciter
2164 1696 2288 1727 autem
2309 1698 2392 1739 etc.,
2414 1703 2473 1727 ex-

1408 1741 1524 1778 cludit
1542 1741 1736 1790 quandam
1757 1742 2000 1788 solutionem,
2021 1755 2120 1790 quae
2148 1743 2266 1791 possit
2290 1743 2369 1780 dari
2387 1749 2401 1764 ¹
2422 1743 2473 1780 di-

1408 1794 1632 1842 stinguendo
1646 1807 1712 1832 ens
1727 1795 1953 1844 simpliciter.
1966 1795 2077 1832 Unde
2092 1796 2216 1844 primo
2231 1796 2337 1845 ponit
2351 1796 2473 1845 ipsam

1409 1847 1708 1895 distinctionem,
1738 1848 1867 1885 dicens
1895 1848 2000 1897 quod
2027 1849 2242 1897 simpliciter
2264 1862 2328 1886 ens
2350 1857 2475 1898 potest

1407 1901 1557 1949 intelligi
1576 1901 1792 1950 dupliciter:
1812 1914 1891 1938 uno
1912 1901 2032 1938 modo
2051 1909 2093 1938 ut
2111 1902 2295 1950 significat
2312 1903 2349 1940 id
2370 1904 2474 1951 quod

1409 1962 1465 1991 est
1478 1954 1647 2003 primum
1662 1954 1758 1991 inter
1773 1954 1903 1991 omnia
1917 1955 2224 2003 praedicamenta
2239 1955 2345 2003 entis,
2361 1963 2475 2004 prout

1408 2007 1546 2044 scilicet
1565 2007 1781 2056 simpliciter
1801 2020 1868 2045 ens
1888 2008 2023 2045 dicitur
2042 2008 2089 2045 de
2118 2008 2325 2045 substantia
2352 2007 2381 2054 λ;
2403 2009 2473 2045 alio

1408 2061 1527 2098 modo
1543 2061 1756 2098 secundum
1772 2061 1877 2110 quod
1892 2061 2108 2109 simpliciter
2119 2074 2185 2098 ens
2201 2061 2335 2099 dicitur
2348 2062 2475 2110 ipsum

1408 2127 1476 2151 ens
1494 2114 1721 2161 universale,
1738 2115 1844 2162 quod
1873 2114 2004 2151 omnia
2031 2115 2340 2163 praedicamenta
2369 2127 2472 2151 com-

1407 2167 1617 2216 prehendit.
1634 2168 1684 2204 Et
1701 2168 1777 2204 hoc
1793 2167 1913 2204 modo
1931 2168 2147 2216 simpliciter
2166 2180 2240 2205 non
2261 2180 2325 2204 ens
2352 2175 2476 2217 potest

1409 2221 1483 2258 dici
1502 2221 1564 2258 vel
1584 2220 1690 2269 quod
1718 2233 1797 2257 non
1826 2228 1882 2257 est
1900 2221 2130 2269 substantia,
2158 2222 2220 2258 vel
2240 2221 2343 2270 quod
2371 2222 2474 2258 nullo

1408 2274 1528 2311 modo
1559 2281 1614 2311 est
1643 2286 1721 2311 ens.

1463 2328 1498 2364 6.
1517 2327 1696 2364 Secundo
1716 2327 1785 2364 ibi:
1806 2327 1850 2364 Si
1861 2327 2010 2376 quidem
2024 2328 2193 2376 primum
2214 2335 2297 2374 etc.,
2314 2326 2477 2364 ostendit

1408 2380 1515 2430 quod
1548 2381 1760 2417 secundum
1793 2388 2001 2429 utrumque
2034 2393 2189 2418 sensum
2223 2380 2390 2429 sequitur
2421 2380 2474 2416 in-

1409 2433 1653 2471 conveniens.
1686 2433 1725 2470 Si
1753 2433 1855 2470 enim
1888 2433 2103 2482 simpliciter
2136 2433 2278 2471 dicatur
2308 2433 2475 2482 primum

1410 2500 1478 2524 ens
1506 2486 1611 2535 quod
1642 2494 1697 2523 est
1725 2487 1943 2534 substantia,
1974 2499 2064 2535 ergo
2095 2495 2130 2524 et
2158 2486 2372 2535 simpliciter
2396 2498 2475 2522 non

1410 2553 1477 2577 ens
1498 2540 1643 2577 dicetur
1660 2552 1740 2576 non
1768 2541 1986 2577 substantia.
2009 2541 2048 2577 Si
2068 2552 2157 2588 ergo
2178 2540 2367 2587 generatio
2388 2539 2474 2575 sim-

1407 2594 1495 2642 plex
1529 2594 1604 2630 hoc
1636 2599 1656 2620 μ
1689 2592 1867 2641 requirit,
1907 2593 2011 2642 quod
2054 2593 2098 2630 sit
2130 2593 2347 2642 simpliciter
2381 2592 2475 2628 entis

1410 2659 1456 2683 ex
1470 2645 1688 2695 simpliciter
1702 2659 1782 2683 non
1798 2654 1895 2694 ente,
1907 2654 2084 2695 sequetur
2098 2646 2203 2694 quod
2219 2646 2286 2682 erit
2304 2646 2475 2682 substan-

1409 2700 1460 2737 tia
1487 2712 1534 2736 ex
1562 2712 1641 2736 non
1670 2700 1889 2736 substantia.
1925 2701 2001 2737 Sed
2030 2699 2185 2748 quando
2218 2699 2370 2748 ponitur
2398 2710 2475 2734 non

1411 2765 1494 2790 esse
1510 2752 1758 2790 substantiam
1769 2752 1790 2774 '¹‘
1809 2765 1934 2802 neque
1949 2754 2020 2789 hoc
2035 2752 2155 2802 (quod
2171 2759 2230 2790 est,
2241 2752 2475 2788 demonstra-

1410 2806 1532 2843 tivum
1561 2805 1800 2843 individualis
1829 2805 2058 2842 substantiae
2077 2808 2120 2851 ¹'),
2151 2805 2392 2842 manifestum
2422 2811 2476 2840 est

1411 2859 1518 2908 quod
1537 2860 1683 2896 nullum
1704 2859 1865 2895 aliorum
1884 2858 2282 2907 praedicamentorum
2303 2868 2475 2893 remane-

1412 2912 1477 2958 bit,
1506 2911 1604 2949 idest
1622 2924 1748 2961 neque
1769 2912 1880 2960 quale
1899 2923 2023 2960 neque
2044 2918 2228 2958 quantum
2248 2921 2374 2957 neque
2393 2908 2473 2945 ubi:

1463 3072 1491 3104 η)
1511 3073 1626 3097 dicatur.
1644 3086 1663 3090 -
1677 3075 1798 3103 ponatur
1816 3071 1847 3094 A.
1861 3084 1879 3088 -
1893 3070 1944 3093 Pro
1962 3069 2077 3094 subiecto
2090 3071 2274 3100 permanente,
2291 3067 2406 3092 subiecto
2422 3075 2474 3093 non

1405 3107 1579 3140 permanenti
1600 3107 1694 3136 PCab,·
1706 3107 1753 3130 sed
1773 3105 1793 3130 si
1813 3105 1911 3130 dicatur
1925 3112 1976 3129 non
1995 3111 2041 3128 ens
2055 3102 2326 3136 post'generationem
2350 3110 2401 3127 non
2413 3110 2474 3135 per·

1411 3150 1525 3171 manere,
1540 3142 1675 3175 quomodo
1690 3141 1808 3166 concludi
1822 3145 1907 3172 potest
1920 3139 2078 3171 praedictum
2089 3138 2279 3169 inconveniens,
2294 3138 2390 3162 scilicet
2404 3139 2475 3170 quod

1410 3186 1464 3203 non
1483 3186 1530 3202 ens
1549 3178 1582 3202 sit
1600 3185 1655 3206 ens,
1675 3182 1699 3201 et
1718 3176 1789 3208 quod
1808 3174 2003 3199 contradictoria
2021 3174 2071 3198 sint
2090 3173 2166 3197 simul
2184 3171 2261 3197 vera?

1465 3211 1489 3245 0)
1505 3216 1568 3244 post
1581 3219 1633 3236 non
1653 3219 1698 3236 ens
1709 3212 1747 3244 fit
1765 3218 1819 3235 ens.
1832 3223 1852 3228 —
1865 3213 1895 3234 ut
1907 3212 1973 3241 post
1991 3216 2043 3233 non
2063 3215 2110 3233 ens
2128 3209 2159 3238 Α,
2174 3211 2238 3239 post
2252 3215 2304 3232 non
2319 3215 2365 3233 ens
2379 3208 2414 3233 sit
2427 3208 2476 3233 Ca.

1410 3249 1448 3273 Ex
1466 3248 1506 3272 his
1526 3247 1647 3272 omnibus
1667 3246 1787 3277 componi
1806 3250 1896 3277 posset
1914 3244 1989 3268 lectio
2009 3247 2039 3268 ut
2052 3246 2117 3275 post
2136 3251 2187 3268 non
2207 3250 2253 3268 ens
2271 3243 2307 3268 sit
2325 3250 2379 3268 ens.

1464 3283 1482 3315 ι)
1501 3282 1644 3307 secundum
1664 3288 1751 3313 quam.
1765 3294 1784 3299 —
1797 3280 1896 3305 scilicet
1914 3279 2053 3312 praemittit
2068 3279 2099 3303 A.
2113 3292 2132 3297 —
2145 3279 2194 3303 Pro
2213 3281 2252 3303 est
2270 3285 2307 3302 ex
2318 3278 2475 3310 simpliciter

1411 3325 1462 3343 non
1482 3321 1549 3347 ente,
1569 3317 1620 3341 erit
1638 3316 1794 3347 simpliciter
1812 3322 1848 3339 ex
1867 3322 1918 3339 non
1939 3317 1999 3338 ente
2018 3314 2102 3338 PCab.

1463 3353 1488 3384 κ)
1509 3352 1579 3376 dari.
1597 3365 1616 3370 —
1633 3351 1686 3375 dici
1705 3350 1788 3375 PCab.
1802 3364 1820 3368 -
1832 3350 1882 3374 Pro
1902 3356 1953 3373 uno
1974 3349 2060 3377 modo,
2074 3349 2165 3380 primo
2185 3348 2263 3373 modo
2281 3348 2367 3373 PCab.

1462 3386 1490 3419 λ)
1506 3389 1591 3418 prout
1608 3386 1740 3411 scilicet...
1755 3386 1787 3409 de
1805 3385 1962 3409 substantia.
1980 3398 1999 3403 —
2016 3384 2115 3409 scilicet
2134 3389 2159 3408 et
2178 3383 2210 3408 de
2228 3391 2281 3408 om.
2295 3383 2380 3408 PCab.
2393 3398 2412 3402 -
2423 3385 2474 3408 Pro

1408 3422 1564 3454 simpliciter
1582 3428 1628 3446 ens
1646 3421 1746 3445 dicitur
1761 3420 1845 3451 ipsum
1860 3427 1905 3444 ens
1919 3419 2074 3447 universale,
2089 3419 2174 3450 ipsum
2187 3419 2342 3451 simpliciter
2355 3426 2402 3444 ens
2416 3420 2474 3444 uni—

1409 3458 1510 3482 versale
1524 3463 1569 3481 ens
1589 3456 1688 3481 dicitur
1702 3456 1748 3484 Ca,
1764 3455 1849 3486 ipsum
1868 3455 2023 3486 simpliciter
2038 3454 2137 3479 dicitur
2154 3461 2200 3479 ens
2215 3454 2363 3479 universale
2384 3455 2424 3479 ed.
2444 3455 2472 3483 b,

1409 3493 1494 3524 ipsum
1509 3491 1664 3523 simpliciter
1683 3497 1728 3515 ens
1748 3490 1847 3515 dicitur
1866 3490 2014 3514 universale
2028 3490 2056 3514 P.

1463 3527 1490 3560 μ)
1509 3526 1648 3559 generatio
1666 3526 1782 3557 simplex
1800 3526 1856 3550 hoc.
1870 3539 1889 3543 -
1903 3525 2058 3556 simpliciter
2071 3525 2120 3549 hoc
2137 3525 2275 3558 generatio
2293 3525 2378 3550 PCab.
2391 3539 2409 3543 —
2423 3525 2473 3549 Pro

1409 3563 1485 3591 entis,
1505 3569 1551 3586 ens
1569 3562 1605 3592 Α;
1626 3569 1674 3593 pro
1692 3564 1816 3593 sequetur
1834 3561 1905 3592 quod
1923 3560 1982 3589 erit,
1996 3563 2150 3592 sequeretur
2168 3560 2240 3592 quod
2257 3560 2293 3585 sit
2311 3560 2396 3585 PCab.

1463 3597 1486 3629 v)
1507 3597 1577 3629 quod
1589 3599 1629 3621 est
1646 3596 1883 3621 demonstrativum
1897 3595 2069 3620 individualis
2083 3595 2255 3620 substantiae.
2269 3609 2288 3614 -
2300 3595 2350 3619 Pro
2365 3596 2472 3620 demon-

1409 3632 1559 3661 strativum,
1575 3632 1787 3659 demonstratum
1801 3631 1876 3659 ACa,·
1895 3639 1942 3663 pro
1958 3631 2137 3660 individualis,
2154 3631 2320 3655 indivisibilis
2335 3631 2418 3655 PCab.

2500 1330 2510 1339 ·
2525 1335 2578 1351 esse
2590 1336 2613 1351 Α.

2501 1385 2509 1393 ·
2525 1381 2617 1410 aliquid
2630 1387 2678 1404 om.
2691 1388 2715 1404 Δ.

2505 2762 2513 2771 ·
2526 2759 2656 2782 substantia
2672 2766 2697 2781 Α.

2602 2818 2614 2834 V
