2782 4134
1066 276 1177 312 CAP.
1207 276 1312 323 XIII,
1343 274 1495 312 LECT.
1525 274 1653 311 XXIV

2379 290 2450 314 211

821 533 1124 631 LECTIo
1162 577 1909 654 VIGESIMAQUARTA

419 762 423 763 ⁷
444 779 571 817 QU1ES
594 778 770 809 TERRAE
793 777 886 809 N0N
910 777 1145 808 cAusATUR
1167 778 1225 808 Ex
1249 777 1376 808 CAELI
1401 778 1655 811 GYRATIONE
1680 798 1698 803 -
1722 781 1873 812 MOTUS
1902 782 2000 813 Eius
2022 782 2082 812 AD
2106 783 2279 814 MEDmM
2308 771 2310 773 ’

1069 848 1163 879 NON
1186 848 1267 879 EST
1291 849 1348 879 Ex
1372 849 1500 880 Mo‘ru
1525 840 1652 880 CAELI

264 1030 319 1066 ὅτι
343 1027 382 1063 δὲ
405 1030 512 1075 μένει,
537 1032 682 1075 ζητοῦσι
706 1032 772 1069 τήν
798 1032 930 1074 αἰτίαν,
955 1034 1013 1064 καὶ
1037 1031 1192 1076 λέγουσιν
1218 1035 1247 1065 οἱ
1273 1032 1333 1076 μὲν

330 1076 457 1108 τοῦτον
483 1076 543 1108 τὸν
569 1075 711 1121 τρόπον,
739 1075 793 1109 ὅτι
819 1076 860 1109 τὸ
886 1076 1019 1114 πλοίτος
1043 1079 1102 1109 καὶ
1127 1077 1168 1110 τό
1194 1077 1334 1124 μέγεθος

333 1117 443 1158 αὐτῆς
474 1122 608 1162 αἴτιον,
636 1123 665 1154 οἱ
690 1117 718 1153 δ’
749 1120 859 1164 ὥσπερ
883 1117 1139 1166 Ἐμπεδοκλῆς,
1174 1122 1238 1159 τήν
1272 1123 1335 1155 τοῦ

333 1165 477 1210 οὐρανοῦ
502 1165 606 1211 φοράν
630 1165 742 1207 κύκλῳ
768 1165 986 1211 περιθέουσαν
1010 1168 1069 1199 καὶ
1095 1166 1224 1200 θᾶττον
1243 1178 1334 1211 φερο·

283 1209 522 1254 μέκην-ττίν
548 1211 610 1248 τῆς
635 1212 699 1257 γῆς
731 1211 834 1255 φορεὶν
865 1211 1027 1252 κωλύειν,
1053 1210 1208 1254 καθάπερ
1234 1212 1276 1244 τὰ
1301 1212 1335 1244 ὲν

247 1258 250 1259 ’
271 1252 281 1255 s
331 1257 404 1292 τοῖς
427 1253 563 1292 κυάθοις
589 1254 695 1299 ὕδωρ·
720 1257 780 1288 καὶ
804 1256 869 1302 γοὶρ
894 1257 1002 1288 τοῦτο
1027 1255 1137 1297 κύκλῳ
1162 1257 1225 1288 τοῦ
1254 1256 1338 1290 κυά-

331 1297 389 1331 θου
414 1298 594 1343 φερομένου
621 1299 786 1338 πολλάκις
803 1300 900 1333 κατω
919 1301 982 1332 τοῦ
1006 1301 1139 1346 χαλκοῦ
1160 1300 1334 1347 γινόμενον

333 1342 420 1388 ὅμως
445 1341 484 1376 οὐ
516 1343 656 1388 φέρεται
686 1343 784 1377 κοίτω
818 1345 961 1390 πεφυκός
994 1343 1149 1390 φέρεσθαι
1181 1340 1241 1378 διαὶ
1271 1345 1335 1383 τήν

332 1387 445 1425 αὐτήν
472 1388 602 1421 αἰτίαν.

261 1433 387 1465 Καίτοι
411 1431 501 1476 μήτε
527 1434 589 1471 τῆς
615 1428 706 1471 δίνης
737 1432 930 1471 κωλυούσης
955 1432 1045 1478 μήτε
1071 1435 1134 1466 τοῦ
1165 1433 1333 1476 πλάτους,

332 1475 406 1510 ἀλλ’
435 1476 644 1515 ύπελθόντος
677 1478 740 1510 τοῦ
775 1477 891 1522 ἀέρος,
919 1482 979 1510 ποῖ’
1010 1479 1088 1512 ποτ’
1117 1477 1334 1520 οἱσθήσεται;

330 1522 412 1565 πρὸς
435 1522 495 1567 μὲν
525 1522 592 1568 γοὶρ
618 1522 659 1555 vd
692 1521 795 1567 μέσον
822 1523 900 1564 βία,
926 1524 985 1555 καὶ
1013 1522 1106 1567 μένει
1138 1523 1214 1564 βία·
1240 1525 1338 1557 κατα

330 1565 427 1612 φύσιν
445 1562 484 1599 δέ
500 1579 539 1613 γε
561 1568 748 1612 ἀναγκαῖον
765 1564 852 1600 εἶναί
871 1579 950 1600 τινα
971 1567 1080 1606 αὐτῆς
1098 1568 1215 1612 φοράν.
1244 1569 1334 1607 Αὕτη

331 1609 388 1642 οὖν
414 1610 560 1656 πότερον
595 1611 662 1643 οἷνω
687 1610 709 1649 ἦ
732 1611 851 1652 κσίτω,
878 1611 899 1649 ἦ
925 1613 991 1644 ποῦ
1018 1613 1131 1652 ἑστίν;
1159 1609 1244 1645 εἶναι
1275 1611 1335 1659 μὲν

355 1653 394 1700 οίρ
425 1666 504 1688 τινα
537 1656 744 1702 ἀναγκαῖον·
770 1657 798 1688 εἰ
823 1652 861 1688 δὲ
893 1652 997 1701 μηδὲν
1030 1658 1160 1702 μᾶλλον
1190 1658 1288 1691 κοίτω
1315 1657 1336 1696 ἦ

356 1711 419 1741 νω,
447 1701 464 1732 ὁ
489 1697 519 1732 δ’
541 1700 608 1733 ἅνω
636 1699 703 1745 ἀήρ
727 1701 774 1745 μή
799 1701 922 1733 κωλύει
947 1701 1011 1738 τήν
1039 1702 1104 1736 ἄνω
1124 1703 1243 1747 φοράν,
1262 1699 1333 1735 οὐδ’

331 1743 371 1778 ἂν
397 1745 414 1776 ὁ
441 1744 507 1777 aad
532 1746 579 1788 τῇ
603 1746 649 1792 γῇ
681 1746 806 1778 κωλύοι
836 1745 901 1782 τήν
933 1745 1049 1780 κοίτω·
1071 1747 1120 1781 τοὶ
1142 1749 1208 1792 γοίρ
1241 1749 1336 1781 αὐτοὶ

330 1789 398 1822 τῶν
423 1789 537 1823 αὐτῶν
565 1790 752 1837 ἀναγκαῖον
778 1787 865 1823 εἶναι
891 1793 990 1824 αἴτια
1014 1796 1086 1830 τοῖς
1112 1794 1244 1831 αὐτοῖς.

255 1917 269 1930 r
388 1918 396 1929 x
479 1918 485 1929 ι
522 1919 530 1930 ι
730 1917 738 1929 t
817 1918 831 1929 ui
881 1917 889 1928 ν
979 1918 985 1927 ι
1253 1920 1266 1932 0

270 1918 334 1950 Ετι
357 1912 396 1950 δε
422 1930 502 1961 προς
536 1913 763 1962 Εμπεδοκλεα
787 1931 850 1952 καν
877 1923 984 1951 εκεῖνο
1011 1931 1061 1958 τις
1086 1922 1221 1954 εἴπειεν.
1268 1923 1335 1953 Οτε

330 1962 395 2009 γοίρ
422 1963 470 1996 τοὶ
493 1967 651 2008 στοιχεῖα
676 1959 863 2001 διειστήκει
887 1966 987 2009 χωρὶς
1013 1965 1079 1997 ond
1105 1967 1168 1997 τοῦ
1193 1968 1334 2007 νείκους,

329 2009 381 2045 τίς
406 2009 428 2044 ἡ
454 2008 553 2040 αἰτία
578 2009 623 2051 τῇ
656 2010 702 2055 γῇ
728 2009 792 2046 τῆς
824 2011 928 2053 μονῆς
954 2006 1016 2050 ἦν;
1050 2010 1087 2042 οὗ
1111 2010 1176 2056 γαρ
1202 2007 1245 2048 δή
1277 2014 1335 2043 καὶ

330 2051 414 2086 τότε
440 2051 643 2086 αἰτιοίσεται
667 2053 732 2091 τὴν
780 2056 863 2092 ίνην.

253 2095 407 2131 ιἌτοπον
433 2091 471 2130 δὲ
501 2098 561 2129 καὶ
586 2097 628 2131 τὰ
652 2099 700 2142 μή
725 2103 873 2131 συννοεῖν
906 2097 960 2132 ὅτι
992 2098 1155 2144 πρότερον
1188 2101 1248 2145 μὲν
1279 2095 1338 2133 Stoi

330 2141 394 2178 τήν
419 2137 548 2179 δίνησιν
573 2141 712 2186 ἐφέρετο
739 2143 787 2176 τοὶ
810 2143 913 2187 μόρια
939 2143 1001 2182 τῆς
1026 2145 1088 2190 γῆς
1115 2143 1196 2188 πρὸς
1222 2145 1263 2178 τό
1279 2144 1338 2190 με’-

330 2198 407 2219 σον·
432 2187 489 2218 ν’ὗν
515 2182 553 2218 δὲ
577 2183 636 2220 δια
657 2187 719 2220 τίν’
742 2189 860 2221 αἰτίαν
878 2187 998 2221 πάντα
1019 2189 1068 2220 τοὶ
1087 2188 1188 2234 βάρος
1208 2189 1336 2234 ἔχοντα

330 2229 470 2276 φέρεται
500 2230 582 2275 πρός
612 2231 743 2272 αύτῆν;
774 2233 813 2264 οὗ
841 2233 907 2278 γάρ
934 2232 956 2270 ἧ
979 2245 1018 2279 γε
1049 2228 1123 2271 δίνη
1154 2233 1335 2276 πλησιάζει

330 2276 412 2318 πρὸς
437 2275 540 2319 ἡμᾶς.

255 2318 334 2352 Ἔτι
365 2315 404 2352 δὲ
435 2321 494 2352 καὶ
521 2321 563 2353 τᾶ
593 2322 657 2367 πῦρ
692 2321 760 2354 ἄνω
789 2321 928 2367 φέρεται
960 2316 1020 2354 διαὶ
1045 2319 1107 2354 τίν’
1136 2322 1272 2363 αἱτίαν;
1299 2321 1337 2355 οὐ

329 2364 395 2412 γοὶρ
425 2360 486 2398 διαί
508 2377 546 2410 γε
572 2366 636 2404 τήν
669 2362 775 2404 δίνην.
815 2367 854 2398 Εἰ
877 2362 916 2398 δὲ
941 2367 1048 2399 τοῦτο
1081 2365 1238 2420 φέρεσθαί
1271 2379 1336 2400 που

331 2408 494 2455 πέφυκεν,
520 2407 626 2448 δῆλον
653 2410 706 2444 ὅτι
730 2413 788 2443 καὶ
814 2411 878 2448 τήν
903 2410 967 2456 γῆν
995 2412 1141 2448 οἱητεον.

257 2453 368 2486 'And
398 2454 464 2498 μήν
499 2451 578 2488 οὐδὲ
602 2456 648 2499 τῇ
668 2451 756 2499 ’,δίνῃ
787 2468 827 2502 γε
859 2455 901 2488 τὸ
934 2455 1020 2500 βαρύ
1051 2457 1111 2487 καὶ
1140 2455 1180 2488 vd
1212 2457 1336 2511 κοῦρον

329 2498 491 2544 ὥρισται,
527 2498 618 2533 ἀλλὰ
650 2502 716 2533 τῶν
751 2500 915 2545 πρότερον
949 2499 1174 2545 ύπαρχόντων
1207 2501 1336 2545 βαρεων

328 2546 387 2576 καὶ
411 2544 543 2590 κούφων
569 2545 618 2578 τα
641 2546 701 2590 μέν
726 2546 771 2583 εἰς
797 2545 839 2579 τὸ
856 2544 957 2589 μέσον
976 2545 1129 2589 ἔρχεται,
1149 2545 1198 2578 τοὶ
1213 2541 1243 2577 δ’
1266 2547 1338 2579 ἑπι-

331 2588 476 2632 πολοίζει
496 2585 556 2622 διαὶ
572 2590 636 2627 τὴν
661 2592 803 2628 κίνησιν.
832 2588 895 2621 Ἤν
919 2589 986 2633 α”ρα
1005 2591 1064 2622 καὶ
1085 2591 1159 2635 πρὶν
1179 2590 1336 2636 γενέσθαι

330 2632 395 2669 τήν
420 2629 512 2672 δίνην
540 2634 626 2680 βαρύ
651 2647 690 2668 τε
714 2636 773 2667 καὶ
797 2636 936 2680 κοῦφον,
965 2635 987 2667 οἳ
1011 2637 1076 2668 τίνι
1095 2632 1252 2678 διώριστο
1277 2637 1336 2668 καὶ

331 2678 399 2716 πῶς
432 2677 590 2724 ἐπεφύκει
619 2678 777 2724 φέρεσθαι
806 2678 828 2716 ἢ
854 2680 938 2718 ποῦ;
969 2677 1105 2724 ἀπείρου
1138 2680 1203 2725 γοίρ
1239 2680 1334 2718 ὄντος

333 2719 505 2756 ἀδύνατον
531 2721 617 2756 εἶναι
645 2724 712 2756 ἅνω
738 2722 759 2760 ἦ
784 2724 899 2764 κάτω,
925 2719 1102 2768 διώρισται
1127 2720 1164 2757 δὲ
1196 2723 1334 2762 τούτοις

330 2767 374 2800 τό
399 2768 485 2813 βαρύ
508 2770 568 2800 καὶ
592 2769 729 2813 κοῦφον.
756 2770 793 2800 Οἱ
819 2769 877 2813 μὲν
905 2767 962 2802 οὖν
988 2770 1144 2802 πλεῖστοι
1171 2771 1244 2814 περὶ
1270 2769 1334 2807 τοίς

332 2813 448 2851 αἰτίας
473 2813 611 2851 ταύτας
635 2808 885 2858 διατρίβουσιν·

319 2947 470 2976 ΞΥΝΟΡειε.
483 2964 517 2968 -
538 2957 562 2975 1.
581 2948 696 2981 Quarta
716 2946 821 2975 solutio
843 2946 1028 2975 dubitationis
1045 2946 1124 2975 circa
1138 2946 1262 2984 quietem
1278 2952 1337 2975 ter-

267 2996 328 3016 rae.
351 2987 410 3022 Qui
431 2988 575 3024 mundum
595 2993 765 3024 generatum
786 2996 849 3015 esse
865 2993 993 3023 ponunt,
1018 2995 1135 3015 causam
1157 2994 1255 3015 motus
1276 2987 1337 3015 eius

266 3028 304 3056 ad
319 3027 448 3055 medium
463 3027 611 3064 assignant
624 3026 695 3055 caeli
709 3026 903 3064 gyrationem:
922 3026 1026 3064 quietis
1042 3026 1129 3055 etiam
1144 3027 1205 3055 eius
1220 3036 1337 3055 causam

265 3064 329 3095 'esse
344 3067 452 3102 dicunt,
471 3067 589 3104 quidam
606 3066 667 3095 eius
689 3066 917 3104 magnitudinem
939 3073 967 3094 et
980 3066 1161 3095 latitudinem
1179 3067 1259 3102 (vide
1274 3067 1336 3094 lect.

266 3108 384 3144 praec.);
396 3106 525 3144 quidam,
537 3113 569 3135 ut
580 3107 781 3143 Empedocles,
790 3106 970 3135 velocitatem
980 3107 1059 3135 caeli.
1076 3106 1155 3134 Sicut
1169 3107 1247 3134 enim
1261 3116 1337 3143 aqua

267 3147 298 3176 in
318 3147 428 3183 cyathis
448 3146 601 3183 perforatis
628 3152 657 3175 et
684 3146 820 3175 velociter
840 3146 927 3175 motis
955 3146 985 3174 in
1011 3146 1149 3182 circuitu,
1178 3156 1239 3175 non
1261 3147 1337 3174 cadit

267 3194 347 3215 extra
361 3196 419 3222 vas,
440 3187 480 3215 ita
493 3186 579 3215 simili
599 3186 713 3215 ratione
728 3186 828 3215 dicunt
842 3193 948 3214 terram
962 3187 1100 3214 deorsum
1114 3196 1176 3215 non
1191 3187 1302 3214 cadere.
1318 3203 1337 3207 —

268 3234 295 3255 2.
311 3226 421 3255 Divisio
435 3233 538 3255 textus.
550 3243 569 3248 -
583 3227 695 3255 Contra
715 3226 860 3263 duplicem
882 3227 956 3254 hanc
970 3226 1112 3254 rationem
1127 3226 1230 3264 quietis
1245 3233 1336 3254 terrae

267 3267 308 3296 sic
321 3267 458 3304 arguitur.
480 3267 573 3295 Terra
592 3266 756 3295 necessario
777 3267 864 3294 habet
882 3272 995 3294 motum
1017 3266 1143 3302 aliquem
1158 3266 1336 3301 naturalem;

268 3313 397 3336 cessante
418 3313 516 3335 autem
536 3306 688 3342 violentia,
715 3316 776 3334 non
798 3312 841 3334 est
861 3306 930 3334 dare
950 3307 988 3334 ad
1010 3315 1098 3342 quam
1120 3312 1231 3342 partem
1253 3312 1336 3334 natu-

267 3346 364 3375 raliter
378 3353 537 3382 moveatur,
558 3346 614 3374 nisi
636 3347 673 3374 ad
694 3346 824 3374 medium
846 3351 874 3373 et
892 3346 1044 3379 deorsum;
1068 3346 1142 3373 male
1156 3345 1241 3381 igitur
1255 3345 1336 3382 quies

267 3393 360 3415 terrae
375 3386 406 3414 in
420 3386 518 3414 medio
533 3395 567 3414 ex
581 3385 717 3414 violentia
738 3385 842 3414 dicitur
862 3394 932 3412 esse.
949 3401 967 3406 -
981 3386 1040 3413 Nec
1058 3385 1227 3420 responderi
1242 3391 1336 3420 potest

268 3426 349 3463 quod
370 3426 406 3454 sit
427 3425 593 3454 indifferens
614 3426 652 3453 ad
673 3426 730 3452 hoc
755 3431 787 3452 ut
808 3433 922 3452 sursum
942 3424 987 3451 vel
1009 3425 1145 3452 deorsum
1167 3431 1334 3452 moveatur:

268 3465 341 3494 sicut
362 3465 439 3493 enirn
460 3474 510 3493 aer
531 3465 663 3501 superior
682 3464 775 3500 ipsam
797 3463 907 3492 moveri
928 3473 1042 3491 sursum
1063 3473 1124 3491 non
1146 3463 1275 3499 impedit,
1297 3463 1337 3492 ita

268 3514 322 3533 nec
336 3504 455 3533 inferior
468 3511 581 3532 motum
597 3504 657 3532 eius
672 3505 808 3531 deorsum
823 3502 969 3540 impediet.
979 3520 997 3524 -
1013 3504 1038 3531 3.
1055 3503 1222 3539 Specialiter
1235 3509 1336 3531 contra

269 3545 487 3582 Empedoclem.
511 3543 540 3572 Si
562 3543 663 3572 omnia
683 3543 754 3571 fiant
771 3542 993 3580 congregatione
1015 3549 1042 3570 et
1062 3539 1258 3580 se'gregatione
1278 3543 1334 3570 ele-

269 3591 444 3620 mentorum,
466 3590 499 3612 ut
519 3583 710 3620 Empedocles
731 3583 829 3619 ponit,
852 3583 970 3619 quando
992 3583 1133 3610 elementa
1154 3583 1190 3610 ab
1211 3581 1335 3610 invicem

269 3624 422 3660 distabant,
443 3623 491 3652 lite
506 3623 685 3658 dominante,
706 3630 813 3651 terram
835 3622 981 3659 quiescere
1003 3623 1155 3659 oportebat
1170 3624 1242 3657 (non
1257 3622 1334 3650 enim

433 3694 448 3704 n

1388 1035 1406 1053 *
1425 1035 1589 1073 Quoniam
1613 1043 1721 1067 autem
1743 1045 1865 1076 manet,
1890 1047 2047 1079 quaerunt
2070 1051 2207 1072 causam.
2233 1041 2274 1072 Et
2295 1042 2404 1074 dicunt
2426 1042 2459 1073 hi

1457 1080 1589 1120 quidem
1621 1080 1683 1112 hoc
1707 1082 1826 1120 modo,
1859 1084 2014 1124 quoniam
2046 1085 2180 1116 latitudo
2215 1093 2246 1116 et
2268 1087 2456 1127 magnitudo

1457 1124 1557 1164 ipsius
1582 1133 1692 1156 causa:
1718 1126 1751 1156 hi
1781 1133 1903 1165 autem,
1929 1129 2204 1168 quemadmodum
2229 1131 2455 1171 Empedocles,

1458 1168 1534 1199 caeli
1558 1169 1721 1207 lationem,
1746 1171 2004 1211 circumpositam
2021 1180 2051 1204 et
2067 1174 2207 1215 velocius
2232 1175 2338 1214 latam,
2358 1183 2458 1207 terrae

1458 1213 1610 1244 lationem
1638 1214 1825 1254 prohibere,
1858 1217 2132 1256 quemadmodum
2156 1229 2237 1259 aqua
2266 1220 2298 1250 in
2328 1221 2457 1261 cyathis.

1458 1258 1586 1289 Etenim
1609 1259 1698 1297 haec,
1722 1259 1755 1289 in
1771 1259 1901 1291 circuitu
1927 1262 2041 1302 cyatho
2065 1262 2128 1293 lato
2153 1264 2327 1302 multoties,
2351 1265 2458 1296 adin-

1458 1302 1554 1333 serius
1579 1303 1657 1334 aeris
1681 1303 1773 1341 facta,
1797 1311 1903 1336 tamen
1927 1316 1993 1336 non
2009 1306 2106 1337 fertur
2122 1308 2281 1344 deorsum,
2300 1316 2371 1340 nata
2387 1309 2459 1340 ferri

1459 1347 1621 1386 deorsum,
1646 1355 1776 1389 propter
1800 1350 1934 1380 eandem
1958 1361 2095 1382 causam.

1390 1432 1406 1448 *
1423 1435 1589 1474 Quamvis,
1602 1446 1706 1477 neque
1722 1437 1884 1478 gyratione
1899 1438 2086 1478 prohibente
2098 1450 2201 1480 neque
2214 1441 2389 1480 latitudine,
2405 1443 2460 1473 sed

1458 1481 1699 1520 superveniente
1721 1491 1811 1520 aere,
1845 1482 1899 1512 ubi
1923 1482 2060 1514 feretur?
2083 1485 2134 1514 Ad
2162 1485 2303 1516 medium
2328 1487 2459 1527 quidem

1458 1525 1544 1555 enim
1561 1525 1586 1555 si
1602 1525 1754 1556 violentia
1778 1526 1886 1564 fertur,
1911 1534 1942 1558 et
1964 1535 2072 1558 manet
2094 1529 2257 1559 violentia:
2283 1532 2459 1562 secundum

1458 1577 1605 1600 naturam
1633 1578 1741 1601 autem
1770 1571 1982 1602 necessarium
2014 1579 2060 1603 est
2092 1583 2158 1603 esse
2191 1574 2331 1614 aliquam
2359 1575 2459 1616 ipsius

1457 1613 1621 1644 lationem.
1646 1615 1734 1646 Haec
1753 1615 1849 1655 igitur
1868 1623 1977 1646 utrum
1993 1627 2131 1655 sursum,
2147 1625 2201 1648 aut
2224 1619 2385 1658 deorsum,
2405 1627 2460 1651 aut

1458 1657 1573 1689 alicubi
1597 1656 1662 1689 est?
1685 1659 1761 1689 Esse
1786 1659 1916 1700 quidem
1941 1661 2027 1691 enirn
2051 1662 2223 1702 quandam,
2250 1664 2460 1695 necessarium

1459 1709 1516 1734 est.
1544 1703 1576 1734 Si
1601 1710 1709 1734 autem
1733 1704 1812 1734 nihil
1835 1704 1935 1744 magis
1960 1705 2111 1736 deorsum
2134 1717 2231 1747 quam
2252 1718 2389 1746 sursum,
2407 1719 2459 1739 aer

1458 1754 1566 1778 autem
1594 1747 1650 1788 qui
1681 1758 1808 1779 sursum
1839 1759 1904 1779 non
1929 1750 2094 1790 prohibeat
2124 1761 2194 1781 eam
2223 1762 2304 1792 quae
2333 1763 2461 1783 sursum

1457 1792 1629 1830 lationem;
1653 1793 1892 1834 nequeutique
1916 1794 1972 1835 qui
1996 1795 2055 1825 sub
2087 1802 2167 1826 terra
2187 1796 2367 1835 prohibebit
2389 1807 2460 1828 eam

1457 1846 1539 1877 quae
1563 1837 1728 1868 deorsum:
1753 1837 1865 1868 eadem
1888 1838 1973 1869 enim
1998 1840 2174 1870 eorundem
2189 1841 2399 1872 necessarium
2415 1849 2462 1873 est

1458 1890 1525 1911 esse
1549 1891 1658 1912 causas
1683 1882 1811 1912 eisdem.

1390 1923 1406 1940 *
1423 1925 1538 1956 Adhuc
1562 1933 1686 1965 autem,
1711 1927 1751 1956 ad
1774 1927 2004 1968 Empedoclem
2027 1928 2138 1969 utique
2170 1929 2248 1959 illud
2273 1929 2344 1970 quis
2368 1930 2458 1961 dicet.

1459 1970 1598 2007 Quando
1623 1970 1709 2001 enim
1733 1971 1888 2002 elementa
1912 1972 2069 2006 distabant
2092 1983 2236 2004 seorsum
2256 1984 2272 2003 a
2288 1974 2354 2013 lite,
2379 1985 2460 2015 quae

1459 2024 1553 2045 causa
1577 2022 1675 2046 terrae
1699 2016 1873 2046 mansionis
1898 2014 1980 2047 erat?
2002 2017 2078 2047 Non
2094 2018 2180 2048 enim
2203 2018 2313 2059 utique
2339 2026 2369 2050 et
2384 2026 2460 2050 tunc

1460 2059 1639 2090 causabitur
1662 2060 1871 2101 gyrationem.

1393 2103 1622 2135 Inconveniens
1646 2111 1754 2135 autem
1778 2112 1808 2136 et
1831 2115 1898 2135 non
1918 2105 2115 2137 considerare
2131 2107 2207 2147 quia
2225 2107 2312 2147 prius
2328 2107 2459 2148 quidem

1459 2155 1590 2189 propter
1604 2149 1803 2190 gyrationem
1820 2149 2000 2181 ferebantur
2015 2157 2118 2190 partes
2133 2158 2230 2182 terrae
2245 2152 2283 2182 ad
2301 2152 2458 2182 medium:

1460 2202 1545 2223 nunc
1561 2200 1669 2223 autem
1693 2193 1805 2234 utique
1828 2201 1959 2234 propter
1977 2205 2075 2235 quam
2092 2205 2219 2226 causam
2237 2196 2345 2226 omnia
2360 2196 2460 2236 gravi-

1459 2243 1556 2267 tatem
1580 2237 1727 2268 habentia
1750 2238 1895 2269 feruntur
1920 2239 1959 2268 ad
1982 2237 2106 2279 ipsam?
2129 2240 2203 2270 Non
2228 2241 2312 2270 enim
2335 2241 2459 2282 gyratio

1459 2281 1655 2322 propinquat
1677 2283 1718 2312 ad
1741 2292 1810 2313 nos.

1392 2323 1407 2340 *
1423 2325 1540 2356 Adhuc
1563 2333 1671 2357 autem
1687 2333 1718 2357 et
1735 2326 1817 2367 ignis
1842 2337 1969 2358 sursum
1992 2327 2090 2358 fertur
2112 2335 2242 2369 propter
2264 2339 2363 2370 quam
2386 2339 2459 2360 cau-

1459 2368 1545 2400 sam?
1569 2371 1643 2401 Non
1660 2371 1745 2401 enim
1761 2379 1891 2412 propter
1913 2372 2122 2413 gyrationem.
2147 2373 2179 2404 Si
2198 2381 2304 2404 autem
2321 2373 2371 2404 hic
2388 2373 2459 2404 ferri

1460 2414 1574 2445 alicubi
1590 2422 1682 2446 natus
1699 2422 1756 2454 est,
1773 2416 1880 2456 palam
1896 2416 1971 2457 quia
1987 2423 2017 2447 et
2033 2424 2148 2448 terram
2165 2418 2418 2449 existimandum.

1392 2457 1408 2473 '⁸‘
1424 2459 1487 2490 Sed
1510 2459 1613 2490 adhuc
1637 2470 1742 2500 neque
1765 2460 1930 2501 gyratione
1954 2471 2047 2501 grave
2071 2468 2101 2492 et
2123 2462 2191 2492 leve
2215 2462 2459 2493 determinatum

1460 2511 1526 2541 est;
1559 2504 1614 2534 sed
1638 2504 1726 2544 prius
1755 2504 1957 2535 existentibus
1989 2506 2136 2546 gravibus
2165 2513 2196 2536 et
2218 2507 2358 2545 levibus,
2382 2507 2459 2538 haec

1459 2548 1591 2589 quidem
1614 2549 1654 2579 ad
1677 2549 1822 2580 medium
1839 2549 1991 2588 veniunt,
2020 2550 2097 2581 haec
2125 2557 2232 2581 autem
2256 2561 2383 2582 sursum
2407 2562 2459 2582 co-

1459 2599 1585 2631 nantur,
1602 2600 1732 2633 propter
1747 2600 1884 2625 motum.
1902 2594 1977 2624 Erat
1995 2594 2090 2635 igitur
2106 2602 2136 2626 et
2151 2602 2222 2626 ante
2241 2595 2307 2626 fieri
2323 2597 2459 2637 gyratio-

1458 2647 1533 2668 nem
1556 2647 1654 2678 grave
1673 2645 1704 2669 et
1726 2638 1812 2677 leve;
1841 2649 1923 2679 quae
1952 2639 2095 2679 quodam
2123 2640 2328 2671 determinata
2352 2648 2458 2679 erant,

1459 2689 1490 2712 et
1513 2682 1689 2723 aliqualiter
1712 2689 1785 2722 apta
1808 2690 1881 2713 nata
1905 2690 1993 2714 erant
2009 2683 2080 2714 ferri
2104 2691 2159 2715 aut
2182 2684 2306 2716 alicubi.
2331 2685 2458 2716 Infinito

1459 2726 1545 2757 enirn
1562 2726 1721 2765 existente,
1731 2727 1928 2768 impossibile
1945 2734 1991 2758 est
2007 2738 2073 2758 esse
2089 2739 2215 2759 sursum
2228 2737 2282 2760 aut
2294 2730 2458 2760 deorsum:

1460 2771 1667 2802 determinata
1696 2778 1770 2802 sunt
1800 2778 1907 2802 autem
1935 2772 1983 2802 his
2011 2783 2103 2812 grave
2128 2780 2158 2804 et
2180 2773 2248 2804 leve
2271 2774 2297 2804 *.
2326 2774 2458 2805 Plurimi
2486 2780 2495 2791 ·

1458 2815 1590 2856 quidem
1612 2816 1708 2856 igitur
1731 2816 1812 2846 circa
1835 2826 1946 2846 causas
1969 2817 2025 2846 has
2050 2817 2152 2848 detriti
2176 2824 2259 2848 sunt.

1392 2947 1487 2975 adhuc
1501 2956 1531 2975 se
1546 2947 1607 2975 aliis
1629 2947 1847 2985 coniungebat);
1869 2957 1956 2976 causa
1976 2954 2073 2976 autem
2094 2948 2178 2976 huius
2200 2948 2255 2976 dici
2269 2948 2369 2985 nequit
2387 2949 2458 2977 caeli

1391 2987 1512 3023 gyratio,
1528 2988 1660 3015 nondum
1676 2987 1754 3015 enim
1768 2994 1935 3024 generatum
1957 2995 2017 3015 erat
2031 2988 2158 3022 caelum3
2180 2997 2240 3015 non
2256 2998 2324 3024 ergo
2339 2995 2457 3025 propter

1392 3027 1462 3054 caeli
1477 3034 1590 3055 motum
1606 3027 1726 3064 quiescit
1739 3034 1823 3055 terra.
1835 3045 1852 3049 -
1868 3027 1995 3054 Dubium
2012 3027 2087 3055 circa
2101 3029 2175 3055 hanc
2189 3027 2339 3056 rationem.
2361 3030 2456 3065 Expo-

1391 3066 1457 3094 sitio
1473 3073 1583 3095 extorta
1596 3067 1764 3095 Alexandri:
1780 3067 1899 3095 solvitur
1913 3067 2053 3094 dubitatio
2069 3068 2227 3094 secundum
2247 3068 2456 3103 expositionem

1392 3106 1540 3142 Simplicii.
1556 3124 1575 3128 -
1588 3116 1617 3141 4.
1634 3108 1730 3134 Motus
1746 3113 1836 3134 terrae
1851 3107 1887 3134 ad
1902 3106 2029 3134 medium
2052 3115 2112 3134 non
2131 3113 2173 3134 est
2187 3114 2304 3143 propter
2319 3107 2388 3135 caeli
2405 3118 2455 3145 gy-

1391 3146 1542 3174 rationem.
1559 3147 1668 3174 Primo.
1683 3146 1890 3174 Inconveniens
1906 3152 1948 3174 est
1964 3146 2038 3173 hanc
2051 3146 2145 3174 dicere
2159 3155 2276 3174 causam
2290 3147 2376 3175 fuisse
2391 3157 2455 3176 rno—

1390 3192 1436 3213 tus
1447 3187 1483 3214 ad
1495 3186 1632 3221 medium,
1648 3187 1766 3222 quando
1781 3186 1971 3222 generabatur
1984 3186 2124 3220 mundus;
2139 3195 2205 3213 cum
2220 3196 2298 3214 nunc
2311 3187 2407 3224 gravia
2418 3188 2456 3215 ad

1391 3225 1519 3253 medium
1541 3226 1668 3253 ferantur
1682 3225 1711 3253 in
1733 3225 1780 3253 illa
1794 3231 1884 3261 parte,
1907 3234 1994 3261 quam
2009 3235 2070 3253 non
2088 3225 2199 3262 attingit
2220 3226 2291 3254 caeli
2305 3226 2425 3263 gyratio.
2435 3243 2456 3248 —

1392 3266 1418 3293 5.
1434 3266 1578 3293 Secundo.
1594 3265 1765 3301 Exemplum
1780 3266 1816 3293 ab
1837 3264 1877 3292 eis
1892 3264 2040 3292 inductum
2055 3274 2117 3293 non
2131 3266 2235 3301 probat
2249 3273 2361 3294 motum
2380 3266 2454 3304 ignis

1389 3304 1420 3332 in
1441 3314 1555 3332 sursum
1578 3314 1639 3332 esse
1661 3314 1694 3332 ex
1716 3304 1785 3332 caeli
1806 3304 1968 3341 gyratione:
1992 3305 2165 3340 supponitur
2186 3314 2254 3342 ergo
2276 3315 2310 3334 ex
2331 3307 2455 3335 naturali

1389 3344 1550 3380 aptitudine
1572 3353 1642 3372 esse.
1658 3345 1699 3371 Ex
1715 3353 1774 3380 quo
1790 3344 1918 3380 sequitur
1939 3345 2098 3372 naturalem
2113 3354 2174 3372 esse
2190 3352 2302 3373 motum
2318 3347 2455 3374 deorsum

1389 3390 1490 3418 terrae,
1513 3393 1586 3420 quae
1608 3383 1666 3420 igni
1687 3383 1886 3411 contrariatur.
1910 3400 1928 3404 —
1950 3385 1976 3411 6.
1999 3384 2107 3412 Tertio.
2131 3385 2249 3420 Gyratio
2277 3386 2347 3414 caeli
2372 3396 2454 3423 prae-

1390 3423 1527 3459 supponit
1541 3422 1756 3451 distinctionem
1771 3423 1900 3460 gravium
1915 3430 1943 3451 et
1957 3423 2076 3459 levium3
2091 3424 2130 3452 ita
2145 3426 2234 3461 quod,
2248 3432 2349 3462 gyrato
2364 3427 2453 3461 caelo,

1389 3472 1463 3499 quae
1477 3462 1557 3499 prius
1577 3462 1674 3499 gravia
1695 3469 1775 3491 erant
1801 3463 1838 3490 ad
1853 3463 1981 3491 medium
2003 3465 2209 3499 movebantur,
2232 3471 2259 3493 et
2281 3475 2354 3502 quae
2376 3466 2454 3502 prius

1388 3502 1468 3537 levia,
1491 3511 1507 3530 a
1528 3502 1624 3530 medio
1647 3503 1779 3538 repulsa,
1809 3503 1838 3530 in
1860 3512 1974 3531 sursum
1995 3504 2127 3539 abibant3
2154 3506 2234 3541 quod
2255 3512 2333 3542 patet
2354 3505 2383 3533 in
2404 3516 2454 3543 gy-

1389 3542 1500 3569 ratione
1522 3542 1594 3569 aeris
1616 3548 1643 3569 et
1665 3542 1848 3578 liquidorum.
1875 3542 2131 3580 Distinguebantur
2155 3543 2251 3572 autem
2274 3546 2309 3573 ab
2331 3545 2453 3574 invicem

1388 3591 1439 3618 per
1459 3581 1648 3617 aptitudinem
1677 3583 1714 3610 ad
1742 3589 1856 3610 motum
1876 3583 2014 3611 localem:
2042 3591 2154 3612 motum
2181 3584 2266 3622 igitur
2293 3595 2395 3613 eorum
2416 3586 2454 3613 ad

1388 3621 1516 3649 medium
1538 3622 1582 3650 vel
1603 3631 1620 3650 a
1641 3621 1748 3657 medio,
1770 3632 1831 3650 non
1852 3630 1950 3651 causat
1970 3623 2040 3651 caeli
2061 3624 2183 3660 gyratio.

2487 1050 2495 1058 '¹
2516 1048 2570 1076 Seq.
2590 1055 2642 1076 cap.
2656 1055 2699 1071 xm

2487 1079 2508 1097 et
2522 1079 2577 1097 text.
2593 1076 2627 1103 85.

2488 1453 2496 1461 ·
2511 1450 2580 1472 Text.
2595 1450 2633 1472 86.

2487 1937 2497 1946 '¹
2512 1935 2578 1958 Text.
2593 1937 2629 1964 87.

2488 2334 2497 2342 ·
2512 2332 2580 2355 Text.
2595 2333 2634 2356 88.

2487 2467 2495 2475 ·
2510 2465 2578 2488 Text.
2593 2466 2629 2494 89.

2510 2780 2578 2801 Text.
2592 2786 2631 2807 90.
