2782 4134
136 1123 147 1133 ⁸
161 1122 195 1143 ad
207 1122 344 1144 considera-

131 1149 218 1170 tionem
246 1151 346 1170 natura-

131 1176 188 1197 lium
202 1181 225 1196 Λ.

234 1202 248 1231 ζ

132 2352 142 2362 ”
159 2351 215 2380 Cap.
230 2358 262 2375 vi.

372 299 449 344 264

372 383 510 414 natura
537 382 807 427 generatorum
827 381 863 411 et
879 380 1160 422 corruptorum,
1181 372 1277 409 idest
1302 382 1437 430 eorum

373 442 471 479 quae
496 430 713 466 naturaliter
731 435 956 476 generantur
977 434 1012 463 et
1033 431 1338 473 corrumpuntur,
1358 435 1438 459 unz-

371 481 592 521 versaliterss
607 483 652 519 de
667 482 837 519 omnibus
852 486 887 517 et
904 491 1037 517 causas
1056 477 1294 515 dividendum
1315 482 1377 522 est,
1397 483 1438 515 ut

372 536 511 573 scilicet
539 536 774 583 assignemus
802 534 891 570 alias
921 544 1051 569 causas
1080 537 1094 558 ⁷
1122 529 1373 578 generationis
1403 537 1439 565 et

373 589 463 626 alias
492 588 759 638 corruptionis,
780 587 841 624 vel
861 586 973 623 etiam
993 591 1035 621 ut
1054 595 1279 620 communes
1304 594 1438 619 causas

374 642 658 690 distinguamus,
685 639 911 690 applicando
931 637 1084 686 singulis
1104 637 1304 685 speciebus
1324 648 1437 684 gene-

374 703 541 732 ratorum
573 702 608 731 et
632 700 896 742 corruptorum
925 690 1153 737 naturaliter,
1184 695 1220 726 et
1241 690 1404 726 rationes
1424 686 1438 709 δ

373 761 504 785 eorum
524 746 845 784 determinandum
865 750 927 790 est,
948 745 1010 780 vel
1029 743 1283 791 generationis
1301 750 1337 779 et
1357 755 1437 779 cor-

374 801 568 850 ruptionis,
592 801 654 837 vel
681 799 793 836 etiam
814 810 949 834 eorum
969 809 1067 846 quae
1087 796 1306 833 naturaliter
1325 808 1437 844 gene-

373 862 502 892 rantur
530 861 565 890 et
593 858 901 900 corrumpuntur:
930 858 1183 898 utrorumque
1212 850 1315 886 enirn
1344 849 1437 886 defi-

373 907 534 945 nitiones
563 906 656 943 scire
686 912 851 954 oportet,
877 903 1070 941 Naturalis
1090 903 1190 940 enirn
1213 915 1291 940 non
1311 903 1436 939 solum

374 960 585 997 considerat
600 966 760 1005 motum,
778 957 846 995 sed
862 957 975 994 etiam
995 957 1077 1006 ipsa
1093 956 1249 993 mobilia
1263 962 1285 993 ⁵.
1299 977 1322 984 -
1339 955 1439 992 Dicit

373 1021 500 1050 autem
530 1018 666 1049 natura
694 1019 959 1059 generatorum
987 1018 1023 1047 et
1043 1017 1322 1059 corruptorum,
1349 1009 1438 1058 quia

374 1066 611 1103 considerare
633 1065 679 1102 de
694 1064 938 1112 generatione
954 1071 991 1101 et
1006 1063 1249 1112 corruptione
1265 1062 1437 1100 artificia-

371 1119 464 1156 lium
492 1131 570 1156 non
598 1118 760 1167 pertinet
787 1117 836 1155 ad
865 1118 1090 1155 Naturalem
1109 1117 1140 1154 ²¹⁶.

426 1172 604 1209 Secundo
635 1183 723 1208 cum
744 1171 849 1208 dicit:
869 1171 1043 1219 Amplius
1062 1178 1146 1218 ete.,
1166 1169 1349 1219 promittit
1364 1170 1378 1196 ζ
1397 1182 1437 1206 se

373 1225 710 1262 determinaturum
736 1225 783 1261 de
809 1224 889 1261 aliis
918 1224 1086 1261 motibus
1106 1223 1437 1272 consequentibus,

372 1278 512 1316 scilicet
539 1278 586 1315 de
616 1277 835 1315 alteratione
865 1285 901 1314 et
929 1277 1249 1325 augmentatione,
1280 1276 1370 1325 quid
1394 1276 1440 1314 sit

370 1339 587 1380 utrumque.

426 1385 555 1422 Tertio
576 1384 643 1422 ibi:
660 1390 697 1421 et
714 1390 839 1421 utrum
856 1391 938 1430 ete.,
955 1383 1141 1432 promittit
1155 1396 1195 1420 se
1212 1383 1440 1420 determina-

372 1445 500 1475 turum
520 1439 567 1475 de
588 1437 873 1487 comparatione
893 1437 1178 1486 praedictorum
1203 1436 1438 1474 adinvicem:

372 1499 499 1528 utrum
515 1491 654 1528 scilicet
673 1491 719 1528 sit
734 1491 1028 1528 existimandum
1045 1491 1121 1537 (vel
1137 1490 1399 1540 recipiendum
1410 1493 1438 1537 η)

373 1545 478 1593 quod
508 1545 645 1582 eadem
675 1544 719 1581 sit
746 1551 880 1581 natura
900 1551 936 1580 et
955 1543 1049 1581 ratio
1070 1543 1299 1581 alterationis
1324 1551 1360 1580 et
1378 1556 1440 1592 ge-

372 1598 587 1644 nerationis,
617 1606 682 1635 aut
709 1603 863 1643 semota,
892 1597 987 1634 idest
1016 1597 1203 1643 distincta,
1232 1604 1274 1633 ut
1301 1596 1440 1634 scilicet

371 1651 421 1688 ita
441 1651 615 1689 differant
635 1651 779 1688 ratione
800 1658 836 1688 et
854 1658 1000 1697 natura,
1031 1650 1126 1687 sicut
1154 1658 1242 1687 sunt
1268 1650 1440 1688 determi-

372 1710 473 1751 nata,
501 1704 598 1741 idest
626 1704 815 1751 distincta,
836 1704 1077 1741 nominibus.

427 1770 462 1795 2.
491 1758 640 1795 Deinde
671 1770 757 1794 cum
787 1757 892 1795 dicit:
922 1758 1175 1806 Antiquorum
1196 1756 1344 1805 quidem
1369 1757 1439 1807 igi-

372 1817 433 1848 tur
452 1818 534 1858 ete.,
563 1811 805 1861 prosequitur
824 1823 936 1848 suum
957 1810 1208 1860 propositum.
1239 1810 1288 1846 Et
1315 1810 1439 1859 primo

373 1864 597 1902 determinat
625 1865 672 1902 de
692 1864 936 1913 generatione
958 1871 993 1901 et
1013 1863 1256 1913 corruptione
1276 1863 1314 1900 in
1335 1876 1440 1900 com-

374 1918 492 1965 muni,
524 1925 560 1954 et
588 1918 701 1955 etiam
726 1918 773 1955 de
794 1917 1115 1966 consequentibus
1135 1916 1302 1954 motibus
1322 1914 1352 1961 ⁰;
1382 1930 1439 1954 se-

373 1971 499 2008 cundo
528 1971 753 2008 determinat
781 1971 828 2008 de
856 1971 1099 2019 generatione
1133 1978 1169 2007 et
1198 1970 1439 2019 corruptione

373 2025 669 2072 elementorum,
704 2032 740 2061 et
767 2025 842 2061 hoc
874 2024 911 2061 in
940 2024 1110 2061 secundo
1140 2024 1256 2070 libro,
1292 2023 1356 2072 qui
1384 2023 1439 2060 in-

374 2077 462 2127 cipit
489 2077 561 2114 ibi:
590 2079 651 2115 De
678 2078 859 2115 mixtione
886 2078 1034 2127 quidem
1064 2077 1181 2127 igitur
1210 2084 1278 2114 ete.
1309 2077 1439 2114 Prima

372 2143 459 2180 pars
489 2130 668 2168 dividitur
696 2131 734 2168 in
762 2131 880 2168 duas:
910 2131 949 2168 in
976 2130 1102 2180 prima
1136 2130 1362 2168 determinat
1391 2130 1437 2167 de

372 2183 614 2232 generatione
644 2192 680 2221 et
708 2184 950 2233 corruptione
979 2184 1018 2221 in
1047 2183 1262 2231 communi,
1293 2191 1330 2220 et
1357 2184 1437 2221 aliis

371 2237 538 2275 motibus
554 2237 891 2286 consequentibus3
912 2237 951 2274 in
965 2237 1133 2274 secunda
1149 2236 1374 2274 determinat
1390 2237 1437 2274 de

372 2290 599 2340 quibusdam
617 2303 715 2340 quae
731 2292 777 2329 ad
797 2292 872 2328 hoc
891 2290 1143 2340 requiruntur,
1161 2290 1227 2327 ibi:
1249 2290 1436 2332 Quoniam

371 2350 494 2381 autem
508 2344 679 2392 primum
699 2350 844 2393 oportet
860 2345 905 2381 de
924 2344 1084 2381 materia
1103 2344 1123 2366 '¹‘
1144 2352 1212 2381 etc.
1235 2343 1345 2380 Circa
1362 2344 1437 2393 pri-

371 2410 479 2434 mum
509 2398 585 2434 duo
614 2397 720 2434 facit:
750 2398 876 2447 primo
905 2397 1058 2447 inquirit
1084 2405 1212 2435 utrum
1246 2397 1437 2445 generatio

373 2450 520 2488 differat
547 2452 595 2488 ab
625 2451 861 2498 alteratione,
892 2452 996 2501 quod
1026 2459 1106 2488 erat
1124 2451 1276 2489 tertium
1297 2463 1438 2500 propo-

371 2504 550 2542 sitorum:
580 2504 746 2554 oportuit
772 2512 901 2542 tamen
929 2505 1033 2554 prius
1052 2505 1127 2542 hoc
1150 2513 1316 2553 tangere,
1337 2505 1438 2554 quia,

427 2661 452 2695 β)
471 2662 644 2688 continuatur
657 2662 694 2687 ad
700 2663 785 2696 finem
805 2663 901 2688 libri
915 2663 1112 2688 universaliter.
1125 2677 1140 2682 —
1154 2663 1294 2689 continuat
1306 2664 1343 2689 ad
1354 2664 1439 2698 finem

373 2697 434 2722 libri
444 2697 477 2723 de
490 2698 575 2728 Caelo,
592 2701 620 2723 ut
635 2698 733 2723 dictum
748 2702 794 2728 est,
807 2698 850 2723 ubi
860 2699 892 2724 de
901 2699 982 2732 gravi
994 2699 1100 2731 quidem
1115 2703 1141 2725 et
1155 2699 1206 2724 levi
1220 2699 1381 2725 determinat
1391 2700 1440 2725 hoc

374 2733 453 2758 modo
467 2736 493 2758 et
506 2733 595 2758 subdit
609 2734 625 2766 (
625 2734 771 2759 subditur?
772 2735 788 2766 )
802 2734 834 2759 de
846 2734 1020 2768 generatione
1029 2737 1055 2759 et
1068 2735 1241 2767 corruptione
1254 2738 1280 2760 et
1293 2735 1326 2760 de
1340 2738 1439 2760 natura

373 2775 464 2793 eorum
482 2776 549 2802 quae
568 2769 729 2794 naturaliter
742 2773 908 2803 generantur
926 2773 952 2795 et
970 2773 1188 2802 corrumpuntur,
1205 2771 1392 2796 universaliter
1404 2771 1439 2802 13;

373 2804 419 2828 sed
438 2811 468 2828 ex
487 2810 605 2829 contextu
630 2810 728 2830 certum
748 2810 787 2829 est
806 2805 861 2839 ipsa
880 2805 1026 2830 Aristotelis
1045 2806 1124 2831 verba
1142 2814 1190 2839 per
1208 2814 1230 2831 s.
1243 2806 1374 2831 Thomam
1400 2805 1440 2831 hic

373 2839 452 2864 citari.
476 2839 526 2864 Pro
546 2843 656 2869 natura,
676 2843 703 2865 et
722 2843 820 2865 natura
840 2841 923 2866 PCab.
950 2841 1029 2866 Iidem
1055 2849 1102 2874 pro
1126 2841 1238 2867 idest...
1257 2845 1438 2876 generantur,

372 2878 399 2899 et
417 2882 507 2900 eorum
526 2882 593 2908 quae
610 2879 782 2909 generantur,
796 2884 848 2901 non
862 2877 941 2908 bene;
961 2884 1021 2901 nam
1035 2877 1074 2901 vix
1087 2877 1195 2902 dubium
1209 2885 1268 2903 esse
1280 2883 1365 2910 potest
1378 2878 1439 2911 quin

373 2918 394 2935 s.
405 2910 521 2935 Thomas
540 2911 580 2936 hic
596 2912 721 2943 explicare
735 2912 847 2937 intendat
861 2912 940 2937 verba
953 2917 1037 2937 textus
1051 2913 1102 2937 τῶν
1120 2911 1193 2947 φύσει
1206 2912 1359 2948 γινομένων;
1379 2921 1439 2947 pro-

373 2951 460 2978 pterea
479 2946 589 2979 legimus
609 2947 677 2972 idest
696 2948 754 2972 loco
773 2951 806 2978 et,
827 2955 887 2972 cum
906 2948 937 2978 A,
953 2953 978 2972 et
991 2948 1111 2973 addimus
1131 2948 1293 2974 naturaliter
1305 2957 1335 2974 ex
1350 2950 1404 2974 AB.

426 2981 452 3014 γ)
462 2982 531 3007 alias
543 2989 645 3007 causas.
657 2996 671 3001 -
686 2983 754 3008 alias
768 2983 932 3017 differentias
947 2984 978 3008 A.
994 2997 1008 3003 -
1023 2984 1206 3017 generationis
1219 2987 1246 3009 et
1259 2984 1328 3010 alias
1341 2993 1395 3010 om.
1405 2985 1439 3015 135

374 3024 420 3048 pro
439 3018 480 3042 vel
498 3017 577 3042 etiam
598 3022 634 3048 ut,
654 3018 733 3043 etiam
754 3022 783 3043 ut
801 3019 832 3049 A,
851 3019 915 3051 quia
933 3019 1013 3044 etiam
1034 3022 1063 3044 ut
1081 3020 1116 3051 B;
1140 3027 1187 3052 pro
1206 3019 1367 3052 applicando
1386 3020 1440 3046 sin-

374 3051 444 3084 gulis
462 3053 602 3085 speciebus,
621 3054 782 3086 applicando
800 3054 956 3086 simpliciter
974 3054 1072 3087 species
1091 3055 1120 3079 B.

426 3087 450 3118 δ)
470 3092 496 3113 et
514 3088 639 3114 rationes.
657 3103 676 3108 -
694 3093 720 3114 et
742 3096 837 3115 causas
855 3093 881 3115 et
906 3090 1023 3115 rationes
1048 3090 1124 3115 PCab
1144 3098 1196 3115 non
1215 3090 1295 3120 bene,
1316 3098 1375 3116 curn
1394 3087 1440 3120 τάς

376 3130 401 3146 τε
421 3120 504 3153 αἰτίας
524 3132 602 3157 supra
621 3124 671 3149 iam
691 3125 845 3157 explicatum
865 3126 905 3150 sit.
919 3139 937 3144 -
955 3125 1048 3155 Quoad
1068 3126 1300 3151 determinandum
1319 3130 1366 3156 est,
1387 3127 1441 3151 ani-

375 3158 587 3184 madvertendum
606 3165 646 3185 est
664 3160 740 3185 etiam
760 3160 875 3185 codicem
890 3161 936 3186 Bk.
957 3161 977 3186 F
992 3161 1087 3186 addere
1104 3160 1255 3195 διοριστέον.
1274 3162 1324 3186 Pro
1339 3162 1380 3187 vel
1395 3169 1440 3195 ge-

377 3195 529 3223 nerationis,
548 3195 647 3220 scilicet
664 3196 845 3228 generationis
864 3197 893 3221 B.

429 3231 450 3262 ε)
472 3230 528 3262 ipsa
550 3230 663 3255 mobilia.
677 3245 696 3249 -
716 3231 773 3263 ipsa
796 3232 929 3256 moventia
948 3235 973 3257 et
993 3232 1099 3257 mobilia
1123 3233 1152 3262 B,
1174 3232 1231 3264 ipsa
1253 3240 1306 3257 om.
1328 3233 1441 3259 PCab.—

377 3265 467 3289 Statim
485 3273 532 3297 pro
550 3269 647 3295 autem,
663 3266 731 3291 enim
747 3267 789 3291 BC
795 3275 801 3297 ς
822 3275 869 3299 pro
883 3271 982 3292 natura
1002 3266 1105 3301 (φύσει),
1121 3268 1192 3300 quod
1207 3273 1341 3293 contextus
1356 3269 1440 3301 exigit,

378 3303 503 3325 naturam
522 3301 567 3325 AC
586 3305 611 3325 et
630 3301 696 3331 edd„
717 3305 827 3327 naturas
847 3303 881 3332 Β;
902 3310 949 3335 pro
969 3303 1001 3328 de
1019 3303 1192 3336 generatione
1211 3306 1237 3328 et
1254 3305 1439 3337 corruptione,

377 3335 575 3367 generationem
594 3339 620 3360 et
638 3337 834 3369 corruptionem
854 3338 939 3363 PCab.

430 3369 455 3402 ζ)
470 3371 615 3403 promittit.
629 3385 649 3390 -
662 3372 797 3403 praedicit
816 3373 847 3397 A.
861 3386 880 3391 —
893 3373 942 3398 Pro
966 3374 1221 3403 determinaturum,
1242 3374 1377 3400 dicturum
1397 3375 1439 3400 PC

339 3431 341 3434 ,
378 3405 419 3429 ab
438 3405 479 3430 hic
498 3411 522 3430 et
541 3411 645 3438 postea;
664 3410 690 3432 et
708 3412 767 3432 ante
785 3409 1002 3441 augmentatione
1020 3416 1073 3433 om.
1093 3410 1151 3435 edd.

431 3440 458 3472 η)
477 3441 686 3466 existimandum
706 3443 758 3473 (vel
777 3443 978 3475 recipiendum).
996 3458 1014 3462 —-
1033 3445 1211 3477 recipiendum
1231 3448 1279 3470 aut
1297 3445 1441 3471 aestiman-

379 3474 442 3499 dum
462 3476 491 3504 B,
510 3476 553 3508 qui
572 3476 668 3509 pergit:
688 3478 759 3509 quod
777 3482 876 3503 natura
894 3479 929 3504 sit
948 3479 1040 3504 eadem
1059 3481 1240 3512 generationis
1258 3484 1285 3506 et
1303 3481 1441 3506 alteratio-

380 3509 435 3539 nis,
456 3514 504 3535 aut
522 3514 629 3540 semota,
646 3512 714 3536 idest
733 3513 865 3543 distincta,
887 3517 915 3538 ut
930 3514 968 3539 ita
980 3514 1078 3540 scilicet
1093 3515 1201 3549 differat
1215 3516 1320 3542 ratione
1334 3519 1441 3547 natura,

379 3544 446 3570 sicut
466 3546 651 3576 determinata,
667 3547 735 3572 idest
753 3548 887 3577 distincta,
903 3549 1060 3575 nominibus.
1079 3551 1257 3583 Antiquorum
1273 3551 1378 3584 quidem
1393 3556 1442 3578 etc.

380 3580 433 3605 Hic
452 3581 625 3612 Philosophus
641 3583 812 3614 prosequitur
831 3591 906 3608 suum
921 3586 1090 3616 propositum
1105 3591 1154 3611 etc.
1168 3587 1233 3611 Edd.
1246 3594 1294 3619 pro
1307 3590 1442 3613 semota...

380 3615 514 3649 differant,
530 3616 624 3641 habent
642 3621 743 3642 semota
758 3618 884 3643 distincta
902 3620 999 3644 scilicet
1014 3621 1156 3654 differant5
1177 3622 1197 3646 C
1216 3629 1278 3646 vero
1296 3626 1397 3647 semota
1417 3627 1443 3648 et

379 3650 507 3676 distincta
526 3651 549 3676 si
567 3651 708 3684 differant;
727 3660 805 3685 porro
830 3657 891 3678 sunt
910 3654 986 3686 (ante
1011 3656 1204 3688 determinata)
1230 3662 1290 3689 post
1315 3658 1442 3683 distincta

875 297 946 333 DE
977 293 1364 332 GENERATIONE
1393 292 1464 328 ET
1495 289 1878 326 CORRUPTIONE
1909 289 2003 324 LIB.
2035 289 2048 324 I

1494 380 1582 405 cum
1616 367 1828 405 differentia
1857 367 2058 404 constituat
2086 366 2255 416 speciem
2275 366 2307 414 ²¹³,
2337 379 2417 404 non
2435 375 2565 416 posset

1493 421 1578 458 sciri
1605 421 1761 470 propria
1789 421 1883 458 ratio
1913 420 2166 469 generationis
2196 427 2232 456 et
2261 420 2512 470 corruptionis
2531 421 2562 469 ³³²,

1491 475 1567 512 hoc
1595 475 1780 522 ignorato.
1803 474 1982 511 Secundo
2004 473 2231 511 determinat
2251 473 2298 510 de
2319 474 2563 521 generatione

1493 536 1529 564 et
1558 527 1880 576 consequentibus
1909 527 2089 573 motibus,
2110 526 2182 564 ibi:
2208 527 2479 564 Universaliter
2497 528 2564 565 ita-

1492 593 1564 630 que
1582 582 1628 618 de
1646 581 1892 631 generatione
1909 581 1930 603 '¹‘
1949 588 2022 618 etc.
2047 581 2158 618 Circa
2176 580 2347 629 primum
2370 580 2442 617 tria
2460 581 2563 619 facit:

1491 635 1617 683 primo
1646 634 1755 683 ponit
1782 634 1952 672 diversas
1972 634 2176 671 sententias
2195 633 2442 681 antiquorum
2467 634 2566 671 circa

1493 688 1746 725 differentiam
1766 694 1773 708 ‘
1792 688 2048 736 generationis
2068 695 2104 724 et
2122 687 2369 734 alterationis;
2395 689 2564 725 secundo

1493 742 1680 779 rationem
1702 741 1928 778 diversitatis
1947 741 2124 789 assignat,
2146 741 2215 778 ibi:
2241 741 2476 789 Quicumque
2495 742 2565 792 igi-

1492 801 1554 832 tur
1571 795 1591 816 ³¹⁵
1611 802 1704 840 ete.,
1733 794 1842 831 tertio
1872 794 2060 832 rationem
2086 794 2316 843 assignatam
2337 794 2564 844 manifestat,
2594 806 2603 814 ·

1492 848 1564 885 ibi:
1593 848 1839 896 Empedocles
1868 849 2017 897 quidem
2046 849 2146 885 enim
2165 849 2185 870 ‘¹‘
2206 856 2276 886 etc.

1546 901 1646 939 Dicit
1683 913 1772 949 ergo
1814 901 1941 950 primo
1983 903 2090 950 quod
2126 902 2284 951 quidam
2322 901 2566 951 antiquorum

1492 955 1811 1004 philosophorum
1846 955 2021 992 dixerunt
2055 956 2162 1003 quod
2198 955 2261 993 illa
2298 967 2397 1004 quae
2432 955 2567 993 dicitur

1491 1008 1652 1057 simplex
1674 1007 1878 1056 generatio,
1905 1007 2002 1045 idest
2025 1009 2216 1056 absoluta,
2247 1016 2304 1046 est
2330 1009 2434 1048 idem
2459 1009 2567 1057 quod

1493 1062 1684 1100 alteratio:
1714 1062 1776 1098 alii
1802 1074 1896 1099 vero
1928 1061 2102 1099 dixerunt
2121 1062 2224 1100 aliud
2252 1075 2335 1100 esse
2355 1063 2566 1111 generatio-

1493 1128 1582 1153 nem
1611 1115 1823 1164 simplicem
1854 1123 1889 1152 et
1917 1115 2190 1153 alterationem.

1549 1171 1583 1206 3.
1605 1169 1753 1206 Deinde
1774 1181 1863 1205 cum
1884 1168 1988 1205 dicit:
2014 1169 2249 1217 Quicumque
2267 1169 2385 1219 igitur
2404 1177 2486 1217 ete.,
2508 1181 2566 1206 as-

1494 1223 1615 1271 signat
1643 1222 1829 1260 rationem
1864 1222 2088 1260 diversitatis
2120 1222 2349 1271 praedictae.
2385 1224 2435 1260 Et
2468 1222 2568 1260 circa

1493 1277 1568 1313 hoc
1583 1276 1652 1313 tria
1671 1276 1768 1313 facit.
1785 1275 1917 1313 Primo
1933 1275 2098 1324 assignat
2117 1276 2306 1313 rationem
2322 1288 2439 1325 quare
2450 1275 2470 1298 ’¹‘
2484 1275 2567 1325 qui-
2595 1285 2605 1295 ·

1495 1331 1583 1367 dam
1602 1338 1813 1378 posuerunt
1831 1329 2118 1378 generationem
2135 1329 2349 1379 simplicem
2365 1342 2448 1367 esse
2462 1329 2567 1367 idem

1494 1383 1599 1433 quod
1615 1383 1890 1420 alterationem.
1908 1384 2079 1420 Fuerunt
2094 1383 2196 1420 enim
2211 1383 2371 1432 quidam
2381 1383 2402 1406 '¹‘
2416 1383 2482 1433 qui
2496 1395 2567 1433 po-

1494 1444 1652 1474 suerunt
1678 1449 1801 1474 unum
1822 1449 1905 1474 esse
1924 1437 2154 1486 principium
2176 1436 2371 1474 materiale
2390 1436 2567 1475 omnium

1495 1502 1634 1537 rerum,
1650 1498 1743 1539 puta
1763 1503 1904 1539 aquam
1919 1491 1981 1527 vel
1996 1503 2125 1527 aerem
2144 1491 2207 1528 vel
2221 1490 2350 1539 ignem
2363 1491 2426 1528 vel
2445 1502 2566 1541 vapo-

1495 1556 1576 1581 rem
1601 1550 1634 1590 κ;
1657 1551 1694 1581 et
1722 1556 1810 1581 cum
1839 1544 1914 1580 hoc
1941 1552 2153 1593 posuerunt
2184 1544 2291 1594 quod
2324 1544 2484 1582 materia
2513 1551 2569 1582 est

1494 1605 1573 1634 tota
1592 1597 1799 1634 substantia
1819 1597 1891 1644 rei;
1913 1610 1958 1634 ex
1978 1610 2055 1646 quo
2077 1597 2247 1646 sequitur
2265 1598 2373 1646 quod
2392 1598 2567 1636 substan-

1494 1651 1545 1687 tia
1564 1651 1618 1687 rei
1637 1663 1790 1700 semper
1804 1658 1978 1696 maneat;
1999 1658 2036 1687 et
2053 1650 2142 1688 ideo
2162 1651 2355 1699 generatio
2370 1651 2410 1689 in
2429 1663 2468 1688 re
2487 1662 2574 1689 non'

1496 1704 1621 1741 differt
1640 1705 1688 1741 ab
1709 1703 1941 1742 alteratione.
1963 1705 2012 1741 Et
2032 1705 2106 1741 hoc
2135 1712 2191 1742 est
2209 1704 2315 1754 quod
2335 1704 2444 1743 dicit:
2472 1704 2567 1752 Qui-

1495 1770 1663 1806 cumque
1684 1757 1813 1795 dicunt
1827 1769 1950 1804 omne,
1970 1757 2067 1794 idest
2084 1758 2321 1806 universum,
2343 1770 2426 1796 esse
2444 1769 2567 1796 unum

1495 1811 1709 1848 secundum
1739 1810 1972 1848 materialem
1992 1811 2263 1859 substantiam,
2286 1819 2322 1848 et
2341 1811 2473 1849 omnia
2498 1823 2567 1862 ge-

1495 1870 1641 1910 nerant,
1661 1864 1759 1901 idest
1787 1868 1962 1912 causant,
1977 1876 2023 1901 ex
2046 1876 2125 1901 uno
2153 1864 2340 1914 principio
2369 1864 2566 1913 materiali,

1495 1918 1553 1954 his
1582 1930 1738 1955 necesse
1768 1925 1823 1954 est
1852 1916 1975 1954 dicere
1995 1915 2008 1938 λ
2031 1917 2137 1966 quod
2166 1917 2360 1966 generatio
2389 1918 2435 1956 sit
2462 1917 2567 1957 idem

1495 1971 1601 2020 quod
1625 1970 1810 2017 alteratio;
1833 1978 1869 2007 et
1888 1970 1995 2019 quod
2023 1970 2126 2008 idem
2147 1971 2194 2008 sit
2212 1971 2355 2021 aliquid
2372 1972 2567 2021 principa-

1494 2024 1588 2071 liter,
1618 2024 1714 2062 idest
1743 2023 1972 2073 simpliciter,
2003 2024 2096 2071 fieri,
2128 2032 2164 2062 et
2191 2025 2350 2062 alterari.

1547 2090 1584 2125 4.
1608 2078 1786 2115 Secundo
1817 2089 1905 2114 cum
1926 2077 2034 2115 dicit:
2069 2078 2305 2128 Quicumque
2327 2084 2453 2117 autem
2482 2085 2566 2128 ete.,

1478 2129 1658 2179 'assignat
1691 2131 1878 2168 rationem
1911 2143 2030 2181 quare
2063 2131 2222 2181 quidam
2254 2139 2467 2182 posuerunt
2499 2131 2568 2171 dif-

1493 2185 1590 2222 ferre
1605 2192 1625 2212 ¹⁴
1639 2184 1923 2233 generationem
1940 2192 1976 2222 et
1990 2185 2264 2224 alterationem.
2282 2186 2454 2224 Fuerunt
2467 2186 2568 2224 enim

1494 2238 1650 2287 quidam
1669 2238 1888 2287 philosophi
1908 2246 2096 2287 ponentes
2114 2238 2224 2288 plura
2244 2239 2430 2289 principia
2448 2247 2568 2277 mate-

1494 2291 1614 2339 rialia,
1646 2304 1691 2328 ex
1719 2304 1885 2340 quorum
1921 2292 2213 2340 congregatione
2243 2300 2279 2330 et
2307 2292 2568 2342 segregatione

1494 2345 1670 2383 dicebant
1699 2345 1829 2382 omnia
1858 2346 1939 2383 fieri
1969 2353 2004 2382 et
2033 2346 2237 2396 corrumpi.
2273 2347 2322 2384 Et
2354 2346 2568 2385 secundum

1493 2399 1568 2436 hoc
1594 2399 1929 2447 congregationem
1957 2399 2134 2437 dicebant
2153 2412 2236 2437 esse
2261 2400 2566 2449 generationem,

1494 2460 1530 2490 et
1567 2453 1869 2500 segregationem
1911 2452 2194 2502 corruptionem
2229 2459 2265 2490 ἐ
2305 2453 2567 2492 alterationem

1494 2513 1623 2542 autem
1652 2506 1830 2543 dicebant
1857 2505 1941 2543 fieri
1966 2518 2035 2555 per
2052 2507 2376 2556 qualemcumque
2400 2507 2567 2557 partium

1492 2669 1593 2697 ponunt
1610 2664 1695 2690 PCab.
1713 2678 1732 2683 -
1750 2664 1844 2695 Quoad
1862 2664 2075 2690 existimandum
2090 2665 2148 2696 (vel
2165 2665 2377 2697 recipiendum),
2398 2666 2568 2692 animadverti

1492 2705 1579 2732 potest
1597 2700 1623 2724 in
1649 2700 1737 2725 codice
1761 2700 1889 2725 versionis
1908 2701 2054 2726 Aristotelis
2080 2700 2258 2727 ottoboniano
2284 2709 2310 2726 n.
2334 2700 2409 2734 1587,
2435 2709 2484 2735 pro
2501 2701 2568 2736 quid

1493 2738 1635 2768 utrumque
1644 2736 1679 2761 sit
1688 2739 1714 2761 et
1725 2739 1814 2760 utrum
1829 2735 2050 2765 existimandum,
2066 2736 2115 2770 legi
2126 2736 2191 2769 quid
2202 2739 2344 2770 utrumque
2353 2737 2566 2763 existimandum

1493 2774 1519 2796 et
1538 2775 1628 2796 utrum
1647 2771 1853 2804 suscipiendum.

1546 2805 1571 2839 θ)
1587 2807 1708 2832 motibus.
1722 2821 1740 2825 —
1753 2807 1811 2832 Hoc
1831 2815 1884 2832 om.
1897 2807 1982 2837 PCab,
2004 2807 2050 2832 sed
2070 2807 2176 2833 inferius
2195 2807 2300 2834 habent.
2314 2821 2333 2827 -
2345 2808 2522 2842 generatione
2539 2811 2568 2834 et

1493 2850 1547 2867 om.
1560 2843 1596 2873 A;
1616 2843 1805 2867 elementorum
1824 2850 1878 2867 om.
1893 2843 1929 2874 B;
1949 2851 1996 2875 pro
2015 2846 2041 2868 et
2059 2843 2116 2874 hoc,
2136 2846 2166 2868 ut
2184 2844 2215 2869 A.

1547 2878 1565 2911 ι)
1579 2878 1767 2911 differentiam.
1776 2893 1794 2897 —
1807 2879 1986 2912 definitionem
1997 2879 2028 2908 A,
2043 2884 2168 2904 renuente
2184 2884 2306 2905 contextu
2314 2887 2322 2910 ;
2337 2879 2504 2914 differentias
2516 2879 2566 2906 ea.

1494 2914 1514 2938 B
1533 2922 1586 2938 om.
1604 2914 1682 2939 Circa
1695 2915 1815 2946 primum
1836 2914 1891 2939 tria
1902 2915 2003 2948 facit...
2016 2914 2180 2947 Quicumque
2199 2915 2284 2949 igitur
2301 2919 2351 2941 etc.

1547 2950 1572 2982 κ)
1593 2950 1633 2974 vel
1652 2957 1786 2982 vaporem.
1799 2963 1817 2969 -·
1830 2950 1887 2975 Hoc
1905 2958 1959 2975 om.
1974 2950 2064 2979 PCab,
2084 2951 2131 2975 sed
2150 2950 2182 2976 cf.
2197 2951 2300 2976 eornm.
2316 2951 2342 2976 in
2361 2951 2474 2984 Phys.1‚
2492 2958 2520 2982 n,
2541 2958 2567 2980 α,

1494 2990 1519 3009 et
1538 2985 1577 3014 111,
1596 2992 1651 3015 vin,
1670 2985 1696 3010 8.
1715 2998 1733 3005 -
1751 2986 1801 3010 Pro
1820 2988 1846 3010 et
1864 2993 1924 3011 cum
1943 2986 2000 3016 hoc,
2019 2989 2046 3011 et
2064 2986 2145 3011 etiam
2164 2986 2232 3016 edd„
2248 2986 2330 3012 etiam
2349 2987 2379 3012 C.
2397 3000 2416 3006 —
2435 2986 2487 3012 Pro
2504 2986 2566 3012 sub-

1493 3021 1595 3045 stantia
1614 3021 1660 3050 rei,
1680 3021 1857 3046 substantiam
1878 3028 1967 3046 rerum
1986 3022 2015 3052 B,
2035 3021 2175 3055 generatio
2194 3022 2233 3047 Ca
2252 3021 2332 3054 salso;
2351 3022 2375 3047 A
2393 3030 2447 3048 om.
2461 3029 2500 3048 ex
2512 3028 2565 3056 quo

1494 3056 1613 3089 sequitur
1631 3056 1703 3088 quod
1720 3056 1870 3082 substantia
1889 3057 1943 3086 rei,
1964 3057 2035 3090 quod
2054 3062 2094 3082 est
2113 3057 2309 3083 homoteleuton
2329 3058 2354 3083 in
2373 3058 2483 3084 lectione
2500 3057 2530 3083 P.
2547 3070 2569 3076 -

1495 3092 1545 3116 Pro
1563 3092 1702 3125 generatio
1723 3092 1748 3116 in
1769 3099 1798 3117 re
1817 3099 1869 3117 non
1886 3092 1984 3126 differt,
1999 3093 2139 3126 generatio
2158 3100 2248 3119 rerum
2264 3093 2355 3127 differt
2367 3094 2399 3124 A,
2413 3093 2460 3119 sed
2474 3100 2566 3126 margo

1494 3127 1571 3152 habet
1590 3134 1658 3156 non,·
1676 3128 1697 3152 B
1716 3135 1770 3152 om.
1785 3128 1811 3152 in
1832 3135 1869 3153 re.

1547 3161 1575 3195 λ)
1596 3163 1631 3187 Et
1650 3163 1699 3188 hoc
1716 3166 1788 3188 est...
1803 3170 1906 3188 necesse
1928 3167 1968 3189 est
1993 3164 2090 3189 dicere.
2108 3178 2127 3183 -
2145 3164 2193 3190 Ed.
2212 3171 2230 3189 a
2248 3164 2356 3190 confuse
2375 3169 2401 3190 et
2425 3168 2565 3197 corrupte:

1495 3198 1554 3223 Hoc
1572 3201 1612 3223 est
1629 3199 1702 3231 quod
1720 3199 1797 3228 dicit,
1817 3199 1974 3232 quicumque
1993 3199 2086 3225 dicunt
2104 3207 2182 3225 omne
2201 3200 2353 3226 universum
2371 3203 2413 3226 est
2425 3200 2494 3226 idm
2507 3206 2565 3225 ma-

1495 3234 1614 3259 terialem
1633 3234 1809 3259 substantiam
1828 3235 1875 3260 sed
1890 3235 1949 3268 (pro
1961 3235 2115 3268 secundum)
2132 3243 2213 3261 unum
2227 3239 2254 3261 et
2266 3235 2356 3262 omnia
2368 3238 2483 3269 generat
2496 3235 2567 3261 idest

1494 3272 1588 3294 causat
1606 3277 1643 3294 ex
1663 3277 1715 3294 uno
1735 3270 1869 3295 materiali
1883 3270 2027 3303 principio,
2041 3271 2082 3296 his
2101 3278 2204 3296 necesse
2222 3278 2277 3296 esse
2295 3274 2335 3296 est
2353 3271 2442 3297 dicere
2447 3279 2457 3302 ‚¹
2475 3270 2565 3296 confu-

1495 3306 1567 3330 sione
1587 3305 1687 3330 sublata
1702 3310 1727 3330 et
1742 3306 1869 3339 corruptis
1889 3307 2019 3336 correctis.
2039 3311 2127 3331 nostra
2146 3306 2258 3331 habetur
2276 3306 2358 3337 lectio.
2379 3314 2447 3340 quae
2465 3310 2506 3332 est
2521 3313 2565 3331 co-

1495 3341 1556 3365 dicis
1576 3341 1606 3371 B,
1620 3341 1667 3365 nisi
1681 3341 1753 3374 quod
1766 3341 1808 3366 hic
1823 3346 1883 3374 post
1896 3341 1988 3367 dicunt
2002 3341 2072 3367 addit
2085 3341 2164 3374 quod.
2186 3342 2208 3367 A
2222 3342 2363 3375 corrumpit
2376 3348 2454 3367 omne
2467 3341 2493 3367 in
2504 3343 2564 3370 etc..

1495 3384 1542 3409 pro
1561 3383 1616 3401 esse
1635 3376 1695 3408 legit
1714 3380 1761 3406 est,
1781 3382 1806 3402 et
1826 3385 1873 3410 pro
1891 3381 2023 3411 generant
2042 3378 2110 3402 idest
2128 3381 2254 3408 causant,
2274 3377 2402 3411 generari
2415 3377 2485 3404 idest
2501 3383 2565 3402 cau-

1493 3412 1550 3436 sari
1555 3418 1563 3440 ,·
1583 3412 1611 3442 C,
1627 3411 1751 3446 incipiens
1765 3417 1793 3437 ut
1806 3420 1862 3442 nos,
1883 3413 2064 3446 prosequitur:
2081 3413 2233 3438 uniuersum
2247 3420 2303 3438 esse
2317 3412 2484 3439 materialem
2503 3412 2564 3438 sub-

1494 3447 1622 3472 stantiam
1635 3451 1661 3472 et
1675 3447 1765 3472 omnia
1784 3455 1821 3473 ex
1836 3455 1889 3473 uno
1901 3451 2032 3482 generant
2051 3452 2113 3479 etc.;
2129 3449 2173 3477 Pb,
2190 3449 2340 3482 incipientes
2354 3453 2383 3474 ut
2397 3455 2423 3479 a,
2522 3452 2550 3472 nt
2559 3455 2569 3472 a

1496 3483 1647 3508 universum
1666 3490 1722 3508 esse
1741 3491 1822 3512 unum
1838 3484 1907 3509 idest
1926 3483 2130 3509 immaterialem
2149 3484 2328 3510 substantiam
2342 3489 2391 3510 etc.
2409 3483 2500 3510 Lectio
2519 3483 2565 3508 ud-

1494 3523 1582 3550 optata
1601 3518 1625 3542 in
1641 3526 1670 3543 se
1684 3519 1753 3544 clara
1772 3523 1823 3550 est,
1843 3519 1963 3544 convenit
1978 3519 2055 3544 textui
2070 3519 2226 3551 Aristotelis,
2246 3525 2271 3545 et
2289 3521 2389 3545 clavem
2407 3518 2515 3553 praebet
2533 3517 2566 3543 ad

1495 3553 1688 3585 intelligendam
1708 3554 1845 3579 lectionem
1864 3562 1889 3579 a.

1549 3589 1577 3622 μ)
1598 3589 1715 3622 differre.
1727 3602 1746 3609 —-
1759 3589 1923 3623 differentem
1941 3590 2025 3615 PCab.
2037 3604 2056 3609 —
2069 3590 2132 3615 Post
2146 3590 2209 3615 duas
2225 3590 2305 3616 lineas
2324 3597 2372 3623 pro
2390 3589 2480 3615 omnia
2492 3587 2565 3622 fieri,

1495 3624 1598 3656 aliquid
1611 3625 1678 3657 fieri
1696 3625 1748 3655 AB,
1768 3632 1799 3649 ea
1810 3625 1877 3658 fleri
1895 3625 1958 3650 Cab-

1551 3660 1574 3692 ν)
1596 3659 1739 3685 secundum
1759 3660 1853 3685 hoc...
1872 3661 2080 3693 corruptionem.
2097 3674 2116 3680 -
2134 3660 2277 3686 secundum
2297 3660 2346 3687 hoc
2364 3659 2486 3685 dicebant
2503 3665 2565 3685 con-

2593 372 2601 380 ·
2617 371 2707 398 species
2721 375 2744 394 ιτ.

2593 425 2601 433 ·
2613 426 2636 445 et
2646 425 2782 453 corruption

2592 456 2641 472 om.
2655 457 2678 472 Α.

2591 589 2603 600 ”
2617 589 2681 611 Lect.
2697 595 2729 612 111.

2619 804 2691 826 Num.
2704 810 2754 833 seq·

2595 859 2604 868 ·
2619 857 2691 880 Num.
2701 857 2724 880 6.

2620 1290 2667 1313 qua
2682 1285 2719 1307 ed.
2734 1291 2759 1308 a.

2595 1395 2604 1405 ·
2620 1393 2716 1422 quidam
2726 1400 2775 1417 om.
