2554 4062
2296 288 2379 315 XXXI

171 369 226 400 ·ex
258 357 439 399 humido
475 363 517 398 et
539 356 655 398 sicco
685 361 892 409 tanquam
926 367 980 395 ex
1013 354 1202 403 materia,
1220 354 1449 402 humidum
1483 368 1590 396 vero
1615 356 1847 396 conveniat
1875 356 2015 410 primo
2049 371 2190 412 aquae
2223 366 2264 400 et
2297 360 2380 401 sic-

170 434 269 462 cum
303 426 462 469 terrae,
495 423 815 472 consequenter
849 417 987 471 capite
1020 416 1190 458 decimo
1225 417 1406 458 instituit
1439 423 1481 458 et
1514 418 1647 459 solvit
1679 419 2000 472 quaestionem,
2034 433 2258 474 quaenam*
2283 436 2378 463 cor-

168 494 278 538 pora
311 495 453 538 aquea
479 480 663 523 dicenda
696 479 782 520 sint
819 485 862 520 et
892 492 1108 533 quaenam
1138 485 1286 520 terrea.
1323 480 1529 521 Similiter
1551 480 1688 536 capite
1719 482 1917 535 sequenti
1953 482 2143 523 ostendit
2165 497 2379 537 quaenam

170 546 256 587 sint
287 545 444 602 frigida
477 550 519 585 et
552 542 711 590 calida,
761 555 814 583 eo
845 541 968 596 quod
1001 542 1124 596 ponit
1157 542 1291 583 mixta
1333 543 1535 584 constitui
1570 557 1595 584 a
1636 543 1776 584 calido
1817 544 1887 584 vel
1926 543 2083 599 frigido
2117 551 2323 600 tanquam
2354 562 2380 589 a

170 622 302 650 causa
341 607 552 649 efficiente
591 605 832 646 coniuncta.
870 604 1035 646 Ultimo
1065 611 1209 645 autem
1244 605 1382 659 capite
1416 606 1543 646 tradit
1582 606 1810 660 quomodo
1846 620 1900 647 ex
1939 607 2187 662 praemissis
2212 622 2378 664 cogno-

169 685 290 713 scere
323 682 560 726 possumus
595 673 791 708 naturam
826 667 1115 708 universalem
1150 680 1401 721 corporum,
1435 669 1687 722 praesertim
1726 668 2165 719 homoeomerorum;
2201 684 2254 712 ex
2289 686 2377 726 quo

170 733 362 775 ostendit
394 745 555 774 nexum
588 730 699 772 inter
731 730 844 771 hunc
878 730 1034 770 librum
1070 735 1112 770 et
1145 736 1482 783 consequentes,
1515 731 1558 771 in
1591 732 1751 786 quibus
1786 745 2018 786 corporum
2051 738 2143 773 tum
2177 733 2379 776 similium

169 802 261 838 tum
297 794 570 836 dissimilium
603 792 788 848 partium
824 798 1020 833 naturam
1054 792 1096 833 in
1131 792 1372 846 particulari
1407 792 1650 849 investigat.

295 858 365 899 III.
400 858 475 899 DE
508 868 666 898 OPERIS
699 867 978 903 AUTHENTIA,
1004 867 1063 895 ET
1096 867 1158 895 DE
1191 866 1362 896 ORDINE
1389 867 1560 905 QUARTI
1587 868 1703 896 eru
1726 869 1787 896 AD
1815 869 1948 898 Amos
1970 868 2209 898 SCIENTIAE
2229 871 2376 900 NATU-

167 932 298 962 RALIS
331 931 547 962 L113Ros.-
571 918 719 960 Refert
753 917 1098 973 Olympiodorus
1133 917 1174 958 in
1209 917 1418 972 principio
1453 918 1519 959 sui
1554 919 1880 967 commentarii,
1910 919 2031 974 quod
2070 920 2196 961 huius
2235 922 2378 975 operis

176 1003 190 1020 ‹
216 983 395 1038 quidam
430 982 625 1024 nothiam
660 987 703 1022 et
735 980 1019 1022 adulterinam
1054 980 1222 1036 prolem
1257 980 1353 1021 libri
1387 980 1511 1035 primi
1536 980 1925 1023 condemnarunt...
1959 983 2150 1023 Rursum
2183 984 2376 1038 spurium

169 1046 298 1088 etiam
331 1051 374 1087 et
407 1045 589 1086 nothum
623 1057 721 1085 esse
756 1043 950 1084 dictitant
981 1043 1136 1084 librum
1167 1043 1239 1097 qui
1263 1049 1365 1097 post
1385 1043 1570 1098 primum
1594 1049 1660 1084 est
1682 1043 1764 1096 (ed.
1790 1044 1895 1084 infra
1917 1044 2020 1099 cit).
2046 1062 2060 1081 ›
2091 1044 2182 1086 Sed
2206 1051 2249 1086 et
2270 1046 2380 1087 inter

166 1108 420 1165 posterioris
443 1108 539 1149 aevi
562 1107 807 1162 scriptores,
832 1120 920 1147 non
945 1105 1172 1147 defuerunt
1193 1105 1267 1159 qui
1291 1105 1719 1160 Meteorologicorum
1741 1107 2004 1147 authentiam
2027 1114 2247 1163 negarent.
2274 1109 2377 1150 Non

168 1177 236 1213 est
267 1171 397 1230 officii
431 1170 567 1212 nostri
594 1170 637 1210 in
663 1170 742 1210 hac
775 1169 1031 1224 quaestione
1066 1168 1298 1216 immorari,
1323 1168 1572 1222 praesertim
1604 1182 1702 1209 cum
1727 1169 1888 1209 nullum
1922 1169 2111 1210 solidum
2144 1184 2376 1226 argumen-

167 1232 261 1276 tu‘m
296 1240 446 1275 contra
483 1232 851 1274 authenticitatem
890 1232 1046 1272 horum
1086 1230 1296 1271 librorum
1335 1230 1476 1271 soleat
1514 1231 1664 1271 afferri.
1709 1231 1862 1272 Solum
1901 1232 2234 1283 transcribimus,
2265 1247 2376 1288 quae

167 1295 440 1352 Philoponus
473 1296 606 1337 habet
639 1295 679 1336 in
715 1294 944 1350 prooemio
968 1293 1023 1334 ad
1047 1306 1175 1334 suum
1211 1293 1584 1334 commentarium:
1621 1311 1635 1330 ‹<
1662 1293 1752 1335 Sed
1787 1306 1927 1348 neque
1962 1294 2016 1335 de
2049 1295 2241 1351 legitima
2271 1309 2376 1338 con-
2428 1311 2432 1313 >

168 1359 332 1402 ditione
372 1359 508 1414 ipsius
543 1358 688 1413 operis
727 1356 968 1412 quidquam
1001 1355 1247 1410 ambigitur,
1283 1355 1327 1396 id
1360 1369 1550 1410 namque
1584 1356 1696 1397 illico
1739 1370 1792 1397 ex
1832 1357 2059 1411 prooemio
2101 1358 2375 1400 manifestum

167 1421 373 1464 redditur.
412 1422 525 1463 Cum
566 1419 680 1461 enim
721 1419 878 1461 doceat
919 1418 1030 1459 hanc
1074 1417 1343 1472 disciplinam
1383 1431 1480 1459 cum
1515 1419 1690 1473 reliquis
1728 1419 1818 1459 suis
1851 1419 2147 1461 voluminibus
2189 1420 2376 1462 ordinari

168 1484 519 1539 continuarique,
554 1488 685 1538 prout
718 1482 914 1523 doctrina
946 1481 1041 1536 ipsa
1074 1493 1216 1521 rerum
1251 1481 1424 1537 exigere
1458 1481 1640 1530 videtur,
1675 1494 1828 1522 omnes
1863 1495 1974 1535 quae
2009 1482 2064 1523 ab
2099 1482 2195 1537 ipso
2235 1483 2376 1524 editae

168 1547 526 1602 conscriptaeque
560 1545 615 1586 de
649 1550 801 1586 natura
833 1543 1083 1598 disciplinae
1117 1543 1303 1592 fuerunt,
1338 1543 1461 1584 brevi
1495 1544 1692 1584 oratione
1726 1543 1927 1598 repetitas
1961 1544 2221 1599 iteratasque
2256 1558 2376 1586 com-

165 1609 385 1666 plectitur:
420 1608 580 1664 quibus
614 1607 724 1649 hanc
748 1613 1020 1662 praesentem
1044 1605 1196 1647 ordine
1231 1619 1328 1647 esse
1361 1606 1616 1661 proximam,
1653 1612 1694 1647 et
1728 1606 1843 1660 ipsas
1878 1607 2099 1661 consequi,
2134 1613 2175 1648 et
2203 1621 2300 1648 cum
2325 1608 2376 1649 iis

166 1679 337 1715 misum
371 1684 485 1727 quae
518 1677 620 1726 post
653 1670 791 1726 ipsam
826 1675 1137 1711 consecuturae
1171 1675 1282 1718 sunt,
1317 1669 1426 1710 hanc
1450 1682 1548 1710 esse
1570 1669 1844 1710 coniunctam
1879 1669 2079 1710 ostendit.
2117 1669 2287 1722 Quibus
2323 1683 2377 1711 ex

167 1735 299 1778 rebus
337 1740 380 1776 et
411 1734 606 1790 legitima
639 1733 832 1775 conditio
866 1732 1045 1774 huiusce
1079 1731 1331 1787 disciplinae
1365 1738 1407 1773 et
1440 1732 1510 1772 lex
1544 1737 1586 1772 et
1619 1732 1729 1772 ordo
1770 1731 1904 1786 ipsius
1946 1732 2153 1787 cognosci
2192 1739 2378 1787 possunt

167 1795 542 1854 <Olympiodorim
580 1796 621 1837 in
655 1797 854 1854 Meteora
887 1795 1018 1836 Arist.
1055 1794 1388 1836 Commentarii:
1423 1794 1599 1835 Ioannis
1630 1793 1908 1835 Grammatici
1935 1794 2165 1848 Philoponi
2200 1795 2377 1836 Scholia

165 1860 250 1903 inl
274 1861 520 1902 Meteorum
545 1858 811 1900 Aristotelis:
843 1859 1005 1899 Ioanne
1029 1857 1223 1911 Baptista
1247 1857 1449 1898 Camotio
1474 1857 1715 1912 interprete.
1741 1856 1936 1897 Venetiis
1968 1856 2112 1911 1551).
2138 1875 2150 1892 »
2182 1881 2201 1888 -
2224 1857 2375 1899 Videri

166 1929 313 1980 potest
345 1922 602 1964 Ludovicus
635 1921 775 1963 Ideler
807 1934 937 1976 supra
960 1919 1170 1968 laudatus,
1195 1920 1269 1974 qui
1292 1920 1441 1968 Praef.,
1467 1922 1490 1971 ξ
1522 1933 1554 1968 1,
1580 1933 1678 1975 pag.
1703 1932 1759 1968 vx,
1785 1919 2213 1973 Meteorologzkorum
2242 1920 2376 1961 libros

167 1985 393 2029 Aristoteli
425 1985 628 2033 vindicat,
664 1997 714 2025 ac
747 1983 1096 2025 adversariorum
1131 1988 1386 2038 argumenta
1420 1982 1630 2024 dissolvit.

293 2047 500 2091 Similiter
531 2048 720 2089 alienum
756 2053 822 2088 est
853 2060 879 2087 a
912 2058 1051 2100 scopo
1086 2051 1237 2086 nostro
1279 2045 1523 2100 expendere
1558 2044 1878 2099 quaestionem,
1920 2057 2031 2098 quae
2066 2046 2233 2086 moveri
2266 2045 2378 2086 solet

169 2111 224 2154 de
258 2112 357 2153 loco
385 2124 518 2166 quem
552 2110 661 2151 inter
694 2108 942 2151 Aristotelis
976 2108 1134 2163 scripta
1166 2108 1347 2163 physica
1383 2108 1580 2149 obtinere
1615 2107 1747 2148 debet
1769 2113 1946 2161 quartus
1980 2107 2218 2161 praesentis
2245 2121 2375 2163 argu-

168 2173 301 2216 menti
335 2173 455 2214 liber.
490 2172 741 2214 Alexander
775 2171 895 2225 (sive
928 2171 1283 2226 Aphrofflsaeus,
1321 2170 1416 2211 sive
1449 2176 1496 2211 ut
1540 2170 1633 2211 aliis
1676 2171 1835 2225 placet,
1876 2170 2076 2225 Aegeus)
2111 2175 2208 2211 ante
2253 2183 2375 2210 suam

170 2235 585 2278 commentationem
618 2235 661 2275 in
695 2234 810 2275 hunc
843 2233 1018 2281 librum,
1057 2239 1313 2288 sequentem
1347 2233 1771 2274 animadversionem
1805 2232 1944 2286 ponit:
1977 2249 1991 2268 ε
2015 2232 2148 2273 Liber
2180 2232 2266 2281 hic,
2301 2233 2375 2287 qui

169 2305 349 2354 quartus
382 2297 628 2339 inscribitur
659 2296 1090 2350 Meteorologicorum
1124 2295 1384 2344 Aristotelis,
1417 2295 1663 2337 Aristotelis
1698 2295 1875 2349 quidem
1911 2301 1986 2343 est,
2017 2307 2169 2335 verum
2198 2294 2254 2335 ad
2285 2308 2376 2336 me-

169 2361 489 2417 teorologicum
523 2359 750 2416 negotium
784 2372 873 2400 non
907 2358 1069 2399 attinet.
1118 2358 1233 2399 Nam
1267 2369 1380 2412 quae
1406 2357 1448 2398 in
1480 2357 1576 2412 ipso
1614 2363 1934 2412 pertractantur,
1969 2356 2147 2397 huiusce
2183 2357 2376 2398 theoriae

99 2437 103 2440 ⁴
169 2423 345 2480 propria
378 2436 467 2464 non
500 2422 720 2463 videntur:
761 2421 840 2463 sed
876 2421 1017 2477 magis
1057 2421 1288 2475 (quantum
1329 2433 1382 2460 ex
1422 2419 1488 2461 his
1527 2433 1640 2475 quae
1684 2420 1726 2460 in
1770 2420 1866 2474 ipso
1906 2418 2104 2460 dicuntur
2136 2419 2377 2460 ratiocinari

168 2487 340 2543 potest)
374 2485 587 2540 consequi
620 2484 752 2526 habet
784 2483 840 2525 ad
874 2484 1009 2525 libros
1031 2483 1085 2524 de
1113 2483 1398 2524 Generatione
1419 2485 1464 2523 et
1485 2482 1776 2537 Corruptione.
1814 2482 1926 2522 Cum
1950 2481 2064 2522 enirn
2087 2481 2130 2522 in
2153 2481 2256 2536 ipsis
2279 2493 2376 2537 per-

170 2549 418 2591 tractaverit
440 2548 495 2594 de
518 2553 706 2602 quatuor
738 2546 970 2588 virtutibus
999 2545 1293 2602 tangibilibus,
1327 2545 1539 2586 caliditate
1572 2545 1749 2593 scilicet,
1783 2543 2024 2600 frigiditate,
2057 2544 2310 2585 humiditate
2337 2549 2379 2585 et

170 2612 374 2661 siccitate,
416 2610 653 2652 ostendens
677 2623 731 2651 ex
764 2609 1088 2650 combinatione
1111 2608 1288 2649 istarum
1310 2607 1517 2648 virtutum
1542 2607 1754 2648 elementa
1781 2606 1893 2655 fieri;
1928 2606 2032 2660 quin
2056 2606 2184 2647 etiam
2212 2607 2378 2661 aliquas

172 2675 364 2730 ipsarum
403 2673 569 2715 activas
610 2685 732 2721 esse,
771 2673 939 2727 aliquas
982 2685 1090 2712 vero
1125 2670 1345 2726 passivas;
1390 2669 1432 2710 in
1473 2670 1688 2724 praesenti
1728 2669 1863 2710 modo
1902 2669 2013 2709 libro
2048 2682 2262 2723 quaenam
2295 2669 2381 2710 sint

173 2748 226 2779 ea
259 2737 460 2785 declarat,
490 2748 604 2790 quae
638 2744 927 2790 unaquaeque
963 2734 1173 2775 dictarum
1201 2733 1407 2774 virtutum
1440 2732 1540 2773 facit
1561 2738 1637 2773 aut
1658 2731 1825 2787 patitur,
1851 2737 1894 2772 et
1926 2745 2039 2786 quae
2072 2731 2128 2772 ab
2162 2731 2266 2786 ipsis
2300 2745 2378 2788 ge-

172 2805 377 2842 nerantur
411 2804 454 2839 et
489 2798 596 2839 fiunt
629 2797 706 2851 (In
741 2803 929 2852 quatuor
961 2797 1096 2837 libros
1134 2795 1572 2849 Meteorologicorum,
1610 2794 1862 2836 Alexandro
1897 2794 2219 2835 Piccolomineo
2249 2794 2379 2835 inter-

171 2868 305 2918 prete.
335 2861 533 2903 Venetiis
558 2859 687 2909 1561,
711 2874 811 2916 pag.
836 2860 925 2914 90).
951 2878 966 2896 ›
1007 2859 1093 2900 Alii
1123 2872 1230 2899 vero
1263 2859 1418 2899 volunt
1451 2858 1564 2899 hunc
1594 2857 1750 2898 librum
1781 2857 1926 2897 locum
1960 2869 2091 2910 quem
2123 2856 2264 2905 habet,
2289 2857 2379 2897 iure

171 2923 360 2974 habere;
394 2930 438 2965 at
467 2937 521 2965 ex
554 2923 620 2964 his
658 2922 853 2964 nonnulli
883 2922 1130 2963 existimant
1156 2921 1372 2976 peculiare
1405 2934 1517 2975 opus
1552 2933 1660 2968 esse,
1684 2934 1734 2960 ac
1758 2919 2026 2974 peculiariter
2058 2919 2379 2959 inscribendum

174 2986 229 3027 de
252 2987 474 3035 ,Mixtz‘ona
507 2986 578 3027 vel
610 2985 663 3026 de
685 2986 852 3033 lldz'xtis,
878 2985 948 3026 vel
979 2985 1034 3026 de
1053 2985 1298 3025 Mixtmaem
1336 2983 1678 3038 Operatz'om'bus.
1712 2983 1769 3023 Et
1791 2982 1832 3023 hi
1862 2999 1877 3018 ‹<
1903 2981 2171 3022 difficultates
2202 2981 2379 3035 quidem

176 3048 296 3104 quae
313 3049 502 3090 existunt
532 3048 694 3101 (verbis
728 3048 888 3090 utimur
920 3047 1138 3088 Francisci
1172 3046 1491 3100 Vicomercati),
1526 3045 1666 3101 magis
1690 3043 2019 3099 quodammodo
2045 3043 2270 3098 effugiunt;
2301 3043 2380 3084 sed

176 3117 322 3152 tamen
358 3124 438 3151 nec
470 3117 692 3152 auctorem
725 3111 928 3165 aliquem,
953 3123 1032 3151 nec
1066 3109 1262 3150 codicem
1294 3115 1499 3157 veterem,
1531 3108 1604 3162 qui
1638 3108 1793 3148 librum
1826 3106 1938 3146 hunc
1967 3119 1993 3145 a
2020 3105 2196 3159 reliquis
2229 3105 2287 3146 ita
2316 3106 2380 3146 di-

175 3173 384 3221 stinxerit,
417 3173 538 3213 cuius
572 3173 826 3214 auctoritate
857 3173 931 3214 niti
962 3173 1145 3227 possint,
1180 3171 1416 3213 ostendunt
1439 3171 1501 3223 (In
1534 3176 1721 3225 quatuor
1742 3169 1875 3209 libros
1899 3167 2146 3208 Aristotelis
2169 3168 2381 3209 Meteoro-

175 3236 414 3290 logicorum
451 3235 760 3276 commentarii.
788 3236 1072 3277 Praefatione.
1097 3260 1116 3266 -
1139 3236 1237 3275 Lut.
1263 3234 1383 3275 Paris
1416 3233 1560 3287 1556).
1585 3251 1599 3269 »
1630 3257 1648 3263 -
1672 3231 1785 3272 Vide
1809 3230 1936 3271 etiam
1966 3229 2020 3270 de
2053 3230 2133 3271 hac
2163 3244 2209 3271 re
2231 3230 2381 3280 Ideler,

178 3299 253 3354 qui
275 3299 363 3339 vol.
387 3299 437 3346 II,
462 3297 579 3338 Diss.
604 3297 842 3351 praemissa
863 3297 919 3338 ad
942 3297 1300 3339 commentarium
1323 3297 1365 3336 in
1389 3302 1588 3350 quartum
1611 3295 1778 3342 librum,
1813 3293 1905 3333 fuse
1943 3293 2245 3347 quaestionem
2273 3293 2383 3334 hanc

177 3367 418 3417 pertractat.
456 3360 618 3401 Confer
639 3360 825 3414 insuper,
850 3366 940 3400 tum
966 3360 1114 3414 quoad
1137 3362 1258 3408 hanc,
1294 3365 1384 3399 tum
1408 3357 1556 3412 quoad
1578 3355 1907 3411 praecedentem
1931 3355 2233 3410 quaestionem
2257 3373 2272 3392 α
2292 3357 2391 3396 νειμ»

178 3423 326 3465 lentini
361 3422 561 3464 Rose-de
585 3422 832 3463 Aristotelis
856 3422 1064 3462 librorum
1089 3422 1240 3463 ordine
1266 3427 1308 3462 et
1329 3420 1583 3461 auctoritate
1618 3418 1926 3459 commentatio
1956 3418 2161 3472 (Berolini
2192 3417 2337 3473 1854).
2363 3436 2377 3455 »

306 3486 380 3527 IV.
415 3486 491 3526 DE
523 3497 788 3526 AUTHENTIA
822 3496 1135 3525 COMMENTARII
1169 3496 1203 3525 s.
1227 3485 1441 3525 THOMAE.
1466 3506 1485 3512 -
1510 3482 1635 3522 Circa
1677 3481 1759 3522 hoc
1794 3480 2150 3521 commentarium
2194 3481 2297 3521 illud
2342 3481 2384 3521 in

178 3548 329 3603 primis
363 3555 480 3589 certo
515 3554 686 3589 constat
719 3560 773 3588 ex
805 3553 1001 3587 veterum
1035 3546 1298 3595 testimonio,
1324 3544 1444 3600 quod
1477 3558 1510 3585 s.
1535 3545 1704 3585 Doctor
1731 3543 1833 3584 nihil
1867 3543 2035 3597 scripsit
2066 3555 2197 3597 super
2229 3543 2384 3584 librum

181 3611 353 3651 tertium
388 3617 431 3651 et
462 3618 676 3665 quartum.
711 3611 811 3650 Hoc
845 3609 959 3649 enim
994 3608 1209 3663 expressis
1242 3608 1388 3649 verbis
1412 3607 1623 3647 affirmant
1649 3610 1868 3660 quotquot
1891 3605 1944 3646 de
1968 3606 2051 3646 hoc
2074 3606 2383 3646 commentario

179 3672 449 3732 mentionem
481 3673 684 3722 fecerunt,
720 3686 807 3713 uno
843 3677 1023 3726 excepto
1048 3671 1263 3727 Pignono,
1300 3670 1374 3724 qui
1397 3676 1541 3710 tamen
1570 3669 1818 3724 simpliciter
1849 3668 1949 3709 dicit
1981 3668 2248 3708 s.Thomam
2282 3667 2385 3708 scri-
