2782 4134
1150 269 1262 306 CAP.
1292 269 1347 316 X,
1378 268 1530 305 LECT.
1561 269 1668 305 XXII

313 363 369 398 ea,
400 350 568 388 mundus
596 351 847 399 generabatur
874 356 911 386 et
939 349 1267 397 corrumpebatur.
1299 349 1385 385 Hoc

313 403 427 441 etiam
446 405 575 453 posuit
595 403 808 441 Heraclitus
828 401 1030 451 Ephesius,
1048 401 1112 450 qui
1132 402 1261 450 posuit
1280 402 1385 450 quod

312 457 544 506 quandoque
572 465 674 495 totus
701 456 869 494 mundus
898 462 1116 492 exureretur
1143 467 1212 504 per
1243 455 1383 503 ignem,

313 518 349 547 et
375 518 464 559 post
496 518 619 548 certos
648 511 829 548 decursus
866 516 1083 557 temporum
1120 508 1256 545 iterum
1283 515 1385 545 totus

311 564 479 601 mundus
517 571 762 612 generaretur
797 574 866 611 per
893 561 1041 610 ignem,
1073 573 1188 610 quem
1216 562 1386 610 ponebat

313 629 396 654 esse
424 617 654 667 principium
683 615 857 654 omnium
886 627 1028 652 rerum.

366 671 402 708 8.
423 670 564 708 Dicunt
592 677 719 707 autem
758 668 915 718 quidam
945 667 1051 717 quod
1085 667 1143 704 isti
1175 675 1313 716 poetae
1350 675 1386 704 et

309 723 540 774 philosophi,
562 731 599 760 et
625 722 831 772 praecipue
858 721 980 768 Plato,
1006 733 1086 758 non
1114 720 1168 757 sic
1195 720 1385 757 intellexe-

310 784 398 814 runt
420 776 632 813 secundum
653 776 758 825 quod
778 782 889 812 sonat
908 774 1121 811 secundum
1140 773 1385 822 superficiem

309 830 535 875 verborum;
561 829 629 866 sed
649 841 759 865 suam
778 828 1004 877 sapientiam
1023 827 1206 865 volebant
1229 827 1383 876 quibus-

310 882 400 920 dam
433 882 568 919 fabulis
598 889 634 919 et
670 881 929 930 aenigmaticis
966 880 1222 918 locutionibus
1260 882 1384 918 occul-

308 942 406 981 tare;
436 942 473 972 et
501 935 607 984 quod
635 935 847 972 Aristotelis
877 934 1114 972 consuetudo
1140 934 1207 971 fuit
1235 933 1275 971 in
1301 935 1384 984 plu-

309 988 413 1028 ribus
441 1001 520 1026 non
541 988 708 1026 obiicere
738 996 870 1026 contra
887 988 1121 1025 intellectum
1151 1000 1298 1035 eorum,
1320 988 1384 1037 qui

309 1049 389 1080 erat
417 1054 550 1090 sanus,
580 1042 649 1079 sed
678 1050 810 1079 contra
836 1042 957 1079 verba
986 1053 1142 1089 eorum,
1172 1053 1220 1078 ne
1249 1041 1384 1090 aliquis

309 1106 356 1133 ex
379 1095 442 1132 tali
470 1095 590 1132 modo
620 1095 802 1144 loquendi
832 1107 1001 1133 errorem
1020 1095 1226 1132 incurreret
1244 1100 1269 1141 ⁸,
1291 1095 1385 1131 sicut

309 1147 399 1188 dicit
432 1148 648 1198 Simplicius
675 1149 715 1186 in
744 1157 976 1186 commento.
1006 1148 1225 1186 Alexander
1255 1156 1384 1185 tamen

307 1200 564 1252 quuitquod
591 1203 701 1240 Plato
731 1210 768 1240 et
795 1203 856 1240 alii
885 1202 1028 1252 antiqui
1061 1201 1281 1251 philosophi
1309 1202 1385 1238 hoc

242 1257 256 1259 ⁴
304 1250 570 1293 intellexerunt
597 1256 704 1305 quod
730 1257 851 1293 verba
871 1268 1006 1293 eorum
1035 1254 1198 1292 exterius
1225 1262 1382 1300 sonant;

66 1747 78 1758 ⁹
91 1745 281 1775 uxama-4.

67 1798 77 1809 ·
91 1798 153 1822 Ibid-
166 1804 191 1821 n.
205 1805 226 1828 5.

310 1314 347 1344 et
374 1307 428 1346 sic
455 1309 678 1347 Aristoteles
712 1321 791 1346 non
819 1310 944 1346 solum
982 1316 1114 1346 contra
1144 1308 1286 1355 verba,
1316 1309 1384 1345 sed

309 1368 442 1399 contra
470 1362 702 1400 intellectum
737 1375 873 1400 eorum
909 1369 1067 1399 conatus
1095 1368 1152 1398 est
1179 1373 1382 1409 argumen-

309 1413 392 1452 tari.
423 1415 620 1465 Quidquid
658 1423 787 1453 autem
815 1417 955 1453 horum
983 1414 1049 1462 sit,
1079 1426 1159 1451 non
1188 1421 1245 1451 est
1272 1414 1384 1452 nobis

308 1467 472 1506 multum
511 1469 745 1507 curandum:
785 1468 874 1518 quia
910 1468 1079 1506 studium
1116 1467 1384 1516 philosophiae

308 1531 389 1557 non
418 1529 475 1559 est
501 1522 552 1559 ad
578 1523 654 1560 hoc
682 1522 788 1571 quod
816 1521 955 1559 sciatur
974 1521 1066 1571 quid
1094 1521 1271 1558 homines
1299 1534 1383 1559 sen-

309 1574 435 1622 serint,
456 1575 525 1612 sed
553 1575 714 1624 qualiter
740 1587 781 1612 se
809 1575 950 1612 habeat
975 1574 1116 1612 veritas
1146 1587 1285 1612 rerum.

364 1641 401 1678 9.
423 1627 572 1666 Deinde
603 1641 691 1666 cum
719 1627 824 1666 dicit:
852 1629 1013 1666 Factum
1033 1640 1112 1665 esse
1130 1628 1279 1677 quidem
1301 1636 1384 1676 etc.,

309 1682 502 1732 improbat
519 1682 733 1732 praedictas
752 1681 979 1732 positiones:
1001 1688 1038 1719 et
1055 1681 1182 1731 primo
1201 1681 1383 1731 primam3

309 1735 482 1776 secundo
506 1735 672 1782 tertiam,
693 1734 761 1772 ibi:
789 1735 958 1772 Vicissim
978 1741 1104 1772 autem
1126 1737 1146 1757 ²⁸
1166 1742 1255 1781 etc.;
1277 1735 1385 1772 tertio

310 1789 537 1836 secundam,
558 1789 626 1826 ibi:
650 1790 687 1826 T
682 1789 830 1826 otaliter
856 1794 982 1826 autem
999 1789 1153 1837 factum
1173 1791 1193 1807 ⁴⁸
1215 1796 1284 1826 etc.
1314 1791 1386 1836 (se-

310 1844 437 1881 cunda
464 1842 568 1880 enim
597 1842 728 1891 opinio
756 1842 883 1879 minus
910 1842 1026 1879 habet
1054 1841 1240 1888 rationis).
1276 1842 1388 1879 Circa

309 1897 479 1947 primum
508 1895 585 1934 duo
614 1895 719 1933 facit:
747 1895 874 1946 primo
911 1895 1106 1945 improbat
1131 1895 1386 1945 positionem3

311 1949 483 1988 secundo
504 1948 666 1987 excludit
686 1949 880 1998 quandam
901 1948 1197 1997 excusationem,
1218 1948 1288 1986 ibi:
1308 1950 1387 1986 Au-

309 2003 447 2041 xilium
475 2008 602 2040 autem
632 2004 652 2024 ’¹‘
682 2010 752 2040 etc.

367 2057 479 2094 Circa
497 2056 667 2105 primurn
686 2055 795 2105 ponit
820 2055 914 2093 duas
934 2055 1099 2093 rationes
1117 2053 1140 2092 λ.
1163 2055 1275 2092 Circa
1295 2067 1387 2103 qua-

311 2121 397 2148 rum
415 2109 581 2160 primam
609 2109 699 2147 dicit
726 2109 832 2158 quod
861 2108 1093 2158 impossibile
1118 2115 1175 2147 est
1197 2109 1388 2146 mundum

313 2175 395 2200 esse
424 2163 566 2200 factum
603 2163 665 2199 vel
694 2162 863 2210 genitum
908 2174 953 2198 ex
989 2161 1161 2210 quodam
1197 2161 1386 2212 principio

310 2215 516 2265 temporis,
556 2223 593 2252 et
627 2215 731 2265 quod
759 2214 1011 2264 postmodum
1039 2215 1077 2251 in
1110 2215 1387 2264 sempiternum

313 2270 433 2308 duret.
469 2270 570 2306 Cum
600 2268 702 2306 enim
733 2268 860 2318 aliqua
886 2269 1067 2306 volumus
1095 2279 1244 2306 sumere
1273 2269 1388 2306 ratio-

311 2322 505 2368 nabiliter,
539 2321 637 2359 idest
674 2321 920 2371 probabiliter
960 2321 1106 2370 absque
1147 2321 1386 2359 demonstra-

309 2375 434 2423 tione,
473 2375 560 2413 talia
598 2382 750 2424 oportet
775 2386 921 2424 ponere
959 2386 1058 2422 quae
1090 2374 1268 2412 videmus
1302 2387 1385 2412 esse

310 2441 406 2467 vera
433 2428 472 2465 in
501 2428 682 2466 omnibus
710 2428 833 2465 autin
851 2427 997 2465 multis:
1026 2428 1101 2464 hoc
1130 2427 1232 2464 enim
1261 2435 1318 2465 est
1337 2428 1384 2465 de

310 2482 457 2520 ratione
484 2481 706 2531 probabilis.
737 2481 816 2519 Sed
842 2481 881 2519 in
908 2480 1108 2531 proposito
1137 2481 1273 2518 accidit
1293 2493 1383 2518 con-

310 2535 488 2583 trarium,
518 2535 608 2584 quia
635 2535 765 2572 omnia
802 2546 901 2583 quae
930 2541 1177 2582 generantur,
1206 2534 1384 2572 videmus

365 2694 392 2728 κ)
411 2702 449 2720 ex
466 2695 518 2719 taIi
535 2694 615 2720 modo
632 2693 759 2727 loquendi
782 2701 902 2719 errorem
928 2694 1085 2719 incurreret.
1098 2707 1119 2713 -
1130 2694 1157 2719 in
1177 2694 1226 2719 tali
1244 2693 1324 2719 modo
1346 2694 1385 2719 Io-

310 2730 410 2764 quendi
429 2731 456 2756 in
475 2737 595 2756 errorem
609 2730 760 2756 incurreret
771 2729 801 2755 P.
821 2729 915 2760 Quoad
928 2730 1110 2762 quaestionem
1125 2730 1158 2754 de
1170 2735 1258 2754 mente
1270 2730 1385 2754 Platonis

307 2766 379 2795 ,circa
391 2773 516 2799 praesens
530 2770 723 2799 argumentum,
732 2765 791 2790 vide
804 2765 974 2798 Simplicium,
987 2773 1031 2798 op.
1041 2766 1091 2795 cit„
1101 2764 1146 2790 fol.
1159 2764 1195 2797 46
1204 2772 1290 2794 verso,
1301 2765 1350 2790 col.
1362 2773 1384 2789 1.

364 2800 393 2835 λ)
415 2801 495 2827 Circa
507 2801 631 2834 primum
644 2801 727 2834 ponit
745 2799 814 2826 duas
826 2800 955 2826 rationes.
967 2814 987 2819 -
1003 2801 1083 2826 Circa
1095 2800 1216 2833 primum
1236 2800 1290 2825 duo
1301 2801 1383 2834 facit,

306 2837 399 2870 primo
413 2837 496 2870 ponit
519 2837 588 2862 duas
606 2836 725 2862 rationes
744 2836 764 2860 P
771 2835 840 2867 3⁸&
858 2836 1028 2870 sequentibus
1052 2841 1123 2869 patet
1145 2836 1216 2869 quod
1238 2836 1386 2861 redundant

310 2873 390 2898 ⁴verba
409 2873 462 2898 duo
475 2873 555 2907 facit,
570 2872 672 2905 primo.

366 2908 395 2942 μ.)
415 2911 442 2934 et
460 2908 527 2934 dicit
543 2908 630 2941 quod,
649 2908 674 2933 si
691 2907 831 2940 aliquid
843 2915 887 2933 res
910 2910 1148 2933 transmutaretur.
1162 2922 1180 2926 —
1193 2907 1321 2932 Notamus
1339 2915 1384 2932 va-

310 2944 407 2971 riantes
419 2944 551 2968 recitando
563 2944 701 2969 lectionem
714 2944 878 2976 adoptatam:
892 2953 906 2966 ι
914 2948 940 2968 et
950 2943 1009 2968 dicit
1018 2943 1098 2976 quod,
1109 2943 1131 2967 si
1142 2941 1178 2976 (si
1189 2951 1244 2968 om.
1254 2943 1294 2968 ed.
1305 2951 1313 2967 1
1321 2941 1334 2967 5
1341 2941 1384 2978 16)

312 2979 408 3012 aliquid
427 2983 468 3004 est
486 2979 558 3012 quod
576 2986 630 3004 non
648 2979 711 3012 (non
727 2987 780 3004 om.
795 2979 824 3009 P,
843 2978 955 3004 occurrit
972 2984 1059 3004 tamen
1074 2978 1100 3003 in
1114 2978 1156 3004 ed.
1174 2977 1252 3013 1516)
1266 2978 1345 3003 habet
1358 2979 1384 3003 in

312 3021 342 3039 se
360 3014 502 3046 potentiam
521 3022 590 3047 quae
608 3015 642 3040 sit
658 3015 815 3048 principium
834 3015 890 3040 eius
909 3014 982 3048 quod
1000 3019 1040 3039 est
1059 3013 1096 3039 sic
1110 3019 1136 3039 et
1147 3014 1221 3039 aliter
1234 3021 1263 3039 se
1276 3012 1316 3048 (se
1329 3021 1384 3040 om.

313 3049 388 3074 codd.
419 3049 524 3079 habere.
539 3050 586 3075 sed
604 3050 767 3083 impossibile
786 3055 826 3075 est
846 3049 893 3084 (sit
906 3050 938 3085 P)
957 3050 1030 3083 quod
1048 3050 1121 3075 aliter
1140 3057 1170 3075 se
1187 3049 1307 3074 habuerit
1325 3049 1384 3082 (ha-

313 3085 374 3110 beat
413 3089 440 3110 et
453 3085 528 3110 codd.
541 3092 596 3112 exc.
604 3085 638 3118 Α)
649 3086 721 3118 prius
734 3093 783 3119 per
794 3087 881 3111 omnia
897 3086 1008 3118 saecula,
1019 3085 1180 3118 impossibile
1190 3090 1231 3111 est
1239 3085 1286 3118 (sit
1295 3085 1382 3118 codd.)

732 3169 749 3177 ,-

2461 283 2506 318 91

1443 348 1646 397 corrumpi.
1670 349 1761 385 Non
1782 361 1872 397 ergo
1894 356 1950 385 est
1968 350 2193 398 ponendum
2214 349 2319 398 quod
2347 350 2513 387 mundus

1442 401 1488 438 sit
1515 409 1732 449 generatus,
1764 409 1799 438 et
1828 402 1933 451 quod
1962 402 2007 438 sit
2035 401 2338 451 incorruptibilis.

1502 467 1558 492 10.
1587 455 1807 492 Secundam
1836 455 2024 492 rationem
2052 455 2161 504 ponit
2189 455 2256 492 ibi:
2285 455 2420 491 Adhuc
2447 468 2513 492 au-

1441 513 1514 544 tem
1544 515 1613 545 ete.
1644 509 1693 545 Et
1720 508 1863 546 inducit
1889 508 2015 558 primo
2046 508 2242 557 quoddam
2267 508 2512 556 principium:

1443 569 1478 597 et
1507 561 1595 598 dicit
1623 561 1745 610 quod,
1780 562 1811 599 si
1840 561 1981 611 aliquid
2011 569 2066 598 est
2094 562 2197 610 quod
2226 573 2305 598 non
2334 562 2448 598 habet
2475 561 2513 598 in

1442 626 1482 650 se
1510 614 1720 663 potentiam
1749 627 1846 664 quae
1875 615 1922 652 sit
1947 614 2178 664 principium
2208 614 2288 650 eius
2321 614 2426 663 quod
2460 622 2515 651 est

1442 667 1495 703 sic
1524 675 1560 704 et
1588 667 1694 704 aliter
1721 681 1761 704 se
1790 668 1945 715 habere,
1968 669 2036 705 sed
2063 667 2299 717 impossibile
2329 675 2384 704 est
2408 667 2513 716 quod

1442 719 1548 756 aliter
1575 732 1615 756 se
1643 721 1819 758 habuerit
1845 722 1949 771 prius
1977 734 2046 771 per
2079 721 2209 759 omnia
2241 721 2413 767 saecula,
2443 720 2512 757 im-

1440 773 1622 821 possibile
1652 782 1707 810 est
1734 775 1839 822 quod
1867 775 1949 812 talis
1978 787 2038 812 res
2057 781 2340 812 transmutetur.
2370 774 2419 810 Et
2438 774 2513 810 hoc

1440 826 1580 875 probat
1608 826 1786 864 ducendo
1816 828 1865 864 ad
1893 828 2136 876 impossibile.
2167 827 2268 875 Quia
2297 827 2327 863 si
2351 826 2433 863 talis
2454 839 2512 863 res

1441 887 1754 916 transmutaretur
1772 887 1802 927 μ,
1825 881 1893 918 erit
1917 882 2071 930 quando
2097 887 2368 918 transmutatur
2386 879 2513 929 aliqua

1442 945 1556 970 causa
1574 933 1718 970 faciens
1746 945 1833 970 eam
1852 935 2105 982 transmutari,
2127 934 2268 971 scilicet
2291 946 2360 970 sua
2377 940 2512 982 poten-

1440 986 1491 1023 tia
1527 986 1577 1023 ad
1610 987 1990 1024 transmutationem:
2026 1000 2124 1036 quae
2159 987 2189 1025 si
2221 987 2326 1036 prius
2359 986 2511 1032 fuisset,

1438 1039 1620 1088 possibile
1649 1047 1729 1077 erat
1747 1039 1850 1077 illam
1878 1052 1960 1077 rem
1989 1041 2092 1078 aliter
2121 1053 2160 1077 se
2189 1041 2344 1088 habere,
2373 1052 2474 1089 quae
2492 1040 2512 1061 '¹‘

1439 1099 1570 1130 tamen
1597 1093 1813 1142 ponebatur
1831 1093 2064 1142 impossibile
2090 1094 2195 1131 aliter
2219 1106 2259 1131 se
2288 1093 2442 1130 habere.
2474 1093 2513 1130 Si

1440 1153 1569 1183 autem
1597 1146 1701 1195 prius
1729 1159 1809 1184 non
1837 1146 1968 1196 habuit
1985 1147 2195 1196 potentiam
2225 1148 2272 1185 ad
2300 1147 2375 1183 hoc
2409 1146 2513 1196 quod

1440 1199 1546 1236 aliter
1565 1211 1605 1236 se
1624 1200 1793 1246 haberet,
1815 1208 1852 1237 et
1869 1208 2003 1249 postea
2031 1201 2146 1238 habet
2165 1213 2262 1248 eam,
2283 1201 2359 1237 hoc
2385 1199 2512 1249 ipsum

1441 1260 1497 1289 est
1523 1253 1763 1290 transmutari
1783 1253 1886 1291 illam
1915 1266 2014 1290 rem:
2042 1262 2078 1291 et
2101 1254 2154 1290 sic
2173 1254 2288 1291 etiam
2307 1260 2512 1303 antequam

1439 1306 1598 1343 haberet
1617 1306 1828 1355 potentiam
1843 1307 2131 1354 transmutandi,
2149 1315 2228 1344 erat
2241 1314 2378 1356 potens
2393 1314 2512 1343 trans-

1440 1360 1589 1407 mutari,
1611 1359 1660 1397 ad
1684 1360 1759 1396 hoc
1774 1366 1786 1379 ''
1800 1359 1940 1397 scilicet
1961 1360 2067 1410 quod
2086 1360 2275 1410 acciperet
2301 1360 2512 1410 potentiam

1440 1413 1728 1451 transmutandi.

1495 1468 1554 1504 Ex
1571 1466 1631 1504 his
1651 1474 1780 1503 autem
1799 1467 1853 1504 sic
1878 1475 2162 1515 argumentatur
2181 1467 2231 1504 ad
2258 1466 2510 1516 propositum.

1442 1519 1482 1557 Si
1503 1519 1605 1557 enim
1626 1520 1794 1557 mundus
1820 1520 2043 1557 constitutus
2063 1528 2119 1557 est
2137 1533 2183 1557 ex
2204 1520 2434 1569 quibusdam
2457 1532 2513 1556 re-

1442 1574 1526 1621 bus,
1547 1585 1645 1622 quae
1673 1570 1897 1622 priusquam
1927 1573 2093 1610 mundus
2117 1574 2227 1610 fieret
2245 1574 2351 1610 aliter
2379 1585 2420 1610 se
2448 1574 2514 1609 ha-

1442 1627 1599 1673 bebant;
1630 1626 1660 1663 si
1688 1626 1739 1663 ita
1768 1626 1814 1663 sit
1843 1626 1948 1675 quod
1969 1626 2029 1663 illa
2059 1639 2103 1663 ex
2133 1626 2271 1676 quibus
2292 1625 2514 1663 constitutus

1442 1687 1499 1717 est
1516 1680 1698 1727 mundus,
1719 1691 1874 1728 semper
1901 1679 1954 1717 sic
1974 1692 2014 1717 se
2034 1680 2219 1717 haberent
2238 1680 2333 1716 sicut
2350 1679 2454 1728 prius
2474 1692 2514 1716 se

1441 1734 1647 1781 habebant,
1679 1740 1715 1770 et
1742 1732 1979 1782 impossibile
2008 1733 2055 1770 sit
2082 1733 2188 1770 aliter
2218 1746 2262 1770 ea
2289 1746 2330 1770 se
2358 1733 2513 1780 habere,

1442 1799 1522 1824 non
1541 1787 1651 1824 fieret
1670 1786 1839 1823 mundus
1855 1798 1900 1824 ex
1921 1783 1986 1824 eisss
2009 1787 2049 1824 Si
2069 1799 2159 1835 ergo
2180 1787 2300 1823 factus
2320 1794 2376 1823 est
2404 1799 2514 1823 mun-

1443 1840 1513 1877 dus
1542 1853 1588 1877 ex
1618 1840 1682 1888 eis,
1704 1851 1860 1877 necesse
1889 1847 1945 1877 est
1964 1840 2069 1888 quod
2089 1840 2149 1877 illa
2169 1852 2214 1877 ex
2238 1839 2376 1888 quibus
2395 1840 2515 1876 factus

1443 1902 1499 1931 est
1515 1895 1695 1942 mundus,
1712 1893 1785 1931 sint
1798 1893 1994 1943 possibilia
2013 1894 2118 1931 aliter
2132 1906 2172 1931 se
2188 1894 2342 1940 habere,
2359 1900 2396 1930 et
2409 1893 2515 1942 quod

1442 1960 1522 1985 non
1542 1959 1696 1997 semper
1716 1947 1855 1985 eodem
1874 1947 1994 1984 modo
2011 1959 2050 1984 se
2065 1947 2242 1985 habeant.
2265 1946 2377 1984 Unde
2393 1946 2515 1995 sequi-

1442 2008 1503 2038 tur
1529 2001 1636 2050 quod
1665 2000 1779 2038 etiam
1799 2001 2020 2047 constantia,
2042 2000 2138 2038 idest
2156 2008 2361 2049 postquam
2379 1999 2516 2036 fuerint

1442 2054 1609 2092 adunata
1647 2054 1697 2091 ad
1735 2053 2044 2091 constitutionem
2078 2053 2232 2101 mundi,
2262 2053 2400 2090 iterum
2427 2065 2515 2102 pos-

1442 2115 1531 2145 sunt
1550 2109 1570 2127 *
1599 2107 1771 2153 dissolvi3
1801 2115 1839 2144 et
1867 2107 2022 2157 quando
2053 2115 2160 2145 erant
2188 2107 2379 2154 dissoluta,
2408 2106 2514 2155 prius

1442 2161 1594 2198 fuerunt
1614 2161 1844 2210 composita;
1866 2167 1903 2198 et
1918 2161 2023 2210 quod
2043 2161 2220 2198 infinities
2233 2160 2401 2198 vicissim
2419 2160 2516 2197 haec

1442 2214 1495 2251 sic
1518 2226 1560 2251 se
1588 2214 1794 2261 habebant,
1825 2222 1889 2251 aut
1916 2214 2097 2263 possibile
2126 2221 2206 2251 erat
2228 2213 2281 2251 sic
2300 2226 2340 2250 se
2360 2214 2513 2250 habere.

1441 2268 1491 2305 Et
1511 2267 1541 2304 si
1560 2267 1636 2304 hoc
1665 2275 1721 2304 est
1739 2279 1889 2315 verum,
1910 2268 2079 2316 sequitur
2107 2267 2212 2316 quod
2239 2266 2407 2304 mundus
2435 2279 2515 2304 non

1440 2321 1487 2358 sit
1514 2319 1819 2370 incorruptibilis,
1846 2332 1972 2368 neque
2001 2332 2173 2370 unquam
2194 2320 2262 2358 erit
2290 2319 2511 2368 incorrupti-

1441 2374 1543 2422 bilis,
1564 2373 1595 2410 si
1616 2386 1661 2410 ea
1680 2386 1725 2410 ex
1745 2373 1885 2422 quibus
1912 2381 2058 2411 constat
2077 2374 2243 2411 mundus
2263 2373 2369 2410 aliter
2387 2386 2428 2410 se
2447 2374 2513 2409 ha-

1440 2427 1595 2474 bebant,
1620 2439 1746 2475 neque
1777 2426 1890 2464 etiam
1911 2427 1942 2464 si
1961 2427 2142 2476 possibile
2172 2434 2251 2464 erat
2278 2427 2384 2476 quod
2408 2426 2514 2463 aliter

1441 2493 1481 2517 se
1499 2481 1700 2517 haberent:
1726 2480 1816 2529 quia
1836 2493 1882 2517 ex
1901 2487 2063 2529 utroque
2084 2480 2254 2530 sequitur
2273 2479 2378 2529 quod
2398 2479 2512 2517 etiam

1439 2546 1543 2571 nunc
1563 2535 1582 2553 ³*
1610 2532 1792 2582 possibile
1820 2533 1866 2570 sit
1894 2546 1940 2571 ea
1967 2534 2072 2571 aliter
2100 2546 2140 2570 se
2168 2534 2322 2571 habere.

1440 2694 1512 2727 quod
1530 2694 1589 2719 talis
1609 2701 1652 2719 res
1670 2698 1865 2719 transmutetur.
1885 2694 1918 2718 Et
1935 2693 1986 2719 hoc
2004 2693 2097 2726 probat
2111 2694 2230 2719 ducendo
2245 2692 2409 2727 (inducendo
2424 2694 2452 2725 P,
2467 2694 2512 2719 de-

1440 2729 1561 2755 ducendo
1580 2730 1656 2755 codd.
1668 2737 1723 2754 exc.
1735 2728 1771 2763 A)
1791 2729 1823 2754 ad
1842 2729 2013 2761 impossibile.
2032 2729 2100 2759 Quia
2119 2730 2140 2754 si
2159 2730 2217 2754 talis
2235 2737 2279 2755 res
2297 2735 2513 2755 transmutaretur

1439 2765 1656 2798 (transmutatur
1669 2765 1714 2798 P).
1726 2773 1741 2789 ι
1751 2778 1770 2783 -
1782 2764 1851 2790 Infra
1861 2765 1893 2790 Si
1901 2768 2018 2790 autem...
2031 2772 2059 2790 se
2072 2765 2182 2790 haberet
2193 2773 2247 2791 om.
2259 2766 2279 2790 P
2291 2771 2316 2790 et
2325 2766 2401 2791 codd.
2416 2774 2468 2790 exc.
2478 2766 2511 2791 A.

1493 2801 1516 2834 ν)
1535 2800 1574 2826 ad
1590 2801 1648 2826 hoc.
1660 2800 1720 2826 -in
1740 2800 1790 2826 hoc
1807 2801 1839 2831 A,
1858 2803 1885 2825 et
1903 2801 1952 2826 hoc
1971 2806 2020 2826 cet.
2033 2814 2052 2820 -
2064 2801 2128 2826 Post
2146 2808 2226 2826 unam
2240 2801 2285 2826 lin.
2299 2809 2347 2834 pro
2365 2808 2509 2835 argumen-

1439 2839 1522 2866 tatur,
1537 2836 1667 2869 arguitur
1679 2836 1709 2861 P.
1720 2850 1741 2856 ·-
1754 2836 1792 2861 lbi
1807 2836 1839 2861 Si
1852 2836 1921 2861 enim
1937 2836 2061 2865 mundus,
2076 2836 2146 2861 em'm
2161 2844 2215 2861 om.
2230 2837 2258 2862 P.
2272 2850 2292 2856 —
2305 2837 2362 2861 Hoc
2375 2844 2512 2869 argumen-

1438 2877 1495 2897 tum
1514 2872 1552 2907 sic
1570 2873 1658 2905 paucis
1682 2871 1824 2897 resumitur
1842 2880 1857 2897 a
1876 2872 2023 2905 Simplicio,
2044 2881 2058 2896 «
2070 2877 2098 2897 ut
2116 2877 2168 2897 tota
2187 2872 2307 2897 deductio
2329 2872 2434 2897 rationis
2453 2872 2511 2896 talis

1438 2908 1480 2933 sit.
1500 2908 1526 2932 Si
1544 2908 1647 2941 genitus
1667 2912 1707 2932 est
1725 2915 1756 2933 ex
1774 2912 1893 2940 tempore
1911 2908 2031 2936 mundus,
2050 2915 2081 2932 ea
2093 2915 2123 2932 ex
2137 2907 2232 2940 quibus
2247 2907 2363 2932 consistit
2381 2912 2511 2932 transmu-

1438 2943 1544 2968 tabilem
1559 2943 1655 2968 habent
1668 2948 1802 2968 naturam:
1817 2951 1870 2978 non
1882 2944 1951 2969 enim
1965 2944 2054 2976 utique
2069 2948 2237 2968 transmutata
2251 2943 2360 2968 fuissent
2374 2943 2400 2967 in
2414 2943 2512 2975 ipsum.

1438 2978 1464 3004 Si
1484 2983 1572 3004 autem
1590 2978 1649 3010 hoc,
1664 2987 1717 3004 non
1736 2979 1827 3012 utique
1846 2979 1893 3004 erit
1911 2978 2124 3012 incorruptibilis:
2144 2977 2310 3003 reflectuntur
2324 2979 2392 3003 enim
2407 2978 2450 3002 illa
2463 2978 2510 3002 ite-

1438 3022 1506 3039 rum.
1526 3014 1551 3039 Si
1571 3019 1659 3039 autem
1683 3014 1885 3047 incorruptibilis
1904 3015 2032 3045 mundus,
2052 3021 2104 3038 non
2123 3021 2154 3038 ex
2173 3013 2245 3038 aliter
2263 3013 2417 3038 habentibus
2436 3013 2509 3045 prius

1439 3050 1569 3075 consistit:
1589 3051 1611 3075 si
1625 3055 1712 3075 autem
1726 3050 1784 3081 hoc,
1798 3057 1851 3074 non
1864 3050 1955 3082 utique
1969 3050 2016 3075 erit
2028 3049 2138 3082 genitus.
2158 3049 2244 3079 Quare
2258 3049 2419 3081 impossibile
2432 3049 2511 3073 simul

1438 3086 1555 3118 genitum
1566 3093 1596 3111 ex
1606 3090 1726 3119 tempore
1740 3091 1766 3111 et
1779 3085 1998 3119 incorruptibilem
2008 3092 2067 3110 esse
2076 3094 2089 3108 ι
2102 3083 2157 3118 (op.
2167 3085 2217 3115 cit„
2227 3084 2273 3117 fol.
2281 3092 2315 3117 47
2325 3092 2411 3116 verso,
2422 3085 2510 3128 col-1).

2541 1044 2550 1052 ‘
2566 1042 2630 1070 quod
2642 1049 2663 1064 P.

2543 2116 2552 2125 ¹
2563 2114 2661 2142 possint
2673 2120 2694 2135 P.

2544 2539 2554 2548 '
2569 2543 2615 2559 non
2629 2544 2652 2559 P.
