2782 4134
116 702 127 711 '¹
141 700 204 728 quod
216 699 283 721 codd.

115 861 124 870 ⁶
139 859 268 887 applicatas
290 858 323 880 ad

115 892 216 913 acnropi.

112 1165 196 1212 scii:
206 1170 273 1212 5303·
279 1170 302 1211 13
312 1171 317 1215 Ξ

111 1223 135 1249 ¹³·
143 1217 260 1264 ’ΐιὲἷεὲῗΡ
264 1222 317 1264 '123¹‘

111 1244 227 1296 §.differet
238 1275 259 1290 P.

109 2063 118 2072 ²
133 2061 200 2083 etiam
214 2061 265 2083 add.
280 2068 300 2083 P.

352 257 402 292 42

352 334 463 359 verso
492 321 563 357 alia
590 318 722 367 accipit
749 318 795 355 de
823 316 914 365 ipsa.
948 315 1024 351 Sed
1053 321 1180 350 tamen
1209 311 1238 347 si
1267 310 1403 347 ambae

353 381 576 412 moveantur
593 384 669 409 una
690 377 817 407 contra
837 369 961 415 aliam,
981 366 1149 403 velocius
1174 364 1409 412 separabunj

353 436 411 464 tur
438 427 556 463 lineae
590 425 636 461 ab
668 423 852 468 invicem3
887 421 916 457 si
946 427 1071 457 autem
1099 430 1174 454 una
1202 422 1402 452 moveatur

353 481 452 517 iuxta
489 479 598 515 aliam
636 477 912 525 quiescentem,
950 472 1088 509 tardius
1127 468 1400 526 separabuntur

351 533 470 569 lineae
498 532 544 567 ab
581 529 743 566 invicem
766 535 793 573 ‘3
824 525 1032 563 dummodo
1070 523 1115 559 sit
1142 521 1307 569 aequalis
1334 531 1399 556 ve-

351 585 479 622 locitas
509 583 667 620 duarum
700 587 887 617 motarum
917 585 1043 614 contra
1072 588 1111 612 se
1139 573 1323 618 invicem,
1364 578 1399 607 et

351 638 460 674 unius
492 643 617 673 motae
649 635 748 670 iuxta
780 632 890 669 aliam
923 636 1095 666 stantem.
1131 628 1180 663 Et
1206 627 1280 662 hoc
1310 624 1397 661 ideo

350 689 550 738 praemisit,
576 687 663 735 quia
679 688 696 706 ὕ
712 687 814 723 idem
843 691 895 720 est
922 691 1071 730 tempus
1091 692 1167 738 quo
1196 691 1273 738 una
1301 678 1398 714 linea

350 741 546 791 pertransit
569 740 691 786 aliam,
722 746 756 774 et
783 749 859 785 quo
889 735 959 772 alia
986 739 1183 783 pertransst
1209 743 1342 780 ipsam.

402 796 451 831 Et
476 801 677 843 postquam
704 792 777 827 hoc
804 787 1055 826 manifestavit
1081 798 1149 835 per
1175 785 1291 821 lineas
1315 782 1397 820 fini-

349 855 423 894 tas,
454 846 612 895 applicat
639 846 711 881 hoc
739 843 786 879 ad
802 841 950 877 *lineas
977 839 1157 886 infinitas,
1187 838 1233 874 de
1259 836 1395 885 quibus

348 899 514 936 intendit.
544 900 592 935 Et
620 897 706 934 dicit
733 894 973 932 manifestum
993 905 1075 929 esse
1095 891 1199 940 quod
1222 888 1395 938 impossi-

349 953 420 989 bile
450 959 504 988 est
530 951 666 987 lineam
693 948 877 985 infinitam
904 945 1120 996 pertransiri
1151 951 1322 991 tempore
1350 941 1393 978 fi-

348 1005 425 1041 nito
454 1017 475 1040 a
502 1004 598 1040 linea
626 1002 743 1047 finita3
773 1000 872 1037 unde
900 999 1126 1047 relinquitur
1159 995 1263 1045 quod
1295 994 1394 1031 linea

347 1057 451 1094 finita
468 1062 696 1105 pertranseat
714 1053 898 1090 infinitam
919 1060 1090 1100 tempore
1110 1049 1272 1094 infinit03
1289 1047 1392 1096 quod

348 1110 501 1157 quidem
525 1116 720 1145 ostensum
749 1113 804 1143 est
829 1105 932 1154 prius
961 1106 997 1141 in
1017 1105 1072 1141 his
1091 1114 1187 1152 quae
1214 1102 1259 1138 de
1277 1106 1390 1159 motu,

347 1163 441 1199 idest
466 1162 504 1198 in
521 1162 572 1198 VI
590 1160 735 1209 Physic.
754 1161 773 1180 ’¹‘
800 1159 902 1196 Sicut
930 1165 1055 1195 autem
1084 1162 1239 1205 apparet
1267 1166 1311 1190 ex
1334 1155 1392 1190 his

347 1227 443 1263 quae
464 1214 560 1251 dicta
578 1221 662 1250 sunt
681 1213 727 1249 de
742 1212 847 1249 lineis
866 1211 989 1258 finitis,
1006 1210 1095 1247 nihil
1116 1208 1238 1246 differt
1253 1208 1272 1228 ’¹‘
1288 1207 1391 1255 quod

344 1268 441 1305 linea
467 1267 571 1304 finita
591 1272 797 1303 'moveatur
822 1276 891 1313 per
917 1263 1112 1309 infinitam,
1144 1269 1178 1298 et
1206 1260 1309 1309 quod
1337 1260 1390 1296 in-

344 1320 448 1357 finita
476 1327 675 1356 moveatur
706 1330 818 1366 super
852 1316 1018 1354 finitam:
1048 1327 1134 1351 cum
1163 1313 1266 1350 enim
1293 1313 1391 1350 linea

345 1372 485 1409 infinita
512 1380 710 1409 moveatur
727 1383 796 1419 per
812 1370 950 1407 lineam
969 1369 1126 1415 finitam,
1147 1366 1276 1404 similis
1297 1366 1388 1403 ratio

346 1432 399 1462 est
426 1425 456 1461 si
482 1424 579 1461 linea
606 1425 710 1461 finita
743 1431 942 1460 moveatur
971 1422 1033 1459 vel
1066 1433 1144 1457 non
1171 1427 1388 1466 moveatur;

345 1477 582 1514 manifestum
616 1485 670 1514 est
700 1483 826 1513 autem
862 1475 965 1524 quod
998 1475 1028 1511 si
1055 1481 1256 1511 moveatur
1292 1472 1390 1509 linea

343 1531 448 1567 finita
475 1530 569 1567 sicut
596 1538 632 1567 et
657 1529 814 1576 infinita,
843 1537 1001 1577 utraque
1030 1539 1160 1564 earum
1187 1525 1388 1576 pertransi-

344 1583 396 1619 bit
414 1589 427 1603 ''
451 1583 571 1619 aliam.
602 1584 710 1620 Unde
738 1581 978 1619 mani-festum
1007 1588 1062 1617 est
1088 1581 1192 1629 quod
1221 1579 1333 1616 etiam
1359 1578 1389 1615 si

343 1648 420 1672 non
448 1644 646 1673 moveatur
673 1636 769 1672 linea
788 1635 908 1682 finita,
938 1634 1058 1671 simile
1087 1633 1154 1669 erit
1181 1632 1285 1680 quod
1304 1644 1388 1680 per-

343 1689 514 1724 transitur
528 1701 549 1724 a
568 1688 664 1725 linea
686 1688 840 1736 infinita,
857 1700 900 1725 ac
919 1687 949 1724 si
968 1685 1207 1735 pertransiret
1234 1685 1345 1722 illam.
1362 1706 1386 1713 -

344 1742 419 1778 Sed
451 1741 538 1788 quia
572 1741 710 1778 dixerat
745 1741 849 1789 quod
885 1740 1063 1777 similiters
1086 1751 1125 1776 se
1162 1739 1276 1775 habet
1307 1738 1387 1775 sive

342 1801 538 1830 moveatur
564 1795 677 1831 altera
705 1793 783 1831 sive
810 1806 899 1841 non,
930 1792 1091 1830 ostendit
1117 1791 1155 1828 in
1184 1804 1259 1841 quo
1290 1792 1387 1828 circa

342 1847 414 1883 hoc
440 1854 566 1895 posset
585 1860 665 1884 esse
685 1846 906 1884 differentia:
936 1846 1024 1895 quia
1043 1845 1072 1882 si
1091 1852 1249 1894 utraque
1272 1845 1387 1882 linea-

343 1911 426 1936 rum
454 1907 650 1938 moveatur
685 1912 760 1937 una
793 1907 921 1937 contra
957 1899 1094 1947 aliam,
1131 1898 1300 1935 velocius
1329 1910 1386 1935 se-

341 1953 568 2002 parabuntur
596 1954 642 1990 ab
675 1953 849 1990 invicem.
889 1952 965 1989 Sed
1000 1953 1074 1989 hoc
1105 1951 1385 2000 intelligendum

343 2014 411 2053 est,
441 2006 470 2042 si
498 2006 543 2043 sit
571 2006 704 2043 eadem
740 2006 936 2053 velocitas,
967 2005 1060 2042 sicut
1097 2018 1210 2054 supra
1242 2005 1385 2042 dictum

344 2067 414 2096 est:
444 2059 642 2108 aliquando
670 2067 795 2096 tamen
823 2059 913 2096 nihil
936 2059 1111 2108 prohibet
1130 2058 1221 2108 quin
1250 2061 1267 2078 ³⁴
1289 2058 1387 2095 linea

393 2227 410 2259 ι)
429 2226 452 2251 si
469 2229 555 2251 autem
571 2233 654 2251 una...
667 2226 750 2250 lineae
768 2226 800 2250 ab
815 2226 932 2251 invicem.
945 2240 963 2244 -
975 2226 1030 2251 Hoc
1049 2226 1243 2252 homoteleuton
1259 2234 1312 2251 om.
1327 2227 1346 2251 P
1360 2231 1386 2252 et

341 2262 414 2287 codd.
428 2269 480 2286 exc.
494 2262 566 2291 AsE3
586 2261 631 2286 sed
649 2269 700 2286 non
719 2269 776 2286 esse
800 2262 969 2286 omittendum
992 2266 1059 2294 patet
1077 2269 1107 2286 ex
1125 2267 1206 2292 textu,
1225 2262 1251 2286 in
1270 2270 1324 2295 quo
1343 2270 1387 2287 ex-

341 2304 429 2330 presse
450 2298 542 2328 legitur
559 2297 608 2321 hoc
627 2297 767 2322 secundum
780 2297 938 2327 membrum,
958 2292 979 2321 εἰ
997 2294 1023 2321 δὲ
1042 2295 1111 2331 παρὰ
1127 2297 1251 2331 μένουσαν
1271 2296 1386 2332 παραφέ-

341 2340 419 2366 ροιτο.
436 2346 455 2351 -
472 2332 521 2356 Pro
539 2332 686 2361 dummodo,
707 2332 768 2357 dum
787 2332 893 2357 PBEGI.

393 2368 417 2400 κ)
431 2367 612 2399 pertransibit.
625 2381 644 2386 -
655 2367 766 2393 velocius
785 2368 961 2400 pertransibit
979 2368 1011 2399 P,
1030 2368 1083 2393 sed·
1095 2373 1200 2401 apparet
1219 2376 1249 2393 ex
1268 2373 1386 2394 contextu

341 2403 410 2436 quod
428 2403 537 2428 velocius
556 2403 603 2427 hoc
621 2402 646 2427 in
665 2403 721 2427 loco
740 2411 791 2427 non
809 2403 868 2428 facit
886 2404 919 2428 ad.
937 2411 1001 2428 rem.
1019 2404 1059 2428 Ad
1079 2405 1150 2428 cuius
1170 2409 1195 2429 et
1213 2411 1303 2429 eorum
1319 2412 1386 2437 quae

341 2443 482 2470 sequuntur
495 2437 698 2468 declarationem,
712 2438 780 2463 iuvat
795 2439 962 2463 transcribere
975 2439 1097 2464 nonnulla
1111 2447 1141 2464 ex
1153 2439 1193 2464 his
1207 2447 1274 2472 quae
1287 2440 1313 2464 in
1327 2447 1386 2472 pro—

341 2473 423 2506 posito
442 2473 517 2498 habet
535 2481 556 2498 s.
568 2473 682 2498 Thomas
696 2473 722 2498 in
734 2473 775 2498 cit.
790 2474 855 2498 libro
869 2474 983 2507 Physic„
998 2475 1056 2499 lect.
1070 2482 1103 2505 ιι,
1118 2483 1144 2499 n.
1159 2483 1188 2507 7:
1209 2484 1221 2497 «
1234 2479 1302 2507 patet
1316 2475 1386 2507 quod

342 2508 418 2532 simul
436 2508 522 2533 accidit
538 2507 662 2533 infinitum
686 2509 782 2533 mobile
800 2509 897 2533 moveri
922 2517 967 2541 per
985 2508 1083 2534 finitum
1103 2510 1225 2542 spatium,
1244 2515 1269 2534 et
1287 2509 1385 2535 finitum

341 2543 447 2568 transire
459 2542 593 2568 infinitum.
606 2544 664 2568 Non
677 2544 746 2568 enim
758 2544 829 2569 aliter
843 2549 883 2568 est
897 2544 1019 2576 possibile
1033 2545 1103 2577 quod
1117 2544 1242 2570 infinitum
1254 2550 1388 2571 moveatur

342 2586 387 2610 per
405 2578 514 2610 spatium
531 2577 643 2608 finitum,
662 2586 740 2611 quam
754 2580 823 2611 quod
842 2578 941 2604 finitum
960 2584 1117 2612 pertranseat
1135 2579 1273 2606 infinitum:
1293 2586 1335 2606 aut
1354 2581 1388 2607 ita

344 2614 413 2645 quod
430 2612 528 2638 finitum
545 2613 639 2638 feratur
656 2621 701 2646 per
720 2613 852 2645 infinitum,
869 2614 934 2639 sicut
953 2615 1055 2647 quando
1073 2615 1168 2641 mobile
1187 2622 1226 2641 est
1243 2616 1342 2641 finitum
1362 2622 1387 2642 et

344 2648 454 2680 spatium
465 2647 589 2673 infinitum
595 2657 602 2680 ;
621 2654 664 2673 aut
681 2649 715 2674 ita
733 2650 801 2682 quod
820 2650 910 2674 saltem
929 2649 1026 2675 finitum
1045 2651 1161 2676 metiatur
1174 2651 1307 2682 infinitum,
1322 2653 1386 2677 sicut

346 2691 403 2707 cum
422 2683 530 2715 spatium
549 2688 588 2708 est
605 2682 703 2708 finitum
722 2689 747 2709 et
765 2685 859 2709 mobile
878 2684 1011 2710 infinitum.
1029 2686 1102 2711 Tunc
1121 2687 1196 2717 enim,
1211 2688 1268 2712 licet
1286 2686 1385 2713 finitum

345 2726 396 2742 non
413 2718 507 2743 feratur
517 2726 563 2751 per
578 2718 709 2749 infinitum,
723 2724 808 2745 tamen
822 2719 919 2745 finitum
938 2726 1068 2746 mensurat
1086 2721 1220 2754 infinitum,
1236 2723 1385 2756 inquantum

1049 236 1119 272 DE
1149 233 1322 270 CAELO
1352 232 1423 268 ET
1451 228 1644 267 MUNDO
1675 227 1769 263 LIB.
1800 227 1813 261 Ι

1459 319 1557 356 quae
1585 311 1763 342 movetur
1789 303 1891 339 iuxta
1920 300 2201 350 quiescentem,
2235 297 2408 336 velocius
2439 312 2527 349 per-

1457 365 1620 396 transeat
1648 369 1755 403 eam,
1786 367 1901 404 quam
1937 354 1967 390 si
1995 359 2218 389 moveretur
2250 351 2353 389 iuxta
2384 353 2526 391 lineam

1456 412 1495 448 in
1523 410 1753 447 contrarium
1782 416 1949 452 motam;
1979 412 2072 454 puta
2100 405 2258 453 quando
2283 405 2383 442 duae
2402 406 2525 444 lineae

1456 476 1554 513 quae
1574 470 1705 499 contra
1724 474 1764 498 se
1784 466 2043 505 moverentur,
2065 459 2252 495 haberent
2277 466 2427 496 motum
2445 460 2525 497 len—

1454 525 1547 563 tum,
1568 516 1629 552 illa
1647 527 1741 552 vero
1762 525 1859 562 quae
1879 518 2101 549 moveretur
2120 511 2223 549 iuxta
2243 511 2522 561 quiescentem,

1453 570 1609 606 haberet
1637 575 1786 604 motum
1814 566 1992 603 velocem
2011 564 2034 601 λ.
2067 564 2129 602 Sic
2148 565 2260 613 igitur
2285 571 2390 614 patet
2417 566 2524 615 quod

1453 623 1598 659 nullum
1626 619 1942 669 impedimentum
1972 625 2028 655 est
2056 625 2244 668 quantum
2264 618 2313 656 ad
2332 618 2523 656 rationem

1452 676 1572 722 istam,
1594 674 1698 723 quod
1717 673 1817 709 linea
1836 671 1983 708 infinita
2002 679 2207 709 moveatur
2219 678 2240 700 ι’·
2259 672 2362 710 iuxta
2380 672 2522 710 lineam

1451 729 1599 765 finitam
1627 727 1817 775 quietam:
1847 724 1938 773 quia
1967 724 2149 773 contingit
2172 725 2276 775 quod
2296 726 2396 763 linea
2415 733 2523 763 mota

1452 793 1549 830 quae
1571 787 1625 816 est
1643 782 1688 826 A,
1705 778 1849 831 tardius
1872 778 2074 827 pertransit
2093 780 2113 800 ²¹³
2133 778 2275 816 lineam
2305 779 2336 816 B
2361 786 2520 827 motam,

1451 846 1565 882 quarn
1587 833 1617 870 si
1636 845 1715 869 non
1731 837 1964 879 moveretur,
1981 831 2197 869 dummodo
2215 839 2382 881 ponatur
2402 833 2520 882 quod,

1449 888 1547 924 linea
1574 888 1605 923 B
1634 885 1864 935 quiescente,
1895 883 1996 922 linea
2021 887 2057 922 A
2084 885 2257 923 velocius
2285 893 2520 925 moveretur.

1500 952 1538 987 4.
1569 939 1631 976 Sic
1658 938 1769 987 igitur
1796 946 1952 975 ostenso
1981 938 2088 987 quod
2117 938 2209 976 nihil
2236 939 2362 977 differt
2381 939 2522 978 lineam

1447 992 1634 1030 infinitam
1663 991 1813 1029 moveri
1850 991 1958 1029 iuxta
1980 992 2128 1029 finitam
2155 991 2441 1042 quiescentem,
2471 994 2520 1030 ab

1449 1059 1494 1083 eo
1523 1046 1629 1094 quod
1656 1045 1755 1082 linea
1783 1044 1890 1082 finita
1918 1053 2144 1083 moveretur
2171 1057 2288 1095 supra
2316 1045 2520 1095 infinitam,

1448 1111 1492 1136 ex
1511 1100 1586 1136 hoc
1614 1105 1898 1146 argumentatur
1915 1099 1936 1120 ⁴³
1955 1098 2073 1146 quod,
2095 1099 2126 1136 si
2144 1106 2298 1148 tempus
2318 1111 2396 1149 quo
2420 1099 2520 1139 linea
2548 1114 2558 1124 ·

1446 1152 1551 1189 finita
1578 1151 1778 1201 pertransit
1805 1151 1947 1189 lineam
1969 1152 1988 1173 ¹²
2008 1152 2206 1200 infinitam,
2229 1159 2286 1190 est
2312 1152 2518 1202 infinitum,
2548 1167 2558 1178 ·

1447 1217 1685 1254 consequens
1719 1212 1774 1242 est
1807 1205 1914 1254 quod
1942 1213 2096 1254 tempus
2130 1217 2208 1254 quo
2242 1205 2342 1243 linea
2373 1205 2521 1245 infinita

1446 1266 1624 1296 movetur
1653 1270 1723 1307 per
1749 1258 1890 1295 lineam
1917 1258 2067 1296 finitam
2086 1259 2118 1307 ³⁸,
2148 1258 2195 1296 sit
2222 1258 2429 1296 infinitum.
2455 1259 2522 1297 Sic
2546 1273 2558 1284 ·

1444 1312 1553 1361 igitur
1570 1319 1674 1360 patet
1693 1311 1800 1360 quod
1826 1311 2061 1361 impossibile
2082 1319 2138 1349 est
2160 1319 2285 1350 totum
2305 1324 2445 1362 corpus
2462 1312 2521 1352 in-

1444 1365 1592 1402 finitum
1619 1364 1769 1402 moveri
1796 1377 1868 1414 per
1894 1372 2017 1418 totum
2045 1365 2210 1415 spatium
2238 1363 2449 1413 infinitum&
2478 1365 2521 1414 in

1444 1431 1520 1468 quo
1554 1418 1808 1466 imaginamur
1839 1425 1991 1456 motum
2029 1418 2131 1467 eius,
2169 1426 2345 1468 tempore
2379 1418 2521 1458 scilicet

1443 1471 1572 1509 finito:
1602 1471 1692 1521 quia
1711 1471 1742 1508 si
1761 1471 1952 1510 infinitum
1979 1480 2202 1510 moveretur
2220 1471 2336 1510 etiam
2358 1484 2429 1523 per
2446 1471 2520 1510 mi?-

1443 1525 1592 1562 nimum
1612 1525 1779 1574 spatium
1807 1525 1972 1573 finitum,
1993 1532 2218 1575 sequeretur
2241 1525 2348 1575 quod
2365 1533 2519 1576 tempus

1444 1586 1542 1616 esset
1569 1578 1779 1615 infinitum:
1808 1579 2015 1627 probatum
2045 1586 2102 1616 est
2129 1579 2232 1618 enim
2259 1579 2367 1628 quod
2392 1578 2519 1617 infini-⁴

1442 1639 1524 1669 tum
1550 1639 1730 1669 movetur
1747 1643 1819 1681 per
1845 1631 1997 1670 finitum
2025 1640 2200 1682 tempore
2228 1632 2390 1679 infinito,
2419 1632 2520 1671 sicut

1443 1693 1479 1722 et
1497 1685 1648 1722 finitum
1673 1697 1743 1735 per
1770 1684 1975 1724 infinitum.
2003 1685 2190 1723 Videmus
2218 1693 2348 1723 autem
2369 1685 2390 1707 ⁸
2409 1686 2519 1736 quod

1443 1739 1592 1776 caelum
1622 1738 1753 1787 circuit
1779 1746 1904 1776 totum
1932 1740 2100 1788 spatium
2129 1751 2245 1776 suum
2273 1746 2455 1789 tempore,
2472 1738 2519 1779 fi-

1441 1792 1533 1829 nito.
1563 1792 1675 1830 Unde
1703 1792 1949 1830 manifestum
1978 1799 2035 1830 est
2062 1792 2168 1842 quod
2196 1792 2399 1842 pertransit
2421 1799 2518 1832 tem-

1440 1857 1535 1894 pore
1569 1845 1678 1882 finito
1711 1845 1881 1895 aliquam
1908 1845 2049 1884 lineam
2078 1845 2249 1893 finitam,
2286 1852 2380 1895 puta
2416 1853 2521 1897 quae

1442 1898 1609 1935 continet
1627 1899 1782 1936 interius
1801 1906 1926 1936 totum
1956 1898 2139 1936 circulum
2159 1899 2393 1948 descriptum
2417 1898 2522 1938 circat

1442 1959 1616 1989 centrum
1637 1951 1738 2000 eius,
1768 1952 1910 1989 scilicet
1927 1951 2068 1990 lineam
2093 1953 2182 1990 AB:
2199 1953 2307 2002 quod
2326 1964 2406 1990 non
2425 1964 2517 1994 con-

1441 2005 1599 2053 tingeret
1626 2005 1658 2042 si
1687 2013 1786 2043 esset
1813 2005 2015 2044 infinitum.
2051 2005 2291 2056 Impossibile
2321 2013 2378 2044 est
2404 2005 2526 2055 igitur.

1442 2070 1581 2108 corpus
1602 2058 1709 2108 quod
1729 2058 1958 2096 circulariter
1983 2059 2111 2107 fertur,
2143 2071 2226 2097 esse
2253 2059 2460 2098 infinitum.
2519 2064 2522 2069 “

1438 2225 1540 2252 finitum
1555 2227 1669 2260 spatium
1687 2225 1716 2251 fit
1734 2227 1803 2252 iuxta
1821 2227 1937 2260 singulas
1955 2232 2043 2260 partes
2061 2227 2166 2252 mobilis
2180 2225 2271 2254 infiniti
2283 2237 2308 2253 ι.
2319 2227 2358 2253 Ex
2377 2226 2418 2253 his
2436 2224 2523 2254 effin-

1439 2267 1509 2295 patet
1527 2270 1623 2287 sensus
1643 2262 1748 2287 illorum
1765 2262 1916 2293 verborum,
1934 2262 2022 2288 simile
2042 2262 2095 2288 erit
2113 2263 2187 2296 quod
2206 2263 2393 2296 pertransitur
2408 2270 2427 2289 a
2445 2263 2521 2291 15·ae

1439 2297 1552 2331 infinita,
1566 2305 1598 2323 ac
1615 2298 1640 2323 si
1653 2298 1838 2330 pertransiret
1856 2298 1939 2324 illam.
1958 2298 2027 2324 Cum
2043 2298 2114 2324 enim
2127 2306 2181 2324 non
2193 2299 2228 2324 sit
2246 2307 2261 2323 ι
2272 2298 2415 2324 differentia
2427 2297 2517 2333 quod

1439 2341 1507 2358 nunc
1526 2333 1667 2363 intentum,
1686 2338 1775 2359 utrum
1794 2338 1931 2359 moveatur
1952 2332 2055 2359 finitum
2074 2334 2107 2359 ad
2125 2333 2254 2360 infinitum
2271 2339 2317 2360 aut
2335 2332 2523 2364 infinitum-d)

1439 2368 1548 2398 finitum.
1565 2369 1625 2402 quia
1644 2376 1749 2402 semper
1767 2369 1888 2402 sequitur
1905 2369 1983 2399 idem.
1998 2369 2096 2395 scilicet
2114 2370 2187 2403 quod
2204 2368 2306 2395 finitum
2319 2369 2459 2403 perti-nuit
2472 2369 2523 2397 its-¹

1439 2403 1572 2429 finitum...
1587 2405 1775 2438 quodcumque
1793 2405 1904 2430 istorum
1924 2404 2036 2430 duorum
2055 2410 2190 2438 separatur
2208 2405 2240 2430 ab
2260 2405 2342 2431 altero
2356 2404 2525 2432 nmmum&

1440 2447 1486 2472 per
1500 2441 1620 2473 ipsum...
1634 2440 1706 2466 valet
1720 2447 1753 2466 ac
1770 2440 1796 2466 si
1813 2440 1944 2473 reliquum
1959 2440 2143 2473 pertransiret
2156 2440 2186 2466 id
2198 2440 2272 2474 quod
2289 2440 2376 2473 ipsum
2386 2443 2516 2474 pertnen-

1439 2475 1488 2500 sit:
1508 2476 1569 2508 quia
1586 2476 1649 2501 dum
1667 2483 1750 2501 unum
1769 2476 1907 2509 pertransit
1924 2476 2047 2508 alterum,
2066 2481 2208 2510 utrumque
2225 2481 2346 2502 numerat
2363 2477 2476 2503 alterum
2489 2481 2517 2503 σε

1441 2516 1590 2536 numeratur
1608 2511 1640 2536 ab
1659 2518 1692 2536 eo
1707 2520 1731 2537 ι.
1750 2511 1783 2537 D.
1795 2511 1856 2537 Alb.
1870 2511 1912 2536 Ma
1933 2530 1940 2537 .
1956 2511 2001 2537 lib.
2016 2511 2025 2536 1
2046 2511 2088 2537 De
2109 2512 2189 2538 Caelo
2207 2514 2234 2538 et
2251 2511 2371 2543 Mundo,
2391 2517 2465 2538 met.
2478 2510 2514 2543 1¹.

1441 2554 1495 2580 cap.
1510 2555 1526 2576 1,
1542 2554 1600 2580 pag.
1616 2545 1658 2576 26.
1672 2547 1721 2572 col.
1737 2554 1762 2577 2,
1777 2547 1818 2572 ed.
1833 2547 1875 2573 cit.
1886 2519 1971 2572 -ffiro
1981 2547 2177 2580 pertransitur,
2191 2547 2326 2574 transitur
2337 2547 2373 2579 1>;
2392 2555 2440 2581 pro
2449 2554 2516 2581 per·-

1441 2583 1580 2613 transiret,
1600 2582 1731 2608 transiret
1749 2583 1777 2614 P,
1792 2582 1987 2616 pertransisset
2005 2581 2058 2609 DE.

1493 2616 1521 2651 λ)
1529 2621 1598 2650 puta
1608 2618 1716 2651 quando
1731 2618 1833 2644 duae...
1847 2621 1947 2644 motum
1960 2618 2110 2644 udos-em.-
2118 2618 2202 2645 Godd.
2212 2619 2316 2652 legunt:
2325 2621 2396 2652 puta
2405 2617 2526 2653 quando.

1441 2653 1493 2678 duo
1513 2653 1593 2686 (duae
1611 2653 1646 2688 Α)
1659 2661 1727 2687 quae
1740 2657 1836 2680 contra
1849 2656 1991 2679 mouentur
2009 2654 2162 2686 (moventur
2174 2653 2208 2687 Ε)
2226 2654 2325 2680 hahent
2342 2657 2444 2680 moun
2457 2654 2523 2680 len-1

1441 2692 1508 2719 tum,
1529 2689 1575 2714 illa
1594 2696 1657 2715 uero
1675 2697 1743 2723 quae
1758 2693 1879 2716 movetur
1895 2689 1976 2715 iuxta
1990 2690 2165 2723 quiescentem
2178 2689 2259 2717 habes
2272 2693 2374 2716 motum
2389 2691 2517 2717 νεῖσθαι..

1494 2724 1521 2758 μ)
1536 2725 1608 2758 quod
1620 2725 1690 2751 linea
1705 2725 1812 2759 infinita
1826 2727 2002 2751 monatian-
2011 2725 2075 2759 quia
2089 2725 2160 2751 linea
2175 2724 2282 2759 infinita
2296 2728 2418 2752 movetur
2437 2723 2514 2765 codd.

945 3075 1516 3113 *fflffi

2545 1695 2556 1704 ·
2561 1693 2624 1716 ento·
2631 1692 2759 1718 006³.oe-
