2690 4062
1035 226 1146 263 CAP.
1175 226 1245 274 VI,
1276 225 1428 263 LECT.
1459 225 1528 263 VII
2322 239 2381 264 xm

933 487 1230 543 LECTIO
1269 487 1634 543 SEPTIMA

475 640 744 679 REFUTATUR
768 646 915 678 OPINIO
939 646 1213 678 EMPEDOCLIS
1237 647 1294 678 DE
1319 648 1725 680 TRANSMUTATIONE
1750 648 2087 680 ELEMENTORUM

183 785 376 830 Θαυμάσειε
400 780 430 817 δ’
452 785 492 818 ἄν
510 796 561 823 τις
583 785 650 818 τῶν.
667 783 838 831 λεγόντων
864 786 970 817 πλείω
995 785 1068 822 ἑνός
1093 784 1141 818 ταὶ
1163 796 1259 817 στοι-

251 834 332 877 χεϊα
348 831 416 862 τῶν
433 829 604 873 σωμάτων
621 828 710 862 ὥστε
727 829 775 873 μή
793 828 1025 874 μεταβάλλειν
1043 830 1088 867 εὶς
1107 829 1255 871 ἄλληλα,

249 873 406 918 καθάπερ
426 870 664 919 Ἐμπεδοκλῆς
688 876 785 919 φησί,

185 920 254 958 πῶς
280 914 461 965 ἐνδέχεται
484 918 596 965 λέγειν
623 920 743 956 αὐτοῖς
769 915 856 950 εἶναι
886 918 1070 963 συμβληταὶ
1094 919 1142 951 ταὶ
1166 929 1257 951 στοι-

250 967 344 1010 χιῐα,
369 965 495 997 Καίτοι
518 963 612 1009 λέγει
638 962 747 996 οὕτω·

545 1009 664 1040 ταῦτα
688 1007 754 1054 γὰρ
778 1003 839 1039 ἶσαί
866 1019 904 1038 τε
930 1006 1064 1040 πάντα.

183 1054 223 1089 Εἰ
250 1052 311 1097 μὲν
344 1052 401 1085 οὖν
432 1051 530 1085 καταί
561 1052 603 1085 τό
635 1052 765 1093 ποσόν,
800 1049 932 1098 ἀνάγκη
958 1050 1073 1084 ταύτό
1105 1063 1140 1083 τι
1171 1048 1258 1083 εἶναι

253 1098 300 1130 ὑπ
319 1096 326 1105 ’
345 1108 407 1143 χον
434 1096 545 1130 ἅπασι
569 1101 641 1135 τοῖς
662 1097 870 1141 συμβλητοῖς
894 1096 918 1138 ᾦ
939 1097 1166 1150 μετροῦνται,
1189 1096 1257 1127 οἷον

250 1141 283 1174 εἰ
303 1109 344 1184 ἔξ
367 1137 494 1180 ὕδατος
525 1141 674 1179 κοτύλης
698 1139 763 1173 εἶεν
790 1140 886 1185 ἀέρος
909 1140 1011 1173 δέκα·
1038 1141 1080 1173 τό
1106 1139 1196 1173 αὐτό
1221 1152 1258 1172 τι

253 1183 295 1224 ἥν
322 1187 389 1230 ἄρα
415 1186 543 1231 ἄμφω,
560 1186 589 1218 εἰ
613 1189 792 1231 μετρεῖται
816 1186 865 1227 τῷ
890 1185 999 1227 αὐτῷ.

185 1226 359 1275 Εἶθῖμή
384 1230 475 1264 οὕτω
499 1231 596 1264 καταί
620 1231 662 1264 τό
687 1231 793 1262 ποσὸν
814 1229 998 1275 συμβληταὶ
1020 1230 1062 1267 ὠς
1088 1229 1195 1262 ποσόν
1221 1229 1258 1262 ἐκ

253 1276 384 1317 ποσοῦ,
412 1273 485 1308 ἀλλ’
516 1274 594 1308 ὅσον
625 1271 796 1316 δύναται,
824 1274 892 1307 οῐον
918 1276 947 1307 εἰ
969 1274 1099 1312 κοτύλη
1130 1269 1258 1312 ὕδατος

251 1321 325 1352 ἴσον
341 1316 492 1352 δύναται
510 1319 552 1364 ψύ
580 1331 627 1352 ειν
643 1322 701 1352 καὶ
718 1315 804 1351 δέκα
831 1318 940 1364 αἰέρος,
957 1320 1016 1351 καὶ
1035 1317 1142 1356 οὕτως
1163 1319 1260 1352 κατά

195 1373 198 1379 ’
229 1364 297 1399 ’τὸ
321 1365 428 1398 ποσόν
455 1364 518 1410 οὐχ
544 1333 695 1407 ’,ιζ’ποσόν
720 1363 916 1408 συμβλετά,
940 1364 1014 1396 ἀλλ’
1044 1363 1064 1406 ᾗ
1089 1361 1258 1396 δύνανταί

253 1420 303 1443 τι.
329 1410 390 1447 mn
414 1404 445 1441 δ’
468 1408 507 1443 ἂν
531 1411 590 1442 καὶ
611 1409 658 1453 μή
679 1409 728 1450 τῷ
752 1409 816 1441 τοῦ
841 1410 949 1440 ποσοῦ
974 1407 1083 1453 μέτρῳ
1108 1407 1261 1451 συμβάλ-

251 1452 373 1487 λεσθαι
397 1454 462 1491 ταὶς
485 1448 658 1498 δυνάμεις,
681 1453 774 1485 αἰλλαί
795 1453 874 1485 κατ’
898 1453 1101 1499 ἀναλογίαν,
1128 1454 1196 1485 οῐον
1218 1453 1260 1490 ὥς

254 1493 336 1532 τόδε
359 1497 477 1532 λευκόν
502 1494 585 1531 τόδε
601 1496 734 1543 θερμόν.
760 1497 806 1530 Τὸ
830 1492 861 1529 δ’
881 1498 923 1535 ὠς
949 1493 1031 1531 τόδε
1049 1501 1206 1543 σημαίνει
1226 1498 1259 1529 ἐν

212 1560 225 1569 ·=
281 1543 315 1577 ἂν
339 1544 426 1585 ποιῷ
450 1541 492 1576 τό
517 1541 654 1587 ὅμοιον,
685 1542 718 1574 ἑν
743 1537 783 1574 δὲ
807 1543 901 1583 ποσῷ
926 1542 968 1575 τὸ
991 1544 1076 1574 ἴσον.
1107 1543 1259 1575 'Avo-trev

206 1610 208 1612 v
252 1554 300 1626 ἰὴ
323 1589 505 1633 φαίνεται,
531 1587 560 1619 εἰ
584 1586 633 1620 ταὶ
655 1586 805 1632 σώματα
830 1585 1063 1631 ἀμετάβλητα
1097 1586 1184 1620 ὄντα
1208 1586 1256 1631 μὴ

246 1634 424 1679 ἀναλογίᾳ
441 1630 626 1676 συμβλητά
641 1631 748 1672 ἐστιν,
769 1631 858 1664 αἰλλαὶ
873 1630 983 1676 μέτρῳ
1000 1632 1068 1665 τῶν
1085 1627 1260 1675 δυνάμεων

249 1680 314 1712 aa!
336 1679 387 1719 τῷ
412 1673 499 1709 εἶναι
522 1678 595 1709 ἴσον
612 1675 731 1721 θερμόν
749 1675 771 1713 ἦ
789 1674 905 1721 ὅμοιον
923 1676 1023 1719 πυρὸς
1041 1674 1179 1710 τοσονδί
1202 1678 1261 1708 καὶ

254 1723 352 1768 ἀέρος
377 1721 660 1755 πολλαπλάσιον·
686 1720 729 1754 τὸ
753 1720 818 1767 γάρ
843 1721 934 1754 αὐτὸ
966 1723 1082 1754 πλεῖον
1107 1723 1156 1764 τῷ
1182 1722 1262 1766 ὁμο-

228 1767 348 1816 ’Ᾰγινὲς
371 1764 460 1799 εἶναι
485 1766 645 1799 τοιοῦτον
672 1764 739 1807 ἕξει
763 1766 825 1798 τόν
848 1765 964 1812 λόγον.

35 1845 60 1889 ζ’,
130 1873 133 1878 .
157 1852 291 1903 ;·Δλλα
312 1850 379 1896 μήν
405 1845 476 1883 οὐδ’
498 1849 637 1891 αὔξησις
665 1848 704 1882 ᾶὶν
729 1851 779 1886 εῑη
802 1849 883 1882 κατ’
905 1844 1159 1895 Ἐμπεδοκλέα,
1181 1851 1252 1883 ἀλλ’

256 1895 280 1935 ἦ
302 1895 400 1929 κατά
423 1907 448 1928 π
471 1893 619 1927 όσθεσιν·
646 1896 722 1937 πυρὶ
747 1894 813 1940 γάρ
839 1893 934 1935 αὔξει
959 1894 1001 1927 τὸ
1027 1896 1109 1940 πῦρ·

242 1978 246 1981 ⁴
299 1939 398 1982 Αὔξει
421 1935 461 1972 δι
476 1937 565 1985 χθων
590 1938 650 1983 μὲν
668 1938 828 1984 σφέτερον
845 1938 955 1995 ΙΥένος,
970 1938 1089 1984 αἰθέρα
1104 1934 1134 1971 δ’
1150 1939 1262 1983 αἰθήρ.

211 2012 214 2021 ,
255 1986 379 2019 Ταῦτα
395 1980 432 2017 δέ
450 1983 692 2029 προστίθεται·
717 1979 812 2016 δοκεῖ
830 1979 848 2016 ’δ
883 1983 947 2030 οὐχ
970 1983 1079 2023 οὕτως
1097 1983 1264 2026 αὔξεσθαι

199 2060 201 2067 ,,
222 2050 229 2055 ·
255 2029 306 2064 τὰ
333 2029 564 2074 αὐξανόμενα.

188 2074 280 2113 Πολιὶ
290 2069 329 2107 δι’
342 2073 586 2120 χαλεπώτερον
606 2066 798 2105 ἀποδοῦναι
815 2074 890 2116 περὶ
907 2072 1068 2119 γενέσεως
1086 2074 1149 2111 τῆς
1165 2073 1265 2106 κατσὶ

256 2118 365 2166 φύσιν.
384 2119 437 2152 Tot
453 2118 518 2165 γαὶρ
560 2116 699 2161 ινόμενα
723 2116 819 2161 φύσει
843 2117 964 2151 πάντα
987 2120 1146 2164 γίγνεται
1164 2116 1185 2155 ἦ
1206 2118 1262 2151 del

246 2158 318 2196 -ὤδὶ
333 2162 356 2201 ἦ
373 2164 416 2202 ὣς
433 2163 491 2196 ἐπὶ
512 2175 554 2196 το
575 2161 678 2203 πολύ,
697 2161 746 2194 ταὶ
762 2157 799 2194 δὲ
817 2174 868 2195 πα
892 2162 914 2194 αἱ
937 2161 979 2195 τὸ
998 2160 1051 2194 ἀεὶ
1067 2164 1127 2194 καὶ
1143 2164 1185 2201 ὠς
1207 2164 1264 2195 ἐπὶ

196 2236 201 2239 ,
241 2209 301 2243 Ἴ*ι-ιὶ
317 2208 408 2241 πολύ
433 2208 504 2241 αἰπό
520 2205 752 2250 ταύτομάτου
775 2208 834 2239 καὶ
861 2206 930 2240 απὸ
947 2205 1067 2260 τύχης.
1088 2209 1125 2238 Τί
1147 2207 1203 2239 οὖν
1222 2208 1264 2240 τό

258 2255 372 2287 αἴτιον
397 2253 461 2285 τοῦ
485 2250 521 2294 ἐξ
548 2250 724 2296 ἀνθρώπου
748 2249 922 2296 ἄνθρωπον
941 2250 962 2288 ἦ
981 2253 1033 2284 αεὶ
1050 2250 1071 2288 ἦ
1089 2252 1131 2290 ὠς
1147 2251 1205 2284 ἐπὶ
1222 2252 1264 2285 τό

257 2297 367 2339 πολύ,
397 2299 456 2330 καὶ
481 2294 519 2329 ἐκ
544 2297 607 2330 τοῦ
632 2295 739 2341 πυροῦ
764 2296 868 2338 πυρόν
892 2296 984 2328 ἀλλαὶ
1004 2295 1051 2339 μή
1073 2297 1216 2337 ἐλαίαν;
1243 2295 1264 2334 ἥ

256 2343 318 2375 καὶ
343 2342 404 2376 ἐάν
432 2336 491 2374 ὡδὶ
519 2339 666 2384 συντεθῇ
698 2340 843 2381 ὀστοῦν;
873 2341 912 2373 οὐ
943 2340 1008 2387 γάρ
1041 2340 1131 2379 ὅπως
1163 2341 1264 2388 ἔτυχε

257 2386 486 2421 συνελθόντων
511 2381 608 2419 οὐδὲν
633 2387 803 2432 γίγνεται,
826 2384 982 2430 καθάπερ
1000 2385 1124 2423 ἐκεῖνός
1149 2397 1263 2429 φησιν,

239 2431 353 2465 ’ἀλλὰ
373 2430 463 2478 λόγῳ
487 2433 569 2464 τινί.
595 2432 632 2462 Τί
660 2428 717 2462 οὖν
745 2429 879 2462 τούτων
906 2432 1036 2470 ott-nou
1065 2431 1102 2462 οὗ
1129 2430 1194 2477 γάρ
1220 2426 1264 2468 δὴ

257 2477 324 2520 πῦρ
341 2488 379 2523 γε
397 2474 418 2513 ἦ
435 2477 494 2523 γῆ.
517 2474 626 2507 Ἀλλοὶ
648 2475 715 2519 μήν
741 2469 814 2506 οὐδ’
842 2475 863 2511 ἦ
888 2475 983 2519 φιλία
999 2476 1058 2506 καὶ
1081 2474 1123 2507 τό
1140 2480 1264 2514 νεῖκος·

257 2522 460 2567 συγκρίσεως
476 2520 541 2567 γάρ
559 2519 674 2563 μόνον,
687 2518 730 2552 τὸ
743 2514 780 2551 δὲ
798 2517 996 2561 διακρίσεως
1013 2521 1137 2552 αἴτιον.
1153 2521 1265 2553 Τοῦτο

240 2560 288 2598 Ἴδ’
307 2566 402 2599 ἐστὶν
427 2566 449 2602 ἡ
476 2565 574 2597 οὐσία
599 2565 621 2600 ἢ
646 2563 809 2604 ἑκάστου,
836 2564 909 2596 ἀλλ’
939 2564 977 2596 οὐ
1002 2563 1104 2607 μόνον

303 2609 392 2654 μῖξίς
417 2622 456 2643 τε
481 2605 659 2650 διάλλαξίς
685 2621 723 2642 τε
749 2607 938 2655 μιγέντων,

257 2653 371 2700 ὥσπερ
395 2652 520 2692 ἐκεῖνός
545 2665 655 2697 φησιν.
686 2652 780 2697 Τύχη
805 2648 836 2685 δ’
864 2651 922 2686 ἐπὶ
946 2651 1081 2686 τούτων
1107 2653 1267 2698 ὀνομάζε-

259 2710 340 2741 ται,
368 2698 441 2732 ἀλλ’
471 2699 510 2731 οὗ
533 2697 653 2744 λόγος·
680 2698 755 2731 ἔστι
779 2697 845 2743 γαὶρ
870 2697 1034 2754 μιζθῆναι
1059 2699 1102 2735 ὠς
1127 2699 1262 2743 ἔτυχεν.

259 2744 333 2776 Τῶν
361 2739 406 2780 δή
431 2742 527 2788 φύσει
553 2742 660 2775 ὄντων
686 2744 797 2775 αἴτιον
823 2742 866 2775 τὸ
891 2755 999 2780 ουτως
1024 2741 1135 2796 ἔχειν,
1160 2746 1220 2775 καὶ
1245 2744 1266 2780 τ’)

259 2787 410 2821 ἑκάστου
426 2787 521 2832 φύσις
540 2786 647 2828 αὕτη,
666 2789 740 2831 περὶ
765 2786 804 2825 ἧς
829 2782 926 2820 οὐδὲν
947 2787 1012 2831 ἄρα
1028 2789 1133 2832 λεγει.
1160 2783 1266 2820 Οὐδέν

261 2833 328 2877 ἄρα
352 2834 427 2878 περὶ
451 2832 578 2877 φύσεως
602 2831 709 2878 λέγει.
731 2830 841 2864 Ἀλλαὶ
864 2832 930 2875 μὴν
956 2833 1015 2863 καὶ
1040 2834 1082 2865 τό
1101 2831 1138 2864 εὖ
1157 2833 1265 2865 τοῦτο

257 2880 316 2911 καὶ
344 2877 493 2925 ἀγαθόν·
520 2878 537 2909 ό
561 2872 600 2909 δὲ
625 2876 690 2913 τήν
715 2876 804 2921 μῖξιν
829 2876 931 2921 μόνον
957 2877 1103 2909 ἐπαινεῖ.
1141 2878 1266 2910 Καίτοι

261 2922 311 2955 τά
333 2935 372 2970 γε
397 2926 557 2968 στοιχεῖα
581 2916 745 2964 διακρίνει
771 2920 808 2953 οὖ
833 2921 875 2953 τό
895 2925 1013 2963 νεῖκος,
1034 2919 1107 2954 ἀλλ’
1129 2922 1150 2958 ἦ
1171 2923 1266 2966 φιλία

260 2967 310 2999 τά
332 2966 428 3012 φύσει
453 2965 606 3011 πρότερα
631 2966 694 2998 τοῦ
719 2964 817 2998 θεοῦ·
842 2964 910 2998 θεοὶ
935 2961 974 2998 δὲ
997 2968 1054 2998 καὶ
1080 2967 1213 2999 ταῦτα.

185 3012 264 3044 Ἔτι
287 3007 328 3044 δὲ
351 3013 426 3053 περὶ
447 3011 609 3048 κινήσεως
642 3011 760 3048 ἁπλῶς
784 3010 894 3056 λέγει·
922 3011 960 3042 οὖ
985 3010 1051 3056 γαὶρ
1083 3010 1198 3042 ἱκανὸν
1223 3011 1268 3042 εὶ-

262 3060 336 3088 πεϊν
359 3052 452 3089 διότι
475 3057 497 3092 ἡ
523 3058 618 3100 φιλία
641 3057 700 3087 καὶ
724 3054 767 3087 τὰ
791 3060 898 3093 νεῖκος
922 3059 1019 3097 κινεῖ,
1038 3055 1066 3086 εἰ
1091 3055 1139 3100 μη
1164 3056 1262 3087 τοῦτ’

258 3098 302 3139 ’ἦν
327 3102 423 3144 φιλίᾳ
439 3097 526 3133 εἶναι
547 3100 588 3134 τὸ
612 3098 744 3136 κινήσει
761 3095 889 3141 τοιαδί,
908 3102 1008 3131 νείκει
1024 3095 1062 3132 δὲ
1078 3100 1120 3132 τὰ
1136 3095 1263 3140 τοιαδί.

250 3140 346 3178 Ἔδει
373 3144 430 3178 οὖν
455 3144 477 3182 ἦ
504 3143 682 3188 ὁρίσασθαι
707 3142 728 3180 ἦ
753 3143 940 3177 ὑποθέσθαι
965 3143 986 3180 ἧ
1014 3139 1217 3185 ἀποδεῖξαι,
1245 3142 1266 3180 ἦ

263 3190 405 3234 ἀκριβῶς
431 3188 452 3227 ἧ
478 3190 660 3234 μαλακῶς,
687 3187 708 3220 ἦ
735 3189 824 3233 ἁμῶς
850 3187 890 3235 γέ
915 3201 997 3226 πως.

188 3234 267 3266 'Em
291 3229 322 3266 δ’
339 3235 414 3267 ἐπεὶ
438 3237 598 3279 φαίνεται
615 3235 673 3265 καὶ
692 3232 750 3272 βίᾳ
766 3236 824 3265 καὶ
845 3233 941 3276 παραὶ
964 3231 1060 3272 φύσιν
1084 3230 1266 3286 κινούμενα

262 3278 311 3312 τοὶ
326 3278 488 3324 σώματα,
506 3280 566 3311 καὶ
588 3275 686 3310 κατά
704 3275 816 3319 φύσιν,
834 3277 903 3309 οἷον
922 3276 963 3308 τὸ
981 3277 1044 3320 πῦρ
1065 3276 1133 3308 ἄνω
1150 3287 1209 3320 μεν
1228 3276 1266 3307 οὗ

262 3323 334 3365 βίᾳ,
353 3323 450 3355 κάτω
467 3318 506 3355 δὲ
523 3323 596 3364 βία,
615 3323 664 3364 τῷ
681 3315 719 3351 δὲ
737 3322 795 3362 βία
813 3321 855 3353 τό
871 3320 968 3353 καταί
984 3320 1078 3365 φύσιν
1098 3321 1264 3352 ἐναντίον.

255 3367 356 3400 Ἐστι
380 3362 418 3399 δὲ
443 3367 485 3399 τὸ
511 3367 586 3407 βία·
614 3366 707 3398 ἔστιν
735 3366 801 3410 ἄρα
831 3367 889 3397 καὶ
915 3364 956 3398 τό
980 3364 1076 3397 καταί
1101 3363 1195 3409 φύσιν
1220 3376 1268 3395 κι-

263 3411 404 3445 νεῖσθαι.
431 3409 570 3448 Ταύτην
591 3408 648 3443 οὖν
667 3410 688 3446 ’ἦ
730 3412 801 3442 ιλία
824 3414 920 3449 κινεῖ,
940 3408 961 3446 ἦ
979 3409 1036 3441 οὔ·
1063 3409 1266 3440 τούναντίον

263 3456 328 3502 γάρ
354 3456 419 3492 τήν
443 3456 508 3502 γῆν
536 3455 602 3487 ἅνω
627 3455 686 3486 καὶ
707 3419 874 3499 ιδιαικρίειτι
903 3454 1026 3485 ἔοικεν·
1053 3454 1112 3484 καὶ
1137 3453 1266 3496 μᾶλλον

265 3501 307 3533 τό
328 3505 434 3538 νεῖκος
454 3502 566 3532 αἴτιον
583 3500 645 3537 τῆς
669 3498 767 3532 καταὶ
783 3498 879 3541 φύσιν
903 3497 1061 3535 κινήσεως
1080 3497 1101 3534 ἧ
1120 3498 1140 3533 ἢ
1158 3498 1264 3540 φιλία.

257 3544 362 3577 Ὥστε
387 3545 445 3576 καὶ
472 3543 555 3582 ὅλως
581 3543 678 3586 παραὶ
700 3545 796 3588 φύσιν
822 3543 842 3580 ἡ
868 3543 963 3586 φιλία
989 3542 1028 3574 ἂν
1054 3543 1103 3579 εἴη
1122 3542 1265 3585 μᾶλλον.

261 3590 392 3627 Ἀπλῶς
419 3584 457 3621 δὲ
481 3589 509 3620 εἰ
534 3588 581 3633 μή
608 3589 628 3625 ἡ
654 3590 749 3631 φιλία
774 3586 794 3624 ἦ
820 3587 862 3620 τὰ
887 3591 992 3624 νεῖκος
1021 3590 1125 3627 κινοῖ,
1154 3583 1266 3618 αὐτῶν

341 3652 411 3684 Opp.
431 3652 462 3677 D.
476 3651 592 3676 Tuomst:
611 3651 642 3675 T.
663 3651 702 3675 111.
721 3652 866 3676 Apmmmx.

1312 788 1562 819 *Admirabitur
1584 796 1692 820 autem
1721 790 1832 831 utique
1861 791 1975 834 aliquis
2002 790 2177 821 dicentium
2199 791 2291 831 plura
2318 801 2384 822 uno

1381 843 1447 863 esse
1471 843 1645 873 corporum
1669 834 1823 865 elementa
1853 842 1890 866 ut
1920 845 1987 866 non
2010 841 2222 866 transmutent
2251 835 2284 866 in
2307 835 2385 866 invi-

1382 887 1462 915 cem,
1487 877 1569 908 sicut
1591 878 1802 918 Empedocles
1825 879 1939 920 inquit.

1313 922 1491 959 Quomodo
1516 921 1670 962 contingit
1693 922 1737 952 eis
1754 922 1856 953 dicere
1880 923 2105 964 comparabilia
2129 933 2196 954 esse
2220 924 2384 955 elementa.

1380 966 1443 997 Sed
1465 973 1574 997 tamen
1597 965 1672 997 dicit
1695 966 1753 997 sic:
1778 967 1855 997 haec
1878 968 1964 998 enim
1993 967 2138 1008 aequalia
2154 978 2221 998 esse
2237 968 2356 999 omnia.

1313 1062 1346 1093 Si
1369 1072 1444 1102 ergo
1469 1061 1647 1092 secundum
1671 1068 1839 1102 quantum,
1856 1072 1982 1093 necesse
2006 1068 2052 1094 est
2074 1062 2158 1093 idem
2181 1062 2301 1103 aliquid
2317 1073 2400 1105 esse¹

1381 1106 1515 1137 existens
1537 1106 1571 1136 in
1587 1105 1738 1136 omnibus
1763 1106 2040 1146 comparabilibus,
2056 1116 2123 1147 quo
2147 1114 2386 1145 mensurantur;

1379 1150 1466 1180 verbi
1482 1150 1580 1190 gratia
1593 1150 1618 1180 si
1631 1159 1668 1180 ex
1683 1160 1783 1191 aquae
1796 1150 1918 1190 pugillo
1932 1157 2023 1181 erunt
2035 1151 2147 1191 pugilli
2163 1151 2242 1181 aeris
2258 1151 2384 1190 decem;

1379 1194 1465 1225 idern
1490 1194 1610 1235 aliquid
1633 1194 1728 1234 igitur
1748 1201 1836 1225 erant
1858 1195 1965 1232 ambo,
1983 1195 2008 1225 si
2023 1202 2247 1226 mensurantur
2262 1196 2385 1226 eodem.

1314 1239 1346 1270 Si
1361 1245 1470 1269 autem
1493 1248 1560 1269 non
1584 1238 1627 1269 sic
1649 1239 1826 1269 secundum
1849 1239 2058 1279 quantitatem
2082 1239 2325 1279 comparabilia,
2350 1246 2386 1270 ut

1380 1290 1539 1324 quantum
1558 1293 1595 1313 ex
1610 1290 1743 1324 quanto,
1767 1283 1823 1313 sed
1838 1290 1996 1323 quantum
2020 1290 2167 1323 possunt,
2186 1283 2272 1314 verbi
2288 1283 2386 1324 gratia

1381 1327 1406 1358 si
1423 1327 1563 1368 pugillus
1586 1337 1687 1368 aquae
1708 1327 1880 1368 aequaliter
1903 1334 2008 1367 potest
2023 1327 2203 1367 infrigidare
2227 1334 2257 1358 et
2277 1328 2387 1358 decem

1381 1371 1470 1410 aeris,
1489 1378 1519 1402 et
1535 1371 1578 1402 sic
1595 1371 1772 1402 secundum
1795 1378 1953 1412 quantum
1972 1381 2038 1401 non
2055 1372 2232 1402 secundum
2249 1371 2283 1403 id
2297 1372 2388 1414 quod

1382 1423 1540 1457 quantum
1563 1415 1799 1456 comparabilia,
1817 1415 1871 1446 sed
1891 1415 2069 1446 secundum
2091 1415 2124 1446 id
2144 1414 2235 1456 quod
2252 1423 2388 1456 possunt

1382 1460 1512 1501 aliquid.
1537 1460 1604 1491 Erit
1627 1470 1702 1500 ergo
1722 1467 1752 1490 et
1775 1470 1842 1490 non
1865 1459 1976 1500 quanti
1999 1469 2183 1490 mensuram
2205 1470 2388 1501 comparare

1382 1512 1414 1536 et
1429 1505 1607 1535 secundum
1623 1504 1780 1545 potentias
1801 1510 1832 1534 et
1847 1504 2024 1534 secundum
2039 1504 2281 1544 proportiones;
2299 1504 2387 1535 verbi

1382 1548 1481 1590 gratia
1506 1555 1543 1579 ut
1565 1549 1627 1579 hoc
1651 1548 1801 1587 calidum,
1824 1548 1887 1578 hoc
1911 1555 2019 1579 autem
2042 1548 2160 1579 album.
2185 1548 2257 1579 Hoc
2280 1555 2389 1579 autem

1383 1600 1420 1625 ut
1446 1593 1508 1624 hoc
1535 1592 1690 1633 significat
1719 1593 1751 1623 in
1779 1592 1866 1633 quali
1891 1592 2023 1633 quidem
2053 1592 2175 1631 simile,
2206 1592 2239 1623 in
2266 1600 2388 1634 quanto

1384 1644 1492 1669 autem
1511 1637 1652 1678 aequale.
1678 1636 1907 1668 Inconveniens
1931 1646 2006 1677 ergo
2028 1637 2196 1675 videbitur,
2214 1637 2239 1667 si
2255 1647 2389 1678 corpora

1383 1681 1595 1713 immutabilia
1618 1681 1701 1712 entia
1730 1691 1797 1712 non
1827 1681 2034 1721 proportione
2058 1681 2281 1721 comparabilia
2294 1704 2303 1720 ,
2334 1681 2390 1712 sed

1385 1736 1534 1758 mensura
1556 1725 1783 1767 potentiarum,
1801 1732 1830 1756 et
1846 1725 1913 1756 eius
1937 1725 2026 1766 quod
2045 1732 2091 1756 est
2114 1735 2180 1756 esse
2197 1725 2327 1766 aequale
2343 1735 2391 1756 ca-

1384 1771 1489 1803 lidum
1512 1777 1567 1801 aut
1590 1770 1692 1801 simile
1715 1770 1796 1810 ignis
1818 1776 1944 1800 tantum
1960 1776 1991 1800 et
2005 1770 2084 1800 aeris
2100 1770 2285 1810 multiplex:
2304 1770 2390 1800 idem

1384 1816 1471 1847 enim
1487 1815 1572 1856 pluS,
1589 1815 1665 1856 quia
1688 1815 1918 1854 homogeneos,
1943 1814 2039 1844 talem
2055 1814 2183 1845 habebit
2205 1814 2370 1845 rationem.

1316 1861 1334 1880 *
1350 1861 1413 1892 Sed
1427 1869 1532 1901 neque
1548 1859 1764 1900 augmentatio
1778 1859 1889 1900 utique
1901 1858 1959 1889 erit
1974 1859 2150 1889 secundum
2165 1858 2391 1899 Empedoclea,

1386 1904 1445 1935 nisi
1464 1903 1642 1935 secundum
1665 1903 1894 1941 adiectionem;
1918 1903 1990 1943 igne
2014 1909 2122 1933 autem
2137 1909 2270 1943 augetur
2289 1902 2386 1943 ignis:

1386 1955 1480 1989 auget
1496 1948 1582 1979 enim
1597 1955 1679 1979 terra
1693 1948 1862 1988 proprium
1876 1957 1987 1988 genuS,
2007 1947 2113 1978 aether
2132 1954 2239 1978 autern
2255 1947 2389 1978 aethera.

1386 1994 1474 2024 Haec
1494 1999 1602 2024 autem
1625 1992 1859 2032 adiunguntur;
1882 1992 2029 2022 videntur
2053 1998 2160 2022 autem
2183 2001 2249 2022 non
2269 1991 2312 2022 sic
2337 2001 2392 2033 aux*

1387 2037 1453 2079 geri
1476 2047 1559 2079 quae
1582 2042 1748 2078 augentur.

1319 2083 1336 2103 *
1351 2083 1493 2114 Multum
1521 2088 1628 2112 autem
1657 2080 1814 2112 difficilius
1843 2080 1964 2111 tradere
1992 2080 2030 2110 de
2057 2080 2258 2120 generatione
2282 2089 2392 2110 secun·
2419 2089 2427 2097 ·

1382 2127 1462 2157 dum
1485 2132 1641 2156 naturam.
1667 2125 1758 2162 Quae
1781 2124 1868 2155 enim
1887 2131 2076 2164 generantur
2099 2124 2276 2155 secundum
2299 2131 2391 2155 natu-

1386 2181 1466 2209 ram,
1483 2177 1538 2200 aut
1553 2179 1678 2210 semper
1693 2176 1748 2200 aut
1764 2176 1800 2200 ut
1816 2169 1971 2207 multum;
1988 2179 2024 2199 ea
2047 2175 2154 2199 autem
2173 2178 2255 2209 quae
2271 2175 2393 2209 praeter

1387 2224 1512 2255 semper
1540 2220 1572 2245 et
1594 2214 1746 2253 multum,
1771 2214 1809 2244 ab
1834 2219 1948 2244 eventu
1973 2219 2004 2244 et
2026 2212 2162 2244 fortuna.
2187 2213 2279 2250 Quae
2299 2212 2393 2250 igitur

1387 2269 1492 2297 causa,
1508 2265 1545 2289 ut
1568 2259 1607 2289 ab
1623 2258 1756 2289 homine
1778 2258 1879 2288 homo
1904 2264 1959 2288 aut
1977 2267 2102 2298 semper
2117 2263 2172 2287 aut
2187 2263 2223 2288 ut
2238 2257 2390 2294 multum,

1389 2311 1419 2335 et
1446 2313 1483 2334 ex
1510 2302 1671 2333 frumento
1699 2302 1897 2333 frumentum
1928 2301 1983 2332 sed
2014 2312 2080 2332 non
2111 2301 2195 2332 oliva
2223 2299 2392 2332 nascatur?

1386 2348 1404 2368 *
1419 2350 1486 2379 Aut
1509 2347 1534 2378 si
1561 2347 1604 2378 ita
1632 2353 1845 2387 componatur
1868 2344 1929 2376 os?
1959 2347 2035 2377 Non
2065 2345 2151 2376 enirn
2176 2352 2212 2376 ut
2239 2345 2392 2385 contingit

1389 2391 1649 2424 convenientibus
1668 2391 1746 2422 nihil
1765 2397 1942 2431 generatur,
1966 2390 2243 2431 quemadmodum
2265 2389 2317 2420 ille
2343 2389 2390 2420 in-

1388 2436 1469 2478 quit,
1486 2435 1541 2466 sed
1556 2435 1678 2474 ratione
1693 2435 1811 2476 aliqua.
1835 2436 1926 2473 Quae
1941 2434 2036 2475 igitur
2048 2434 2165 2465 horum
2181 2432 2294 2465 causa?
2316 2434 2390 2464 Non

1389 2481 1476 2512 enim
1490 2480 1571 2520 ignis
1588 2486 1644 2511 aut
1661 2487 1752 2511 terra.
1775 2479 1794 2499 *
1809 2479 1871 2510 Sed
1884 2485 1991 2510 tamen
2015 2488 2119 2519 neque
2135 2478 2272 2509 amicitia
2287 2487 2391 2519 neque
2419 2489 2429 2499 ⁸

1387 2526 1445 2556 lis:
1470 2524 1723 2565 congregationis
1747 2524 1831 2554 enim
1857 2524 1964 2554 solum
1986 2523 2051 2561 illa,
2075 2523 2152 2553 haec
2171 2530 2278 2553 autem
2294 2532 2393 2562 segre-

1388 2568 1523 2611 gationis
1554 2579 1648 2600 causa
1678 2575 1733 2600 est.
1766 2569 1853 2599 Haec
1876 2574 1983 2599 autem
2012 2574 2059 2598 est
2087 2567 2261 2598 substantia
2284 2567 2392 2598 unius-

1389 2614 1555 2654 cuiusque,
1579 2613 1634 2644 sed
1657 2623 1732 2643 non⁴
1746 2613 1853 2643 solum
1877 2618 1907 2643 et
1926 2611 2036 2642 mixtio
2053 2610 2090 2642 et>
2099 2611 2253 2652 separatio
2277 2611 2391 2642 mixto-

1389 2669 1476 2697 rum,
1499 2657 1776 2699 quemadmodum
1798 2657 1852 2687 ille
1875 2656 1989 2697 inquit.
2013 2656 2156 2687 Fortuna
2179 2655 2264 2686 enirn
2287 2655 2320 2686 in
2343 2655 2392 2686 his

1388 2703 1590 2741 nominatur,
1620 2702 1675 2732 sed
1698 2712 1764 2732 non
1788 2701 1890 2732 ratio:
1922 2707 1969 2731 est
1996 2700 2082 2730 enim
2110 2700 2234 2731 misceri
2258 2706 2294 2730 ut
2317 2709 2391 2730 con-

1388 2747 1490 2787 tingit.
1522 2747 1642 2777 Natura
1672 2746 1768 2786 igitur
1791 2745 1914 2776 entium
1942 2754 2036 2776 causa
2063 2750 2110 2775 est
2136 2744 2179 2775 ita
2203 2754 2235 2774 se
2258 2744 2391 2782 habere,

1389 2799 1420 2823 et
1435 2791 1688 2831 uniuscuiusque
1711 2797 1823 2821 natura
1846 2790 1934 2827 haec,
1959 2789 1997 2819 de
2020 2799 2084 2829 qua
2103 2788 2182 2818 nihil
2197 2788 2281 2819 dicit.
2305 2787 2392 2818 Nihil

1387 2836 1483 2876 igitur
1506 2836 1545 2866 de
1569 2842 1680 2865 natura
1704 2834 1787 2865 dicit.
1814 2834 1876 2864 Sed
1899 2840 2005 2864 tamen
2022 2839 2052 2863 et
2067 2833 2191 2862 bonum
2215 2838 2262 2862 est
2284 2831 2345 2862 hoc
2362 2838 2392 2862 et

1387 2881 1567 2921 optimum;
1591 2879 1642 2909 hic
1665 2885 1773 2909 autem
1795 2878 1983 2908 mixtionem
1999 2877 2105 2907 solum
2123 2876 2241 2907 laudat.
2265 2875 2392 2906 Etenim

1389 2931 1420 2955 et
1435 2925 1591 2955 elementa
1615 2929 1755 2963 segregat
1778 2932 1844 2952 non
1867 2921 1905 2952 lis
1929 2921 1983 2951 sed
2007 2920 2154 2959 amicitia,
2179 2930 2261 2961 quae
2280 2926 2391 2950 natura

1388 2969 1494 3010 priora
1517 2968 1597 3006 deo;
1621 2967 1664 2997 dii
1681 2974 1788 2997 autem
1812 2972 1843 2996 et
1864 2965 1950 2996 haec.

1320 3013 1492 3053 *Amplius
1508 3019 1615 3043 autem
1632 3012 1670 3042 de
1683 3017 1774 3041 motu
1788 3009 1862 3040 dicit
1874 3009 2072 3050 simpliciter:
2090 3018 2157 3038 non
2173 3008 2259 3038 enim
2275 3007 2390 3039 sufficit

1390 3058 1491 3088 dicere
1514 3056 1669 3097 quoniam
1693 3054 1829 3096 amicitia
1853 3060 1883 3084 et
1905 3054 1943 3083 lis
1967 3059 2114 3090 movent,
2147 3052 2206 3083 nisi
2237 3052 2299 3082 hoc
2327 3058 2392 3082 erat

1389 3100 1544 3132 amicitiae
1568 3109 1653 3137 esse,
1677 3099 1766 3140 quod
1797 3104 1888 3128 motu
1912 3097 1984 3135 tali,
2008 3097 2055 3127 liti
2078 3103 2186 3127 autem
2215 3097 2304 3137 quod
2326 3096 2390 3127 tali.

1389 3145 1566 3186 Oportebat
1581 3144 1677 3184 igitur
1693 3149 1749 3173 aut
1765 3142 1972 3173 determinare
1995 3147 2051 3171 aut
2071 3150 2251 3181 supponere
2271 3147 2327 3171 aut
2341 3140 2393 3171 de-

1389 3196 1576 3226 monstrare,
1592 3194 1647 3218 aut
1664 3194 1744 3218 certe
1761 3193 1815 3217 aut
1829 3186 1978 3224 molliter,
1995 3192 2051 3215 aut
2065 3185 2154 3215 aliter
2169 3184 2312 3225 qualiter.

1322 3233 1497 3274 *Amplius
1514 3239 1622 3262 autem
1641 3231 1795 3272 quoniam
1810 3230 1957 3260 videntur
1973 3236 2003 3260 et
2018 3229 2049 3259 vi
2065 3235 2095 3259 et
2110 3236 2232 3269 praeter
2246 3235 2392 3259 naturam
2420 3236 2431 3246 ⁸*

1385 3276 1507 3307 moveri
1519 3285 1663 3316 corpora,
1677 3281 1708 3306 et
1721 3274 1899 3305 secundum
1920 3280 2077 3312 naturam,
2093 3273 2179 3303 verbi
2194 3273 2292 3313 gratia
2311 3273 2392 3313 ignis

1390 3321 1522 3362 quidem
1540 3319 1686 3360 superius
1710 3329 1776 3349 non
1791 3318 1833 3357 vi,
1850 3318 1980 3349 inferius
2001 3324 2108 3348 autem
2131 3317 2172 3356 vi,
2187 3317 2219 3347 vi
2240 3323 2348 3348 autem
2364 3317 2392 3347 ei

1391 3365 1480 3406 quod
1503 3364 1680 3395 secundum
1703 3370 1850 3393 naturam
1873 3361 2076 3393 contrarium.
2101 3362 2158 3392 Est
2181 3368 2289 3392 autem
2303 3361 2393 3402 quod

1389 3409 1437 3448 vi;
1454 3415 1500 3439 est
1513 3408 1609 3449 igitur
1625 3415 1655 3438 et
1670 3407 1848 3438 secundum
1871 3414 2016 3437 naturam
2035 3406 2167 3436 moveri.
2188 3406 2280 3436 Hanc
2296 3405 2391 3445 igitur

1390 3453 1526 3483 amicitia
1549 3458 1670 3491 movet,
1691 3458 1746 3482 aut
1769 3458 1851 3489 non;
1876 3450 2070 3481 contrarium
2093 3450 2180 3480 enim
2199 3457 2314 3481 terram
2337 3460 2390 3480 su-

1390 3498 1515 3538 perius,
1547 3503 1577 3528 et
1607 3496 1815 3536 segregationi
1845 3495 2055 3533 assimilatum
2088 3501 2118 3525 et
2148 3494 2249 3535 magis
2278 3494 2316 3524 lis
2347 3500 2393 3524 est

1391 3552 1486 3573 causa
1504 3541 1571 3572 eius
1603 3541 1659 3583 qui
1679 3539 1856 3571 secundum
1879 3546 2026 3570 naturam
2048 3545 2168 3577 motus,
2192 3549 2290 3579 quarn
2314 3538 2391 3568 ami-

1392 3584 1473 3617 citia.
1499 3586 1702 3626 Quapropter
1725 3591 1755 3615 et
1777 3584 1993 3615 universaliter
2010 3590 2132 3624 praeter
2150 3590 2295 3614 naturam
2314 3582 2392 3612 ami-

2171 3643 2212 3667 6*

2414 800 2498 856 '37Cap.
2513 807 2544 822 vr.
2558 800 2628 822 Text.

2419 1868 2428 1877 '¹
2444 1866 2512 1888 Text.
2528 1866 2564 1895 38.

2445 2088 2511 2110 Text.
2529 2093 2566 2115 39.

2420 2357 2429 2364 ·'
2445 2354 2514 2375 Text.
2529 2360 2571 2381 40.

2445 2488 2512 2509 Text.
2526 2494 2560 2514 41.

2418 3015 2429 3026 *
2445 3014 2513 3036 Text.
2528 3020 2565 3041 42.

2446 3236 2514 3258 Text.
2528 3241 2565 3264 43.
