2782 4134
122 765 133 776 ⁸
150 769 228 785 eorum
248 769 295 785 ΟΠΙ.
310 768 330 784 Ρ.

120 868 131 879 ¹*
145 868 207 889 Lect.
217 873 267 895 seq.

117 1132 125 1140 ·
142 1130 211 1152 Num.
223 1136 234 1158 5
249 1136 300 1158 sqq.

367 270 435 294 112

363 337 458 373 inter
494 345 645 382 semper
682 343 748 368 ens
777 337 812 366 et
840 340 991 377 semper
1024 340 1103 364 non
1132 339 1199 364 ens
1232 335 1288 364 est
1316 328 1421 376 quod

339 400 486 437 ⁴neque
521 394 575 424 est
607 396 757 433 Semper
787 395 852 419 essS
884 393 1009 430 neque
1042 392 1196 428 Semper
1223 393 1302 417 non
1331 393 1418 428 ens,

362 441 428 479 sed
457 440 529 477 alio
557 438 673 475 modo
702 437 776 473 hoc
808 434 985 471 convenit
1018 432 1248 481 corruptibili
1278 441 1314 469 et
1343 433 1418 470 alio

361 493 478 531 modo
507 489 728 540 generabili:
762 500 851 525 narn
880 486 1048 534 genitum
1080 486 1196 522 habet
1228 498 1307 523 non
1335 498 1419 523 esse

361 553 562 594 antequam
583 543 646 589 sit,
677 539 914 589 corruptibile
943 546 1072 576 autern
1100 539 1217 575 habet
1235 551 1418 591 nonbesse

359 606 562 647 postquam
590 595 703 632 fuit.-
719 593 796 630 Sed
823 594 917 629 haec
937 591 1100 628 obiectio
1121 591 1331 629 excluditur
1349 605 1419 641 per

358 653 433 688 hoc
452 650 555 699 quod
575 648 671 694 dicit,
701 646 805 695 quod
828 653 1031 693 utrumque
1052 657 1189 682 eorum
1209 653 1265 682 est
1285 653 1321 682 et
1339 658 1417 683 non

361 711 415 740 est
442 702 602 751 quodam
634 699 876 737 determinato
904 704 1092 746 tempore.-
1121 705 1158 735 et
1184 698 1236 736 ita
1264 706 1414 748 oportet

358 756 461 805 quod
488 762 688 801 utrumque
717 763 850 788 eorum
880 752 900 771 ’Ἀ
928 751 1068 788 habeat
1096 763 1178 788 esse
1215 759 1303 800 post
1338 764 1417 789 non

359 821 441 846 esse
470 815 506 844 et
529 814 614 844 ante
642 817 720 842 non
748 816 841 840 esse.
871 805 921 841 Et
948 804 1024 841 hoc
1052 804 1173 852 magis
1202 805 1416 842 manifesta-

358 861 456 898 bitur
483 860 520 896 in
548 857 789 907 sequentibus
810 858 840 893 ³¹⁵.

411 926 446 961 9.
467 911 613 950 Deinde
629 923 716 947 curn
733 909 840 947 dicit:
857 910 914 947 Sit
926 911 1050 959 itaque
1069 911 1106 948 in
1122 923 1195 959 quo
1211 916 1265 947 est
1276 911 1317 946 E
1328 916 1410 958 etc.,

358 965 518 1003 ostendit
545 976 590 1001 ex
616 965 690 1000 hoc
717 963 822 1012 quod
852 963 964 1000 etiarn
993 963 1202 1011 ingenitum
1231 970 1267 999 et
1292 962 1414 1000 incor-

356 1018 527 1067 ruptibile
556 1023 838 1064 convertantur,
868 1015 1018 1053 dicens:
1048 1016 1094 1053 sit
1121 1017 1154 1053 E
1183 1015 1411 1063 ingenitum,

355 1073 385 1108 Z
404 1071 581 1119 genitum,
612 1071 625 1105 I
646 1069 940 1118 incorruptibile,
970 1070 1006 1105 T
1028 1068 1280 1118 corruptibile.
1312 1068 1414 1115 Quia

354 1124 461 1172 igitur
484 1131 678 1160 ostensum
698 1129 753 1158 est
767 1123 787 1143 ’¹‘
806 1123 911 1170 quod
930 1122 1099 1170 genitum
1115 1129 1152 1158 et
1171 1122 1414 1171 corruptibile

354 1189 393 1214 se
421 1176 583 1213 invicem
621 1182 924 1224 consequuntur,
962 1175 1121 1224 planum
1155 1182 1211 1211 est
1247 1175 1354 1223 quod
1382 1176 1412 1212 Z

353 1237 388 1266 et
421 1229 455 1265 T
488 1241 528 1265 se
564 1227 728 1265 invicem
767 1235 1062 1276 consequuntur.
1099 1227 1267 1275 Quando
1304 1227 1415 1276 igitur

350 1281 515 1330 positum
539 1281 553 1307 ς
580 1280 688 1317 fuerit
716 1281 821 1330 quod
849 1282 878 1317 Z
909 1288 946 1317 et
972 1281 1008 1317 T
1037 1293 1077 1317 se
1107 1288 1410 1330 consequuntur,

350 1334 487 1371 scilicet
513 1334 682 1382 genitum
711 1342 746 1371 et
765 1333 1027 1383 corruptibile;
1057 1340 1093 1370 et
1120 1333 1226 1383 quod
1250 1335 1283 1371 E
1312 1341 1350 1371 et
1367 1335 1411 1383 Z,

349 1387 444 1424 idest
462 1393 476 1410 ’¹
503 1387 672 1435 genitum
701 1394 736 1424 et
763 1387 989 1435 ingenitum,
1010 1386 1100 1423 nulli
1121 1386 1246 1424 eidem
1270 1387 1408 1435 insunt,

349 1441 415 1477 sed
435 1440 583 1477 cuilibet
607 1447 757 1489 oportet
783 1440 906 1477 inesse
926 1440 1087 1477 alterum
1107 1451 1264 1485 eorum;
1294 1447 1331 1477 et
1350 1452 1412 1477 ea-

349 1493 438 1531 dem
458 1493 552 1530 ratio
582 1500 636 1530 est
664 1493 711 1530 de
731 1494 766 1530 T
787 1501 823 1531 et
842 1495 870 1540 Ι,
891 1493 1030 1530 scilicet
1048 1493 1094 1530 de
1125 1492 1355 1543 corruptibili
1376 1501 1413 1531 et

347 1546 630 1595 incorruptibili,
646 1546 786 1583 scilicet
804 1547 909 1595 quod
928 1546 1020 1584 nulli
1040 1545 1164 1583 eidem
1184 1546 1321 1593 insunt,
1342 1547 1411 1584 sed

399 1705 424 1738 ζ)
440 1705 567 1737 positum.
581 1718 600 1723 -
613 1705 632 1729 P
648 1709 673 1729 et
687 1705 729 1729 ed.
746 1703 812 1729 1516
831 1712 890 1729 curn
906 1704 981 1729 codd.
996 1703 1145 1736 oppositum
1164 1703 1264 1736 legunt:
1285 1703 1356 1736 quod
1374 1709 1412 1728 ta-

1063 250 1134 286 DE
1164 249 1339 286 CAELO
1369 249 1440 286 ET
1469 248 1664 286 MUNDO
1693 249 1787 285 LIB.
1819 249 1832 284 I

1476 327 1583 365 omni
1602 328 1763 365 alterurn
1783 326 1817 364 ⁰:
1846 326 2001 377 quando
2021 325 2133 374 igitur
2150 325 2247 367 haec
2265 324 2318 362 ita
2335 333 2542 375 ponuntur,

1474 392 1629 417 necesse
1650 388 1706 418 est
1725 380 1831 430 quod
1851 382 1864 416 I
1886 388 1923 417 et
1942 381 1988 428 E,
2009 379 2106 416 idest
2134 377 2346 426 ingenitum
2365 385 2402 416 et
2420 378 2543 416 incor-

1474 433 1659 482 ruptibile,
1680 446 1721 470 se
1739 433 1906 471 invicem
1926 438 2220 481 consequantur.
2246 432 2295 468 Et
2313 431 2389 468 hoc
2405 432 2544 481 probat

1474 486 1652 523 ducendo
1681 486 1731 524 ad
1754 486 1999 535 impossibile.
2031 485 2071 522 Si
2091 484 2192 521 enirn
2220 484 2270 521 ad
2298 485 2331 532 I,
2360 484 2468 532 quod
2487 492 2544 521 est

1473 538 1767 588 incorruptibile,
1798 551 1877 576 non
1897 551 1943 576 ex
1967 538 2190 576 necessitate
2219 543 2476 586 consequatur
2495 538 2541 585 E,

1473 593 1580 640 quod
1608 600 1663 630 est
1690 592 1913 641 ingenitum,
1934 598 2114 640 sequetur
2141 590 2248 640 quod
2275 591 2322 637 Ζ,
2354 589 2459 639 quod
2488 598 2544 627 est

1472 645 1653 693 genitum,
1669 645 1782 683 simul
1800 645 1922 695 possit
1940 653 2039 682 stare
2059 657 2148 682 curn
2169 645 2196 692 Ι,
2217 643 2324 692 quod
2345 651 2400 680 est
2419 643 2543 680 incor-

1473 698 1668 748 ruptibile:
1698 699 1789 748 quia
1816 699 1893 736 iam
1919 698 2061 736 dictum
2092 705 2146 735 est
2174 697 2280 746 quod
2304 696 2352 734 de
2373 695 2544 745 quolibet

1470 751 1711 800 praedicatur
1739 759 1803 789 aut
1830 752 1876 799 E,
1905 751 2002 789 idest
2028 750 2251 799 ingenitum,
2281 757 2347 787 aut
2373 750 2416 796 Z,
2445 749 2544 786 idest

1471 805 1650 852 genitum.
1668 806 1828 854 Insuper
1843 804 1987 842 dictum
2003 812 2059 841 est
2073 804 2180 853 quod
2195 803 2255 840 cui
2274 803 2371 840 inest
2384 803 2428 850 Z,
2445 802 2542 839 idest

1469 857 1652 905 genitum,
1674 857 1707 895 ei
1726 858 1823 894 inest
1843 865 1879 894 et
1893 858 1941 906 T,
1957 857 2055 895 idest
2073 856 2329 906 corruptibile.
2351 855 2414 893 Sic
2432 855 2544 904 igitur

1470 918 1649 959 sequetur
1670 911 1776 960 quod
1795 911 1843 958 T,
1868 910 1966 948 idest
1993 910 2247 960 corruptibile,
2267 909 2354 947 insit
2377 909 2412 946 ei
2435 908 2543 958 quod

1470 971 1526 1000 est
1554 965 1581 1009 I,
1611 963 1707 1000 idest
1735 962 2018 1013 incorruptibili.
2049 964 2168 1011 Quod
2196 971 2252 1000 est
2281 970 2414 1000 contra
2439 961 2542 1012 posi-

1468 1023 1551 1052 tum
1565 1016 1601 1052 *ε
1629 1016 1799 1065 positum
1828 1016 1932 1053 enirn
1961 1023 2042 1053 erat
2068 1016 2175 1066 quod
2194 1017 2230 1053 T
2250 1023 2287 1053 et
2307 1017 2320 1053 I
2341 1027 2541 1065 nunquam

1469 1068 1596 1106 eidem
1623 1069 1790 1106 inessent
1807 1070 1858 1105 ·*;
1888 1068 1979 1106 nihil
2008 1069 2112 1106 enirn
2146 1077 2203 1106 est
2235 1069 2476 1119 corruptibile
2505 1076 2542 1106 et

1468 1121 1762 1171 incorruptibile.
1792 1123 1843 1159 Et
1870 1121 2008 1159 eadem
2037 1121 2130 1159 ratio
2161 1129 2218 1159 est
2244 1123 2350 1171 quod
2379 1123 2416 1169 I,
2445 1121 2543 1160 idest

1467 1174 1762 1224 incorruptibile,
1785 1182 2042 1224 consequatur
2069 1175 2118 1213 ad
2137 1175 2176 1212 id
2195 1175 2302 1224 quod
2321 1183 2378 1212 est
2395 1176 2441 1223 E,
2471 1175 2541 1213 sci-

1467 1227 1553 1265 licet
1580 1227 1808 1276 ingenitum:
1839 1227 1928 1277 quia
1957 1228 2097 1266 eodem
2126 1228 2247 1265 modo
2275 1240 2316 1265 se
2344 1228 2461 1266 habet
2484 1228 2540 1266 in-

1466 1282 1635 1329 genitum
1654 1281 1761 1330 quod
1780 1288 1837 1319 est
1855 1281 1900 1328 E,
1917 1281 1967 1319 ad
1986 1281 2158 1330 genitum
2179 1280 2286 1330 quod
2305 1288 2363 1318 est
2380 1282 2425 1329 Z,
2444 1281 2542 1319 sicut

1466 1334 1749 1384 incorruptibile
1771 1335 1791 1356 *
1809 1334 1917 1384 quod
1945 1342 2001 1372 est
2026 1336 2053 1382 I,
2082 1334 2133 1372 ad
2162 1333 2406 1383 corruptibile
2433 1334 2541 1384 quod

1468 1395 1523 1425 est
1550 1388 1598 1425 T.

1521 1440 1584 1478 Sic
1609 1440 1719 1489 igitur
1742 1448 1846 1491 patet
1874 1453 1921 1478 ex
1948 1440 2152 1490 praedictis
2180 1441 2288 1490 quod
2311 1452 2429 1478 omne
2457 1452 2541 1479 corh

1466 1493 1640 1543 ruptibile
1669 1501 1726 1532 est
1753 1494 1923 1543 genitum
1952 1502 1989 1532 et
2016 1506 2037 1531 e
2057 1506 2260 1542 converso,
2290 1501 2328 1531 et
2347 1505 2466 1532 omne
2483 1493 2540 1532 in-

1466 1547 1708 1596 corruptibile
1736 1547 1947 1596 ingenitum
1976 1555 2012 1584 et
2041 1559 2061 1584 e
2090 1559 2292 1585 converso.

1519 1704 1546 1736 η)
1566 1704 1679 1730 zraest.
1691 1716 1711 1725 -
1722 1705 1764 1729 Z!
1777 1705 1839 1738 legit
1857 1705 1877 1729 P
1895 1704 1938 1730 hic
1957 1710 1982 1730 et
2000 1705 2080 1738 infru
2099 1706 2162 1731 item
2180 1713 2228 1739 pm
2247 1705 2355 1732 Eidest
2373 1711 2400 1732 et
2420 1706 2448 1732 1·
2460 1706 2538 1738 tam,

347 1748 415 1771 men,
427 1748 486 1765 cum
501 1740 541 1765 hic
555 1741 642 1765 locum
656 1747 709 1764 non
722 1739 823 1768 habeat,
834 1740 858 1764 in
869 1739 989 1771 positum
1003 1739 1160 1764 correximus
1166 1746 1173 1770 ;
1187 1738 1219 1764 cf.
1229 1738 1293 1764 infra
1305 1739 1412 1771 quando
1468 1739 1510 1764 El
1524 1744 1550 1764 et
1571 1739 1621 1770 TJ,·
1639 1744 1727 1765 tamen
1746 1748 1795 1773 pro
1815 1740 1831 1765 1
1847 1739 1916 1766 idest
1934 1748 1986 1765 non
2005 1740 2084 1766 habet
2103 1741 2146 1771 11,·
2165 1741 2206 1767 ed.
2225 1739 2292 1766 1516
2311 1747 2352 1767 est
2369 1741 2519 1776 aequivoca.

347 1775 432 1808 igitur
449 1775 513 1801 haec
532 1775 571 1800 ita
585 1779 733 1807 ponuntur,
749 1780 774 1799 et
785 1782 878 1799 versus
891 1773 970 1799 finem
987 1775 1087 1799 numeri
1109 1774 1187 1805 Quod
1205 1777 1244 1799 est
1257 1778 1352 1800 contra
1361 1782 1412 1807 po-

346 1811 435 1836 situm.
454 1811 530 1836 Forte
549 1811 624 1836 lectio
643 1811 716 1835 codd.
731 1810 922 1843 corruptionem
942 1809 1042 1835 exhibet
1060 1817 1108 1843 pro
1127 1810 1176 1835 hoc
1189 1810 1318 1842 positum.

1519 1773 1544 1808 0)
1563 1775 1611 1800 sed
1628 1775 1702 1800 omni
1718 1775 1844 1801 alterum.
1856 1789 1877 1795 -·
1889 1776 1938 1801 sed
1953 1779 2059 1801 tantum
2078 1777 2194 1802 alterum
2208 1777 2232 1801 Α
2251 1784 2304 1802 non
2316 1777 2399 1810 beue5
2411 1776 2445 1803 cf.
2457 1777 2538 1811 puto

1466 1818 1553 1844 supra,
1571 1810 1619 1836 sed
1636 1810 1743 1836 cuilibet
1761 1814 1867 1844 opor-tet
1887 1811 1971 1838 inesse
1989 1812 2104 1837 alterum
2123 1819 2225 1838 eorum.

2568 1023 2577 1033 ·
2594 1023 2769 1050 'metim-w.

2570 1080 2578 1089 ·
2594 1078 2692 1100 inerunt
2702 1084 2740 1100 οι.
2757 1098 2759 1100 .

2567 1343 2580 1355 ’
2593 1342 2747 1372 ‹5thae
2758 1349 2782 1366 P.
