2782 4134
43 1841 53 1850 '
68 1838 118 1861 alia
132 1846 153 1861 ι’.

43 2115 52 2124 ·
68 2115 92 2135 et
104 2120 151 2136 om.
166 2120 187 2136 Ρ.

40 2852 52 2863 ’
67 2851 129 2880 quod
142 2858 189 2874 om.
204 2858 225 2874 1>-

498 459 507 473 ““
527 458 538 480 ¹
554 454 678 503 specie
694 461 821 490 motus
831 453 994 502 partium
1007 458 1023 473 ‘³‘
1036 452 1126 498 eius,
1139 452 1200 488 hic
1211 451 1354 488 inducit

496 506 534 538 ἕν’
554 508 666 544 aliam
683 506 867 543 rationem
884 507 932 542 ad
952 505 1067 551 idern,
1080 517 1178 553 quae
1194 504 1355 540 sumitur

50 574 59 583 ·
75 572 261 600 &lect-praee·
291 573 335 598 ex
362 564 483 610 figua
503 568 630 598 motus
655 559 817 608 partium
846 567 965 595 terrae
989 559 1018 594 *.
1050 559 1099 594 Et
1132 557 1219 594 dicit
1247 557 1353 605 quod

50 605 73 620 n.
89 605 105 621 1.

290 616 420 651 omnia
441 626 600 663 corpora
621 613 759 660 gravia,
791 624 836 648 ex
855 623 1097 660 quacumque
1126 618 1231 660 parte
1261 610 1354 647 caeli

289 676 532 714 moveantur,
570 667 739 703 feruntur
774 665 821 702 ad
859 672 998 700 terram
1036 665 1087 700 ad
1116 664 1254 701 similes
1286 676 1352 700 an-

286 721 408 770 gulos,
438 721 534 757 idest
561 719 772 756 secundum
810 725 931 754 rectos
955 718 1124 765 angulos,
1146 729 1242 766 quos
1266 717 1353 753 facit

287 773 384 810 linea
413 781 511 810 recta
538 785 606 821 per
634 784 750 819 quarn
781 778 835 807 est
863 778 990 808 motus
1020 771 1189 819 corporis
1214 770 1350 818 gravis,

289 839 376 863 cum
409 826 506 862 linea
544 825 779 872 contingente
813 832 952 861 terram
982 825 1109 872 (quod
1137 824 1351 860 manifesta-

47 889 258 917 'corporaadd-n-
286 888 345 916 tur
375 892 444 928 per
478 880 552 916 1100
590 878 693 927 quod
722 879 741 898 ³¹²
775 877 904 925 gravia
941 889 1020 914 non
1057 885 1155 914 stant
1192 877 1351 914 firmiter

286 945 400 981 super
427 940 565 968 terram
594 931 663 968 nisi
691 930 904 967 secundum
932 930 1071 967 lineam
1100 930 1350 979 perpendicu-

285 987 445 1031 larem):
475 997 552 1021 non
587 992 715 1021 autem
745 984 916 1020 feruntur
949 996 1110 1033 corpora
1143 983 1273 1031 gravia
1302 982 1351 1019 ad

285 1046 423 1075 terram
439 1039 544 1074 iuxta
560 1038 730 1083 invicem,
746 1037 842 1074 idest
861 1037 1073 1074 secundum
1089 1037 1206 1073 lineas
1222 1035 1350 1084 aequi-

286 1092 462 1129 distantes
480 1089 508 1127 ¹³.
536 1091 652 1138 Quod
681 1090 838 1140 quidem
859 1091 1054 1127 ordinatur
1073 1090 1122 1127 ad
1141 1091 1216 1126 hoc
1244 1089 1350 1138 quod

284 1153 382 1181 terra
410 1152 497 1192 apta
525 1152 612 1180 nata
641 1144 685 1180 sit
714 1156 795 1180 esse
824 1144 1037 1192 sphaerica:
1069 1143 1156 1192 quia
1185 1143 1348 1180 similem

283 1198 564 1234 inclinationem
593 1198 734 1234 habent
761 1197 892 1245 gravia
920 1198 968 1234 ad
991 1198 1121 1234 locum
1141 1204 1274 1243 terrae,
1306 1208 1350 1232 ex

283 1262 524 1300 quacumque
543 1258 650 1299 parte
670 1250 762 1287 caeli
783 1250 1041 1297 demittantur3
1063 1258 1099 1287 et
1117 1250 1168 1286 ita
1183 1249 1351 1286 similiter

283 1312 319 1341 et
347 1303 551 1352 aequaliter
570 1311 656 1340 nata
677 1311 732 1340 est
750 1303 832 1340 fieri
851 1303 1040 1353 appositio
1060 1303 1110 1340 ad
1137 1310 1277 1340 terram
1306 1315 1351 1339 ex

283 1357 388 1394 omni
410 1365 525 1406 parte,
551 1357 655 1405 quod
685 1356 875 1394 constituit
903 1369 989 1394 eam
1014 1356 1234 1405 sphaericae
1254 1356 1349 1404 figu-

45 1423 134 1444 ·mra
146 1428 240 1444 omme.
283 1422 358 1447 rae.
390 1410 429 1447 Si
456 1422 549 1447 vero
579 1417 677 1447 terra
701 1410 721 1431 ’¹‘
750 1410 967 1447 naturaliter
996 1418 1094 1447 esset
1121 1410 1195 1446 lata
1219 1409 1261 1446 -in
1289 1422 1350 1446 su-

281 1463 435 1513 perficie
465 1475 548 1510 sua,
579 1463 673 1500 sicut
701 1463 859 1513 quidam
887 1463 1074 1510 dicebant,
1096 1463 1205 1499 fieret
1222 1471 1350 1499 motus

283 1529 488 1565 corporum
513 1516 686 1564 gravium
707 1529 729 1553 a
748 1517 852 1553 caelo
879 1517 928 1553 ad
955 1525 1095 1553 terram
1123 1529 1202 1553 non
1230 1517 1350 1553 unde-

283 1582 449 1619 cumque
470 1570 681 1606 secundum
700 1570 841 1607 similes
861 1571 1030 1618 angulos.
1056 1570 1217 1618 Oportet
1239 1569 1350 1617 igitur

283 1624 387 1672 quod
414 1624 477 1660 vel
496 1631 595 1660 terra
623 1623 668 1659 sit
686 1623 898 1672 sphaerica,
919 1623 982 1660 vel
1002 1623 1107 1671 quod
1128 1622 1350 1659 naturaliter

281 1677 328 1713 sit
353 1676 547 1725 sphaerica
572 1681 597 1713 ⁷.
628 1677 714 1713 Hoc
751 1683 879 1713 autem
907 1676 994 1714 ideo
1024 1676 1222 1725 apposuit,
1259 1688 1347 1724 pro-

282 1737 366 1778 pter
394 1729 674 1766 tumorositates
704 1729 892 1766 montium
922 1737 958 1766 et
987 1730 1242 1766 concavitates
1269 1730 1347 1766 val-

282 1783 388 1829 lium,
407 1795 504 1831 quae
520 1783 698 1820 videntur
718 1783 987 1819 rotunditatem
1007 1791 1130 1820 terrae
1149 1782 1346 1831 impedire.

284 1836 360 1873 Sed
380 1836 599 1873 huiusmodi
619 1843 705 1873 sunt
725 1848 771 1872 ex
789 1836 914 1884 aliqua
927 1837 947 1857 '¹‘
967 1848 1081 1873 causa
1109 1836 1347 1884 accidentali,

284 1896 319 1926 et
347 1901 424 1926 non
449 1901 494 1925 ex
523 1901 568 1926 eo
599 1889 704 1938 quod
731 1902 800 1938 per
828 1902 868 1926 se
894 1889 1073 1926 convenit
1100 1897 1243 1926 terrae:
1277 1902 1348 1926 nec

282 1942 356 1979 1100
374 1943 489 1979 habet
509 1942 674 1991 aliquam
695 1942 942 1990 quantitatem
962 1942 1168 1979 notabilem
1188 1943 1228 1979 in
1244 1955 1348 1980 com-

43 2007 130 2056 255⁶*
145 2008 255 2036 praeced.
281 1996 478 2044 paratione
498 1996 545 2032 ad
565 2002 684 2032 totam
704 2003 855 2043 terram,
881 2003 922 2032 ut
941 2008 1056 2044 supra
1076 1996 1096 2016 *
1117 1996 1260 2033 dictum
1280 2004 1345 2033 est.

284 2049 444 2097 Oportet
480 2056 608 2085 autem
647 2049 955 2097 unumquodque
994 2049 1117 2086 dicere
1155 2061 1238 2085 esse
1275 2051 1348 2086 tale

283 2103 393 2151 quale
413 2110 469 2138 est
487 2102 699 2138 secundum
720 2115 830 2139 suam
851 2110 1036 2150 naturam,
1055 2104 1121 2139 et*
1138 2115 1216 2139 non
1236 2104 1347 2152 quale

283 2162 338 2192 est
355 2167 425 2203 per
443 2155 609 2203 aliquam
630 2167 784 2192 causam
804 2155 1012 2193 violentam
1041 2156 1103 2193 vel
1131 2163 1348 2204 praeterna-

280 2209 456 2245 turalem:
487 2216 523 2244 et
541 2208 640 2255 ideo,
667 2208 751 2245 licet
778 2221 846 2257 per
874 2208 1049 2246 accidens
1077 2216 1176 2246 terra
1203 2222 1282 2246 non
1302 2210 1348 2246 sit

281 2261 438 2298 omnino
459 2261 655 2310 sphaerica
675 2274 720 2298 ex
739 2263 867 2310 aliquo
888 2262 1092 2308 accidente,
1110 2262 1198 2311 quia
1216 2271 1346 2300 tamen

279 2322 453 2351 naturam
473 2315 589 2351 habet
607 2315 656 2351 ad
675 2316 750 2352 hoc
770 2315 874 2364 quod
898 2315 944 2352 sit
967 2315 1180 2364 sphaerica,
1203 2315 1345 2365 simpli-

280 2367 370 2404 citer
398 2367 603 2405 dicendum
633 2376 688 2405 est
716 2380 802 2405 eam
831 2369 1069 2418 sphaericam
1101 2381 1194 2406 esse.

335 2433 369 2458 2.
391 2421 538 2458 Deinde
560 2434 648 2458 cum
669 2421 771 2458 dicit:
792 2422 928 2458 Adhuc
946 2428 1071 2459 autem
1091 2427 1127 2458 et
1138 2433 1211 2472 per
1228 2434 1344 2471 appa—

279 2475 398 2511 rentia
419 2482 500 2521 etc.,
521 2475 658 2523 probat
685 2482 824 2512 terram
845 2487 926 2512 esse
956 2475 1208 2525 sphaericam,
1234 2476 1344 2512 ratio-

279 2527 389 2564 nibus
423 2528 672 2576 astrologicis,
701 2540 770 2577 per
802 2541 847 2566 ea
871 2541 970 2577 quae
999 2536 1184 2577 apparent
1211 2541 1343 2566 secun-

39 2586 251 2635 nCJ-lect-praec-
281 2581 372 2617 dum
393 2593 548 2618 sensum
565 2585 596 2618 ᾗ.
627 2582 675 2618 Ε1
702 2581 846 2618 inducit
869 2590 943 2618 tres
962 2582 1218 2630 probationes.
1241 2582 1345 2628 Qua-

280 2646 365 2670 rum
384 2634 507 2683 prima
526 2634 686 2671 sumitur
706 2647 751 2671 ex
771 2635 897 2684 eclipsi
920 2636 1044 2672 lunae.
1065 2635 1115 2671 Et
1133 2635 1222 2672 dicit
1240 2636 1345 2684 quod

280 2687 405 2724 adhuc
420 2687 663 2725 manifestum
684 2696 740 2725 est
753 2700 823 2737 per
838 2701 883 2725 ea
898 2691 996 2737 (luae
1013 2696 1197 2738 apparent
1212 2701 1345 2725 secun-

282 2740 373 2777 dum
403 2753 574 2788 sensum,
601 2741 707 2790 quod
726 2749 823 2778 terra
843 2741 888 2778 sit
908 2741 1115 2791 sphaerica.
1137 2741 1221 2778 Nisi
1242 2741 1343 2779 enim

279 2801 375 2830 terra
404 2802 501 2830 esset
528 2794 739 2843 sphaerica,
770 2794 917 2843 eclipsis
946 2796 1057 2832 lunae
1086 2807 1165 2832 non
1193 2807 1346 2844 semper

279 2847 434 2884 haberet
450 2847 647 2884 circulares
663 2848 891 2885 decisiones:
903 2848 1082 2886 videmus
1098 2848 1200 2886 enirn
1212 2849 1345 2898 quod*

281 2912 432 2948 semper
461 2900 615 2948 quando
644 2901 734 2938 luna
754 2902 966 2950 eclipsatur,
997 2902 1204 2938 obscurum
1229 2902 1346 2951 ipsius

282 2960 317 2989 et
344 2953 510 2990 lucidum
541 2954 819 3002 distinguuntur
846 2967 915 3004 per
941 2955 1081 2992 lineam
1111 2955 1343 2992 circularem.

280 3006 425 3043 Accidit
453 3015 579 3044 autem
609 3007 755 3057 eclipsis
793 3009 904 3045 lunae
932 3021 1002 3057 per
1028 3009 1104 3045 hoc
1132 3008 1237 3057 quod
1266 3008 1347 3057 ipsa

282 3059 464 3096 subintrat
490 3061 668 3097 umbram
688 3069 824 3098 terrae:
854 3061 956 3098 unde
987 3069 1143 3110 apparet
1166 3062 1346 3099 umbram

281 3119 400 3148 terrae
438 3125 520 3149 esse
557 3115 773 3152 rotundam.
804 3114 862 3151 Ex
891 3127 968 3163 quo
999 3122 1157 3164 apparet
1184 3122 1346 3162 terram,

338 3262 364 3294 α)
384 3269 421 3286 ex
439 3262 523 3294 specIe
538 3265 624 3287 motus
634 3263 765 3295 partium.
779 3276 797 3283 --
810 3267 897 3289 motus
909 3271 962 3288 om.
978 3264 997 3288 P
1013 3268 1038 3289 et
1052 3264 1127 3289 codd.
1141 3272 1196 3289 exc.
1209 3265 1244 3294 Α;
1261 3272 1275 3289 0
1289 3272 1350 3289 con-

285 3301 323 3321 tra
336 3297 358 3320 Α
370 3304 423 3321 om.
437 3301 523 3322 motus
539 3303 598 3329 post
617 3306 693 3322 unam
714 3299 772 3329 lin.;
786 3300 832 3324 sed
846 3299 984 3332 utrobique
1003 3303 1091 3324 motus
1110 3300 1214 3332 requiri.
1230 3305 1300 3332 patet
1319 3307 1349 3324 ex

286 3332 344 3356 lect.
357 3339 440 3364 praec.
456 3341 481 3357 n.
495 3340 544 3357 1.-
558 3333 637 3358 Paulo
652 3333 757 3358 inferius
773 3339 831 3359 ante
846 3338 1003 3360 moveantur
1017 3336 1039 3360 Α
1055 3335 1114 3360 add.
1131 3342 1222 3360 versus
1237 3338 1348 3360 terram.

339 3365 364 3398 β)
384 3367 434 3391 nisi
451 3368 593 3392 secundum
613 3368 743 3394 lineam..
761 3370 977 3402 aequidistantes.
991 3384 1010 3389 -
1029 3371 1064 3395 ita
1083 3371 1188 3401 PEGsl,
1209 3371 1256 3395 nisi
1276 3371 1348 3403 quod

286 3401 306 3425 Ρ
324 3408 376 3426 om.
396 3401 463 3426 idest
469 3409 478 3431 ,⁴
496 3402 690 3428 homoteleuton
704 3404 756 3429 nisi
773 3405 952 3431 secundum...
965 3406 1002 3430 ad
1016 3409 1117 3431 terram
1132 3414 1186 3431 om.
1199 3407 1220 3431 A
1230 3424 1236 3436 ,
1249 3406 1347 3431 lineam

282 3436 561 3468 perpendicularem...
581 3438 649 3463 idest
666 3440 808 3464 secundum
828 3448 881 3465 om.
896 3441 1021 3473 BCDFpl.

340 3471 366 3504 γ)
386 3472 425 3495 vel
438 3472 508 3504 quod
522 3474 682 3498 naturaliter
694 3474 728 3499 sit
743 3475 890 3506 sphaerica.
902 3488 921 3494 —
940 3477 995 3501 Hoc
1010 3476 1134 3501 homotel.
1149 3485 1203 3502 om.
1215 3477 1331 3510 BCDFpl
1340 3485 1347 3508 ;

288 3506 320 3530 cf.
334 3511 394 3530 text.
409 3504 461 3539 (ubi
474 3507 492 3530 Ρ
506 3507 530 3531 in
542 3515 609 3532 verS.
622 3516 675 3533 om.
685 3510 738 3533 Aut
753 3510 869 3542 igitur...
885 3514 983 3536 natura
997 3511 1157 3546 sphaerica).
1168 3527 1186 3532 -
1195 3513 1286 3537 Statim
1301 3520 1348 3545 pro

289 3541 355 3571 ideo,
375 3549 426 3566 non
446 3542 493 3574 pE,
513 3550 564 3566 om.
579 3543 650 3574 GsE;
670 3551 717 3576 pro
736 3545 866 3576 apposuit,
886 3547 996 3578 apponit
1008 3547 1039 3571 Α.

341 3575 365 3608 δ)
384 3577 572 3608 amphicurtos.
590 3591 609 3596 -
626 3578 795 3610 amphitriros
813 3581 847 3611 P;
867 3581 900 3605 cf.
919 3582 976 3606 lect.
995 3589 1044 3611 xvi.
1065 3590 1090 3606 n.
1105 3590 1129 3615 γ.
1147 3596 1166 3602 -
1185 3583 1274 3608 Statim
1300 3591 1348 3616 pro

289 3611 357 3636 idest
375 3611 502 3637 habens...
518 3612 671 3645 vigesimam
686 3614 818 3646 primam,
839 3616 908 3647 quod
928 3617 1038 3649 legimus
1059 3625 1117 3642 cum
1137 3619 1168 3648 Α,
1189 3619 1207 3642 Ρ
1227 3623 1252 3643 01
1270 3619 1348 3644 ceteri

985 269 1056 305 DE
1086 267 1263 305 CAELO
1294 268 1365 305 ET
1394 268 1589 305 MUNDO
1619 267 1714 305 LIB.
1746 269 1778 305 11

1412 358 1509 394 quae
1538 346 1625 382 facit
1652 347 1767 383 talem
1795 348 1991 395 umbram,
2023 359 2105 384 esse
2134 348 2390 396 sphaericam:
2421 362 2482 387 so·

1410 399 1491 435 lum
1519 399 1620 435 enim
1651 412 1790 448 corpus
1818 400 2060 449 sphaericum
2090 408 2223 438 natum
2253 409 2310 438 est
2328 414 2482 452 semper

1410 452 1532 488 facere
1563 453 1801 501 sphaericam
1820 455 2010 490 umbram.
2033 454 2073 490 Si
2102 454 2204 491 enirn
2226 467 2364 503 corpus
2392 456 2481 493 luci-

1410 504 1516 552 dum,
1547 505 1686 543 scilicet
1715 507 1789 553 sol,
1819 506 1865 544 sit
1893 508 2016 544 maius
2045 515 2164 555 terra,
2195 515 2347 556 oportet
2374 510 2482 556 quod

1409 558 1521 594 faciat
1547 566 1646 595 terra
1682 560 1861 596 umbram
1889 561 2187 609 pyramidalem,
2220 561 2326 598 cuius
2360 574 2480 598 conus

1408 611 1454 647 sit
1481 611 1520 648 in
1540 613 1627 660 alto,
1650 620 1686 649 et
1705 613 1805 649 basis
1824 613 1863 650 in
1882 614 1965 663 ipsa
1993 622 2109 660 terra3
2131 614 2161 650 si
2180 627 2275 651 vero
2304 615 2361 651 sol
2383 622 2482 651 esset

1407 664 1535 701 minor
1554 673 1664 713 terra,
1694 666 1834 703 faceret
1853 667 2010 715 quidem
2034 668 2214 704 umbram
2234 667 2404 704 similiter
2423 680 2480 705 se-

1408 718 1577 754 cundum
1593 719 1757 766 figuram
1773 721 1959 757 rotundae
1974 721 2195 769 pyramidis,
2208 729 2338 757 tamen
2355 733 2374 758 e
2389 733 2480 758 con-

1406 783 1518 808 verso
1544 784 1664 808 conus
1692 772 1789 809 illius
1816 774 2027 821 pyramidis
2049 782 2147 811 esset
2174 775 2212 811 in
2240 782 2349 820 terra,
2380 774 2479 811 basis

1406 832 1535 861 autem
1566 825 1645 861 eius
1673 825 1712 862 in
1740 827 1833 871 alt0;
1859 826 1889 863 si
1908 839 2003 863 vero
2024 828 2080 864 sol
2101 836 2199 864 esset
2218 827 2387 877 aequalis
2407 835 2478 864 ter-

1407 889 1481 923 rae,
1511 878 1650 914 faceret
1672 880 1853 916 umbram
1878 880 2135 928 cylindricam‚
2161 881 2258 918 idest
2282 882 2477 918 columna-

1406 942 1504 967 rem:
1536 931 1722 979 quidquid
1755 939 1883 968 autem
1913 933 2053 970 horum
2083 942 2202 981 esset,
2233 941 2475 983 sequeretur,

1404 992 1561 1032 propter
1579 985 1654 1020 hoc
1675 986 1781 1033 quod
1804 993 1902 1022 terra
1922 994 1978 1022 est
1993 986 2012 1007 *
2032 987 2240 1035 sphaerica,
2267 987 2372 1036 quod
2393 1000 2476 1024 um-

1406 1038 1473 1073 bra
1503 1037 1582 1073 eius
1611 1039 1824 1075 secundum
1853 1038 1993 1076 lineam
2024 1040 2246 1077 circularem
2279 1041 2476 1078 abscinde-

1405 1097 1461 1126 ret
1488 1091 1632 1127 lunam.
1644 1111 1669 1118 -
1682 1092 1815 1127 Posset
1834 1099 1964 1129 autem
1984 1093 2118 1142 aliquis
2138 1093 2262 1130 dicere
2282 1095 2388 1143 quod
2407 1094 2478 1131 ista

1406 1143 1594 1180 circularis
1622 1144 1803 1181 abscissio
1832 1145 1946 1182 lunae
1974 1158 2053 1183 non
2083 1154 2137 1183 est
2165 1154 2322 1195 propter
2350 1155 2477 1184 rotun-

1406 1197 1561 1233 ditatem
1590 1204 1733 1245 terrae,
1763 1198 1830 1234 sed
1858 1206 2015 1247 propter
2042 1199 2315 1236 rotunditatem
2348 1201 2474 1237 lunae.

1407 1250 1484 1287 Sed
1512 1250 1562 1287 ad
1589 1251 1664 1287 hoc
1693 1251 1996 1300 excludendum,
2026 1253 2155 1289 subdit
2181 1253 2288 1302 quod
2320 1253 2359 1290 in
2387 1265 2477 1301 aug-

1406 1312 1536 1340 mento
1576 1312 1611 1340 et
1648 1305 1892 1341 decremento
1927 1306 2060 1352 lunae,
2099 1307 2205 1354 quod
2241 1306 2378 1343 accidit
2407 1318 2479 1355 per

1405 1358 1573 1405 s'1ngulos
1601 1369 1769 1405 menses,
1795 1358 1912 1395 sectio
1937 1359 2050 1396 lunae
2078 1359 2215 1407 accipit
2242 1371 2380 1396 omnes
2407 1359 2476 1396 dif-

1405 1411 1589 1448 ferentias.
1618 1411 1853 1459 figurarum:
1896 1424 1987 1449 nam
2026 1412 2259 1462 quandoque
2297 1412 2478 1450 dividitur

1404 1465 1619 1502 secundum
1646 1464 1787 1501 lineam
1816 1473 1971 1512 rectam,
1993 1465 2088 1502 sicut
2117 1466 2273 1515 quando
2290 1465 2478 1505 dividitur

1403 1530 1473 1567 per
1501 1518 1691 1564 medium,
1714 1525 1806 1566 puta
1835 1531 1924 1555 cum
1954 1526 2010 1555 est
2029 1519 2191 1568 septima
2209 1520 2272 1556 vel
2290 1519 2478 1567 vigesima

1402 1572 1543 1621 prima;
1574 1572 1807 1620 quandoque
1836 1579 1964 1608 autem
1983 1572 2027 1609 fit
2051 1573 2307 1621 amphicurtos
2330 1570 2354 1618 δ,
2380 1573 2478 1610 idest

1402 1625 1549 1662 habens
1574 1625 1797 1662 circularem
1826 1625 2034 1662 sectionem
2058 1627 2120 1662 vel
2145 1626 2350 1672 arcualem,
2381 1626 2477 1663 scili-

1403 1687 1461 1715 cet
1480 1691 1502 1715 a
1521 1679 1683 1727 septima
1710 1679 1800 1715 luna
1826 1691 1950 1727 usque
1978 1679 2026 1715 ad
2044 1678 2272 1727 vigesimam
2291 1679 2475 1728 primam;

1402 1732 1636 1780 quandoque
1664 1739 1794 1769 autem
1824 1739 1879 1768 est
1899 1744 2081 1778 concava,
2102 1740 2195 1781 puta
2215 1745 2303 1769 eum
2325 1740 2382 1770 est
2399 1733 2476 1782 pri-

1403 1797 1478 1831 ma,
1500 1792 1535 1821 et
1554 1797 1576 1821 a
1595 1785 1719 1833 prima
1738 1797 1861 1833 usque
1881 1785 1929 1822 ad
1949 1785 2166 1834 septimam,
2188 1794 2224 1822 et
2242 1798 2264 1822 a
2288 1785 2475 1833 vigesima

1401 1838 1525 1886 prima
1544 1850 1666 1887 usque
1687 1837 1735 1874 ad
1756 1838 1965 1883 defectum;
1987 1838 2093 1886 quod
2119 1838 2300 1886 contingit
2318 1847 2476 1888 propter

1402 1891 1593 1928 diversam
1623 1891 1885 1928 habitudinem
1916 1891 1997 1928 eius
2026 1891 2074 1928 ad
2103 1892 2237 1938 solem,
2262 1899 2304 1928 ut
2323 1894 2474 1941 supra*

1403 1945 1547 1982 dictum
1578 1951 1643 1981 est.
1676 1945 1753 1981 Sed
1781 1944 1819 1981 in
1849 1944 2051 1994 eclipsibus
2070 1945 2090 1965 '¹‘
2109 1957 2264 1994 semper
2291 1944 2391 1982 linea
2420 1945 2475 1982 di-

1400 1998 1538 2035 videns
1566 1997 1690 2046 ipsam
1720 2005 1775 2034 est
1809 1998 1980 2048 gibbosa,
2015 1997 2113 2035 idest
2142 1998 2342 2035 circularis.
2374 1998 2474 2046 Quia

1401 2051 1510 2099 igitur
1537 2052 1627 2088 luna
1657 2051 1858 2100 eclipsatur
1884 2059 2042 2100 propter
2069 2059 2191 2088 terrae
2220 2051 2475 2101 interpositio-

1402 2117 1513 2152 nem,
1544 2104 1754 2141 rotunditas
1788 2112 1930 2151 terrae,
1967 2117 2056 2141 cum
2086 2104 2132 2142 sit
2170 2105 2389 2154 sphaerica,
2420 2113 2477 2144 est

1402 2170 1516 2195 causa
1545 2158 1626 2194 talis
1655 2158 1798 2206 figurae
1829 2157 1928 2194 circa
1957 2157 2186 2195 divisionem
2215 2159 2339 2196 lunae.

1456 2211 1491 2248 3.
1523 2211 1742 2248 Secundam
1770 2210 2039 2260 probationem
2061 2213 2080 2233 '³‘
2108 2211 2216 2261 ponit
2244 2211 2312 2249 ibi:
2341 2211 2478 2250 Adhuc
2503 2222 2717 2278 affigens-“²²3

1400 2270 1526 2301 autem
1548 2276 1622 2313 per
1649 2270 1840 2301 astrorum
1861 2272 1950 2311 etc.;
1984 2277 2084 2313 quae
2113 2265 2276 2303 sumitur
2295 2277 2341 2302 ex
2360 2277 2477 2315 appa·
2521 2291 2528 2298 ·

1400 2317 1519 2354 rentia
1538 2318 1743 2354 stellarum.
1761 2318 1810 2354 Et
1830 2317 1917 2354 dicit
1936 2318 2041 2367 quod
2057 2330 2102 2356 ex
2123 2318 2338 2356 diversitate
2357 2331 2476 2368 appa·

1401 2371 1542 2408 tentiae
1570 2372 1764 2407 stellarum
1793 2379 1952 2420 apparet
1978 2371 2084 2420 quod
2112 2379 2211 2408 terra
2238 2384 2319 2409 non
2346 2373 2475 2410 solum

1403 2432 1458 2461 est
1477 2424 1652 2465 rotunda,
1683 2424 1751 2461 sed
1780 2424 1893 2461 etiam
1921 2436 2042 2474 parva
2060 2424 2099 2462 in
2119 2424 2406 2473 comparatione
2426 2425 2476 2463 ad

1400 2489 1563 2526 corpora
1591 2476 1777 2514 caelestia.
1809 2477 1849 2514 Si
1869 2476 1971 2514 enim
1992 2477 2191 2515 modicum
2220 2483 2475 2515 moveamur¹

1399 2542 1534 2567 versus
1563 2530 1763 2567 meridiem
1782 2530 1844 2567 vel
1865 2530 2180 2579 septentrionem,
2199 2530 2397 2568 manifeste
2419 2531 2474 2568 di—

1399 2583 1637 2620 versificatur
1664 2583 1775 2620 nobis
1804 2583 1976 2621 horizon.
2013 2583 2131 2630 Quod
2163 2591 2321 2632 apparet
2354 2596 2474 2632 quan-

1399 2645 1481 2674 tum
1511 2636 1560 2673 ad
1588 2636 1678 2674 duo.
1708 2636 1839 2673 Primo
1868 2636 2025 2686 quidem
2046 2644 2233 2686 quantum
2262 2637 2311 2674 acl
2338 2638 2474 2686 polum

1399 2689 1626 2736 horizontis,
1653 2689 1718 2738 qui
1752 2697 1807 2726 est
1830 2697 2016 2739 punctum
2046 2690 2140 2727 caeli
2171 2690 2334 2727 existens
2358 2702 2474 2740 supra

1401 2743 1660 2782 summitatem
1681 2742 1812 2792 capitis
1832 2743 1966 2789 nostri;
1988 2744 2093 2793 quod
2113 2743 2271 2792 quidem
2285 2751 2473 2794 punctum

1400 2796 1598 2833 manifeste
1628 2796 1904 2834 diversificatur
1923 2796 1936 2823 t
1960 2797 2173 2834 secundum
2202 2796 2398 2834 modicam
2419 2797 2474 2834 di-

1401 2849 1587 2897 stantiam,
1604 2857 1645 2886 ut
1660 2857 1818 2899 apparet
1837 2862 1882 2887 ex
1898 2850 2012 2887 stellis
2031 2850 2132 2896 fixis3
2153 2850 2241 2899 quia
2260 2850 2300 2888 in
2319 2850 2473 2888 modica

1402 2902 1576 2940 distantia
1604 2902 1779 2940 diversae
1808 2904 1937 2940 stellae
1966 2910 2151 2952 apparent
2178 2915 2294 2952 super
2313 2902 2472 2940 summi-

1401 2963 1517 2993 tatem
1548 2956 1678 3006 capitis
1700 2957 1729 2993 *.
1762 2956 1942 2994 Secundo
1967 2963 2126 3006 apparet
2146 2956 2344 2993 diversitas
2371 2956 2472 2994 hori-

1402 3009 1522 3046 zontis
1538 3021 1583 3046 ex
1599 3009 1750 3047 diversa
1770 3009 2001 3047 abscissione
2018 3009 2111 3046 caeli
2131 3022 2200 3058 per
2217 3009 2471 3047 horizontem.

1403 3063 1451 3099 Et
1478 3063 1553 3099 hoc
1587 3063 1803 3100 manifestat
1829 3063 1849 3084 '¹‘
1873 3063 1963 3112 quia
1994 3062 2241 3100 moventibus
2270 3075 2310 3100 se
2338 3075 2473 3100 versus

1403 3115 1700 3164 septentrionem
1715 3117 1777 3153 vel
1796 3115 2010 3164 meridiem,
2023 3128 2101 3153 non
2115 3115 2294 3154 videntur
2313 3115 2473 3154 eaedem

1403 3266 1491 3296 legunt
1510 3265 1579 3290 idest
1599 3265 1715 3298 undique
1732 3265 1877 3291 secundum
1896 3266 2040 3296 circulum,
2060 3266 2168 3299 quando
2187 3265 2298 3298 (scilicet
2315 3266 2424 3299 quando
2437 3266 2473 3299 P)

1402 3303 1442 3325 est
1457 3301 1547 3332 plena,
1566 3301 1667 3326 scilicet
1686 3301 1766 3333 (idest
1779 3301 1811 3333 E)
1825 3309 1884 3327 cum
1905 3302 2023 3334 (quando
2037 3301 2071 3334 G)
2086 3305 2126 3327 est
2139 3302 2242 3327 decima
2254 3305 2362 3334 quarta.
2375 3315 2395 3321 -
2407 3301 2474 3328 Dein

1403 3335 1448 3360 PG
1467 3344 1520 3361 om.
1539 3339 1643 3365 autem5
1668 3342 1727 3369 post
1745 3337 1817 3370 quod
1837 3337 1858 3361 E
1877 3342 1903 3362 et
1922 3337 1962 3362 ed.
1982 3336 2048 3362 1516
2068 3342 2262 3370 prosequuntur
2285 3340 2325 3362 est
2343 3343 2472 3366 concava,

1398 3374 1467 3403 puta
1482 3379 1541 3397 cum
1560 3374 1600 3396 est
1614 3372 1707 3404 prima
1721 3375 1747 3397 01
1760 3372 1874 3405 septima
1892 3375 1919 3398 01
1937 3373 2066 3406 vigesima
2081 3373 2173 3405 prima
2179 3379 2187 3401 ‚-
2206 3378 2254 3397 cet.
2272 3380 2336 3397 vero
2354 3375 2394 3398 031
2412 3380 2474 3398 con-

1401 3414 1475 3436 cava,
1491 3410 1562 3439 pura
1576 3415 1636 3432 cum
1649 3410 1689 3432 est
1707 3407 1780 3432 intra
1796 3408 1915 3440 primam
1935 3411 1962 3433 et
1979 3408 2128 3440 septimam,
2149 3411 2175 3433 01
2190 3415 2207 3432 α
2227 3407 2356 3442 vigesima
2371 3408 2474 3440 prima.

1455 3443 1478 3474 ε)
1499 3442 1530 3467 Si
1548 3443 1617 3467 enim
1638 3443 1769 3468 modicum
1791 3450 1954 3468 moveamur.
1972 3457 1990 3463 -
2011 3443 2042 3468 Si
2059 3443 2129 3469 enim
2149 3443 2246 3476 aliquis
2265 3443 2398 3469 modicum
2418 3450 2474 3468 mo-

1402 3480 1496 3502 veatur
1515 3478 1548 3508 Ρ;
1568 3478 1628 3503 item
1648 3486 1695 3511 pro
1715 3486 1879 3508 moveamur,
1900 3482 2039 3504 moveatur
2058 3478 2188 3511 BCDFpl,
2211 3479 2361 3504 omittentes
2386 3483 2474 3504 tamen

1401 3513 1507 3545 aliquis.
1525 3527 1544 3532 -
1562 3513 1612 3538 Pro
1632 3521 1731 3544 versus,
1750 3514 1879 3539 adversus
1898 3514 1975 3539 iidem
1996 3514 2107 3540 codices.

1454 3547 1479 3580 ζ)
1499 3549 1571 3581 quod
1589 3549 1695 3581 quidem
1717 3552 1848 3581 punctum
1875 3550 2014 3583 manifeste
2037 3549 2242 3582 diversificatur.
2261 3562 2280 3569 -
2297 3549 2344 3582 qui
2367 3548 2473 3582 quidem

1398 3587 1515 3616 punctus
1534 3584 1732 3617 diversificatur
1750 3585 1782 3615 P;
1802 3585 1878 3610 codd.
1893 3593 1946 3610 exc.
1960 3586 1983 3609 A
1998 3592 2045 3617 pro
2058 3585 2198 3617 manifeste
2212 3584 2316 3610 solitam
2330 3583 2474 3617 corruptio-

1403 3627 1463 3644 nem
1482 3619 1602 3645 maxime
1620 3620 1747 3645 exhibent.
1760 3634 1779 3639 —
1792 3621 1815 3645 A
1834 3620 1918 3653 pergit
1937 3620 1964 3645 in
1984 3619 2089 3646 modica
2107 3619 2247 3645 distantia.

2505 990 2514 999 ·
2530 989 2586 1017 quia
2600 991 2667 1012 terra
2682 991 2721 1012 est

2504 1022 2525 1043 ι’,
2540 1018 2605 1038 esset
2617 1022 2640 1038 Α,

2503 1898 2512 1906 ·
2522 1896 2588 1919 Lect.
2597 1902 2645 1925 xvt,
2656 1903 2679 1920 n.
2690 1897 2715 1920 6.

2502 1949 2514 1960 ⁸
2528 1950 2611 1979 eclipsi
2622 1957 2645 1973 Α.

2499 2965 2511 2976 ⁸
2524 2964 2603 2987 nostri
2615 2964 2668 2987 edd.
2678 2971 2700 2987 ι.

2499 3066 2701 3116 coffinum
