2782 4134
77 671 86 679 ·
102 670 182 697 vigent
195 675 258 690 coer.

74 696 96 707 *⁸
111 696 174 723 quod
186 702 208 717 Α,

74 726 284 755 'Cap.xsq.;S-Th.

77 754 128 775 lect.
139 761 168 775 xv
183 760 218 781 sq.

74 834 85 844 ⁸
101 833 171 855 Num.
187 839 206 860 5.

74 861 95 872 ⁴*
103 860 210 881 anterior
220 865 284 880 curo.

75 940 86 950 ⁸
101 941 124 960 et
138 944 185 960 om.
200 945 221 959 P.

76 1045 86 1055 ¹*
117 1050 131 1065 o
144 1044 270 1072 positionis

77 1071 121 1092 cod
139 1085 145 1091 .
160 1076 208 1092 exc.
222 1077 244 1091 Λ.

76 1205 87 1215 “
102 1204 137 1225 Cf.
153 1210 215 1225 num.
230 1210 252 1231 9.

171 1253 183 1284 ξ

76 1423 83 1431 ·
101 1422 123 1441 et
137 1420 193 1442 dicit
207 1420 272 1441 codd.

76 1580 84 1587 ·
100 1578 169 1599 Num.
184 1584 204 1599 2.

318 267 387 302 128

313 344 502 393 augmenti
522 351 577 380 est
596 341 714 390 magis
735 340 937 378 essentialis
958 346 994 375 et
1012 339 1133 386 magis
1153 338 1374 375 intrinsecus

313 398 463 436 animali
484 409 598 446 quam
619 402 746 432 motus
761 394 933 431 localis-
946 394 1075 429 Potest
1094 399 1221 428 autem
1238 391 1374 428 melius

312 459 434 488 totum
463 449 566 500 quod
594 449 655 485 hic
690 448 822 485 dicitur
859 447 907 483 ad
944 452 1093 481 motum
1127 445 1288 481 localem
1317 457 1373 482 re-

313 505 418 552 ferri,
447 511 489 540 ut
517 503 660 540 dicatur
694 501 798 549 quod
835 511 984 536 sursum
1013 498 1052 534 in
1081 497 1231 534 animali
1267 498 1374 546 quod

314 565 490 595 movetur
517 555 725 593 secundum
754 555 899 599 locum,
930 559 985 588 est
1011 550 1239 599 principium
1269 551 1371 588 unde

313 618 460 658 motuS,
490 609 578 658 quia
606 607 743 645 scilicet
769 607 807 643 in
836 605 967 654 capite,
989 604 1095 652 quod
1124 611 1178 641 est
1207 617 1371 653 sursum,

313 665 412 712 viget
426 664 446 684 ’Ἢ
466 675 608 709 sensus,
625 661 688 709 qui
706 661 746 681 μ’
766 666 819 696 est
837 670 999 705 movens
1019 657 1057 694 in
1072 657 1312 706 animalibus,
1333 667 1374 696 ut

314 716 446 754 dicitur
472 716 510 752 in
540 716 588 752 III
617 715 662 751 de
688 714 826 750 Anima
846 713 883 758 *3
914 711 1088 748 dextrum
1117 719 1246 749 autem
1276 720 1332 750 est
1350 725 1373 750 a

313 782 389 819 quo
417 769 544 817 incipit
562 775 686 804 motus
704 766 851 813 localis,
882 764 971 813 quia
989 777 1077 814 pars
1098 765 1227 802 dextra
1245 766 1371 815 primo

313 830 498 869 movetur,
510 829 550 858 ut
564 821 705 858 dictum
722 827 775 856 est
786 821 822 865 ’ἦ
845 818 912 855 sed
928 818 1091 855 anterius
1102 820 1143 840 *ᾗ
1164 827 1220 856 est
1237 832 1372 857 versus

312 876 416 925 quod
435 882 610 913 movetur
629 873 778 910 animal.
799 872 1034 921 Principium
1054 880 1182 910 autem
1207 885 1372 910 movens

312 937 367 967 est
380 927 733 978 principalissimum
752 926 791 963 in
810 933 920 963 motu
935 926 1124 972 animalis;
1146 926 1216 963 et*
1237 938 1371 963 secun-

313 983 404 1020 dum
422 983 496 1019 hoc
514 988 615 1030 patet
633 980 737 1029 quod
756 992 908 1016 sursum
922 979 1038 1016 habet
1056 979 1369 1028 principalitatem

311 1037 405 1073 inter
432 1035 520 1072 alias
548 1033 690 1082 species
718 1033 915 1082 positionis
938 1034 967 1070 *.
1020 1053 1023 1054 ⁷

365 1089 426 1126 Sic
452 1087 558 1136 igitur
586 1098 630 1123 ex
658 1086 714 1123 his
743 1094 907 1134 quatuor
940 1086 1146 1124 rationibus
1180 1086 1371 1123 concludit

311 1142 563 1190 Philosophus
597 1139 808 1177 secundum
843 1139 1006 1177 modum
1040 1139 1283 1188 improbandi
1317 1139 1370 1177 di-

311 1203 412 1232 ctum
437 1193 772 1243 Pythagoricorum
793 1194 823 1241 *,
850 1193 1082 1230 concludens
1103 1194 1208 1242 quod
1227 1193 1369 1230 iustum

311 1256 366 1286 est
385 1261 450 1285 eos
473 1247 665 1296 increpare
686 1244 710 1294 ξ,
737 1246 826 1295 quia
855 1246 1166 1295 derelinquebant
1184 1247 1370 1296 principa-

310 1302 402 1338 liora
428 1300 629 1350 principia,
659 1312 736 1337 non
765 1299 1009 1337 attribuentes
1039 1312 1084 1336 ea
1113 1301 1230 1337 caelo.

368 1355 424 1391 13.
437 1353 608 1391 Tertium
624 1354 785 1391 modum
799 1353 907 1402 ponit
922 1353 989 1390 ibi:
1010 1358 1047 1390 et
1063 1354 1151 1401 quia
1171 1354 1265 1390 haec
1286 1361 1368 1391 etc.:

310 1408 436 1445 dicens
452 1408 471 1428 ’¹‘
497 1407 602 1456 quod
630 1407 744 1444 etiam
774 1415 859 1444 sunt
886 1407 1106 1456 increpandi
1134 1406 1224 1455 quia
1252 1419 1370 1456 pone-

310 1462 399 1498 bant
426 1461 592 1498 similiter
629 1461 802 1498 dextrum
835 1468 872 1498 et
909 1460 1100 1498 sinistrum
1136 1460 1294 1498 existere
1332 1461 1369 1498 in

310 1514 499 1562 omnibus,
521 1527 609 1551 curn
627 1522 756 1551 tamen
784 1526 862 1551 non
881 1514 953 1551 sint
981 1514 1051 1551 nisi
1079 1514 1117 1551 in
1141 1514 1369 1552 animalibus

309 1568 492 1617 perfectis,
513 1575 553 1604 ut
581 1580 693 1617 supra
709 1569 728 1589 ’Β
757 1567 897 1605 dictum
927 1575 992 1605 est.

364 1621 570 1659 Sciendum
588 1629 717 1658 tamen
746 1621 848 1670 quod
878 1621 924 1659 de
944 1621 1151 1658 intentione
1179 1622 1367 1670 Pythago-

310 1675 473 1712 ricorum
502 1683 580 1712 erat
605 1675 734 1712 omnia
762 1675 944 1712 reducere
972 1675 1022 1712 ad
1047 1675 1195 1712 bonum
1225 1683 1261 1712 et
1289 1687 1368 1712 ma-

309 1729 408 1775 lum,
438 1728 533 1765 sicut
560 1728 609 1765 ad
637 1728 714 1766 duo
742 1728 936 1777 principia.
964 1729 1013 1765 Et
1040 1728 1129 1777 quia
1165 1729 1370 1766 credebant

310 1794 464 1818 ornnem
485 1794 688 1818 numerum
709 1782 778 1818 sub
795 1781 949 1819 denario
975 1782 1248 1831 comprehendi
1259 1788 1284 1829 ⁰,
1300 1795 1368 1831 po-

309 1842 463 1872 suerunt
491 1835 625 1872 decern
655 1847 699 1871 ex
726 1842 831 1884 parte
860 1835 973 1882 boni,
1005 1843 1042 1872 et
1070 1835 1205 1873 decem
1243 1848 1364 1885 oppo-

363 1991 386 2025 ξ)
405 1993 549 2024 increpare.
566 2006 585 2012 -
603 1993 755 2026 vituperare
773 1993 806 2023 P;
832 1993 919 2018 confer
937 1994 1084 2019 versionem
1104 1999 1129 2019 et
1147 1994 1300 2027 principium
1320 2003 1366 2020 nu-

310 2028 373 2053 meri
393 2028 531 2061 sequentis.
550 2042 568 2046 —
587 2028 636 2052 Pro
659 2028 886 2061 derelinquebant,
912 2029 1095 2062 relinquebant
1113 2029 1145 2060 Ρ,
1171 2030 1231 2054 edit.
1255 2029 1321 2054 1516
1339 2036 1368 2055 ut

309 2064 418 2089 codices.

363 2100 387 2132 ο)
401 2099 594 2130 comprehendi.
607 2113 626 2118 -
639 2099 800 2132 deprehendi
811 2100 839 2125 P.
851 2112 870 2120 ·-
883 2100 934 2124 Pro
949 2103 1098 2133 posuerunt
1112 2101 1209 2130 decem,
1218 2105 1369 2133 posuerunt

309 2134 396 2160 decem
412 2135 546 2167 principia
564 2135 595 2159 A.
609 2149 627 2154 -
646 2134 695 2160 Pro
714 2135 739 2160 in
755 2134 771 2159 I
781 2135 942 2170 Metaphys„
960 2137 986 2161 in
1007 2136 1030 2160 V
1045 2135 1200 2171 Metaphys.
1219 2137 1294 2162 codd.
1314 2144 1367 2162 exc.

307 2170 381 2200 AsE3
400 2170 419 2194 P
439 2170 588 2203 corrigendo
607 2170 633 2195 in
648 2171 786 2202 prooemio
805 2171 958 2204 Metaphys.

361 2205 389 2237 π)
409 2213 490 2238 neque
504 2206 582 2231 etiam
591 2223 615 2232 ...
628 2206 665 2231 ad
679 2214 758 2239 quam
766 2207 892 2239 pertinet.
906 2220 925 2225 -
938 2208 994 2233 Hoc
1007 2215 1061 2233 om.
1075 2207 1175 2233 CDFG.
1189 2222 1208 2227 -
1222 2209 1285 2234 Post
1304 2209 1368 2234 duas

1003 260 1073 296 DE
1104 259 1279 296 CAELO
1310 260 1381 295 ET
1411 258 1606 296 MUNDO
1637 259 1731 295 LIB.
1764 259 1794 294 ΙΙ

1429 338 1498 375 sita
1533 350 1578 374 ex
1611 346 1718 386 parte
1754 337 1864 385 mali,
1902 345 1944 374 ut
1980 345 2084 386 patet
2119 338 2160 375 in
2195 340 2208 376 I
2237 340 2457 390 Metaphys.
2485 342 2504 362 ’³‘

1429 393 1503 428 Per
1530 391 1837 440 unumquodque
1867 398 1996 428 autem
2025 391 2179 428 illorum
2207 393 2228 413 ’⁴²
2255 405 2355 441 quae
2383 407 2503 443 pone-

1429 445 1520 481 bant
1534 444 1572 481 in
1589 444 1649 481 illa
1666 444 1968 492 enumeratione,
1985 444 2243 493 intelligebant
2258 447 2391 484 omnia
2403 460 2504 498 quae

1428 505 1516 535 sunt
1543 498 1601 534 sui
1630 498 1789 546 generis.
1811 498 1923 536 Unde
1951 511 2022 547 per
2042 498 2216 535 dextrum
2246 507 2284 536 et
2311 500 2504 539 sinistrum

1427 551 1684 600 intelligebant
1712 564 1849 589 omnes
1877 552 1968 590 alias
1996 552 2224 601 positiones,
2254 553 2504 602 intelligentes

1427 605 1534 654 quod
1562 605 1658 642 sicut
1686 605 1874 654 dextrum,
1894 605 1945 643 ita
1973 619 2125 643 sursum
2155 614 2193 643 et
2215 607 2381 644 anterius
2410 608 2504 645 refe-

1428 666 1562 696 runtur
1577 661 1597 680 ³²
1617 659 1666 696 ad
1690 660 1856 707 bonum,
1886 659 2079 697 sinistrum
2109 668 2239 697 autem
2260 668 2296 697 et
2314 661 2504 710 posterius

1428 720 1465 749 et
1494 713 1677 750 deorsum
1697 713 1747 750 ad
1774 714 1934 751 malum.
1956 714 2048 751 Ideo
2078 721 2208 751 autem
2228 714 2355 763 potius
2383 727 2504 764 pone-

1429 767 1520 804 bant
1547 767 1722 804 dextrum
1743 775 1780 804 et
1808 767 2002 804 sinistrum
2032 780 2150 816 quam
2169 767 2260 805 alias
2279 768 2502 818 positiones,

1428 820 1516 868 quia
1536 820 1772 858 manifestius
1793 820 1968 858 dextrum
1990 821 2188 859 consuevit
2211 822 2340 859 referri
2365 822 2415 859 ad
2435 822 2503 859 bo—

1427 885 1522 910 num
1542 881 1579 912 et
1597 874 1790 911 sinistrum
1819 875 1868 911 ad
1893 875 2062 912 malum:
2093 875 2368 913 consuevimus
2398 876 2502 913 enirn

1427 927 1571 963 bonam
1600 927 1794 964 fortunam
1821 940 1963 964 vocare
1993 928 2178 977 dextram,
2199 929 2343 966 malam
2371 938 2501 967 autem

1426 980 1635 1017 sinistram:
1662 988 1698 1017 et
1715 980 1805 1018 ideo
1821 980 2002 1018 omnibus
2016 982 2036 1002 *
2055 982 2311 1020 attribuebant
2326 983 2502 1023 dextrum

1427 1041 1463 1070 et
1490 1033 1694 1080 sinistrum,
1725 1033 1865 1082 quibus
1894 1034 2149 1072 attribuebant
2177 1037 2326 1074 bonum
2355 1045 2392 1074 et
2420 1049 2501 1074 ma-

1424 1087 1516 1124 lum.
1538 1087 1608 1123 Vel
1628 1086 1716 1123 ideo
1736 1087 1990 1125 nominabant
2015 1095 2164 1126 tantum
2184 1089 2361 1127 dextrum
2390 1098 2428 1128 et
2454 1090 2502 1128 si·

1425 1140 1597 1187 nistrum,
1619 1140 1656 1177 in
1684 1139 1744 1177 his
1772 1141 1846 1178 alia
1873 1142 2256 1190 comprehendentes,
2282 1143 2372 1192 quia
2394 1143 2502 1182 vide-

1425 1194 1517 1230 bant
1549 1193 1655 1242 quod
1688 1193 1726 1230 in
1756 1193 2066 1244 quibuscumque
2099 1195 2292 1234 invenitur
2325 1197 2500 1236 dextrum

1425 1254 1462 1284 et
1490 1247 1696 1293 sinistrum,
1716 1246 1964 1285 inveniuntur
1990 1256 2027 1285 et
2046 1249 2066 1269 *
2087 1249 2178 1296 alia,
2208 1250 2277 1288 sed
2301 1253 2382 1288 n'on
2409 1263 2501 1290 con-

1424 1300 1593 1338 vertitur.
1628 1301 1742 1337 Forte
1770 1308 1901 1338 autern
1930 1301 2144 1350 specialiter
2176 1303 2283 1340 caelo
2322 1303 2501 1342 attribue·

1426 1362 1512 1391 runt
1549 1355 1726 1392 dextrum
1765 1362 1801 1391 et
1841 1354 2037 1392 sinistrum
2074 1355 2204 1404 potius
2245 1369 2364 1406 quam
2401 1357 2500 1406 alia,

1426 1407 1515 1457 quia
1543 1407 1581 1445 in
1610 1408 1715 1445 caelo
1736 1415 1792 1445 est
1810 1408 1940 1446 motus
1958 1409 2101 1457 localis,
2132 1410 2320 1459 adquam
2338 1410 2502 1460 pertinet

1427 1461 1602 1498 dextrum
1631 1469 1668 1498 et
1696 1461 1909 1510 sinistrum,
1928 1475 2020 1500 vnon
2056 1470 2187 1501 autem
2225 1471 2499 1514 augmentum,

1426 1514 1474 1552 ad
1490 1515 1596 1564 quod
1614 1515 1778 1564 pertinet
1795 1528 1949 1554 sursum
1969 1523 2006 1553 et
2020 1516 2220 1565 deorsum,
2237 1529 2364 1567 neque
2383 1517 2500 1556 etiam

1425 1569 1595 1605 alteratio
1625 1581 1778 1617 sensus,
1807 1569 1856 1607 ad
1885 1582 2002 1619 quarn
2031 1570 2194 1619 pertinet
2212 1576 2231 1593 ’¹
2259 1579 2348 1609 ante
2377 1579 2415 1609 et
2441 1583 2500 1612 re,

1424 1630 1494 1659 tro.
1525 1622 1596 1659 Vel
1624 1622 1714 1672 quia
1742 1635 1895 1660 sursum
1920 1631 1958 1660 et
1986 1623 2186 1672 deorsum,
2215 1632 2303 1662 ante
2333 1633 2370 1662 et
2396 1633 2498 1669 retro

1425 1675 1729 1714 diversificantur
1765 1676 1980 1715 secundum
2017 1677 2182 1726 figuram
2198 1707 2208 1726 ,
2247 1690 2327 1716 non
2367 1686 2498 1717 autem

1425 1729 1599 1767 dextrum
1633 1738 1671 1767 et
1703 1729 1918 1768 sinistrum:
1953 1738 2081 1780 partes
2116 1731 2219 1769 enim
2257 1732 2372 1780 caeli,
2407 1744 2498 1771 cum

1424 1783 1497 1820 sint
1525 1783 1738 1831 circulares,
1769 1796 1849 1822 non
1877 1784 2182 1822 diversificantur
2210 1785 2426 1824 secundum
2448 1786 2499 1824 fi·-

1423 1849 1570 1885 guram.

1423 1995 1504 2020 lineas
1523 2003 1572 2028 pro
1590 1999 1686 2028 partes
1704 1996 1783 2026 enim,
1804 1999 1900 2029 partes
1918 2000 2009 2023 autem
2027 1997 2060 2022 Α.
2085 1997 2177 2023 Statim
2195 2004 2245 2031 pro
2261 2004 2322 2024 cum
2340 1998 2397 2024 sint
2412 1997 2499 2030 mu-

1422 2031 1494 2056 lares
1509 2038 1561 2056 non
1581 2031 1806 2065 diversificantur,
1826 2032 1898 2066 quod
1917 2031 2030 2066 legimus
2045 2040 2104 2058 cum
2123 2032 2192 2063 sEG.
2209 2040 2262 2058 non
2277 2036 2341 2059 sunt
2352 2028 2500 2060 &renti-‘ei

1422 2069 1449 2091 et
1467 2073 1520 2091 non
1535 2066 1752 2100 diversificantur
1771 2067 1950 2101 PCDpEFGI,
1971 2075 2023 2094 non
2042 2068 2189 2095 circulares
2207 2076 2261 2095 ηοη
2281 2068 2501 2103 diver-sm

1423 2102 1457 2131 B,
1475 2105 1539 2127 sunt
1555 2102 1700 2128 circulares
1719 2106 1745 2128 et
1763 2110 1816 2128 non
1836 2103 2053 2139 diversificantur
2071 2104 2131 2135 sF13
2155 2111 2216 2130 cum
2233 2105 2271 2131 sit
2287 2105 2421 2133 circulare
2445 2112 2498 2133 ποι

1424 2137 1641 2172 diversificantur
1659 2139 1695 2168 Α,
1715 2143 1741 2163 et
1758 2138 1822 2164 haec
1841 2138 1917 2164 lectio
1936 2140 2057 2173 congruit
2081 2147 2142 2165 cum
2160 2140 2242 2166 modo
2267 2140 2392 2174 loquendi
2416 2136 2500 2177 φάο

1423 2181 1446 2198 ε.
1460 2173 1578 2198 Thomas
1597 2173 1701 2199 adhibet
1715 2174 1773 2200 lect.
1788 2182 1845 2207 seq.
1856 2183 1882 2200 n.
1893 2173 1917 2204 5,
1927 2183 1943 2199 ι
1953 2176 2056 2201 caelum
2069 2175 2140 2202 enim
2154 2178 2196 2202 est
2212 2176 2368 2209 sphaco-{oue
2378 2175 2502 2211 m

1423 2212 1450 2234 et
1468 2209 1508 2234 ita
1526 2216 1616 2236 omnes
1630 2213 1726 2242 partes
1744 2210 1801 2236 eius
1818 2214 1882 2244 sunt
1899 2210 2029 2237 similes.»
2456 2235 2457 2238 ,

2534 350 2747 379 ·Ca.v,n.6;

2533 377 2558 399 S.
2569 377 2590 398 T
2610 393 2615 398 .
2630 378 2683 399 lect.
2697 384 2745 400 vm.

2532 405 2542 415 '⁵
2561 404 2664 426 aliorum
2678 410 2699 426 Ρ.

2532 671 2542 682 ⁴
2554 672 2665 699 refertur
2674 671 2745 694 codd.

2530 992 2541 1002 ⁸
2553 991 2658 1014 omnibus
2671 997 2712 1015 om
2721 998 2744 1014 P.

2529 1261 2539 1270 '
2555 1261 2580 1282 et
2592 1265 2641 1282 om·
2656 1264 2722 1282 ΦΒ.
