2782 4134
1094 273 1206 310 CAP.
1235 273 1304 322 Vl,
1334 273 1486 310 LECT.
1516 274 1603 311 VIII

2375 272 2440 309 151

252 352 343 390 dem
368 359 424 389 est
451 352 655 399 conducta,
691 352 800 402 quasi
833 350 1062 388 circulariter
1090 351 1128 388 in
1157 352 1322 401 seipsam
1376 353 1415 390 in
1444 352 1581 390 eadem
1609 352 1868 402 dispositione,
1890 364 1969 389 non
1998 352 2067 389 erit
2086 351 2292 400 aequaliter
2321 350 2446 388 subie-

252 405 420 454 rediens,
451 414 487 443 et
515 413 572 443 est
599 404 867 455 irffrangibilis,
887 417 967 441 non
997 404 1118 442 divisa
1146 405 1185 442 in
1215 413 1320 453 actu,

251 466 294 496 ut
319 459 440 508 possit
463 459 515 496 ibi
533 459 554 480 *
572 466 660 496 actu
688 457 875 507 designari
903 457 1134 506 principium
1161 466 1197 495 et
1221 459 1320 496 finis.

252 512 302 548 Et
320 511 371 548 ita
402 512 442 549 in
468 511 710 549 circulatione
740 510 832 548 caeli
860 522 940 547 non
968 510 1158 548 invenitur
1190 524 1323 548 secun-

253 564 348 602 dum
377 565 543 614 aliquam
582 564 663 602 eius
690 570 839 613 partem
867 563 998 610 virtus,
1027 563 1125 601 idest
1153 564 1320 601 maxima

252 618 334 655 eius
361 619 564 665 velocitas3
600 624 637 655 et
661 628 732 666 per
758 628 999 664 consequens
1027 629 1154 666 neque
1182 617 1322 665 irregu-

251 671 396 720 laritas,
433 683 531 721 quae
562 671 607 708 fit
638 676 796 719 propter
828 669 1084 706 intensionem
1119 677 1155 706 et
1190 670 1322 707 remis-

252 737 358 827 8103?
361 737 584 815 {necundam
612 775 799 813 rationem
826 774 937 824 ponit
970 774 1040 812 ibi:
1068 775 1204 812 Adhuc
1231 786 1321 823 quo-

164 854 170 861 ·
203 854 210 861 ·
251 830 356 868 niam
384 842 497 867 omne
524 836 608 875 etc‚;
629 840 728 878 quae
756 829 777 850 *²
799 828 981 878 accipitur
1009 827 1122 865 simul
1151 840 1197 865 ex
1214 835 1321 877 parte

250 882 443 921 moventis
471 889 508 919 et
543 881 709 919 mobilis.
739 882 950 919 Ostensum
970 888 1027 918 est
1055 881 1158 918 enim
1186 881 1225 918 in
1251 881 1321 918 VII

215 949 222 969 ³
251 943 288 974 et
305 935 346 973 in
362 936 451 974 VIII
469 935 620 984 I’ltysic.
642 936 663 957 *
678 934 785 984 quod
804 946 922 972 omne
940 934 1047 984 quod
1062 942 1252 982 movetur,
1272 935 1322 971 ab

178 981 224 1019 -’
250 989 379 1038 aliquo
408 995 592 1026 movente
629 996 819 1026 movetur.
854 987 966 1036 Unde
998 1000 1156 1025 necesse
1185 995 1260 1034 est,
1291 987 1322 1025 si

250 1042 290 1081 in
317 1042 445 1092 aliquo
482 1049 592 1079 motu
620 1041 667 1080 sit
693 1041 957 1090 irregularitas,
978 1042 1084 1091 quod
1111 1042 1132 1062 *
1156 1049 1222 1078 aut
1246 1042 1322 1078 hoc

250 1095 319 1135 fiat
343 1102 502 1146 propter
528 1107 706 1143 movens,
727 1103 792 1132 aut
818 1102 975 1145 propter
993 1094 1033 1132 id
1051 1094 1159 1144 quod
1187 1106 1320 1131 move-

250 1156 323 1198 tur,
343 1156 409 1187 aut
434 1156 836 1200 proptereutrumque.
859 1148 900 1186 Si
928 1148 1030 1186 enim
1050 1156 1214 1185 movens
1242 1160 1322 1184 non

244 1209 464 1252 temperet
469 1202 618 1252 aequali
636 1202 775 1240 virtute
789 1208 805 1226 '²
818 1208 988 1249 moveat,
1004 1201 1073 1239 sed
1087 1200 1321 1250 quandoque

248 1255 388 1301 maiori
413 1256 647 1306 quandoque
672 1255 823 1303 minori,
843 1255 911 1292 fiet
938 1261 1068 1292 motus
1087 1253 1321 1304 quandoque

250 1308 408 1361 quidem
426 1308 599 1347 velocior
613 1310 846 1358 quandoque
873 1315 1001 1346 autem
1018 1309 1038 1329 ’⁸
1053 1306 1210 1345 tardior:
1233 1306 1322 1355 quia

248 1362 433 1401 velocitas
452 1369 582 1400 motus
610 1362 792 1411 contingit
810 1374 856 1399 ex
875 1361 951 1398 hoc
975 1359 1081 1410 quod
1098 1359 1219 1398 virtus
1237 1371 1320 1396 mo-

249 1415 387 1465 ventis,
405 1423 564 1466 propter
582 1427 693 1453 suam
712 1414 1028 1463 magnitudinem,
1056 1413 1222 1451 multum
1252 1412 1319 1449 do-

248 1469 416 1508 minatur
442 1468 587 1507 mobili.
606 1469 658 1506 Et
685 1468 854 1506 similiter
877 1467 908 1505 si
937 1479 1076 1516 corpus
1103 1466 1210 1515 quod
1237 1478 1320 1503 rno-

249 1529 376 1572 vetur,
403 1525 475 1573 per
501 1522 670 1573 aliquam
698 1521 961 1559 alterationem
990 1532 1070 1558 non
1095 1526 1321 1569 permaneat

247 1670 422 1712 circum,
440 1687 509 1715 quae
526 1684 567 1706 est
585 1680 656 1706 linea
673 1680 815 1706 circularis
833 1680 863 1706 P.
877 1694 895 1700 -
914 1680 965 1706 Pro
987 1679 1134 1710 conducta,
1155 1679 1266 1705 inducta
1284 1679 1319 1708 F,

245 1717 331 1757 §prul
347 1717 429 1743 aucta
447 1717 476 1750 1³3
495 1716 527 1743 ef.
541 1721 602 1742 text.
617 1721 643 1742 et
659 1716 817 1742 versionem.

1378 413 1481 443 ctum
1508 406 1636 444 virtuti
1664 405 1868 452 moventis,
1890 413 1927 442 et
1953 405 2004 442 ita
2031 417 2111 442 non
2131 405 2199 442 erit
2227 417 2351 453 aequa
2377 416 2443 441 ve-

1376 459 1507 496 locitas
1527 466 1666 496 motus.
1683 460 1733 496 Et
1752 458 1920 496 similiter
1934 458 1964 495 si
1983 459 2050 495 fiat
2068 458 2331 495 transmutatio
2348 457 2445 494 circa

1375 519 1594 561 utrumque,
1615 512 1755 550 scilicet
1781 519 2005 550 moventem
2026 513 2046 533 *
2067 518 2103 548 et
2131 510 2286 558 mobile,
2306 509 2446 559 poterit

1378 577 1460 601 esse
1488 573 1616 602 motus
1653 565 1877 614 irregularis.
1909 565 1987 602 Sed
2024 564 2116 601 nihil
2144 565 2285 601 horum
2318 570 2444 613 potest

1377 617 1548 655 accidere
1569 618 1667 655 circa
1691 619 1850 655 caelum.
1872 619 1932 655 De
1952 618 2036 667 ipso
2058 617 2160 655 enim
2180 629 2342 666 corpore
2361 628 2445 653 mo-

1377 670 1441 706 bili
1456 678 1653 708 ostensum
1675 679 1730 708 est
1749 684 1864 721 supra
1879 673 1900 693 ²³
1915 671 2018 721 quod
2036 678 2092 708 est
2105 670 2276 720 primum
2297 677 2333 707 et
2352 669 2440 706 sim-

1375 723 1474 772 plex,
1505 724 1593 772 quia
1621 731 1800 761 movetur
1826 724 1952 773 primo
1992 731 2028 761 et
2060 723 2222 773 simplici
2250 730 2377 769 motu;
2409 730 2445 759 et

1377 775 1483 823 quod
1513 784 1567 813 est
1594 776 1803 824 ingenitum
1825 785 1860 814 et
1878 777 2162 826 incorruptibile
2183 784 2219 813 et
2237 776 2399 813 totaliter
2425 776 2445 796 *

1375 828 1701 866 intransmutabile
1739 830 2068 876 (transmutatione
2105 829 2245 867 scilicet
2275 828 2445 866 variante

1377 882 1627 919 substantiam
1646 889 1683 919 et
1700 882 1878 921 virtutem
1905 883 2012 930 eius).
2033 883 2164 921 Motor
2183 889 2312 920 autem
2333 882 2444 919 eius*

1377 936 1498 972 multo
1526 935 1647 983 magis
1675 935 1896 972 rationabile
1918 944 1972 973 est
1999 936 2104 986 quod
2130 936 2176 974 sit
2202 935 2286 973 talis
2314 934 2443 972 condi-

1376 988 1499 1025 tionis.
1528 989 1630 1025 Cum
1651 988 1753 1025 enim
1773 1001 1937 1026 movens
1957 989 2002 1026 sit
2019 989 2146 1038 potius
2170 997 2290 1037 moto,
2311 988 2342 1025 si
2363 1000 2445 1026 cor-

1374 1054 1448 1091 pus
1477 1042 1581 1091 quod
1609 1049 1790 1079 movetur
1818 1049 1874 1078 est
1900 1042 2068 1090 primum
2096 1050 2133 1079 et
2160 1042 2336 1091 simplex,
2365 1048 2403 1078 et
2424 1041 2445 1063 *

1375 1094 1584 1142 ingenitum
1606 1102 1642 1132 et
1654 1094 1950 1144 incorruptibile,
1972 1097 2092 1132 multo
2113 1095 2233 1144 magis
2252 1094 2443 1132 motivum

1376 1147 1458 1185 eius
1473 1148 1542 1184 erit
1561 1148 1644 1185 tale.
1662 1148 1872 1185 Ostensum
1893 1156 1949 1185 est
1969 1148 2081 1185 etiam
2096 1148 2135 1185 in
2148 1149 2236 1186 VIII
2250 1147 2400 1197 Physic.
2418 1148 2439 1168 ⁸⁸

1376 1200 1482 1249 quod
1509 1207 1637 1238 motor
1656 1200 1749 1238 caeli
1779 1209 1835 1238 est
1852 1201 2112 1250 incorporeus,
2132 1202 2276 1239 nullam
2295 1201 2442 1238 habens

1375 1253 1694 1301 magnitudinem:
1720 1254 1751 1291 si
1779 1254 1890 1302 igitur
1916 1254 2044 1304 ipsum
2073 1255 2233 1302 caelum,
2254 1254 2360 1303 quod
2386 1261 2444 1291 est

1376 1319 1527 1355 corpus,
1549 1319 1628 1344 non
1646 1306 1867 1344 immutetur
1887 1308 1907 1329 ’²²
1927 1319 1949 1344 a
1969 1307 2215 1357 dispositione
2234 1319 2325 1345 suae
2354 1307 2442 1344 sub-

1375 1359 1533 1397 stantiae
1563 1367 1599 1397 et
1625 1360 1785 1410 virtutis,
1805 1361 1925 1398 multo
1954 1360 2074 1409 magis
2103 1373 2182 1398 non
2214 1366 2442 1398 transmuta-

1379 1413 1480 1450 bitur
1507 1420 1638 1451 motor
1666 1413 1767 1462 eius,
1797 1413 1862 1462 qui
1892 1421 1947 1451 est
1982 1414 2241 1463 incorporeus.
2272 1415 2330 1451 Ex
2363 1426 2442 1462 quo

1374 1473 1478 1515 patet
1504 1467 1611 1515 quod
1638 1466 1872 1516 impossibile
1902 1474 1958 1504 est
1985 1474 2134 1504 motum
2163 1466 2255 1504 caeli
2285 1478 2366 1504 esse
2394 1466 2441 1503 ir-

1375 1520 1599 1568 regularem.

1427 1679 1454 1712 η)
1474 1686 1577 1711 semper
1595 1682 1622 1704 et
1639 1679 1746 1711 aequali
1764 1678 1937 1704 virtum-Ita
1955 1678 2013 1709 PA3
2032 1685 2135 1711 semper
2147 1682 2173 1704 et
2186 1679 2278 1704 eadem
2298 1682 2324 1704 et
2337 1679 2444 1712 aequali

1373 1714 1473 1740 virtute
1491 1714 1546 1746 DE,
1564 1721 1668 1746 semper
1686 1714 1778 1739 eadem
1797 1717 1824 1739 et
1841 1714 1947 1747 aequali
1965 1714 2064 1739 virtute
2082 1719 2130 1739 cet.

2473 518 2482 528 '¹
2496 522 2590 539 moven5
2603 523 2625 539 A.

2473 676 2482 685 ·
2497 675 2549 697 Lib.
2563 675 2582 702 1,
2597 675 2684 697 lect.1v

2472 708 2524 729 sqq.

2472 781 2482 790 '
2503 781 2584 802 taliter
2605 786 2664 803 econ:
2676 797 2683 808 ,

2472 807 2521 828 tale
2534 813 2571 829 ro.

2471 891 2483 902 ⁴
2496 891 2570 919 ipsius
2584 891 2655 913 codd.

2471 1046 2480 1054 ”
2496 1047 2520 1066 et
2532 1050 2580 1067 om.
2595 1045 2666 1067 codd.

2469 1154 2527 1235 {f}
2545 1161 2609 1203 Ῑιέἐι.
2616 1161 2683 1210 {303}

2469 1315 2479 1325 ·
2493 1316 2594 1337 mutetur
2612 1315 2682 1337 codd.
