2782 4134
6 703 16 715 ⁶
29 703 156 732 generatio
170 709 192 725 t.

11 820 29 836 ἣ

4 917 18 931 ⁸
29 918 103 940 multa
117 917 188 940 codd.

4 971 18 984 ⁸
29 971 102 994 mlta
115 977 152 993 Αι.

2 1769 135 1792 ‘nouom
144 1774 219 1797 nm

0 1799 30 1819 a
43 1795 94 1818 Pur.

0 2086 16 2114 7
29 2086 108 2115 ΗΒΑ,
119 2087 219 2115 lecum,

0 2117 31 2143 yn.
40 2119 63 2142 9·

1116 296 1228 332 CAP.
1259 296 1310 343 11,
1340 296 1491 332 LECT.
1521 296 1572 333 v1

249 375 409 412 cervice.
438 374 478 411 Si
499 387 588 422 ergo
619 374 763 412 dicatur
782 386 860 411 non
889 374 1002 410 fuisse
1022 374 1202 422 possibile
1222 375 1317 411 haec

248 428 425 477 produci,
466 429 655 465 elementa
692 440 770 464 non
799 427 957 463 omnino
993 427 1204 464 inordinate
1234 440 1316 464 mo-

247 482 448 518 vebantur.
490 481 529 517 Si
556 493 651 517 vero
679 479 859 529 possibile
898 487 977 516 erat
1010 481 1105 516 haec
1132 481 1314 528 produci,

248 534 325 571 iarn
355 542 434 571 erat
463 535 653 584 completa
682 532 815 570 mundi
844 533 1052 581 dispositio,
1083 545 1160 569 non
1190 534 1315 570 solum

248 589 435 636 quantum
464 588 513 624 ad
543 599 705 635 corpora
733 585 929 634 simplicia,
959 586 1027 622 sed
1057 586 1169 622 etiam
1198 598 1316 634 quan-

248 648 330 677 tum
359 640 564 686 admixta.
593 661 618 667 -
649 641 716 676 Est
745 647 874 675 autem
907 638 1181 675 attendendum
1211 639 1316 686 quod

247 693 472 741 germinatio
512 695 531 714 *
570 692 737 740 capitum
775 692 856 728 sine
894 691 1062 735 cervice,
1102 691 1315 728 secundum

248 747 541 795 Empedoclem,
560 752 736 782 causatur
751 757 796 781 ex
812 744 988 790 amicitia,
1004 756 1083 781 non
1103 744 1316 780 secundum

246 800 426 836 ultimum
463 798 668 836 terminum
708 810 798 834 suae
837 797 1041 843 motionis,
1081 797 1119 834 in
1154 809 1232 844 quo
1271 809 1317 834 ex

248 852 428 890 omnibus
457 851 545 888 facit
571 863 714 895 unum;
753 851 821 887 sed
850 850 1063 887 secundum
1091 862 1315 898 processum

248 918 326 955 quo
338 905 522 954 paulatim
537 905 645 954 plura
661 905 681 925 ‘³⁵
696 904 735 940 in
753 916 875 940 unum
893 903 1035 952 redigit,
1053 916 1099 940 ex
1118 904 1316 940 elementis

248 970 410 1007 corpora
437 958 555 995 mixta
573 958 592 978 ··”·
621 957 864 994 constituens.

299 1023 338 1058 4.
368 1010 541 1048 Tertiam
569 1010 755 1047 rationem
784 1010 892 1059 ponit
911 1009 982 1047 ibi:
1012 1010 1088 1046 Isis
1107 1015 1231 1046 autem
1252 1010 1318 1057 qui

247 1065 392 1113 infinita
412 1071 481 1101 etc.
510 1064 703 1101 Inducitur
726 1072 855 1100 autern
875 1064 971 1100 haec
991 1063 1084 1100 ratio
1105 1075 1184 1099 non
1204 1063 1315 1099 abso-

246 1118 323 1155 lute
353 1125 484 1154 contra
512 1117 730 1163 Platonem,
761 1117 829 1154 sed
858 1116 1139 1153 coassumendo
1169 1115 1315 1164 opinio-

221 1190 223 1192 ·
246 1183 338 1208 nem
357 1169 566 1208 Democriti
587 1177 623 1206 et
643 1170 837 1219 Leucippi,
867 1169 932 1218 qui
956 1170 1150 1218 ponebant
1171 1168 1316 1205 infinita

247 1236 411 1274 corpora
437 1223 679 1260 indivisibilia
708 1223 857 1260 moveri
886 1223 924 1259 in
952 1223 1074 1271 spatio
1104 1221 1263 1258 infinito.
1290 1241 1314 1250 -

244 1272 347 1317 Dicit
375 1289 465 1324 ergo
495 1277 601 1324 quod
629 1276 698 1313 illis
728 1275 792 1324 qui
819 1284 969 1325 ponunt
987 1275 1134 1312 infinita
1155 1286 1316 1323 corpora

245 1329 396 1368 moveri
423 1330 462 1367 in
491 1330 612 1378 spatio
647 1330 795 1367 infinito
825 1329 856 1374 ζ,
886 1329 916 1366 si
950 1330 1050 1365 hanc
1085 1327 1314 1376 positionem

246 1382 415 1422 Platonis
435 1383 682 1431 susciperent,
699 1382 805 1431 quod
820 1389 906 1419 ante
922 1382 1112 1419 mundum
1129 1382 1317 1418 elementa

246 1443 496 1474 moverentur
524 1444 632 1473 motu
659 1435 893 1487 inordinato,
930 1443 1151 1484 sequeretur
1184 1434 1315 1470 incon-

245 1489 419 1527 veniens.
445 1491 523 1526 Aut
541 1489 644 1526 enim
665 1489 795 1525 omnia
815 1488 876 1525 illa
895 1487 1041 1524 infinita
1067 1495 1316 1524 moverentur

245 1543 294 1580 ab
313 1555 392 1580 uno
413 1549 594 1579 movente
614 1541 768 1588 (scilicet
787 1542 999 1578 secundum
1020 1540 1204 1589 speciem,
1225 1547 1317 1589 puta

247 1608 270 1633 a
289 1595 470 1644 gravitate
493 1596 556 1632 vel
576 1595 754 1643 levitate),
775 1602 839 1631 aut
861 1595 909 1631 ab
930 1594 1095 1631 infinitis.
1117 1595 1166 1630 Et
1184 1593 1214 1630 si
1235 1593 1316 1641 qui-

238 1651 336 1687 dem
365 1649 414 1685 ab
442 1660 541 1695 uno,
571 1660 726 1684 necesse
760 1655 858 1684 esset
886 1660 932 1684 ea
960 1647 1047 1684 ferri
1079 1659 1155 1684 una
1189 1646 1316 1695 specie

246 1709 375 1739 motus
394 1701 535 1747 localis,
556 1708 648 1750 puta
667 1708 776 1737 motu
796 1701 862 1750 qui
882 1708 937 1737 est
956 1713 1107 1737 sursum
1125 1701 1187 1737 vel
1208 1707 1316 1736 motu

247 1755 312 1805 qui
332 1763 388 1792 est
415 1755 614 1791 deorsum:
637 1762 672 1790 et
691 1754 741 1790 ita
769 1766 848 1790 non
867 1754 887 1773 *
909 1761 1157 1790 moverentur
1176 1753 1315 1790 inordi-

247 1815 350 1854 nate3
380 1807 456 1845 iam
478 1807 581 1844 enim
604 1807 643 1844 in
662 1808 737 1844 hoc
756 1807 959 1844 attenditur
983 1807 1108 1856 aliqua
1128 1806 1315 1843 ordinatio

247 1869 393 1909 motus,
428 1861 533 1910 quod
568 1861 699 1897 omnia
734 1861 903 1897 feruntur
931 1860 970 1897 in
997 1860 1112 1897 idem.
1150 1860 1189 1896 Si
1220 1872 1315 1896 vero

248 1922 374 1952 essent
402 1914 548 1965 infinita
568 1913 753 1963 principia
781 1921 908 1950 motus
937 1913 1062 1962 specie
1092 1913 1315 1960 differentia,

248 1975 478 2017 sequeretur*
507 1967 613 2016 quod
650 1967 766 2004 etiam
804 1974 930 2004 essent
966 1966 1135 2003 infinitae
1171 1966 1316 2016 species

247 2029 393 2058 motus:
423 2021 529 2069 quod
549 2028 605 2057 est
623 2020 869 2069 impossibile,
892 2020 1104 2057 secundum
1133 2020 1316 2068 praemis-

247 2087 290 2112 sa
308 2075 346 2121 *,
368 2074 406 2111 in
425 2074 564 2123 quibus
593 2081 790 2111 ostensum
812 2081 868 2110 est
886 2086 964 2110 non
987 2086 1069 2110 esse
1098 2073 1262 2110 infinitas
1282 2081 1317 2109 et

247 2127 558 2165 indeterminatas
578 2127 724 2176 species
744 2135 883 2163 motus.
915 2127 1021 2164 Idem
1042 2134 1171 2163 autem
1191 2126 1316 2164 dicen—

248 2181 342 2218 dum
375 2188 431 2218 est
465 2180 513 2217 de
550 2180 665 2217 finitis
696 2180 889 2229 principiis
924 2187 1100 2216 motuum
1134 2188 1170 2216 et
1204 2180 1317 2217 finitis

247 2233 436 2271 motibus:
467 2233 557 2281 quia
586 2234 616 2270 si
645 2241 770 2270 essent
796 2238 810 2256 η
838 2233 967 2270 finitae
997 2233 1142 2281 species
1171 2241 1315 2280 motus,

248 2294 425 2324 causatae
453 2299 476 2323 a
503 2286 617 2323 finitis
645 2286 859 2335 principiis,
889 2286 964 2322 iam
995 2286 1251 2323 attenderetur
1279 2286 1317 2322 in

248 2340 301 2377 eis
330 2339 464 2388 aliquis
493 2339 600 2376 ordo.
630 2340 723 2376 Non
753 2339 854 2376 enirn
883 2339 1110 2376 inordinatio
1139 2347 1316 2376 motuum

246 2393 426 2442 provenit
454 2405 499 2429 ex
527 2394 601 2430 hoc
629 2392 734 2441 quod
760 2405 839 2429 non
859 2392 990 2429 omnia
1010 2404 1172 2441 corpora
1192 2393 1315 2429 ferun-

247 2454 309 2484 tur
327 2447 365 2483 in
385 2446 500 2492 idem,
530 2446 636 2495 quod
658 2453 713 2482 est
732 2458 815 2482 esse
844 2446 971 2494 plures
1000 2445 1146 2494 species
1170 2453 1315 2483 motus:

248 2500 338 2548 quia
358 2500 472 2536 etiam
492 2512 612 2545 nunc,
643 2499 811 2548 quando,
842 2499 988 2536 mundo
1017 2499 1094 2535 iam
1123 2499 1234 2545 facto,
1263 2507 1317 2536 est

248 2553 445 2590 ordinatus
473 2560 602 2598 motus
632 2565 856 2600 corporum,
887 2564 966 2588 non
995 2551 1126 2588 omnia
1155 2565 1317 2601 corpora

247 2606 418 2643 feruntur
446 2606 484 2642 in
512 2606 628 2653 idem,
659 2605 726 2642 sed
751 2606 876 2642 solum
899 2617 943 2641 ea
964 2617 1062 2654 quae
1091 2613 1177 2642 sunt
1204 2606 1316 2643 unius

247 2659 406 2707 generis,
427 2659 523 2696 sicut
541 2659 673 2696 omnia
692 2658 821 2707 gravia
841 2659 1033 2695 deorsum.
1050 2679 1074 2685 -
1090 2658 1207 2696 Addit
1226 2671 1315 2707 ergo

248 2725 318 2761 per
348 2713 448 2749 hanc
485 2712 672 2749 rationem
700 2710 713 2732 ⁰
745 2712 852 2760 quod
888 2724 1045 2748 necesse
1080 2720 1135 2748 est
1171 2725 1316 2760 ponere

249 2773 378 2803 motus
406 2765 586 2811 infinitos,
616 2765 646 2801 si
671 2772 876 2814 antequam
906 2765 1074 2801 mundus
1093 2765 1213 2813 fieret,
1235 2779 1316 2803 cor-

248 2831 346 2868 pora
373 2819 631 2855 movebantur
658 2818 881 2855 inordinate.

307 2873 340 2909 5.
371 2873 557 2919 Quartam
586 2871 773 2908 rationem
801 2871 908 2920 ponit
927 2870 999 2908 ibi:
1028 2872 1164 2908 Adhuc
1191 2878 1316 2909 autem

250 2925 461 2962 inordinate
480 2932 571 2962 etc.·
563 2937 683 2984 ,per
697 2937 815 2974 quarn
845 2925 1055 2961 ostenditur
1083 2925 1188 2984 quod
1208 2938 1316 2974 prae-

250 2978 350 3016 dicta
367 2978 505 3027 positio
526 2977 624 3014 sibi
615 2978 686 3026 ipsi
707 2977 939 3014 contradicit.
965 2978 1069 3014 Nihil
1091 2978 1194 3015 enim
1215 2979 1317 3015 aliud

251 3039 307 3068 est
335 3043 417 3068 esse
446 3031 587 3079 aliquid
625 3031 859 3079 inordinate,
897 3043 1015 3079 quam
1055 3044 1136 3068 esse
1168 3040 1318 3080 praeter

249 3091 437 3121 naturam.
459 3085 502 3121 In
521 3085 635 3121 rebus
655 3084 758 3120 enim
779 3084 1019 3121 sensibilibus
1039 3093 1196 3134 apparet
1212 3085 1318 3134 quod

302 3241 327 3274 ζ)
349 3242 423 3267 Dicit
441 3249 530 3275 ergo-0
533 3242 697 3274 .1'nfinito.-
678 3242 766 3266 -Hoc
785 3241 981 3267 homoteleuton
999 3250 1053 3267 orn.
1068 3243 1118 3273 PF,
1132 3242 1166 3267 ita
1182 3247 1211 3267 ut
1224 3250 1317 3266 sensus

249 3277 335 3302 minus
355 3277 500 3302 cohaereat.

303 3313 330 3345 η)
351 3313 424 3338 Idem
443 3315 555 3337 autem..
559 3313 641 3345 .qu1'a
659 3312 683 3337 si
701 3316 826 3338 essentu-
839 3314 902 3338 Ideo
915 3316 1004 3338 autem
1021 3313 1162 3337 dicendum
1176 3316 1215 3337 est
1230 3313 1263 3337 de
1277 3312 1316 3336 in-

241 3349 334 3382 finitis
352 3348 473 3377 motibus,
489 3348 560 3380 quod
573 3348 597 3372 si
608 3351 695 3373 essent
706 3349 730 3372 Α
738 3356 745 3379 ;
764 3354 812 3373 cet.
832 3348 928 3373 habent
942 3354 967 3373 et
981 3349 1029 3380 ipsi
1050 3348 1108 3373 ideo
1115 3356 1124 3378 ;
1143 3356 1191 3380 pro
1205 3353 1317 3380 utroque

242 3383 334 3416 finitis
352 3384 420 3408 EFG
439 3389 465 3408 et
483 3384 541 3408 Par.
560 3384 650 3415 legunt
668 3383 787 3416 infinitis,
807 3385 827 3408 Β
847 3392 894 3417 pro
914 3385 994 3409 altero
1012 3389 1121 3408 tantum.

304 3417 329 3451 θ)
347 3419 434 3444 Addit
447 3426 512 3452 ergo
526 3426 579 3451 per
593 3419 662 3444 hanc
676 3419 816 3444 rationem.
825 3433 844 3438 -
857 3420 908 3444 Pro
921 3419 1015 3447 Addit,
1028 3418 1148 3443 Adducit
1160 3419 1191 3448 A,
1204 3418 1317 3442 Addunt

250 3454 271 3478 F
290 3459 316 3479 et
334 3454 399 3485 Par„
417 3454 527 3479 Addens
546 3454 582 3484 E;
601 3461 650 3485 pro
667 3455 808 3484 rationem,
829 3455 1000 3479 intentionem
1021 3454 1048 3478 Ρ.

305 3489 324 3521 ι)
343 3489 407 3514 haec
425 3492 522 3514 autem.
534 3496 634 3522 -quae
650 3490 688 3519 Α,
708 3497 775 3522 quae
796 3490 902 3522 quidem
922 3490 957 3520 E;
977 3493 1097 3520 corrupte
1117 3488 1182 3519 quid
1201 3495 1268 3519 quae
1287 3489 1315 3516 Β,

250 3524 356 3557 quidem
375 3531 443 3557 quae
455 3525 475 3548 F
489 3529 514 3549 et
526 3525 592 3557 Par„
611 3525 717 3556 quidem
736 3526 808 3557 quod
822 3525 854 3550 G.
867 3539 887 3543 -
901 3525 963 3549 Post
983 3525 1045 3548 duas
1059 3524 1139 3547 lineas
1153 3531 1200 3555 pro
1219 3523 1317 3547 accidit

250 3567 303 3584 non
323 3560 476 3590 secundum,
496 3567 548 3584 non
568 3560 666 3585 accidit
684 3561 828 3586 secundum
843 3561 872 3590 B,
891 3559 990 3585 accidit
1003 3561 1116 3590 praeter
1131 3558 1179 3588 sE;
1195 3565 1247 3582 non
1262 3565 1315 3582 om.

247 3595 360 3627 AFpEG
379 3600 404 3620 et
423 3595 480 3620 Par.

305 3630 330 3663 κ)
358 3630 568 3656 ambidextrum.
586 3645 605 3650 -
622 3631 806 3656 ambidextres
831 3630 906 3655 codd.
925 3643 944 3648 —
964 3629 1037 3659 Quae
1065 3633 1209 3660 sequuntur
1234 3635 1316 3660 neque

2364 309 2439 347 247

1373 374 1468 411 ordo
1490 382 1545 411 est
1571 375 1726 424 propria
1754 383 1887 412 natura
1917 387 2067 412 eorum:
2097 375 2186 424 quia
2206 375 2344 413 scilicet
2369 389 2440 426 per

1371 428 1567 476 propriam
1605 436 1780 465 naturam
1817 428 2124 477 unumquodque
2165 441 2299 466 eorum
2335 430 2438 467 incli-

1372 489 1482 517 natur
1510 481 1558 518 ad
1588 481 1728 529 aliquid
1757 490 1919 527 certum;
1948 483 2044 518 haec
2072 489 2227 518 autem*
2247 482 2436 519 inclinatio

1373 542 1428 570 est
1469 526 1565 571 ordo
1608 534 1673 582 qui
1710 535 1914 572 attenditur
1949 535 1988 571 in
2026 534 2264 572 sensibilibus
2303 537 2436 582 rebus;

1371 594 1461 623 tunc
1482 587 1583 623 enim
1603 589 1908 637 unumquodque
1938 588 2073 625 dicitur
2095 587 2306 625 inordinate
2327 601 2437 636 agere

1372 647 1436 675 aut
1464 640 1633 688 moveri,
1668 641 1822 689 quando
1850 643 1926 679 hoc
1954 641 2089 678 accidit
2117 653 2196 678 non
2224 643 2438 679 secundum

1372 691 1654 730 inclinationem
1692 702 1848 730 naturae
1885 694 2073 743 propriae.
2113 695 2172 731 Ex
2206 706 2284 742 quo
2313 695 2439 732 adhuc

1372 753 1529 792 apparet
1561 746 1635 782 hoc
1674 759 1755 783 esse
1792 747 2067 784 inconveniens
2105 754 2142 784 et
2177 747 2437 796 impossibile,

1372 797 1477 845 quod
1506 810 1565 834 res
1585 799 1811 836 sensibilis?
1831 801 1969 837 habeat
1997 808 2148 838 motum
2177 778 2476 838 inordinaturri

1372 850 1570 897 infinztum,
1600 851 1696 888 idest
1725 852 1871 889 infinito
1897 861 2071 902 tempore
2093 854 2318 891 du:rantem
2348 854 2438 903 quia

1372 903 1468 939 sicut
1496 904 1638 940 dictum
1669 912 1734 951 est,
1765 914 1891 942 motus
1920 906 2157 944 inordinatus
2186 915 2257 954 est,
2289 907 2354 956 qui
2383 915 2438 944 est

1372 964 1502 992 contra
1522 965 1719 1003 naturam;
1749 966 1906 1006 apparet
1934 967 2062 996 autem
2082 961 2157 997 hoc
2179 961 2228 997 ad
2248 961 2436 997 rationem

1371 1017 1528 1046 naturae
1557 1010 1832 1058 cuiuscumque
1852 1012 1905 1048 rei
1924 1012 2112 1060 pertinere
2131 1014 2166 1060 ²⁹²,
2197 1014 2303 1061 quod
2331 1013 2437 1050 inve·
2462 1022 2472 1033 ⁸

1372 1062 1496 1099 niatur
1523 1063 1561 1100 in
1587 1063 1759 1112 pluribus
1797 1077 1895 1112 quae
1929 1074 2016 1102 sunt
2052 1066 2164 1103 unius
2191 1066 2360 1114 generis,
2400 1075 2438 1104 et

1370 1115 1537 1163 plurimo
1556 1124 1743 1165 ternpore.
1773 1117 1863 1154 Non
1889 1118 1990 1155 enim
2012 1118 2146 1156 dicitur
2166 1132 2246 1156 esse
2266 1121 2436 1157 naturale

1370 1169 1517 1205 homini
1537 1171 1642 1217 quod
1661 1170 1848 1217 aliquibus
1867 1171 1997 1218 paucis
2021 1172 2211 1219 convenit,
2240 1181 2333 1221 puta
2353 1186 2434 1210 esse

1371 1221 1652 1259 ambidextrum
1667 1229 1696 1269 κ;
1718 1235 1843 1270 neque
1864 1224 1976 1260 etiam
1992 1225 2098 1272 quod
2113 1226 2292 1262 convenit
2306 1226 2436 1274 aliqui-

1371 1275 1442 1311 bus
1458 1277 1669 1313 secundum
1686 1275 1841 1324 aliquod
1854 1277 2051 1314 modicum
2066 1286 2228 1327 tempus,
2244 1286 2336 1327 puta
2353 1291 2436 1316 esse

1371 1328 1665 1374 febricitantem;
1690 1329 1757 1366 sed
1777 1330 1908 1378 quod
1900 1342 1938 1366 1n
1957 1331 2128 1390 plu-ribus
2148 1339 2184 1368 et
2203 1332 2435 1381 frequentius

1370 1380 1570 1418 invenitur.
1597 1358 1665 1418 Sic⁷
1679 1382 1790 1430 igitur
1809 1383 1968 1420 accidit
1960 1384 2050 1432 ipsis
2069 1385 2271 1421 Platonicis
2272 1397 2434 1459 *ponere

1371 1434 1483 1471 simul
1504 1435 1707 1472 contraria:
1738 1435 1878 1472 scilicet
1905 1437 2010 1485 quod
2030 1437 2292 1474 inordinatio*
2306 1446 2472 1475 motus·

1371 1487 1417 1523 sit
1436 1489 1648 1525 secundum
1669 1496 1855 1535 naturam,
1878 1501 1923 1525 eo
1944 1490 2049 1538 quod
2068 1490 2136 1526 fuit
2159 1499 2332 1539 tempore
2352 1491 2435 1528 infi-

1371 1541 1449 1577 nito
1470 1549 1556 1577 ante
1578 1541 1782 1587 mundum;
1814 1549 1849 1578 et
1877 1543 1982 1590 quod
2011 1543 2197 1579 ordinatio
2223 1551 2367 1591 motus,
2399 1552 2435 1581 et

1372 1594 1539 1631 mundus
1561 1595 1782 1631 constitutus
1801 1603 1910 1631 motu
1930 1595 2006 1631 iarn
2026 1596 2212 1643 ordinato,
2230 1597 2274 1633 sit
2288 1605 2437 1646 praeter

1358 1655 1559 1694 naturam,
1582 1660 1627 1684 eo
1649 1648 1754 1696 quod
1773 1648 1944 1696 pauciori
1962 1657 2136 1697 tempore
2156 1650 2238 1696 fuit3
2260 1650 2436 1698 quamvis

1371 1701 1463 1737 nihil
1492 1713 1625 1737 eorum
1655 1713 1753 1748 quae
1775 1709 1861 1737 sunt
1879 1702 2090 1739 secundum
2120 1711 2307 1750 naturam,
2334 1704 2379 1740 sit
2398 1710 2439 1740 ut

1371 1754 1570 1804 contingit,
1604 1754 1701 1791 idest
1728 1755 1872 1803 absque
1902 1763 2003 1791 certo
2034 1756 2176 1792 ordine.

1424 1808 1492 1844 Est
1507 1815 1634 1844 autern
1651 1808 1924 1844 attendendum
1935 1808 2040 1856 quod
2051 1809 2215 1845 rationes
2226 1809 2434 1846 Aristotelis

1370 1860 1510 1897 directe
1535 1869 1666 1897 contra
1693 1861 1922 1910 positionem
1953 1861 2118 1898 Platonis
2146 1862 2373 1911 procedunt,
2405 1863 2435 1899 si

1371 1926 1415 1950 ex
1435 1914 1562 1950 verbis
1584 1914 1663 1950 eius
1683 1914 1907 1962 intelligatur
1922 1916 2027 1962 quod
2041 1915 2146 1964 prius
2165 1923 2338 1964 tempore
2356 1924 2435 1952 erat

1370 1967 1598 2004 inordinatio
1619 1975 1747 2004 motus
1763 1968 2052 2014 elementorum,
2070 1981 2187 2017 quam
2202 1970 2310 2005 fieret
2324 1981 2434 2006 mun-

1371 2021 1454 2057 dus.
1486 2021 1699 2057 Sectatores
1728 2029 1855 2057 autem
1885 2021 2052 2058 Platonis
2086 2022 2215 2059 dicunt
2243 2035 2333 2059 eum
2360 2023 2436 2059 hoc

1371 2086 1450 2110 non
1479 2074 1718 2119 intellexisse3
1744 2075 1810 2111 sed
1832 2076 1936 2122 quod
1957 2075 2082 2111 omnis
2102 2075 2287 2112 ordinatio
2308 2083 2435 2112 motus

1371 2127 1605 2163 sensibilium
1626 2135 1682 2164 est
1701 2140 1722 2163 a
1742 2127 1866 2176 primo
1886 2128 2089 2177 principio,
2110 2129 2160 2165 ita
2180 2129 2285 2177 quod
2305 2129 2376 2165 alia
2397 2131 2433 2176 ²³²,

1371 2181 1408 2217 in
1428 2193 1467 2217 se
1489 2180 1741 2227 considerata,
1768 2189 1917 2229 praeter
1936 2181 2172 2218 influentiam
2193 2182 2306 2230 primi
2333 2182 2435 2230 prin-

1372 2233 1469 2282 cipii,
1490 2241 1576 2270 sunt
1595 2233 1818 2271 inordinata.
1841 2235 1889 2270 Et
1903 2235 2113 2272 secundum
2127 2236 2202 2272 hoc
2216 2236 2435 2273 Aristoteles

1371 2299 1450 2323 non
1470 2286 1598 2323 obiicit
1616 2287 1678 2323 hic
1697 2295 1828 2324 contra
1847 2299 2001 2324 sensum
2022 2289 2201 2335 Platonis,
2218 2289 2285 2326 sed
2306 2297 2436 2326 contra

1371 2340 1657 2377 Platonicorum
1684 2341 1805 2377 verba
1823 2338 1847 2387 λ,
1878 2353 1925 2377 ne
1955 2342 2002 2378 ab
2023 2341 2076 2378 eis
2105 2342 2238 2390 aliquis
2267 2342 2304 2378 in
2333 2355 2435 2379 erro-

1370 2405 1453 2430 rem
1482 2392 1691 2430 inducatur.

1420 2447 1456 2483 6.
1465 2446 1616 2483 Deinde
1627 2458 1715 2484 cum
1728 2445 1830 2483 dicit:
1841 2447 1992 2483 Videtur
2002 2453 2126 2484 autem
2138 2449 2232 2485 hoc
2218 2460 2338 2497 zpsum
2351 2457 2433 2496 etc.,

1372 2500 1564 2548 improbat
1582 2500 1816 2559 praedictam
1835 2494 2066 2548 positionem
2084 2514 2127 2538 ex
2148 2501 2253 2538 dictis
2274 2502 2434 2539 aliorum

1370 2553 1710 2602 philosophorum,
1747 2553 1812 2601 qui
1848 2566 1961 2602 super
1991 2555 2067 2590 hoc
2101 2555 2237 2591 melius
2274 2556 2434 2592 sensisse

1370 2606 1550 2644 videntur
1570 2607 1600 2643 ²¹⁴.
1633 2606 1743 2643 Circa
1770 2607 1875 2655 quod
1902 2607 2222 2645 considerandum
2248 2616 2303 2645 est
2331 2609 2436 2658 quod
2463 2619 2472 2628 ·

1371 2668 1449 2696 tam
1470 2659 1712 2696 Democritus
1733 2667 1768 2696 et
1788 2660 2017 2709 Leucippus,
2039 2673 2156 2709 quam
2182 2661 2294 2698 etiam
2315 2663 2435 2709 Plato,

1371 2713 1449 2750 duo
1468 2713 1698 2750 videbantur
1724 2714 1896 2762 posuisse
1927 2714 2024 2750 circa
2054 2727 2215 2763 corpora
2243 2715 2437 2752 existentia

1372 2774 1459 2803 ante
1479 2767 1692 2803 mundum:
1721 2767 1846 2815 primo
1877 2767 2031 2816 quidem
2061 2768 2149 2816 quia
2176 2770 2372 2817 ponebant
2392 2781 2436 2805 ea

1372 2820 1537 2865 moveri;
1549 2820 1717 2856 secundo
1728 2820 1817 2869 quia
1826 2821 2022 2869 ponebant
2033 2833 2078 2858 ea
2088 2829 2292 2869 segregata.
2306 2822 2436 2868 Quan—

1371 2881 1453 2909 tum
1474 2885 1563 2920 ergo
1584 2874 1631 2910 ad
1650 2873 1831 2922 primum,
1859 2873 1947 2910 dicit
1966 2875 2071 2922 quod
2089 2875 2164 2910 hoc
2185 2875 2310 2922 ipsum
2331 2875 2435 2922 quod

1373 2925 1632 2963 consideratur
1661 2926 1758 2963 circa
1787 2927 2092 2963 constitutionem
2121 2927 2265 2973 mundi,
2286 2928 2436 2964 videtur

1371 2981 1618 3027 Anaxagoras
1639 2981 1736 3016 bene
1757 2992 1920 3016 sumere.
1942 2980 2074 3016 Posuit
2090 2980 2190 3017 enim
2207 2981 2310 3028 quod
2326 2993 2435 3017 mun-

1374 3033 1444 3069 dus
1473 3032 1681 3081 incoeperit
1718 3045 1763 3069 ex
1802 3032 2025 3081 corporibus
2062 3045 2140 3069 non
2176 3033 2280 3081 prius
2308 3034 2432 3070 motis.

1373 3086 1490 3132 Quod
1505 3086 1662 3133 quidem
1683 3085 1940 3122 rationabilius
1969 3093 2023 3122 est
2042 3098 2160 3133 quam
2181 3086 2303 3123 dicere
2323 3098 2434 3123 mun-

1371 3243 1452 3266 etiam
1495 3242 1695 3275 sebrIcitantem
1714 3250 1768 3267 om.
1780 3242 1807 3270 Ρ,
1823 3242 1868 3266 sed
1888 3242 2053 3274 requiruntur
2072 3242 2103 3266 ad
2122 3242 2292 3273 integritatem
2307 3244 2434 3277 exempli;

1372 3277 1402 3301 cf.
1423 3277 1542 3310 superius
1562 3281 1588 3302 et
1603 3277 1720 3309 plurimo
1740 3281 1865 3308 tempore,
1886 3277 1989 3301 inferius
2009 3280 2035 3302 et
2045 3277 2225 3310 frequentius.

1424 3311 1452 3344 λ)
1467 3316 1561 3337 contra
1577 3313 1774 3337 Platonicorum
1790 3312 2009 3337 verbm-contra
2019 3313 2166 3344 plur1'mum
2182 3313 2321 3338 verborum
2335 3315 2392 3340 eius
2401 3315 2433 3346 A,

1370 3351 1465 3372 contra
1479 3346 1572 3379 pl'ons«
1592 3348 1731 3372 verborum
1751 3347 1807 3371 eius
1826 3347 1875 3376 BF,
1894 3351 1988 3372 contra
2003 3348 2163 3379 positionem
2178 3349 2317 3373 verborum
2334 3350 2390 3375 eius
2403 3351 2433 3382 E,

1371 3386 1466 3407 contra
1481 3382 1601 3407 Platonis
1614 3382 1753 3406 verborum
1768 3382 1824 3406 eius
1839 3382 1870 3413 G,
1884 3386 1979 3407 contra
1994 3383 2046 3407 vim
2060 3383 2199 3408 verborum
2214 3384 2270 3409 eius
2284 3384 2354 3416 Par.;
2369 3394 2433 3410 num

1371 3425 1463 3441 omnes
1483 3422 1602 3449 corrupte
1621 3425 1668 3449 pro
1687 3420 1782 3441 contra
1800 3424 1893 3441 sonum
1913 3418 2052 3442 verborum
2072 3425 2142 3446 ems,
2163 3419 2233 3451 quod
2252 3421 2389 3452 quadraret
2402 3421 2433 3445 ad

1367 3455 1451 3484 prout
1469 3455 1566 3477 sonant
1585 3453 1664 3476 verba
1683 3453 1746 3480 eius,
1766 3452 1810 3476 lib.
1825 3452 1843 3482 1,
1863 3453 1921 3477 lect.
1935 3460 2004 3482 xxxx.
2024 3461 2050 3477 n.
2066 3461 2094 3484 23
2109 3454 2149 3478 vel
2169 3461 2216 3486 pro
2234 3458 2328 3480 contra
2342 3463 2434 3488 super·

1363 3488 1454 3520 ficiem
1470 3488 1609 3512 verborum
1623 3487 1686 3516 eius,
1702 3488 1773 3519 quod
1788 3487 1936 3512 conveniret
1950 3496 2009 3512 cum
2023 3488 2067 3513 lib.
2078 3489 2095 3518 Ι,
2111 3489 2169 3514 lect.
2183 3497 2241 3520 xxn,
2255 3498 2281 3515 n.
2291 3490 2324 3514 8?
2340 3491 2432 3521 Quoad

1372 3523 1508 3547 lectionem
1523 3523 1549 3551 P,
1565 3523 1749 3546 advertendum
1770 3528 1809 3547 est
1828 3523 1898 3555 quod
1913 3530 1934 3547 3.
1945 3523 2061 3548 Thomas
2076 3523 2211 3557 hucusque
2225 3533 2359 3558 nunquam
2374 3527 2435 3551 dixit

1370 3558 1535 3581 Aristotelem
1554 3557 1666 3582 obiicere
1684 3563 1772 3582 contra
1790 3558 1869 3582 verba
1888 3558 2086 3589 Platonicorum,
2106 3560 2152 3584 sed
2172 3560 2286 3585 Platonis
2308 3560 2350 3594 (cf.
2366 3562 2435 3587 sicut

1364 3593 1537 3626 frequenter
1536 3592 1672 3617 consuevit
1683 3593 1778 3626 facere
1796 3593 1867 3617 circa
1882 3594 1961 3618 verba
1976 3578 2103 3624 Platonis,
2119 3595 2162 3620 lib.
2178 3596 2206 3627 11,
2222 3596 2279 3620 lect.
2293 3604 2341 3626 xxi,
2357 3605 2381 3621 n.
2398 3596 2434 3631 5),

1371 3635 1451 3660 quem
1471 3628 1546 3652 codd.
1565 3627 1605 3652 hic
1624 3635 1671 3660 per
1689 3628 1744 3653 eius
1763 3628 1904 3660 indigitant.

2489 810 2580 832 mobilis
2594 817 2615 832 Ρ.

2463 1022 2612 1070 cogar-tinere
2625 1028 2676 1044 om.

2486 1449 2609 1471 ordinatio
2617 1455 2656 1471 pc.

2462 2143 2471 2151 ·
2486 2141 2565 2163 omnia
2578 2147 2600 2163 t.

2487 2618 2511 2640 ei
2523 2618 2575 2640 add.
2590 2625 2612 2640 Ρ.
