2782 4134
92 402 102 412 ⁸
117 400 171 428 quia
186 406 206 421 Ρ.

92 611 101 620 ·
118 609 197 630 videre
210 614 256 630 om.
271 614 300 630 ac

90 640 181 663 mpero.

88 715 98 724 '
117 713 246 735 continetur
259 718 299 734 co-

90 740 152 761 dices
167 745 216 761 exc.
229 745 260 760 Λι.

334 268 403 293 102

328 334 497 373 nandum
526 332 735 370 secundum
758 331 962 368 terminum
988 327 1237 366 excellentiae,
1255 326 1384 383 Potest

329 388 430 425 enim
459 386 590 435 aliquis
608 386 756 432 instare,
778 383 884 433 quasi
903 384 922 404 '³
947 395 1025 419 non
1053 382 1100 417 sit
1126 389 1382 435 necessarlum

328 441 366 477 in
403 439 580 476 omnibus
615 438 654 475 id
681 438 785 486 quod
818 436 959 474 dictum
998 441 1072 470 est:
1101 432 1250 469 videtur
1278 442 1380 466 enim

327 493 467 530 habere
495 491 706 528 instantiam
726 490 764 527 in
791 489 875 526 visu
896 495 930 524 et
952 488 991 524 in
1010 485 1090 522 aliis
1109 484 1294 521 sensibus.
1316 483 1381 519 Ille

329 545 428 582 enirn
457 545 521 593 qui
556 544 661 581 videt
694 543 858 591 aliquam
897 551 1074 587 magnam
1112 537 1357 596 quantitatem
1371 565 1379 581 ‚

326 605 417 647 puta
444 597 553 634 unius
572 596 690 642 stadii,
710 607 787 632 non
805 600 929 643 potest
946 598 1101 640 propter
1120 591 1195 627 hoe
1212 589 1344 626 videre
1362 589 1382 610 ’¹‘

327 650 601 698 magnitudines
620 648 775 686 minoris
794 645 1019 694 quantitatis,
1040 655 1139 692 quae
1162 643 1258 680 infra
1276 643 1379 679 illam

326 702 568 752 quantitatem
599 701 834 738 continentur
850 700 884 734 *ε
909 698 977 734 sed
997 696 1116 744 magis
1137 696 1271 734 accidit
1290 708 1379 732 con-

325 756 494 802 trarium,
515 755 603 803 quia
620 754 680 790 ille
700 752 764 801 qui
781 758 906 800 potest
919 750 1049 788 videre
1066 755 1263 798 punctum,
1283 748 1380 786 idest

324 808 474 857 aliquod
502 807 700 844 minimum
732 817 846 842 sensu
877 803 1141 853 perceptibile,
1171 810 1236 840 aut
1263 802 1378 839 etiam
1416 845 1420 848 ,

323 861 386 910 qui
403 868 528 909 potest
546 858 673 896 audire
691 870 855 907 parvum
871 869 1022 914 sonum,
1038 863 1163 906 potest
1177 863 1213 893 et
1231 855 1378 893 maiora

321 921 575 1014 ser'17t.lrle)·einde
596 977 683 1001 cum
704 963 806 1001 dicit:
827 964 902 1000 Sed
914 963 1006 1000 nihil
1025 962 1153 1012 differt
1165 970 1248 1010 etc.,
1265 962 1377 1000 solvit

317 1019 547 1068 praedictam
575 1016 840 1054 obiectionem.
869 1017 918 1054 Et
947 1016 1034 1055 dicit
1052 1016 1158 1064 quod
1177 1017 1251 1052 hoc
1271 1015 1377 1064 quod

320 1071 459 1108 dictum
488 1079 561 1118 est,
590 1070 680 1107 nihil
709 1069 832 1106 differt
859 1070 909 1107 ad
937 1069 1123 1107 rationem
1153 1081 1229 1117 qua
1255 1070 1377 1106 deter-

318 1124 530 1161 minabatur
571 1124 675 1172 quod
713 1122 891 1171 possibile
930 1123 1202 1160 determinatur
1241 1135 1376 1160 secun-

318 1177 409 1214 dum
439 1175 694 1213 excellentiam
714 1174 747 1212 λ;
777 1176 867 1224 quia
894 1176 1115 1214 huiusmodi
1145 1176 1374 1224 excellentia,

316 1230 525 1267 secundum
553 1242 670 1278 quam
699 1229 901 1267 attenditur
919 1229 1040 1267 virtus
1069 1229 1134 1277 rei,
1158 1237 1284 1279 potest
1313 1229 1377 1267 de-

314 1282 504 1319 terminari
531 1283 592 1319 vel
621 1283 832 1320 secundum
859 1283 1039 1320 virtutem
1071 1284 1135 1320 vel
1163 1283 1376 1320 seeundum

313 1348 406 1372 rem.
429 1335 649 1373 Secundum
678 1348 760 1374 rem
789 1336 957 1385 quidem,
979 1336 1135 1385 quando
1159 1337 1199 1374 in
1226 1336 1309 1386 ipsa
1337 1349 1377 1373 re

364 1494 393 1530 λ)
407 1502 461 1528 qua
475 1495 736 1521 determinabatur...
750 1495 894 1521 secundum
911 1496 1106 1522 excellentiam.
1117 1508 1136 1516 —-
1148 1503 1201 1529 qua
1215 1496 1376 1522 determina-

312 1531 391 1556 batur
409 1530 481 1564 quod
500 1530 626 1563 possibile
643 1533 683 1556 est
701 1531 844 1556 secundum
867 1531 1053 1556 excellentiam
1073 1532 1162 1563 codd.;
1188 1539 1282 1557 sensus
1308 1532 1377 1557 idem

312 1571 351 1591 est
370 1574 399 1592 ac
417 1566 519 1592 Pianae.
1094 1598 1099 1602 ,

365 1602 393 1636 μ)
412 1609 502 1628 sensus
520 1605 583 1627 sunt
597 1601 734 1634 potentiae
751 1602 886 1635 passivae.
899 1616 919 1621 —
932 1603 982 1628 Pro
1000 1610 1100 1632 sensus,
1114 1604 1254 1635 potentiae
1271 1603 1376 1629 sensiti-

311 1644 360 1662 vae
373 1637 401 1662 P.
415 1651 434 1656 -
448 1636 587 1667 Quomodo
601 1644 694 1662 sensus
708 1637 822 1662 dicantur
836 1642 862 1662 et
875 1638 926 1663 sint
934 1638 1073 1671 potentiae
1084 1639 1218 1671 passivae,
1234 1639 1378 1664 declaratur

311 1673 343 1698 ab
362 1673 419 1705 ipso
443 1680 466 1697 s.
479 1672 596 1703 Thomu,
620 1673 665 1705 qui
683 1674 748 1698 inter
771 1673 819 1698 alia
838 1672 902 1698 haec
921 1673 999 1699 habet
1025 1673 1083 1704 QQ.
1101 1674 1193 1707 Dispp.
1215 1675 1257 1699 De
1280 1675 1376 1705 Verit.,

311 1708 362 1738 Qu.
374 1715 417 1733 m
436 1708 478 1733 De
490 1708 646 1742 Synderesi,
661 1709 732 1733 artic.
745 1715 763 1740 1,
778 1709 810 1733 ad
833 1708 872 1734 13.
888 1718 903 1733 ε
919 1709 977 1734 Non
991 1709 1060 1734 enim
1079 1710 1214 1742 (quuitur
1232 1710 1266 1735 de
1278 1713 1375 1742 poten-

310 1743 355 1768 tiis
372 1743 496 1774 animae)
515 1743 679 1775 distinguitur
697 1743 811 1776 potentia
834 1744 915 1769 activa
933 1752 948 1769 a
967 1745 1070 1777 passiva
1089 1752 1119 1770 ex
1137 1744 1187 1770 hoc
1205 1745 1276 1778 quod
1299 1745 1376 1771 habet

309 1778 501 1812 operationem:
520 1779 588 1812 quia.
602 1786 663 1804 cum
682 1779 819 1804 cuiuslibet
835 1780 965 1812 potentiae
983 1780 1084 1805 animae
1107 1785 1162 1805 tarn
1180 1780 1276 1805 activae
1295 1788 1375 1813 quam

309 1814 427 1847 passivae
444 1814 480 1839 sit
493 1813 614 1847 operatio
632 1814 730 1847 aliqua,
746 1814 876 1847 quaelibet
889 1815 1003 1848 potentia
1016 1815 1116 1841 animae
1133 1821 1203 1841 esset
1221 1816 1312 1841 activa.
1325 1816 1375 1842 Co-

309 1849 440 1883 gnoscitur
458 1854 544 1875 autern
563 1857 653 1875 earum
672 1849 800 1875 distinctio
814 1857 861 1883 per
879 1850 1099 1883 comparationem
1118 1851 1246 1884 potentiae
1259 1851 1290 1876 ad
1303 1851 1375 1877 obie-

309 1890 387 1911 ctum.
406 1885 432 1910 Si
447 1885 516 1910 enim
529 1885 660 1911 obiectum
673 1893 702 1911 se
718 1885 811 1911 habeat
825 1886 856 1911 ad
869 1886 1010 1919 potentiam
1025 1891 1053 1911 ut
1066 1886 1166 1919 patiens
1179 1892 1206 1912 et
1219 1892 1375 1913 transmuta-

1023 250 1094 286 DE
1124 246 1299 284 CAELO
1329 245 1399 282 ET
1429 242 1623 280 MUNDO
1654 243 1748 279 LIB.
1780 243 1793 278 I

1438 330 1493 359 est
1523 322 1753 370 excellentia,
1775 321 1871 359 sicut
1899 322 2044 360 dictum
2074 328 2130 358 est
2151 322 2169 342 ²²⁴
2190 320 2238 358 de
2263 327 2418 359 centum
2438 328 2509 359 sta-

1438 375 1506 412 diis
1534 375 1597 411 vel
1626 383 1780 412 centum
1809 376 1973 413 talentis:
2003 383 2040 412 et
2077 374 2291 412 secundum
2318 375 2419 412 hanc
2447 387 2510 413 ex-

1437 427 1650 465 cellentiam
1669 436 1820 477 oportet
1848 428 2092 466 determinari
2110 427 2292 464 virtutem
2321 428 2508 476 activam;

1437 481 1527 529 quia
1554 481 1660 530 quod
1688 489 1815 530 potest
1842 494 1953 530 agere
1981 482 2021 519 in
2050 494 2133 519 rem
2162 480 2362 528 maiorem,
2382 489 2510 530 potest

1437 534 1550 571 etiam
1579 534 1618 571 in
1647 546 1730 571 rem
1759 535 1962 573 minorem.
1985 535 2209 573 Secundum
2231 534 2414 572 virtutem
2443 547 2508 572 au-

1435 595 1514 624 tem
1543 587 1746 625 attenditur
1775 589 2012 636 excellentia,
2041 588 2196 638 quando
2231 587 2373 636 aliquid
2402 587 2509 636 quod

1435 653 1514 678 non
1553 641 1697 678 excellit
1723 640 1763 678 in
1791 642 2020 691 quantitate,
2054 642 2209 692 requirit
2247 640 2508 679 excellentiam

1434 694 1599 732 virtutis:
1629 702 1666 731 et
1700 694 1776 731 hoc
1812 695 1980 734 maxime
2016 696 2170 733 videtur
2197 694 2369 732 accidere
2409 694 2508 731 circa

1433 747 1622 797 potentias
1648 748 1838 796 passivas;
1867 756 2011 797 quanto
2041 749 2144 787 enim
2166 748 2310 798 aliquid
2339 755 2394 785 est
2419 760 2507 797 pas-

1434 801 1595 849 sibilius,
1625 808 1729 838 tanto
1759 813 1782 838 a
1810 801 1949 839 minori
1981 810 2108 852 potest
2139 801 2301 841 moveri.
2340 802 2390 839 Et
2418 800 2508 850 quia

1433 867 1566 892 sensus
1591 862 1679 892 sunt
1696 854 1889 904 potentiae
1909 856 2086 905 passivae
2105 862 2136 904 μ,
2157 856 2244 894 ideo
2264 855 2304 893 in
2323 854 2507 892 sensibili-

1433 908 1504 945 bus
1523 907 1659 945 accidit
1676 915 1717 945 ut
1735 908 1802 958 qui
1819 916 1947 958 potest
1964 910 2103 947 sentire
2122 909 2262 957 minus,
2277 916 2403 959 potest
2421 920 2506 946 sen-

1431 961 1500 998 tire
1529 961 1664 999 maius.
1694 982 1719 989 -
1748 962 1845 999 Illud
1873 970 2003 1000 autem
2032 963 2139 1012 quod
2166 963 2312 1002 dictum
2336 969 2410 1010 est,
2429 962 2506 999 hoc

1432 1014 1553 1052 modo
1587 1015 1822 1053 manifestat:
1853 1015 1943 1065 quia
1969 1015 2075 1055 visus
2113 1016 2178 1066 qui
2215 1023 2272 1054 est
2303 1015 2506 1054 sensitivus

1432 1068 1590 1106 minoris
1620 1068 1807 1118 corporis,
1829 1069 1976 1107 excedit
2003 1069 2042 1107 in
2068 1069 2219 1117 virtute,
2249 1077 2286 1107 et
2313 1069 2368 1107 sic
2387 1076 2506 1107 atten-

1432 1122 1532 1160 ditur
1549 1122 1611 1160 hic
1631 1122 1852 1160 excellentia
1869 1123 1909 1160 in
1927 1123 2084 1172 virtute,
2105 1135 2186 1161 non
2204 1123 2244 1161 in
2262 1135 2320 1170 re3
2350 1123 2420 1160 sed
2437 1134 2505 1161 ve·-

1431 1175 1562 1222 locitas
1592 1183 1647 1213 est
1675 1176 1918 1214 excellentior
1950 1188 2050 1226 quae
2088 1183 2145 1214 est
2172 1176 2330 1214 maioris
2358 1176 2505 1224 magni-

1431 1229 1569 1267 tudinis
1598 1229 1708 1277 (illud
1737 1230 1840 1268 enim
1869 1237 1925 1268 est
1951 1229 2135 1277 velocius,
2165 1231 2272 1278 quod
2298 1229 2339 1268 in
2365 1229 2505 1268 eodem

1431 1290 1605 1332 tempore
1628 1295 1698 1332 per
1716 1283 1840 1321 maius
1860 1283 2026 1333 spatium
2045 1285 2257 1332 movetur),
2284 1290 2322 1321 et
2340 1282 2424 1320 talis
2442 1295 2506 1320 ex-

1432 1336 1604 1374 cellentia
1623 1349 1702 1374 non
1721 1337 1848 1375 solum
1867 1345 1924 1375 est
1941 1337 1981 1375 in
1999 1337 2151 1386 virtute,
2172 1336 2242 1374 sed
2261 1336 2377 1375 etiam
2396 1335 2436 1374 in
2450 1348 2504 1375 re.

1428 1501 1493 1529 tum,
1510 1497 1547 1522 sic
1565 1497 1614 1523 erit
1631 1497 1746 1530 potentia
1764 1497 1860 1522 activa:
1880 1498 1902 1523 si
1916 1503 2005 1524 autem
2024 1505 2039 1523 e
2058 1505 2186 1523 converso
2199 1505 2229 1523 se
2247 1497 2326 1524 habet
2338 1502 2368 1524 ut
2379 1506 2461 1532 agens
2479 1503 2506 1525 et

1429 1540 1548 1562 movens,
1562 1533 1600 1558 sic
1612 1533 1660 1558 erit
1672 1532 1787 1566 potentia
1797 1533 1909 1566 passiva.
1919 1533 1952 1558 Et
1966 1533 2026 1558 inde
2041 1537 2081 1558 est
2093 1533 2166 1566 quod
2180 1541 2273 1558 ornnes
2283 1533 2414 1566 potentiae
2426 1541 2506 1568 vege-

1428 1568 1514 1593 tabilis
1533 1568 1634 1594 animae
1652 1573 1714 1594 sunt
1732 1569 1837 1598 activae.
1850 1569 1912 1602 quia
1930 1569 2083 1594 alimentum
2100 1573 2288 1595 transmutatur
2299 1569 2505 1603 pet-'potentiam

1429 1603 1530 1629 animae
1548 1609 1603 1629 tam
1621 1604 1647 1629 in
1666 1604 1804 1629 nutriendo
1826 1612 1907 1638 quam
1925 1605 1952 1630 in
1970 1605 2134 1638 generando:
2153 1605 2200 1630 sed
2219 1605 2506 1638 potentiae.semifim

1428 1647 1521 1665 omnes
1541 1644 1602 1665 sunt
1620 1640 1756 1673 passivae,
1780 1639 1841 1673 quia
1859 1648 1907 1673 per
1925 1639 2057 1666 sensibilia
2074 1640 2175 1666 obiecta
2194 1645 2333 1666 moventur
2351 1645 2377 1666 et
2394 1639 2460 1666 flunt
2477 1640 2504 1667 in

1429 1680 1496 1701 actu.
1516 1675 1589 1701 Circa
1601 1675 1761 1700 intellectum
1775 1683 1847 1707 vero,
1862 1675 1949 1709 aliqua
1960 1676 2074 1709 potentia
2085 1681 2127 1702 est
2139 1676 2228 1708 activa,
2242 1676 2330 1709 aliqua
2342 1676 2456 1709 passiva,
2470 1681 2504 1702 eo

1429 1711 1500 1744 quod
1515 1718 1561 1744 per
1579 1711 1738 1736 intellectum
1753 1710 1912 1744 intelligibile
1925 1711 1952 1736 in
1967 1711 2082 1745 potentia
2093 1711 2207 1744 (natura
2223 1719 2271 1738 seu
2283 1712 2422 1745 quidditas
2435 1719 2504 1746 qm

1429 1749 1468 1771 est
1487 1746 1514 1771 in
1532 1746 1716 1780 singularibus
1729 1746 1929 1779 materialibus)
1948 1745 1977 1772 fit
1995 1747 2155 1780 intelligibile
2170 1752 2237 1778 actu,
2251 1747 2324 1780 quod
2344 1752 2384 1773 est
2402 1746 2504 1774 intelle-

1429 1786 1485 1806 ctus
1504 1781 1612 1814 agentis,
1627 1787 1653 1807 et
1671 1782 1709 1807 sic
1727 1782 1875 1807 intellectus
1899 1789 1984 1816 agens
2007 1787 2047 1807 est
2065 1782 2180 1815 potentia
2203 1782 2300 1808 activa:
2319 1782 2407 1816 ipsum
2425 1783 2504 1809 en'm

1427 1817 1586 1850 intelligibile
1605 1817 1631 1842 in
1649 1822 1709 1842 actu
1723 1818 1836 1849 (natura
1854 1817 1992 1844 abstracta
2007 1825 2027 1843 a
2044 1817 2243 1844 conditionibus
2262 1818 2464 1845 materialitatis
2476 1821 2505 1845 et

1427 1852 1637 1886 singuIaritatis)
1657 1852 1716 1878 facit
1735 1853 1895 1878 intellectum
1914 1853 1940 1878 in
1959 1853 2072 1886 potentia
2092 1861 2153 1879 esse
2171 1854 2332 1879 intellectum
2350 1854 2376 1879 in
2395 1858 2462 1885 actu,
2478 1857 2506 1879 et

1427 1888 1464 1913 sic
1483 1888 1632 1914 intellectus
1645 1888 1783 1921 possibilis
1801 1889 1850 1914 erit
1867 1889 1982 1922 potentis
2000 1888 2112 1922 passiva.
2122 1898 2136 1913 ι

2537 332 2634 355 ⁸Num.
2666 350 2672 356 .
