2690 4062
3 187 25 296 i

1051 260 1164 297 CAP.
1193 260 1298 308 vm,
1329 259 1481 297 LECT.
1511 261 1619 297 xxn

779 527 1076 583 LECTIO
1126 526 1913 586 VIGESIMASECUNDA

509 688 738 720 OPINIONES
761 687 1038 719 PRAEDICTAE
1062 686 1206 730 (LECT.
1231 688 1458 731 PRAECED.)
1481 690 1820 722 MULTIPLICITER
1843 671 2166 722 REPROBANTUR

241 831 284 869 ὠς
309 823 347 859 δὲ
373 827 487 872 μικρόν
513 826 723 870 παρεκβδὶσιν
747 826 876 866 εἰπεῖν,
903 825 1090 872 ἀναγκαῖον
1118 825 1248 864 ἀπαθές
1274 838 1311 858 τε

309 870 455 904 ἕκαστον
479 869 590 916 λέγειν
616 871 683 903 τῶν
710 866 911 914 ἀδιαιρέτων
939 870 997 912 (οὗ
1022 871 1086 916 γάρ
1110 869 1221 903 οἷόντε
1247 869 1312 902 πά-

309 926 401 961 σχειν
428 914 502 946 ἀλλ’
530 912 551 951 ἦ
576 909 636 946 διά
661 915 723 947 τοῦ
747 914 866 955 κενοῦ)
892 916 950 946 καὶ
976 915 1115 960 μηθενός
1133 916 1311 952 ποιητικὸν

311 958 458 996 πάθους·
485 957 566 991 οὔτε
591 960 655 1004 γάρ
682 957 806 1003 ψυχρόν
828 958 908 991 οὗτε
925 961 1067 1004 σκληρὸν
1085 957 1188 991 οἷόντ’
1211 955 1309 991 εἶναι.

241 1045 366 1082 Καίτοι
392 1045 502 1079 τοῦτο’
527 1059 566 1093 γε
593 1047 738 1088 ἄτοπον,
766 1048 806 1087 τό
833 1045 933 1090 μόνον
960 1042 1152 1080 ἀποδοῦναι
1180 1047 1229 1088 τῷ
1255 1058 1313 1078 πε-

308 1095 432 1138 ριφερεῖ
495 1090 607 1136 ἤματι
625 1092 666 1123 το“
685 1090 821 1136 θερμόν·
850 1090 982 1137 ἀνάγκη
999 1093 1063 1138 γάρ
1087 1093 1146 1123 καὶ
1170 1091 1311 1123 τούναν-

309 1139 384 1168 τίον
409 1101 600 1214 τόσῖυχρόν
627 1135 717 1177 α”λλῳ
742 1137 808 1167 τινὶ
827 1136 1007 1179 προσήκειν
1025 1136 1092 1168 τῶν
1109 1134 1309 1180 σχημάτων.

301 1181 456 1212 ’Δτοπον
505 1182 520 1213 ἐ
544 1179 608 1213 κᾶν
626 1180 654 1211 εἱ
673 1180 792 1212 ταῦτα
817 1180 877 1222 μὲν
903 1179 1063 1225 ὑπάρχει,
1080 1178 1170 1225 λέγω
1187 1177 1225 1211 δὲ
1242 1177 1312 1223 θερ-

311 1223 421 1269 μότης
431 1228 500 1259 οιαὶ
526 1225 568 1269 ψυ
615 1223 717 1264 ότης,
742 1223 895 1268 βαρύτης
919 1222 957 1256 δὲ
981 1226 1038 1256 καὶ
1062 1222 1230 1267 κουφότης
1253 1224 1311 1254 καὶ

257 1266 499 1312 ὼσκληρότης
522 1280 568 1301 κα
606 1267 807 1313 μαλακότης
824 1268 872 1311 μή
890 1266 1053 1313 ύπάρξει·
1076 1269 1194 1300 καίτοι
1211 1265 1312 1310 βαρύ-

311 1311 407 1358 τερόν
432 1325 470 1359 γε
494 1315 592 1346 κατα
609 1313 673 1350 τήν
691 1311 862 1357 ὑπεροχήν
879 1322 976 1354 φησιν
994 1309 1080 1345 εἶναι
1104 1311 1310 1356 Δημόκριτος

311 1356 460 1390 ἕκαστον
487 1359 555 1391 τῶν
587 1352 683 1390 ἀδιαι
705 1356 811 1398 ε’των,
836 1355 928 1388 ὥστε
952 1352 1057 1393 δῆλον
1083 1354 1138 1388 ὅτι
1161 1358 1219 1388 καὶ
1244 1354 1314 1399 θερ-

271 1417 276 1422 ·
309 1401 467 1448 μότερον.
493 1403 650 1435 Τοιαῦτα
674 1367 704 1436 δι’
728 1401 815 1435 ὄντα
839 1401 886 1445 μή
911 1400 983 1433 πάσ
1010 1412 1056 1432 ειν
1075 1400 1131 1433 ὑπ’
1154 1398 1310 1436 ἀλλήλων

312 1442 502 1488 ἀδύνατον,
523 1443 592 1479 οἷον
619 1448 685 1480 tino*
704 1445 767 1479 τοῦ
785 1446 873 1478 πολύ
900 1413 1173 1490 ὐπερέάλλοντος
1190 1443 1310 1488 θερμοῦ

311 1492 354 1524 τό
378 1490 489 1536 ἠρέμα
513 1489 645 1535 Θερμόν.

234 1536 347 1568 Ἀλλά
361 1535 429 1580 μὴν
449 1535 478 1567 εἰ
498 1535 654 1579 σκληρόν,
674 1536 733 1566 καὶ
754 1531 924 1578 μαλακόν.
949 1534 994 1565 Τὰ
1011 1531 1050 1565 δὲ
1070 1534 1226 1577 μαλακὸν
1244 1527 1310 1568 ἤδη

310 1580 360 1621 τῷ
378 1579 524 1625 πάσχειν
543 1590 577 1611 τι
593 1578 754 1625 λέγεται·
781 1578 823 1609 τό
839 1578 904 1623 γάρ
923 1578 1120 1610 ύπεικτικὸν
1141 1576 1308 1622 μαλακόν.

305 1621 414 1657 Ἀλλά
429 1625 497 1668 μήν
516 1622 648 1655 ἄτοπον
667 1625 726 1655 καὶ
744 1622 772 1654 εἱ
789 1622 893 1666 μηθὲν
911 1621 1058 1668 ύπάρχει
1076 1622 1148 1656 ἀλλ’
1171 1620 1192 1659 ἦ
1210 1620 1310 1665 μόνον
1353 1640 1357 1653 .

310 1668 450 1715 σχῆμα·
481 1669 540 1699 καὶ
563 1667 593 1698 εἰ
619 1666 692 1700 omi
711 1679 786 1712 χει,
812 1666 846 1698 ἓν
871 1661 910 1698 δὲ
935 1666 1055 1710 μόνον,
1083 1667 1152 1699 οἷον
1186 1667 1228 1698 τό
1252 1666 1311 1710 μὲν

310 1711 435 1767 ψυχρόν
460 1713 502 1744 τό
525 1708 568 1751 ’,δὲ
603 1709 740 1756 θερμον·
767 1707 848 1744 οὐδὲ
878 1711 943 1756 γὰρ
971 1709 1010 1743 ἄν
1035 1713 1097 1756 μία
1129 1723 1182 1748 τις
1214 1710 1264 1747 εἴη
1291 1709 1312 1746 τ’)

334 1767 404 1794 υσις
429 1756 558 1789 αὐτῶν.
590 1757 730 1800 Ὁμοίως
754 1750 793 1787 δὲ
819 1753 992 1788 ἀδύνατον
1015 1758 1074 1787 καὶ
1096 1755 1124 1787 si.
1142 1756 1246 1787 πλείω
1263 1753 1312 1795 τῷ

310 1803 376 1833 ev(-
404 1798 599 1845 ἀδιαίρετον
624 1801 688 1846 γάρ
716 1799 751 1832 ὂν
777 1799 810 1832 ἓν
836 1801 885 1841 τῷ
911 1799 1007 1840 αὐτῷ
1034 1799 1100 1841 ἕξει
1125 1801 1173 1833 τά
1197 1798 1311 1839 πάθη,

309 1843 402 1877 ὥστε
425 1847 485 1877 καὶ
511 1842 570 1877 ἐοὶν
595 1845 714 1890 πάσχῃ
738 1845 829 1888 εἴπερ
854 1842 1017 1887 ψύχεται,
1036 1844 1156 1886 ταύτῷ
1175 1855 1230 1876 τοι
1253 1845 1312 1875 καὶ

312 1889 396 1922 ἄλλο
422 1900 456 1922 τι
485 1886 621 1924 ποιήσει
645 1887 667 1926 ἧ
693 1890 864 1921 πείσεται.
897 1889 962 1920 Τόν
989 1888 1098 1922 αὐτον
1122 1887 1160 1920 δέ
1186 1887 1312 1932 τρόπον

309 1936 368 1966 καὶ
394 1931 450 1966 ἐπὶ
475 1933 543 1966 τῶν
570 1932 680 1965 ἄλλων
707 1931 940 1977 παθημάτων·

244 1978 356 2013 τοῦτο
379 1978 445 2024 γάρ
469 1979 528 2009 καὶ
555 1981 626 2016 τοῖς
651 1978 775 2021 στερεοὶ
801 1979 860 2009 καὶ
886 1981 957 2015 τοϊς
983 1972 1133 2009 ἐπίπεδα
1156 1975 1312 2022 λέγουσιν

313 2017 494 2066 ἀδιαίρετα
523 2021 700 2066 συμβαίνει
732 2022 792 2054 *cdv
827 2021 934 2053 αὐτόν
970 2021 1115 2066 τρόπον·
1142 2020 1222 2054 οὔτε
1247 2021 1312 2066 γάρ

338 2064 442 2098 ανότε
466 2077 488 2098 α
513 2065 594 2098 οὔτε
620 2064 812 2121 πυκνότερα
837 2065 950 2098 οἷόντε
971 2065 1123 2112 γίνεσθαι
1146 2065 1246 2098 κενοῦ
1264 2065 1312 2109 μή

234 2156 317 2188 Ἔτι
331 2107 846 2200 δτῗτξποῖοέξιὶαέόῖἰῖρτοῗιζὲν
865 2152 1046 2199 ἀδιαίρετα
1062 2151 1162 2195 εἶναι,
1177 2165 1216 2198 με
1245 2151 1313 2185 άλα

311 2194 351 2232 δι’
382 2199 449 2244 μή·
483 2198 540 2231 νῦν
571 2202 630 2245 μὲν
662 2201 727 2246 γάρ
759 2197 906 2244 εὐλόγως
936 2201 986 2231 τά
1013 2199 1114 2244 μείζω
1147 2197 1313 2242 θραυεται

312 2243 443 2288 μᾶλλον
468 2243 536 2275 τῶν
561 2245 700 2289 μικρῶν·
728 2244 776 2275 τοὶ
799 2243 859 2297 μὲν
883 2244 948 2289 γάρ
973 2239 1156 2276 διαλύεται
1176 2241 1311 2287 ῥᾳδίως,

260 2317 262 2319 ,
310 2288 384 2321 οἷον
413 2289 462 2320 τά
492 2288 646 2332 μεγάλα·
680 2298 890 2332 προσκοπτει
919 2288 983 2333 γάρ
1017 2288 1174 2325 πολλοῖς·
1202 2288 1242 2319 τὸ
1275 2284 1313 2317 δέ

315 2327 510 2376 ἀδιαίρετον
539 2333 624 2370 ὅλως
648 2327 708 2364 διαὶ
732 2333 765 2363 τί
791 2331 920 2375 μᾶλλον
946 2331 1093 2377 ὑπάρχει
1119 2332 1186 2364 τῶν
1211 2329 1315 2376 μεγά-

311 2377 378 2408 λων
403 2380 476 2414 τοῖς
500 2382 647 2422 μικροῐς;

238 2422 318 2455 Ἔτι
341 2416 380 2454 δὲ
405 2419 549 2464 πότερον
600 2423 636 2453 ία
662 2419 800 2452 πάντων
826 2421 847 2456 ἡ
873 2420 967 2464 φύσις
992 2421 1124 2453 ἐκείνων
1150 2420 1216 2451 τῶν
1238 2431 1315 2451 στε-

264 2476 268 2479 ’
311 2466 407 2510 ρεῶν,
435 2463 455 2501 ἦ
480 2460 629 2510 διαφερει
661 2463 791 2508 θάτερα
822 2464 889 2496 τῶν
915 2465 1058 2510 ἑτέρων,
1084 2463 1194 2508 ὥσπερ
1223 2462 1261 2496 ἄν
1286 2464 1315 2495 εὶ

305 2512 362 2543 ,τοὶ
385 2510 444 2554 μὲν
470 2511 520 2547 εἴη
547 2509 683 2555 πύρινα,
708 2510 758 2541 τοὶ
781 2503 820 2559 δεῖ
843 2507 948 2555 γήϊνα
973 2511 1033 2542 τόν
1052 2509 1173 2555 ὄγκον;
1201 2509 1230 2540 εἰ
1254 2509 1314 2563 μὲῖ

403 2556 465 2598 μία
493 2553 591 2599 φύσις
621 2554 713 2587 ἐστὶν
746 2553 931 2595 οἱπαντων,
966 2556 998 2586 τί
1023 2556 1064 2586 τό
1096 2566 1146 2608 χω
1168 2554 1265 2593 ίσαν;
1293 2566 1314 2590 η
1358 2572 1359 2575 =

312 2556 378 2632 335
397 2600 431 2630 τί
457 2599 496 2632 οὗ
545 2601 680 2645 ίγνεται
713 2596 870 2641 ἁψάμενα
894 2599 949 2639 ἓν,
978 2597 1090 2642 ὥσπερ
1122 2598 1140 2630 ὑ
1163 2609 1206 2642 ωρ
1232 2596 1315 2633 ὕδα-

269 2654 289 2665 -’
313 2655 373 2681 τος
398 2641 484 2675 ὅταν
509 2642 526 2674 θ
542 2653 604 2689 γῃ;
633 2637 729 2676 οὐδὲν
754 2643 818 2687 γάρ
844 2638 994 2687 διαφέρει
1018 2645 1060 2676 τό
1086 2641 1224 2686 ὕστερον
1251 2643 1315 2676 τοῦ
1358 2652 1359 2655 ’

263 2698 265 2703 ’
314 2686 492 2732 προτέρου.
517 2688 555 2720 EI
580 2685 609 2721 δ’
637 2686 760 2731 ἕτερα,
788 2690 872 2728 ποῖα
897 2688 1033 2728 ταῦτα;
1059 2689 1118 2719 καὶ
1142 2682 1247 2724 δῆλον
1272 2688 1315 2725 ὥς

267 2743 269 2746 ’
313 2731 432 2764 ταῦτα
461 2730 578 2765 θετέον
604 2732 711 2785 ἀρχάς
742 2733 799 2762 καὶ
825 2731 940 2768 αἰτίας
966 2733 1034 2763 τῶν
1059 2730 1314 2776 συμβαινόντων

313 2777 444 2821 μᾶλλον
469 2774 490 2812 ἦ
516 2778 565 2809 τοὶ
587 2786 771 2821 σχηματα.
797 2774 875 2806 Ἔτι
891 2775 930 2807 δὲ
946 2771 1156 2821 διαφέροντα
1174 2777 1239 2813 τῆν
1256 2776 1315 2819 φύ-

313 2832 379 2861 σιν,
404 2818 468 2852 κᾶν
494 2821 576 2864 ποιῇ
601 2818 664 2852 κᾶν
691 2817 811 2863 πάσχῃ
835 2818 1046 2866 θιγγάνοντα
1073 2820 1242 2857 ἀλλήλων.

237 2865 318 2898 Ἔτι
341 2862 380 2896 δὲ
406 2867 439 2896 τί
465 2865 507 2896 τό
531 2865 666 2904 κινοῦν;
692 2863 720 2894 εἰ
745 2864 804 2906 μὲν
821 2865 885 2909 γάρ
904 2863 1032 2908 ἕτερον,
1051 2863 1260 2902 παθητικόν·
1286 2866 1316 2896 εἰ

313 2905 344 2941 δ’
366 2909 457 2942 αὐτὸ
475 2910 564 2942 αὐτὸ
591 2908 738 2941 ἕκαστον
771 2906 792 2943 ἦ
808 2904 980 2951 διαιρετόν
999 2909 1207 2951 ἔσται,’κατ’
1230 2907 1314 2941 ἄλλο

314 2955 373 2998 μέν
398 2954 510 2986 κινοῦν
534 2954 614 2987 κατ’
637 2952 719 2985 ἄλλο
739 2930 779 2985 δὲ
802 2951 1010 2997 κινούμενον,
1036 2951 1058 2990 ἦ
1081 2954 1179 2985 κατα
1200 2952 1313 2986 ταῦτά

315 2997 489 3030 τάναντία
514 2996 668 3043 ὑπάρξει,
693 2999 752 3028 καὶ
771 2997 793 3033 ἢ
812 2995 931 3034 ὕληόὐ
950 2996 1050 3041 μόνον
1071 2995 1196 3042 ἀριθμῷ
1215 2997 1314 3029 ἔσται

288 3052 290 3054 ’
314 3044 376 3087 μία
402 3039 492 3075 ἀλλά
514 3045 573 3075 καὶ
597 3040 749 3086 δυνάμει.
1099 3067 1102 3068 ⁷
1178 3041 1180 3043 ’

239 3130 334 3163 Ὅσοι
351 3133 411 3175 μὲν
429 3129 486 3164 οὖν
504 3125 563 3163 διά
580 3131 642 3167 τῆς
660 3130 726 3161 τῶν
745 3128 854 3174 πόρων
875 3128 1035 3167 κινήσεώς
1053 3140 1133 3173 φασι
1154 3130 1202 3162 τά
1221 3128 1316 3167 πάθη

313 3176 526 3220 συμβαίνειν,
553 3175 581 3206 εἰ
606 3175 664 3229 μὲν
697 3175 754 3205 καὶ
786 3173 1054 3218 πεπληρωμένων
1088 3174 1156 3205 τῶν
1182 3173 1311 3218 πόρων,

315 3222 486 3266 περίεργον
513 3221 542 3251 οἱ
569 3229 683 3263 ποροι·
710 3218 738 3249 εἰ
762 3219 826 3262 γάρ
854 3217 970 3261 ταύτῃ
989 3230 1022 3250 τι
1040 3229 1167 3274 πασχει
1185 3219 1226 3251 τό
1246 3219 1313 3250 πᾶν

313 3262 377 3295 κᾶν
403 3265 452 3307 μή
477 3262 598 3307 πόρους
623 3262 701 3307 ἔχον
728 3262 804 3295 ἀλλ’
833 3262 922 3295 αὐτὸ
956 3264 1092 3308 συνεχὲς
1123 3265 1159 3295 ὄν
1185 3261 1315 3307 πάσχοι

266 3323 270 3326 ·
315 3309 376 3340 τόν
402 3308 510 3341 αὑτὸν
536 3306 676 3350 τρόπον.

238 3351 317 3384 Ἔτι
341 3347 379 3384 δὲ
405 3351 476 3389 πῶς
506 3345 686 3395 ἐνδέχεται
721 3353 801 3395 περὶ,
819 3351 881 3383 τοῦ
916 3347 1029 3394 διορᾶν
1054 3350 1246 3395 συμβαίνειν
1272 3352 1315 3388 ὡς

313 3394 487 3440 λέγουσιν;
507 3394 586 3428 οὔτε
611 3395 675 3441 γάρ
699 3396 798 3427 κατὰ
813 3396 877 3433 τοίς
897 3395 983 3437 άφοὶς
1001 3392 1179 3439 ἐνδέχεται
1194 3391 1330 3427 διιέναι

316 3434 376 3472 διά
400 3440 466 3471 τῶν
491 3435 676 3483 διαφανων,
704 3437 783 3471 οὔτε
806 3437 866 3472 διοί
889 3439 956 3470 τῶν
983 3438 1106 3482 πόρων,
1133 3439 1160 3470 εἰ
1186 3438 1315 3483 πλήρης

316 3482 479 3520 ἕκαστος·
507 3486 541 3514 τί
565 3484 629 3529 γάρ
655 3479 774 3515 διοίσει
800 3484 862 3516 τοῦ
888 3483 936 3527 μή
963 3482 1051 3528 ἔχειν
1077 3481 1218 3526 πόρους;
1245 3483 1314 3515 πᾶν

315 3530 379 3574 γάρ
408 3529 527 3571 ὁμοίως
553 3527 652 3559 ἔσται
679 3527 814 3571 πλῆρες.

242 3569 352 3604 Ἀλλά
375 3573 442 3616 μήν
467 3572 494 3603 εἰ
518 3574 575 3603 καὶ
601 3573 684 3604 κενά
707 3572 767 3615 μὲν
794 3571 925 3611 ταῦτα,
947 3570 1079 3616 ἀνάγκη
1104 3566 1142 3602 δὲ
1166 3570 1314 3615 σώματα

316 3617 350 3648 ἐν
377 3618 496 3653 αὐτοῖς
529 3616 637 3661 ἔχειν,
673 3615 786 3648 ταύτό
811 3615 1025 3659 συμβήσεται
1058 3614 1172 3647 πάλιν.
1213 3616 1248 3646 Εἰ
1277 3612 1314 3646 δέ

1367 827 1382 843 *
1406 829 1449 859 Ut
1472 835 1580 860 autem
1602 840 1716 870 parum
1739 831 1946 870 digredientes
1970 832 2124 871 dicamus,
2142 832 2354 863 necessarium
2376 833 2434 863 irn-

1434 873 1580 913 passibile
1596 875 1853 916 unumquodque
1869 875 1970 906 dicere
1992 876 2233 907 indivisibilium
2250 875 2330 919 (non
2347 877 2433 907 enim

1434 917 1583 958 possibile
1602 918 1667 958 pati
1688 918 1747 948 nisi
1763 928 1818 958 per
1840 918 1991 962 vacuum)
2012 926 2042 951 et
2056 920 2175 951 nullius
2199 921 2338 952 activum
2360 931 2433 962 pas-

1434 961 1548 992 sionis:
1573 971 1677 1002 neque
1701 962 1786 992 enim
1802 963 1919 994 durum
1943 974 2000 995 nec
2016 964 2167 1005 frigidum
2183 975 2250 996 esse
2266 972 2371 1006 potest
2384 965 2432 996 in-

1434 1005 1598 1036 divisibile.

1366 1048 1383 1068 *
1396 1049 1551 1087 Quamvis
1566 1049 1628 1080 hoc
1643 1049 1868 1081 inconveniens
1884 1051 1933 1090 sit,
1947 1052 2053 1082 solum
2068 1053 2141 1083 dare
2157 1053 2298 1084 circulari
2312 1053 2432 1095 figurae

1434 1093 1587 1124 calidum:
1603 1103 1730 1124 necesse
1745 1100 1791 1125 est
1807 1094 1892 1125 enim
1913 1102 1943 1126 et
1960 1096 2153 1127 contrarium
2168 1097 2320 1139 frigidum
2337 1097 2431 1129 alicui

1433 1137 1486 1168 alii
1504 1137 1651 1178 adaptare
1669 1137 1853 1177 figurarum.
1871 1139 2097 1171 inconveniens
2113 1147 2221 1173 autem
2242 1141 2270 1172 si
2287 1139 2348 1174 hae
2361 1142 2431 1183 qui-

1435 1181 1509 1212 dem
1531 1181 1642 1220 insint,
1667 1181 1738 1212 dico
1763 1189 1870 1213 autem
1893 1184 2032 1215 caliditas
2057 1191 2087 1215 et
2108 1185 2274 1225 frigiditas,
2297 1186 2431 1226 gravitas

1435 1232 1542 1256 autem
1566 1232 1597 1256 et
1611 1225 1719 1256 levitas
1735 1232 1766 1257 et
1782 1226 1910 1258 durities
1927 1234 1958 1262 et
1972 1228 2120 1259 mollities
2134 1239 2200 1259 non
2216 1228 2322 1260 insint.
2338 1228 2358 1248 θ
2368 1230 2431 1260 Sed

1434 1276 1541 1300 tamen
1570 1269 1694 1309 gravius
1718 1271 1895 1301 secundum
1918 1273 2131 1303 excedentium
2154 1273 2258 1314 inquit
2281 1283 2347 1304 esse
2369 1274 2431 1305 De-

1433 1313 1586 1344 mocritus
1602 1315 1859 1356 unumquodque
1886 1315 2136 1356 indivisibilium,
2153 1324 2347 1358 quapropter
2365 1328 2431 1348 ma-

1427 1357 1584 1389 nifestum
1608 1358 1751 1399 quod-et
1766 1359 1907 1390 calidius.
1932 1360 2023 1391 Talia
2045 1367 2152 1392 autern
2176 1361 2260 1392 entia
2283 1371 2349 1392 non
2366 1362 2431 1402 pati

1434 1402 1611 1433 adinvicem
1633 1402 1840 1443 impossibile,
1856 1403 1942 1434 verbi
1961 1404 2060 1444 gratia
2078 1415 2096 1436 a
2111 1405 2251 1436 multum
2265 1406 2431 1437 excedente

1434 1446 1536 1477 calido
1559 1446 1668 1477 leviter
1690 1446 1836 1478 calidum.

1365 1540 1384 1560 *
1398 1541 1460 1572 Sed
1482 1547 1588 1572 tamen
1611 1542 1637 1572 si
1661 1541 1779 1572 durum
1802 1548 1858 1580 est,
1883 1549 1914 1573 et
1936 1542 2043 1574 molle.
2068 1543 2166 1575 Molle
2190 1551 2297 1576 autem
2319 1544 2352 1575 in
2375 1555 2430 1585 pa—

1434 1585 1542 1616 tiendo
1558 1585 1678 1628 aliquid
1699 1585 1827 1616 dicitur:
1847 1586 2046 1618 subactivum
2063 1587 2147 1618 enim
2163 1595 2195 1619 et
2208 1589 2316 1619 molle.
2340 1588 2358 1608 *
2369 1589 2430 1620 Sed

1433 1636 1540 1660 tamen
1564 1629 1788 1661 inconveniens
1809 1637 1840 1661 et
1860 1630 1886 1660 si
1909 1630 1987 1661 nihil
2005 1630 2080 1662 insit
2102 1632 2162 1662 nisi
2185 1633 2291 1663 solum
2310 1632 2428 1673 figura:

1435 1681 1466 1705 et
1479 1674 1505 1704 si
1520 1674 1604 1714 insit,
1621 1684 1724 1705 unum
1739 1681 1847 1705 autem
1863 1675 1987 1713 solum;
2011 1675 2096 1706 verbi
2111 1676 2208 1717 gratia
2223 1677 2285 1708 hoc
2300 1677 2430 1719 quidem

1435 1717 1596 1759 frigidum,
1611 1718 1674 1749 hoc
1697 1725 1804 1749 autem
1828 1719 1982 1758 calidum;
2005 1729 2110 1761 neque
2131 1721 2216 1751 enim
2239 1730 2303 1752 una
2326 1721 2431 1762 aliqua

1435 1769 1516 1794 esset
1531 1769 1642 1793 natura
1657 1772 1780 1793 eorum.
1797 1762 1945 1794 Similiter
1959 1770 2067 1795 autem
2080 1764 2276 1805 impossibile
2291 1765 2316 1796 si
2331 1766 2432 1797 multa

1434 1807 1508 1838 uni:
1533 1806 1720 1838 indivisibile
1736 1807 1822 1837 enim
1845 1817 1900 1838 ens
1915 1807 1947 1838 in
1971 1807 2085 1838 eodem
2104 1809 2230 1840 habebit
2253 1809 2431 1850 passiones;

1435 1857 1629 1892 quapropter
1652 1857 1683 1882 et
1705 1851 1731 1881 si
1754 1851 1890 1892 patiatur
1913 1851 1937 1882 si
1962 1851 2093 1893 quidem
2112 1852 2318 1894 infrigidatur,
2335 1853 2379 1884 sic
2402 1861 2432 1885 et

1435 1895 1555 1936 aliquid
1578 1895 1664 1926 aliud
1695 1894 1787 1926 faciet
1809 1902 1864 1926 aut
1886 1895 2031 1936 patietur.
2055 1897 2179 1928 Eodem
2202 1905 2310 1929 autem
2333 1898 2432 1929 modo

1435 1946 1466 1970 et
1488 1940 1527 1970 de
1550 1939 1751 1980 passionibus
1774 1939 1851 1970 aliis.

1367 1983 1386 2002 ⁴*
1402 1984 1475 2014 Hoc
1498 1983 1584 2014 enim
1612 1990 1643 2015 et
1665 1983 1766 2014 solida
1789 1990 1820 2015 et
1843 1983 2007 2024 planitiem
2034 1985 2210 2016 dicentibus
2232 1986 2433 2017 indivisibilia
2458 1994 2469 2005 ⁴

1435 2027 1589 2068 contingit
1604 2028 1719 2059 eodem
1734 2028 1851 2059 modo:
1877 2037 1980 2069 neque
2004 2028 2089 2060 enim
2105 2029 2222 2060 rariora
2237 2040 2340 2072 neque
2359 2030 2433 2061 den-

1436 2072 1518 2103 siora
1541 2079 1589 2103 est
1610 2072 1760 2113 possibile
1783 2072 1923 2113 generari
1945 2082 2047 2104 vacuo
2071 2083 2137 2104 non
2161 2074 2309 2106 existente
2332 2074 2365 2105 in
2387 2075 2434 2106 in-

1433 2116 1653 2148 divisibilibus.

1367 2161 1544 2202 *Amplius
1560 2167 1667 2192 autem
1686 2160 1912 2192 inconveniens
1928 2168 1959 2192 et
1974 2164 2069 2202 pa'rva
2088 2162 2219 2203 quidem
2234 2162 2433 2193 indivisibilia
2461 2171 2470 2179 ·

1430 2215 1508 2243 esse,
1523 2214 1638 2245 magna
1659 2211 1767 2236 autem
1790 2213 1873 2236 non:
1898 2214 1984 2236 nunc
2005 2205 2136 2247 quidem
2161 2206 2246 2237 enim
2265 2207 2366 2248 magis
2387 2217 2434 2238 ra-

1434 2248 1626 2280 tionabiliter
1657 2248 1777 2279 maiora
1811 2249 2053 2290 confringuntur
2083 2260 2182 2292 quam
2215 2259 2326 2292 parva:
2358 2251 2434 2282 haec

1433 2293 1566 2335 quidem
1585 2293 1672 2323 enim
1695 2292 1910 2324 dissolvuntur
1934 2294 2074 2334 facilius,
2097 2295 2183 2326 verbi
2201 2295 2298 2336 gratia
2320 2305 2435 2336 magna

1435 2337 1567 2378 quidem
1581 2337 1759 2378 procedunt
1774 2347 1810 2368 ex
1825 2338 1945 2376 multis,
1967 2338 2156 2370 indivisibile
2179 2345 2286 2370 autem
2311 2339 2433 2370 univer-

1435 2381 1539 2412 saliter
1561 2391 1658 2423 quare
1678 2381 1780 2421 magis
1804 2392 1902 2423 quam
1925 2382 2047 2423 magnis
2070 2383 2207 2414 inexistit
2226 2381 2345 2424 parvis?

1368 2426 1385 2446 *
1400 2419 1550 2467 Amplius
1568 2432 1676 2457 autem
1698 2433 1807 2456 utrum
1831 2436 1895 2456 una
1917 2427 2066 2457 omnium
2088 2433 2199 2458 natura
2214 2427 2344 2459 illorum
2360 2428 2434 2458 soli·
2461 2433 2470 2443 ·

1437 2471 1564 2509 dorum,
1581 2476 1637 2501 aut
1652 2469 1799 2501 differunt
1818 2470 1913 2501 altera
1928 2471 1966 2501 ab
1982 2470 2096 2510 alteris,
2113 2472 2388 2512 quemadmodum
2407 2472 2433 2503 si

1436 2514 1514 2545 haec
1529 2514 1615 2545 mole
1629 2520 1734 2545 essent
1745 2511 1848 2554 ignea,
1864 2514 1942 2546 haec
1958 2521 2066 2546 autem
2081 2514 2197 2546 terrea?
2220 2516 2253 2547 Si
2269 2516 2355 2546 enim
2370 2526 2435 2547 una

1435 2565 1547 2591 natura
1570 2565 1616 2589 est
1640 2557 1798 2597 omnium,
1822 2559 1900 2600 quid
1923 2557 2082 2590 dividens?
2106 2567 2160 2591 aut
2182 2570 2279 2601 quare
2303 2570 2378 2591 cum
2400 2568 2434 2591 se

1436 2609 1571 2643 tangunt
1584 2612 1651 2633 non
1665 2601 1747 2634 fiunt
1766 2613 1880 2643 unum,
1904 2604 2179 2645 quemadmodum
2194 2614 2286 2646 aqua,
2303 2604 2433 2646 quando

1437 2657 1554 2689 aquam
1569 2644 1686 2687 tangit?
1704 2646 1790 2677 Nihil
1806 2647 1892 2678 enim
1907 2647 2008 2678 differt
2023 2648 2180 2689 posterior
2194 2659 2277 2690 aqua
2293 2659 2310 2679 a
2325 2648 2432 2689 priori.

1437 2692 1470 2723 Si
1486 2698 1592 2723 autem
1608 2691 1678 2730 alia,
1693 2691 1799 2732 qualia
1812 2689 1907 2722 haec?
1926 2698 1956 2722 et
1971 2692 2175 2724 manifestum
2191 2699 2237 2724 est
2252 2693 2341 2734 quod
2356 2693 2433 2723 haec

1437 2736 1586 2777 ponenda
1609 2741 1683 2766 sunt
1705 2735 1859 2776 principia
1881 2742 1913 2766 et
1935 2746 2046 2767 causae
2066 2737 2318 2777 contingentium
2333 2737 2433 2777 magis

1436 2790 1535 2821 quam
1562 2779 1692 2820 figurae.
1714 2779 1733 2799 *
1747 2780 1896 2820 Amplius
1928 2787 2035 2811 autem
2065 2781 2236 2812 differentia
2266 2781 2298 2811 in
2322 2788 2434 2812 natura
2458 2790 2469 2800 ⁸

1434 2824 1546 2865 utique
1569 2830 1601 2855 et
1615 2823 1730 2855 facient
1753 2830 1784 2855 et
1806 2824 1964 2864 patientur
1979 2825 2230 2865 approximantia
2245 2825 2430 2855 adinvicem.

1368 2868 1535 2909 *Amplius
1558 2868 1637 2910 quid
1659 2875 1706 2899 est
1728 2869 1818 2909 quod
1840 2867 1968 2899 movet?
1991 2869 2023 2900 Si
2046 2869 2132 2899 enim
2155 2869 2251 2908 aliud,
2269 2869 2431 2909 passivum
2458 2878 2469 2888 ⁸

1435 2919 1500 2944 est:
1525 2911 1551 2943 si
1567 2918 1674 2943 autem
1687 2912 1804 2953 'ipsum
1826 2912 1967 2953 seipsum
1990 2914 2257 2954 unumquodque,
2281 2919 2336 2943 aut
2354 2913 2432 2943 divi-

1435 2956 1524 2987 sibile
1547 2956 1615 2995 erit,
1635 2957 1811 2987 secundum
1834 2956 1920 2987 aliud
1936 2957 2066 2998 quidem
2089 2966 2232 2996 movens,
2255 2957 2431 2988 secundum

1435 3001 1522 3033 aliud
1538 3007 1644 3032 autem
1661 3007 1798 3039 motum,
1822 3006 1876 3031 aut
1893 3002 2068 3032 secundum
2091 3001 2175 3032 idem
2199 3001 2352 3032 contraria
2367 3001 2432 3032 ine-

1435 3051 1525 3084 runt,
1544 3044 1604 3076 *et
1626 3055 1693 3075 non
1716 3045 1823 3075 solum
1846 3045 1975 3076 materia
1998 3045 2055 3076 erit
2077 3055 2140 3076 una
2161 3053 2307 3084 nurnero,
2324 3045 2379 3075 sed
2403 3053 2432 3076 et

1435 3096 1586 3129 potenna.

1368 3133 1386 3153 '¹‘
1394 3133 1598 3173 Quicumque
1611 3132 1741 3173 quidem
1755 3132 1850 3172 igitur
1860 3143 1916 3172 per
1925 3143 2079 3173 pororum
2093 3133 2271 3164 motionem
2283 3133 2432 3174 inquiunt
2458 3141 2468 3151 “

1436 3177 1599 3217 passiones
1624 3176 1820 3216 contingere,
1837 3176 1863 3206 si
1877 3177 2007 3217 quidem
2031 3183 2062 3207 et
2084 3177 2185 3217 plenis
2209 3177 2307 3218 poris,
2325 3187 2431 3218 super-

1401 3239 1404 3240 ν
1436 3221 1541 3252 fluunt
1557 3220 1637 3260 pori.
1653 3220 1686 3251 Si
1710 3220 1796 3250 enim
1817 3220 1860 3261 ita
1879 3221 1995 3260 patitur
2013 3221 2144 3261 aliquid,
2154 3231 2268 3259 omne,
2287 3221 2344 3252 etsi
2365 3231 2431 3251 non

1436 3275 1533 3305 poros
1554 3264 1744 3295 habens-sed
1761 3264 1868 3305 ipsum
1884 3265 2073 3296 continuum
2086 3274 2152 3304 ens,
2169 3265 2431 3305 patietureodem

1409 3319 1411 3321 ’
1436 3309 1546 3340 modo.
1857 3347 1859 3349 Ι

1368 3351 1384 3368 *
1394 3353 1542 3393 Amplius
1558 3358 1664 3384 autem
1677 3353 1845 3394 quomodo
1861 3352 2014 3393 confingit
2026 3353 2064 3384 de
2079 3353 2232 3394 inspicere
2246 3353 2385 3385 accidere
2398 3361 2433 3385 ut

1436 3394 1562 3427 dicunt?
1584 3397 1697 3437 Neque
1716 3396 1802 3428 enim
1823 3397 2001 3429 secundum
2015 3403 2116 3429 tactus
2135 3397 2290 3438 contingit
2304 3398 2433 3429 transire

1436 3451 1492 3480 per
1514 3440 1750 3481 transparenfia,
1770 3451 1874 3481 neque
1897 3451 1952 3481 per
1974 3450 2083 3481 poros,
2100 3441 2125 3471 si
2140 3441 2258 3482 ‘plenus
2274 3449 2320 3473 est
2335 3453 2433 3473 unus—

1437 3484 1590 3526 quisque:
1615 3484 1692 3526 quid
1716 3484 1802 3520 enim
1820 3484 1921 3515 differt
1935 3495 1953 3515 a
1968 3495 2034 3516 non
2050 3495 2147 3526 poros
2170 3484 2304 3516 habere?
2328 3486 2433 3526 Omne

1438 3528 1524 3562 enim
1547 3529 1590 3559 sic
1614 3529 1671 3559 erit
1693 3529 1836 3570 plenum.
2182 3557 2186 3559 ,

1371 3572 1432 3604 Sed
1457 3579 1487 3603 et
1509 3573 1535 3603 si
1558 3583 1657 3604 vacua
1680 3573 1811 3613 quidem
1837 3573 1934 3612 haec,
1959 3584 2084 3604 necesse
2114 3580 2222 3608 autem
2246 3584 2379 3614 corpora
2401 3574 2434 3604 in

1437 3617 1546 3657 seipsis
1569 3617 1698 3655 habere,
1723 3618 1807 3648 idern
1832 3618 1991 3658 continget
2015 3628 2151 3648 rursum.
2176 3618 2208 3649 Si
2232 3625 2338 3649 autem
2362 3618 2435 3649 talia

2374 273 2435 298 XIII

2460 839 2533 887 ζῐξξρ.
2541 846 2606 893 62³1).
2621 847 2672 862 vm.

2458 1062 2466 1070 '¹
2482 1061 2549 1083 Text.
2567 1062 2603 1090 65.

2459 1236 2467 1245 ·
2483 1234 2551 1256 Text.
2567 1235 2605 1256 66.

2455 1552 2466 1563 ⁴
2480 1551 2548 1573 Text.
2563 1551 2600 1580 67.

2455 1598 2466 1608 ⁸
2480 1597 2548 1619 Text.
2565 1597 2602 1620 68.

2483 1994 2550 2016 Text.
2565 1994 2603 2022 69.

2485 2169 2554 2191 Text.
2568 2175 2605 2196 7⁰·

2485 2432 2552 2454 Text.
2569 2438 2599 2460 7¹·

2484 2789 2552 2811 Text.
2567 2795 2601 2817 7²·

2483 2877 2550 2899 Text.
2567 2884 2601 2906 73.

2458 3050 2468 3060 ⁴¹
2483 3049 2551 3071 Text.
2567 3056 2604 3077 74.

2483 3140 2550 3162 Text.
2566 3146 2599 3168 75.

2459 3359 2470 3369 ⁴
2485 3358 2551 3380 Text.
2567 3358 2604 3386 76.
