<?xml version="1.0" encoding="UTF-8"?>
<!DOCTYPE html PUBLIC "-//W3C//DTD XHTML 1.0 Transitional//EN"
    "http://www.w3.org/TR/xhtml1/DTD/xhtml1-transitional.dtd">
<html xmlns="http://www.w3.org/1999/xhtml" xml:lang="en" lang="en">
 <head>
  <title>
</title>
<meta http-equiv="Content-Type" content="text/html;charset=utf-8" />
  <meta name='ocr-system' content='tesseract 3.04.00' />
  <meta name='ocr-capabilities' content='ocr_page ocr_carea ocr_par ocr_line ocrx_word'/>
</head>
<body>
  <div class='ocr_page' id='page_1' title='image "./operaomniaiussui03thom/operaomniaiussui03thom_0640.png"; bbox 0 0 2690 4062; ppageno 0'>
   <div class='ocr_carea' id='block_1_1' title="bbox 286 291 353 316">
    <p class='ocr_par' dir='ltr' id='par_1_1' title="bbox 286 291 353 316">
     <span class='ocr_line' id='line_1_1' title="bbox 286 291 353 316; baseline 0 0"><span class='ocrx_word' id='word_1_1' title='bbox 286 291 353 316; x_wconf 89' lang='lat' dir='ltr'>CXL</span> 
     </span>
    </p>
   </div>
   <div class='ocr_carea' id='block_1_2' title="bbox 982 267 1778 310">
    <p class='ocr_par' dir='ltr' id='par_1_2' title="bbox 982 267 1778 310">
     <span class='ocr_line' id='line_1_2' title="bbox 982 267 1778 310; baseline -0.01 0"><span class='ocrx_word' id='word_1_2' title='bbox 982 268 1570 310; x_wconf 88' lang='lat' dir='ltr'>METEOROLOGICORUM</span> <span class='ocrx_word' id='word_1_3' title='bbox 1600 267 1694 303; x_wconf 86' lang='lat' dir='ltr'>LIB.</span> <span class='ocrx_word' id='word_1_4' title='bbox 1726 267 1778 303; x_wconf 93' lang='lat' dir='ltr'>IV</span> 
     </span>
    </p>
   </div>
   <div class='ocr_carea' id='block_1_3' title="bbox 883 492 1880 587">
    <p class='ocr_par' dir='ltr' id='par_1_3' title="bbox 883 492 1880 587">
     <span class='ocr_line' id='line_1_3' title="bbox 883 492 1880 587; baseline -0.007 -29"><span class='ocrx_word' id='word_1_5' title='bbox 883 500 1182 587; x_wconf 83' lang='lat' dir='ltr'>LEcT10</span> <span class='ocrx_word' id='word_1_6' title='bbox 1220 492 1880 572; x_wconf 84' lang='lat' dir='ltr'><strong>DECIMAQUARTA</strong></span> 
     </span>
    </p>
   </div>
   <div class='ocr_carea' id='block_1_4' title="bbox 659 648 2100 694">
    <p class='ocr_par' dir='ltr' id='par_1_4' title="bbox 659 648 2100 694">
     <span class='ocr_line' id='line_1_4' title="bbox 659 648 2100 694; baseline -0.005 -6"><span class='ocrx_word' id='word_1_7' title='bbox 659 658 717 689; x_wconf 91' lang='lat' dir='ltr'>DE</span> <span class='ocrx_word' id='word_1_8' title='bbox 741 653 1062 694; x_wconf 83' lang='lat' dir='ltr'>QUALITATIBUS</span> <span class='ocrx_word' id='word_1_9' title='bbox 1086 651 1268 683; x_wconf 88' lang='lat' dir='ltr'>PASSIVIS</span> <span class='ocrx_word' id='word_1_10' title='bbox 1291 651 1375 681; x_wconf 90' lang='lat' dir='ltr'>PER</span> <span class='ocrx_word' id='word_1_11' title='bbox 1399 648 1783 681; x_wconf 86' lang='lat' dir='ltr'>COMPARATIONEM</span> <span class='ocrx_word' id='word_1_12' title='bbox 1806 649 1865 681; x_wconf 84' lang='lat' dir='ltr'>AD</span> <span class='ocrx_word' id='word_1_13' title='bbox 1891 649 2100 681; x_wconf 80' lang='lat' dir='ltr'>CORPORA</span> 
     </span>
    </p>
   </div>
   <div class='ocr_carea' id='block_1_5' title="bbox 285 776 1346 1771">
    <p class='ocr_par' dir='ltr' id='par_1_5' title="bbox 285 776 1346 1771">
     <span class='ocr_line' id='line_1_5' title="bbox 285 776 1345 832; baseline -0.015 -4"><span class='ocrx_word' id='word_1_14' title='bbox 285 795 424 832; x_wconf 81' lang='grc' dir='ltr'>Τούτοις</span> <span class='ocrx_word' id='word_1_15' title='bbox 448 790 484 824; x_wconf 78' lang='grc' dir='ltr'><em>δέ</em></span> <span class='ocrx_word' id='word_1_16' title='bbox 509 794 579 827; x_wconf 89' lang='grc' dir='ltr'>τοῖς</span> <span class='ocrx_word' id='word_1_17' title='bbox 605 787 785 831; x_wconf 78' lang='grc' dir='ltr'>παθήμασι</span> <span class='ocrx_word' id='word_1_18' title='bbox 808 787 865 817; x_wconf 86' lang='grc' dir='ltr'>καὶ</span> <span class='ocrx_word' id='word_1_19' title='bbox 891 783 1041 822; x_wconf 79' lang='grc' dir='ltr'>ταύταις</span> <span class='ocrx_word' id='word_1_20' title='bbox 1065 787 1144 820; x_wconf 86' lang='grc' dir='ltr'>ταῖς</span> <span class='ocrx_word' id='word_1_21' title='bbox 1167 776 1345 826; x_wconf 78' lang='grc' dir='ltr'>διαφοραῖς</span> 
     </span>
     <span class='ocr_line' id='line_1_6' title="bbox 351 822 1342 878; baseline -0.015 -7"><span class='ocrx_word' id='word_1_22' title='bbox 351 841 397 872; x_wconf 75' lang='grc' dir='ltr'>τοὶ</span> <span class='ocrx_word' id='word_1_23' title='bbox 423 838 438 869; x_wconf 84' lang='grc' dir='ltr'>ὀ</span> <span class='ocrx_word' id='word_1_24' title='bbox 468 834 602 878; x_wconf 81' lang='grc' dir='ltr'>οιομερῆ</span> <span class='ocrx_word' id='word_1_25' title='bbox 627 834 694 865; x_wconf 83' lang='grc' dir='ltr'>τῶν</span> <span class='ocrx_word' id='word_1_26' title='bbox 720 830 901 875; x_wconf 75' lang='grc' dir='ltr'>σωμάτων,</span> <span class='ocrx_word' id='word_1_27' title='bbox 920 827 1031 873; x_wconf 71' lang='grc' dir='ltr'>ὥσπερ</span> <span class='ocrx_word' id='word_1_28' title='bbox 1057 829 1203 872; x_wconf 80' lang='grc' dir='ltr'>εἴρηται,</span> <span class='ocrx_word' id='word_1_29' title='bbox 1221 822 1342 869; x_wconf 79' lang='grc' dir='ltr'>διαφέ-</span> 
     </span>
     <span class='ocr_line' id='line_1_7' title="bbox 350 871 1343 929; baseline -0.015 -14"><span class='ocrx_word' id='word_1_30' title='bbox 350 895 396 929; x_wconf 90' lang='grc' dir='ltr'>ρει</span> <span class='ocrx_word' id='word_1_31' title='bbox 430 879 583 916; x_wconf 75' lang='grc' dir='ltr'>αλλήλων</span> <span class='ocrx_word' id='word_1_32' title='bbox 612 877 708 909; x_wconf 68' lang='grc' dir='ltr'>κατα</span> <span class='ocrx_word' id='word_1_33' title='bbox 739 877 802 913; x_wconf 72' lang='grc' dir='ltr'>τήν</span> <span class='ocrx_word' id='word_1_34' title='bbox 837 875 945 918; x_wconf 74' lang='grc' dir='ltr'>ἁφήν,</span> <span class='ocrx_word' id='word_1_35' title='bbox 971 875 1029 904; x_wconf 85' lang='grc' dir='ltr'>καὶ</span> <span class='ocrx_word' id='word_1_36' title='bbox 1056 872 1109 906; x_wconf 82' lang='grc' dir='ltr'>ἔτι</span> <span class='ocrx_word' id='word_1_37' title='bbox 1133 872 1253 916; x_wconf 82' lang='grc' dir='ltr'>ὀσμαῖς</span> <span class='ocrx_word' id='word_1_38' title='bbox 1284 871 1343 902; x_wconf 80' lang='grc' dir='ltr'>καὶ</span> 
     </span>
     <span class='ocr_line' id='line_1_8' title="bbox 349 913 1346 973; baseline -0.013 -14"><span class='ocrx_word' id='word_1_39' title='bbox 349 930 466 973; x_wconf 81' lang='grc' dir='ltr'>χυμοῖς</span> <span class='ocrx_word' id='word_1_40' title='bbox 489 926 545 956; x_wconf 75' lang='grc' dir='ltr'>καὶ</span> <span class='ocrx_word' id='word_1_41' title='bbox 571 921 762 967; x_wconf 78' lang='grc' dir='ltr'>χρώμασιν·</span> <span class='ocrx_word' id='word_1_42' title='bbox 787 919 875 965; x_wconf 91' lang='grc' dir='ltr'>λέγω</span> <span class='ocrx_word' id='word_1_43' title='bbox 900 913 928 948; x_wconf 83' lang='grc' dir='ltr'>δ’</span> <span class='ocrx_word' id='word_1_44' title='bbox 950 917 1133 962; x_wconf 76' lang='grc' dir='ltr'>ὁμοιομερῆ</span> <span class='ocrx_word' id='word_1_45' title='bbox 1160 915 1207 948; x_wconf 82' lang='grc' dir='ltr'>τοί</span> <span class='ocrx_word' id='word_1_46' title='bbox 1231 927 1269 948; x_wconf 91' lang='grc' dir='ltr'>τε</span> <span class='ocrx_word' id='word_1_47' title='bbox 1287 926 1346 958; x_wconf 90' lang='grc' dir='ltr'>με-</span> 
     </span>
     <span class='ocr_line' id='line_1_9' title="bbox 350 961 1346 1012; baseline -0.012 -9"><span class='ocrx_word' id='word_1_48' title='bbox 350 968 596 1012; x_wconf 84' lang='grc' dir='ltr'>ταλλευόμενα,</span> <span class='ocrx_word' id='word_1_49' title='bbox 624 968 692 998; x_wconf 80' lang='grc' dir='ltr'>οἷον</span> <span class='ocrx_word' id='word_1_50' title='bbox 716 964 851 1010; x_wconf 73' lang='grc' dir='ltr'>χρυσόν,</span> <span class='ocrx_word' id='word_1_51' title='bbox 877 963 1020 1007; x_wconf 72' lang='grc' dir='ltr'>χαλκόν,</span> <span class='ocrx_word' id='word_1_52' title='bbox 1041 961 1194 1008; x_wconf 85' lang='grc' dir='ltr'>ἄργυρον,</span> <span class='ocrx_word' id='word_1_53' title='bbox 1220 961 1346 992; x_wconf 87' lang='grc' dir='ltr'>καττί-</span> 
     </span>
     <span class='ocr_line' id='line_1_10' title="bbox 349 1005 1343 1060; baseline -0.014 -12"><span class='ocrx_word' id='word_1_54' title='bbox 349 1026 463 1060; x_wconf 89' lang='grc' dir='ltr'>τερον,</span> <span class='ocrx_word' id='word_1_55' title='bbox 491 1008 644 1056; x_wconf 72' lang='grc' dir='ltr'>σίδηρον,</span> <span class='ocrx_word' id='word_1_56' title='bbox 669 1009 760 1042; x_wconf 86' lang='grc' dir='ltr'>λίθον</span> <span class='ocrx_word' id='word_1_57' title='bbox 787 1009 846 1040; x_wconf 82' lang='grc' dir='ltr'>καὶ</span> <span class='ocrx_word' id='word_1_58' title='bbox 871 1005 988 1040; x_wconf 73' lang='grc' dir='ltr'>τᾶλλα</span> <span class='ocrx_word' id='word_1_59' title='bbox 1014 1008 1061 1038; x_wconf 81' lang='grc' dir='ltr'>τοὶ</span> <span class='ocrx_word' id='word_1_60' title='bbox 1086 1005 1258 1046; x_wconf 88' lang='grc' dir='ltr'>τοιαῦτα,</span> <span class='ocrx_word' id='word_1_61' title='bbox 1284 1005 1343 1035; x_wconf 81' lang='grc' dir='ltr'>καὶ</span> 
     </span>
     <span class='ocr_line' id='line_1_11' title="bbox 348 1049 1343 1101; baseline -0.013 -9"><span class='ocrx_word' id='word_1_62' title='bbox 348 1058 411 1092; x_wconf 80' lang='grc' dir='ltr'>ὅσα</span> <span class='ocrx_word' id='word_1_63' title='bbox 438 1059 472 1090; x_wconf 78' lang='grc' dir='ltr'>ἐκ</span> <span class='ocrx_word' id='word_1_64' title='bbox 498 1055 631 1089; x_wconf 86' lang='grc' dir='ltr'>τούτων</span> <span class='ocrx_word' id='word_1_65' title='bbox 656 1057 790 1101; x_wconf 85' lang='grc' dir='ltr'>γίνεται</span> <span class='ocrx_word' id='word_1_66' title='bbox 815 1051 1046 1095; x_wconf 83' lang='grc' dir='ltr'>ἑκκρινόμενα,</span> <span class='ocrx_word' id='word_1_67' title='bbox 1072 1051 1130 1082; x_wconf 83' lang='grc' dir='ltr'>καὶ</span> <span class='ocrx_word' id='word_1_68' title='bbox 1155 1050 1203 1082; x_wconf 76' lang='grc' dir='ltr'>τοὶ</span> <span class='ocrx_word' id='word_1_69' title='bbox 1219 1049 1252 1081; x_wconf 82' lang='grc' dir='ltr'>ἑν</span> <span class='ocrx_word' id='word_1_70' title='bbox 1271 1052 1343 1086; x_wconf 83' lang='grc' dir='ltr'>τοῖς</span> 
     </span>
     <span class='ocr_line' id='line_1_12' title="bbox 346 1092 1341 1147; baseline -0.01 -12"><span class='ocrx_word' id='word_1_71' title='bbox 346 1104 440 1147; x_wconf 76' lang='grc' dir='ltr'>ζῴοις</span> <span class='ocrx_word' id='word_1_72' title='bbox 464 1103 523 1133; x_wconf 82' lang='grc' dir='ltr'>καὶ</span> <span class='ocrx_word' id='word_1_73' title='bbox 547 1104 676 1143; x_wconf 81' lang='grc' dir='ltr'>φυτοῖς,</span> <span class='ocrx_word' id='word_1_74' title='bbox 705 1099 771 1131; x_wconf 80' lang='grc' dir='ltr'>οἷον</span> <span class='ocrx_word' id='word_1_75' title='bbox 796 1096 929 1142; x_wconf 75' lang='grc' dir='ltr'>σάρκες,</span> <span class='ocrx_word' id='word_1_76' title='bbox 950 1096 1053 1136; x_wconf 77' lang='grc' dir='ltr'>ὀστᾶ,</span> <span class='ocrx_word' id='word_1_77' title='bbox 1073 1096 1201 1139; x_wconf 89' lang='grc' dir='ltr'>νεῦρον,</span> <span class='ocrx_word' id='word_1_78' title='bbox 1219 1092 1341 1137; x_wconf 87' lang='grc' dir='ltr'>δέρμα,</span> 
     </span>
     <span class='ocr_line' id='line_1_13' title="bbox 346 1135 1344 1193; baseline -0.011 -12"><span class='ocrx_word' id='word_1_79' title='bbox 346 1147 566 1193; x_wconf 72' lang='grc' dir='ltr'>σπλάγχνον,</span> <span class='ocrx_word' id='word_1_80' title='bbox 594 1147 727 1190; x_wconf 81' lang='grc' dir='ltr'>τρίχες,</span> <span class='ocrx_word' id='word_1_81' title='bbox 753 1140 838 1183; x_wconf 75' lang='grc' dir='ltr'>ἶνες,</span> <span class='ocrx_word' id='word_1_82' title='bbox 866 1141 999 1186; x_wconf 80' lang='grc' dir='ltr'>φλέβες,</span> <span class='ocrx_word' id='word_1_83' title='bbox 1028 1138 1061 1181; x_wconf 76' lang='grc' dir='ltr'>ἐξ</span> <span class='ocrx_word' id='word_1_84' title='bbox 1086 1139 1129 1171; x_wconf 80' lang='grc' dir='ltr'>ὦν</span> <span class='ocrx_word' id='word_1_85' title='bbox 1154 1135 1220 1176; x_wconf 79' lang='grc' dir='ltr'>ἤδη</span> <span class='ocrx_word' id='word_1_86' title='bbox 1251 1137 1344 1170; x_wconf 87' lang='grc' dir='ltr'>συνέ-</span> 
     </span>
     <span class='ocr_line' id='line_1_14' title="bbox 346 1183 1342 1234; baseline -0.012 -8"><span class='ocrx_word' id='word_1_87' title='bbox 346 1204 449 1230; x_wconf 85' lang='grc' dir='ltr'>στηκε</span> <span class='ocrx_word' id='word_1_88' title='bbox 475 1192 523 1223; x_wconf 72' lang='grc' dir='ltr'>τοι</span> <span class='ocrx_word' id='word_1_89' title='bbox 548 1188 795 1234; x_wconf 79' lang='grc' dir='ltr'>ἀνομοιομερῆ,</span> <span class='ocrx_word' id='word_1_90' title='bbox 823 1188 891 1219; x_wconf 78' lang='grc' dir='ltr'>οἷον</span> <span class='ocrx_word' id='word_1_91' title='bbox 917 1185 1118 1228; x_wconf 81' lang='grc' dir='ltr'>πρόσωπον,</span> <span class='ocrx_word' id='word_1_92' title='bbox 1144 1186 1231 1229; x_wconf 82' lang='grc' dir='ltr'>χεὶρ,</span> <span class='ocrx_word' id='word_1_93' title='bbox 1259 1183 1342 1221; x_wconf 72' lang='grc' dir='ltr'>πούς</span> 
     </span>
     <span class='ocr_line' id='line_1_15' title="bbox 345 1227 1342 1274; baseline -0.012 -4"><span class='ocrx_word' id='word_1_94' title='bbox 345 1240 402 1270; x_wconf 88' lang='grc' dir='ltr'>καὶ</span> <span class='ocrx_word' id='word_1_95' title='bbox 421 1233 534 1270; x_wconf 78' lang='grc' dir='ltr'>τᾶλλα</span> <span class='ocrx_word' id='word_1_96' title='bbox 560 1234 608 1266; x_wconf 79' lang='grc' dir='ltr'>τοὶ</span> <span class='ocrx_word' id='word_1_97' title='bbox 632 1233 796 1273; x_wconf 86' lang='grc' dir='ltr'>τοιαῦτα,</span> <span class='ocrx_word' id='word_1_98' title='bbox 814 1232 874 1263; x_wconf 77' lang='grc' dir='ltr'>καὶ</span> <span class='ocrx_word' id='word_1_99' title='bbox 898 1229 931 1262; x_wconf 81' lang='grc' dir='ltr'>ἐν</span> <span class='ocrx_word' id='word_1_100' title='bbox 948 1234 1064 1274; x_wconf 80' lang='grc' dir='ltr'>φυτοῖς</span> <span class='ocrx_word' id='word_1_101' title='bbox 1081 1227 1195 1269; x_wconf 83' lang='grc' dir='ltr'>ξύλον,</span> <span class='ocrx_word' id='word_1_102' title='bbox 1215 1229 1342 1272; x_wconf 74' lang='grc' dir='ltr'>φλοιὸς,</span> 
     </span>
     <span class='ocr_line' id='line_1_16' title="bbox 345 1269 1343 1327; baseline -0.009 -14"><span class='ocrx_word' id='word_1_103' title='bbox 345 1281 481 1327; x_wconf 87' lang='grc' dir='ltr'>φύλλον,</span> <span class='ocrx_word' id='word_1_104' title='bbox 499 1279 588 1323; x_wconf 84' lang='grc' dir='ltr'>ῥίζα,</span> <span class='ocrx_word' id='word_1_105' title='bbox 607 1280 664 1310; x_wconf 81' lang='grc' dir='ltr'>καὶ</span> <span class='ocrx_word' id='word_1_106' title='bbox 684 1276 747 1309; x_wconf 81' lang='grc' dir='ltr'>ὅσα</span> <span class='ocrx_word' id='word_1_107' title='bbox 773 1276 937 1308; x_wconf 85' lang='grc' dir='ltr'>τοιαῦτα.</span> <span class='ocrx_word' id='word_1_108' title='bbox 964 1275 1062 1306; x_wconf 81' lang='grc' dir='ltr'>Ἐπεὶ</span> <span class='ocrx_word' id='word_1_109' title='bbox 1082 1269 1120 1306; x_wconf 79' lang='grc' dir='ltr'>δὲ</span> <span class='ocrx_word' id='word_1_110' title='bbox 1139 1274 1258 1306; x_wconf 87' lang='grc' dir='ltr'>ταῦτα</span> <span class='ocrx_word' id='word_1_111' title='bbox 1283 1274 1343 1316; x_wconf 83' lang='grc' dir='ltr'>μὲν</span> 
     </span>
     <span class='ocr_line' id='line_1_17' title="bbox 346 1314 1343 1362; baseline -0.01 -2"><span class='ocrx_word' id='word_1_112' title='bbox 346 1327 399 1359; x_wconf 73' lang='grc' dir='ltr'>ὑπ’</span> <span class='ocrx_word' id='word_1_113' title='bbox 424 1326 526 1362; x_wconf 82' lang='grc' dir='ltr'>ἄλλης</span> <span class='ocrx_word' id='word_1_114' title='bbox 553 1324 666 1360; x_wconf 79' lang='grc' dir='ltr'>αἰτίας</span> <span class='ocrx_word' id='word_1_115' title='bbox 693 1320 909 1359; x_wconf 78' lang='grc' dir='ltr'>συνέστηκεν,</span> <span class='ocrx_word' id='word_1_116' title='bbox 927 1317 962 1359; x_wconf 81' lang='grc' dir='ltr'>ἐξ</span> <span class='ocrx_word' id='word_1_117' title='bbox 988 1318 1030 1350; x_wconf 83' lang='grc' dir='ltr'>ὠν</span> <span class='ocrx_word' id='word_1_118' title='bbox 1056 1314 1094 1351; x_wconf 76' lang='grc' dir='ltr'>δὲ</span> <span class='ocrx_word' id='word_1_119' title='bbox 1119 1319 1252 1359; x_wconf 86' lang='grc' dir='ltr'>ταῦτα,</span> <span class='ocrx_word' id='word_1_120' title='bbox 1281 1316 1343 1356; x_wconf 79' lang='grc' dir='ltr'>ὕλη</span> 
     </span>
     <span class='ocr_line' id='line_1_18' title="bbox 345 1359 1344 1418; baseline -0.008 -15"><span class='ocrx_word' id='word_1_121' title='bbox 345 1373 404 1416; x_wconf 75' lang='grc' dir='ltr'>μὲν</span> <span class='ocrx_word' id='word_1_122' title='bbox 433 1371 472 1402; x_wconf 73' lang='grc' dir='ltr'>τὸ</span> <span class='ocrx_word' id='word_1_123' title='bbox 498 1368 594 1413; x_wconf 73' lang='grc' dir='ltr'>ξηρόν</span> <span class='ocrx_word' id='word_1_124' title='bbox 618 1368 677 1399; x_wconf 82' lang='grc' dir='ltr'>καὶ</span> <span class='ocrx_word' id='word_1_125' title='bbox 703 1367 818 1413; x_wconf 76' lang='grc' dir='ltr'>ύγρόν,</span> <span class='ocrx_word' id='word_1_126' title='bbox 835 1363 912 1397; x_wconf 77' lang='grc' dir='ltr'>ὥσθ’</span> <span class='ocrx_word' id='word_1_127' title='bbox 935 1359 1020 1407; x_wconf 77' lang='grc' dir='ltr'>ὕδωρ</span> <span class='ocrx_word' id='word_1_128' title='bbox 1045 1366 1104 1396; x_wconf 87' lang='grc' dir='ltr'>καὶ</span> <span class='ocrx_word' id='word_1_129' title='bbox 1129 1363 1174 1418; x_wconf 82' lang='grc' dir='ltr'><strong>γῆ</strong></span> <span class='ocrx_word' id='word_1_130' title='bbox 1202 1363 1344 1406; x_wconf 88' lang='grc' dir='ltr'>(ταῦτα</span> 
     </span>
     <span class='ocr_line' id='line_1_19' title="bbox 344 1403 1344 1463; baseline -0.008 -15"><span class='ocrx_word' id='word_1_131' title='bbox 344 1417 408 1463; x_wconf 74' lang='grc' dir='ltr'>γαρ</span> <span class='ocrx_word' id='word_1_132' title='bbox 435 1411 717 1457; x_wconf 79' lang='grc' dir='ltr'>προφανεστοίτην</span> <span class='ocrx_word' id='word_1_133' title='bbox 737 1410 808 1456; x_wconf 78' lang='grc' dir='ltr'>ἔχει</span> <span class='ocrx_word' id='word_1_134' title='bbox 829 1411 894 1447; x_wconf 73' lang='grc' dir='ltr'>τήν</span> <span class='ocrx_word' id='word_1_135' title='bbox 911 1403 1055 1452; x_wconf 78' lang='grc' dir='ltr'>δύναμιν</span> <span class='ocrx_word' id='word_1_136' title='bbox 1077 1409 1239 1453; x_wconf 80' lang='grc' dir='ltr'>ἐκατερον</span> <span class='ocrx_word' id='word_1_137' title='bbox 1266 1408 1344 1440; x_wconf 87' lang='grc' dir='ltr'>ἑκα-</span> 
     </span>
     <span class='ocr_line' id='line_1_20' title="bbox 343 1451 1343 1503; baseline -0.009 -10"><span class='ocrx_word' id='word_1_138' title='bbox 343 1460 481 1503; x_wconf 88' lang='grc' dir='ltr'>τέρου),</span> <span class='ocrx_word' id='word_1_139' title='bbox 509 1457 557 1489; x_wconf 84' lang='grc' dir='ltr'>τοὶ</span> <span class='ocrx_word' id='word_1_140' title='bbox 579 1453 617 1490; x_wconf 77' lang='grc' dir='ltr'>δὲ</span> <span class='ocrx_word' id='word_1_141' title='bbox 642 1457 810 1489; x_wconf 84' lang='grc' dir='ltr'>ποιοῦντα</span> <span class='ocrx_word' id='word_1_142' title='bbox 838 1455 878 1487; x_wconf 71' lang='grc' dir='ltr'>τὸ</span> <span class='ocrx_word' id='word_1_143' title='bbox 903 1452 1022 1498; x_wconf 74' lang='grc' dir='ltr'>θερμόν</span> <span class='ocrx_word' id='word_1_144' title='bbox 1053 1455 1111 1486; x_wconf 70' lang='grc' dir='ltr'>καὶ</span> <span class='ocrx_word' id='word_1_145' title='bbox 1145 1454 1187 1485; x_wconf 73' lang='grc' dir='ltr'>τό</span> <span class='ocrx_word' id='word_1_146' title='bbox 1219 1451 1343 1498; x_wconf 74' lang='grc' dir='ltr'>ψυχρὸν</span> 
     </span>
     <span class='ocr_line' id='line_1_21' title="bbox 346 1496 1342 1550; baseline -0.01 -13"><span class='ocrx_word' id='word_1_147' title='bbox 346 1505 485 1550; x_wconf 82' lang='grc' dir='ltr'>(ταῦτα</span> <span class='ocrx_word' id='word_1_148' title='bbox 513 1503 578 1548; x_wconf 78' lang='grc' dir='ltr'>γοὶρ</span> <span class='ocrx_word' id='word_1_149' title='bbox 611 1503 784 1538; x_wconf 82' lang='grc' dir='ltr'>συνίστησι</span> <span class='ocrx_word' id='word_1_150' title='bbox 815 1501 874 1532; x_wconf 78' lang='grc' dir='ltr'>καὶ</span> <span class='ocrx_word' id='word_1_151' title='bbox 906 1498 1070 1544; x_wconf 76' lang='grc' dir='ltr'>πήγνυσιν</span> <span class='ocrx_word' id='word_1_152' title='bbox 1103 1496 1139 1538; x_wconf 83' lang='grc' dir='ltr'>ἐξ</span> <span class='ocrx_word' id='word_1_153' title='bbox 1164 1497 1342 1541; x_wconf 76' lang='grc' dir='ltr'>ἐκείνων),</span> 
     </span>
     <span class='ocr_line' id='line_1_22' title="bbox 342 1537 1344 1592; baseline -0.007 -12"><span class='ocrx_word' id='word_1_154' title='bbox 342 1549 499 1592; x_wconf 73' lang='grc' dir='ltr'>λάβωμεν</span> <span class='ocrx_word' id='word_1_155' title='bbox 530 1548 596 1578; x_wconf 81' lang='grc' dir='ltr'>τῶν</span> <span class='ocrx_word' id='word_1_156' title='bbox 621 1545 825 1590; x_wconf 83' lang='grc' dir='ltr'>ὁμοιομερῶν</span> <span class='ocrx_word' id='word_1_157' title='bbox 859 1548 943 1576; x_wconf 86' lang='grc' dir='ltr'>ποῖα</span> <span class='ocrx_word' id='word_1_158' title='bbox 966 1543 1030 1589; x_wconf 83' lang='grc' dir='ltr'>γῆς</span> <span class='ocrx_word' id='word_1_159' title='bbox 1055 1537 1148 1584; x_wconf 79' lang='grc' dir='ltr'>εἴδη,</span> <span class='ocrx_word' id='word_1_160' title='bbox 1174 1543 1232 1574; x_wconf 80' lang='grc' dir='ltr'>καὶ</span> <span class='ocrx_word' id='word_1_161' title='bbox 1259 1546 1344 1575; x_wconf 86' lang='grc' dir='ltr'>ποῖα</span> 
     </span>
     <span class='ocr_line' id='line_1_23' title="bbox 343 1583 1342 1634; baseline -0.009 -7"><span class='ocrx_word' id='word_1_162' title='bbox 343 1589 484 1634; x_wconf 78' lang='grc' dir='ltr'>ὕδατος,</span> <span class='ocrx_word' id='word_1_163' title='bbox 501 1594 559 1623; x_wconf 82' lang='grc' dir='ltr'>καὶ</span> <span class='ocrx_word' id='word_1_164' title='bbox 578 1595 662 1624; x_wconf 83' lang='grc' dir='ltr'>ποῖα</span> <span class='ocrx_word' id='word_1_165' title='bbox 678 1589 787 1622; x_wconf 72' lang='grc' dir='ltr'>κοινά.</span> <span class='ocrx_word' id='word_1_166' title='bbox 815 1588 915 1621; x_wconf 81' lang='grc' dir='ltr'>Ἔστι</span> <span class='ocrx_word' id='word_1_167' title='bbox 931 1583 976 1625; x_wconf 77' lang='grc' dir='ltr'>δή</span> <span class='ocrx_word' id='word_1_168' title='bbox 1001 1589 1068 1620; x_wconf 82' lang='grc' dir='ltr'>τῶν</span> <span class='ocrx_word' id='word_1_169' title='bbox 1085 1586 1256 1632; x_wconf 82' lang='grc' dir='ltr'>σωμοίτων</span> <span class='ocrx_word' id='word_1_170' title='bbox 1274 1587 1342 1619; x_wconf 82' lang='grc' dir='ltr'>τῶν</span> 
     </span>
     <span class='ocr_line' id='line_1_24' title="bbox 342 1627 1344 1682; baseline -0.007 -12"><span class='ocrx_word' id='word_1_171' title='bbox 342 1634 674 1682; x_wconf 64' lang='grc' dir='ltr'>δεδημιουργημένων</span> <span class='ocrx_word' id='word_1_172' title='bbox 700 1637 748 1669; x_wconf 79' lang='grc' dir='ltr'>τοὶ</span> <span class='ocrx_word' id='word_1_173' title='bbox 772 1635 829 1679; x_wconf 78' lang='grc' dir='ltr'>μὲν</span> <span class='ocrx_word' id='word_1_174' title='bbox 856 1633 956 1680; x_wconf 77' lang='grc' dir='ltr'>ὑγροὶ,</span> <span class='ocrx_word' id='word_1_175' title='bbox 982 1634 1030 1666; x_wconf 73' lang='grc' dir='ltr'>τοὶ</span> <span class='ocrx_word' id='word_1_176' title='bbox 1053 1627 1092 1665; x_wconf 78' lang='grc' dir='ltr'>δὲ</span> <span class='ocrx_word' id='word_1_177' title='bbox 1117 1631 1275 1677; x_wconf 83' lang='grc' dir='ltr'>μαλακοὶ,</span> <span class='ocrx_word' id='word_1_178' title='bbox 1296 1633 1344 1664; x_wconf 81' lang='grc' dir='ltr'>τοὶ</span> 
     </span>
     <span class='ocr_line' id='line_1_25' title="bbox 343 1675 1343 1726; baseline -0.006 -11"><span class='ocrx_word' id='word_1_179' title='bbox 343 1679 380 1716; x_wconf 75' lang='grc' dir='ltr'>δὲ</span> <span class='ocrx_word' id='word_1_180' title='bbox 404 1683 549 1726; x_wconf 75' lang='grc' dir='ltr'>σκληραί·</span> <span class='ocrx_word' id='word_1_181' title='bbox 577 1679 711 1714; x_wconf 85' lang='grc' dir='ltr'>τούτων</span> <span class='ocrx_word' id='word_1_182' title='bbox 736 1675 764 1711; x_wconf 82' lang='grc' dir='ltr'>δ’</span> <span class='ocrx_word' id='word_1_183' title='bbox 787 1677 851 1710; x_wconf 76' lang='grc' dir='ltr'>ὅσα</span> <span class='ocrx_word' id='word_1_184' title='bbox 876 1677 1020 1723; x_wconf 80' lang='grc' dir='ltr'>μαλακοὶ</span> <span class='ocrx_word' id='word_1_185' title='bbox 1039 1675 1060 1714; x_wconf 73' lang='grc' dir='ltr'>ἦ</span> <span class='ocrx_word' id='word_1_186' title='bbox 1085 1676 1216 1721; x_wconf 82' lang='grc' dir='ltr'>σκληροὶ</span> <span class='ocrx_word' id='word_1_187' title='bbox 1241 1675 1343 1718; x_wconf 76' lang='grc' dir='ltr'>πήξει</span> 
     </span>
     <span class='ocr_line' id='line_1_26' title="bbox 343 1723 808 1771; baseline -0.013 -10"><span class='ocrx_word' id='word_1_188' title='bbox 343 1729 448 1767; x_wconf 76' lang='grc' dir='ltr'>ἐστὶν,</span> <span class='ocrx_word' id='word_1_189' title='bbox 474 1728 607 1771; x_wconf 80' lang='grc' dir='ltr'>εἴρηται</span> <span class='ocrx_word' id='word_1_190' title='bbox 633 1723 808 1769; x_wconf 80' lang='grc' dir='ltr'>πρότερον.</span> 
     </span>
    </p>
   </div>
   <div class='ocr_carea' id='block_1_6' title="bbox 277 1761 1344 1820">
    <p class='ocr_par' dir='ltr' id='par_1_6' title="bbox 277 1761 1344 1820">
     <span class='ocr_line' id='line_1_27' title="bbox 277 1761 1344 1820; baseline -0.006 -14"><span class='ocrx_word' id='word_1_191' title='bbox 277 1775 346 1806; x_wconf 83' lang='grc' dir='ltr'>Τῶν</span> <span class='ocrx_word' id='word_1_192' title='bbox 371 1772 429 1817; x_wconf 84' lang='grc' dir='ltr'>μὲν</span> <span class='ocrx_word' id='word_1_193' title='bbox 455 1770 511 1804; x_wconf 86' lang='grc' dir='ltr'>οὖν</span> <span class='ocrx_word' id='word_1_194' title='bbox 537 1770 642 1816; x_wconf 77' lang='grc' dir='ltr'>ὑγρῶν</span> <span class='ocrx_word' id='word_1_195' title='bbox 668 1768 733 1801; x_wconf 80' lang='grc' dir='ltr'>ὅσα</span> <span class='ocrx_word' id='word_1_196' title='bbox 758 1767 817 1812; x_wconf 75' lang='grc' dir='ltr'>μὲν</span> <span class='ocrx_word' id='word_1_197' title='bbox 834 1766 1083 1820; x_wconf 52' lang='grc' dir='ltr'>ἔξατμίζεται,</span> <span class='ocrx_word' id='word_1_198' title='bbox 1107 1761 1251 1807; x_wconf 77' lang='grc' dir='ltr'>ὕδατος,</span> <span class='ocrx_word' id='word_1_199' title='bbox 1279 1765 1344 1800; x_wconf 79' lang='grc' dir='ltr'>ὅσα</span> 
     </span>
    </p>
   </div>
   <div class='ocr_carea' id='block_1_7' title="bbox 341 1807 1345 2173">
    <p class='ocr_par' dir='ltr' id='par_1_7' title="bbox 341 1807 1345 2173">
     <span class='ocr_line' id='line_1_28' title="bbox 342 1807 1342 1863; baseline -0.002 -17"><span class='ocrx_word' id='word_1_200' title='bbox 342 1813 379 1850; x_wconf 73' lang='grc' dir='ltr'>δὲ</span> <span class='ocrx_word' id='word_1_201' title='bbox 404 1816 464 1860; x_wconf 77' lang='grc' dir='ltr'>μή,</span> <span class='ocrx_word' id='word_1_202' title='bbox 491 1814 512 1852; x_wconf 75' lang='grc' dir='ltr'>ἦ</span> <span class='ocrx_word' id='word_1_203' title='bbox 535 1817 612 1863; x_wconf 75' lang='grc' dir='ltr'>γῆς,</span> <span class='ocrx_word' id='word_1_204' title='bbox 639 1812 660 1850; x_wconf 80' lang='grc' dir='ltr'>ἦ</span> <span class='ocrx_word' id='word_1_205' title='bbox 685 1813 783 1845; x_wconf 79' lang='grc' dir='ltr'>κοινοὶ</span> <span class='ocrx_word' id='word_1_206' title='bbox 805 1824 868 1858; x_wconf 83' lang='grc' dir='ltr'>γης</span> <span class='ocrx_word' id='word_1_207' title='bbox 892 1814 950 1844; x_wconf 79' lang='grc' dir='ltr'>καὶ</span> <span class='ocrx_word' id='word_1_208' title='bbox 976 1807 1119 1853; x_wconf 75' lang='grc' dir='ltr'>ὕδατος,</span> <span class='ocrx_word' id='word_1_209' title='bbox 1139 1812 1208 1844; x_wconf 72' lang='grc' dir='ltr'>οἷον</span> <span class='ocrx_word' id='word_1_210' title='bbox 1232 1810 1342 1856; x_wconf 85' lang='grc' dir='ltr'>γοίλα,</span> 
     </span>
     <span class='ocr_line' id='line_1_29' title="bbox 343 1851 1342 1908; baseline -0.003 -16"><span class='ocrx_word' id='word_1_211' title='bbox 343 1861 363 1899; x_wconf 77' lang='grc' dir='ltr'>ἦ</span> <span class='ocrx_word' id='word_1_212' title='bbox 388 1862 450 1908; x_wconf 75' lang='grc' dir='ltr'>γῆς</span> <span class='ocrx_word' id='word_1_213' title='bbox 473 1862 531 1892; x_wconf 86' lang='grc' dir='ltr'>καὶ</span> <span class='ocrx_word' id='word_1_214' title='bbox 558 1858 666 1904; x_wconf 82' lang='grc' dir='ltr'>ἀέρος,</span> <span class='ocrx_word' id='word_1_215' title='bbox 695 1859 763 1890; x_wconf 75' lang='grc' dir='ltr'>οἷον</span> <span class='ocrx_word' id='word_1_216' title='bbox 788 1856 910 1898; x_wconf 83' lang='grc' dir='ltr'>ξύλον,</span> <span class='ocrx_word' id='word_1_217' title='bbox 937 1855 958 1894; x_wconf 75' lang='grc' dir='ltr'><strong>ἦ</strong></span> <span class='ocrx_word' id='word_1_218' title='bbox 985 1851 1113 1894; x_wconf 79' lang='grc' dir='ltr'>ὕδατος</span> <span class='ocrx_word' id='word_1_219' title='bbox 1136 1859 1194 1889; x_wconf 78' lang='grc' dir='ltr'>καὶ</span> <span class='ocrx_word' id='word_1_220' title='bbox 1222 1855 1342 1902; x_wconf 82' lang='grc' dir='ltr'>ἀέρος,</span> 
     </span>
     <span class='ocr_line' id='line_1_30' title="bbox 344 1899 1342 1947; baseline -0.006 -8"><span class='ocrx_word' id='word_1_221' title='bbox 344 1907 410 1940; x_wconf 79' lang='grc' dir='ltr'>οἷον</span> <span class='ocrx_word' id='word_1_222' title='bbox 437 1906 562 1938; x_wconf 81' lang='grc' dir='ltr'>ἔλαιον.</span> <span class='ocrx_word' id='word_1_223' title='bbox 600 1905 665 1935; x_wconf 82' lang='grc' dir='ltr'>Καὶ</span> <span class='ocrx_word' id='word_1_224' title='bbox 691 1901 755 1935; x_wconf 77' lang='grc' dir='ltr'>ὅσα</span> <span class='ocrx_word' id='word_1_225' title='bbox 780 1904 839 1946; x_wconf 81' lang='grc' dir='ltr'>μὲν</span> <span class='ocrx_word' id='word_1_226' title='bbox 869 1901 936 1933; x_wconf 79' lang='grc' dir='ltr'>ύπό</span> <span class='ocrx_word' id='word_1_227' title='bbox 967 1899 1088 1946; x_wconf 84' lang='grc' dir='ltr'>θερμοῦ</span> <span class='ocrx_word' id='word_1_228' title='bbox 1123 1901 1342 1947; x_wconf 79' lang='grc' dir='ltr'>παχύνεται,</span> 
     </span>
     <span class='ocr_line' id='line_1_31' title="bbox 341 1947 1341 2005; baseline -0.005 -22"><span class='ocrx_word' id='word_1_229' title='bbox 341 1950 454 1983; x_wconf 81' lang='grc' dir='ltr'>κοινοί·</span> <span class='ocrx_word' id='word_1_230' title='bbox 483 1948 663 1994; x_wconf 78' lang='grc' dir='ltr'>ἀπορήσειε</span> <span class='ocrx_word' id='word_1_231' title='bbox 689 1947 717 1980; x_wconf 86' lang='grc' dir='ltr'>δ’</span> <span class='ocrx_word' id='word_1_232' title='bbox 748 1947 788 1980; x_wconf 77' lang='grc' dir='ltr'>ἄν</span> <span class='ocrx_word' id='word_1_233' title='bbox 813 1958 865 1985; x_wconf 92' lang='grc' dir='ltr'>τις</span> <span class='ocrx_word' id='word_1_234' title='bbox 898 1948 972 1991; x_wconf 86' lang='grc' dir='ltr'>περὶ</span> <span class='ocrx_word' id='word_1_235' title='bbox 1007 1948 1096 1979; x_wconf 75' lang='grc' dir='ltr'>οἴνου</span> <span class='ocrx_word' id='word_1_236' title='bbox 1123 1947 1189 1980; x_wconf 81' lang='grc' dir='ltr'>τῶν</span> <span class='ocrx_word' id='word_1_237' title='bbox 1216 1947 1341 2005; x_wconf 75' lang='grc' dir='ltr'>ὑγρῶν·</span> 
     </span>
     <span class='ocr_line' id='line_1_32' title="bbox 343 1986 1344 2044; baseline -0.004 -16"><span class='ocrx_word' id='word_1_238' title='bbox 343 1996 449 2029; x_wconf 83' lang='grc' dir='ltr'>τοῦτο</span> <span class='ocrx_word' id='word_1_239' title='bbox 466 1994 530 2041; x_wconf 81' lang='grc' dir='ltr'>γοὶρ</span> <span class='ocrx_word' id='word_1_240' title='bbox 549 1986 608 2026; x_wconf 69' lang='lat' dir='ltr'>iai</span> <span class='ocrx_word' id='word_1_241' title='bbox 626 1991 844 2038; x_wconf 83' lang='grc' dir='ltr'>ἑξατμισθείη</span> <span class='ocrx_word' id='word_1_242' title='bbox 869 1989 922 2032; x_wconf 81' lang='grc' dir='ltr'>ἂν,</span> <span class='ocrx_word' id='word_1_243' title='bbox 939 1993 999 2024; x_wconf 81' lang='grc' dir='ltr'>καὶ</span> <span class='ocrx_word' id='word_1_244' title='bbox 1017 1990 1217 2044; x_wconf 74' lang='grc' dir='ltr'>παχύνεται</span> <span class='ocrx_word' id='word_1_245' title='bbox 1232 2004 1344 2037; x_wconf 86' lang='grc' dir='ltr'>ωσπερ</span> 
     </span>
     <span class='ocr_line' id='line_1_33' title="bbox 345 2033 1343 2078; baseline -0.002 -7"><span class='ocrx_word' id='word_1_246' title='bbox 345 2042 360 2073; x_wconf 82' lang='grc' dir='ltr'>ὁ</span> <span class='ocrx_word' id='word_1_247' title='bbox 385 2039 470 2077; x_wconf 90' lang='grc' dir='ltr'>νέος.</span> <span class='ocrx_word' id='word_1_248' title='bbox 498 2041 611 2072; x_wconf 79' lang='grc' dir='ltr'>Αἴτιον</span> <span class='ocrx_word' id='word_1_249' title='bbox 636 2034 665 2070; x_wconf 82' lang='grc' dir='ltr'>δ’</span> <span class='ocrx_word' id='word_1_250' title='bbox 688 2037 743 2071; x_wconf 78' lang='grc' dir='ltr'>δ’τι</span> <span class='ocrx_word' id='word_1_251' title='bbox 769 2035 838 2069; x_wconf 79' lang='grc' dir='ltr'>οὗθ’</span> <span class='ocrx_word' id='word_1_252' title='bbox 860 2036 906 2068; x_wconf 81' lang='grc' dir='ltr'>ἑνὶ</span> <span class='ocrx_word' id='word_1_253' title='bbox 931 2033 1014 2068; x_wconf 75' lang='grc' dir='ltr'>εἴδει</span> <span class='ocrx_word' id='word_1_254' title='bbox 1036 2038 1074 2068; x_wconf 94' lang='grc' dir='ltr'>λε</span> <span class='ocrx_word' id='word_1_255' title='bbox 1102 2048 1181 2070; x_wconf 84' lang='grc' dir='ltr'>εται</span> <span class='ocrx_word' id='word_1_256' title='bbox 1207 2037 1224 2070; x_wconf 87' lang='grc' dir='ltr'><strong><em>ὁ</em></strong></span> <span class='ocrx_word' id='word_1_257' title='bbox 1241 2034 1343 2078; x_wconf 84' lang='grc' dir='ltr'>οἶνος,</span> 
     </span>
     <span class='ocr_line' id='line_1_34' title="bbox 341 2081 1345 2128; baseline -0.003 -11"><span class='ocrx_word' id='word_1_258' title='bbox 341 2086 400 2117; x_wconf 81' lang='grc' dir='ltr'>καὶ</span> <span class='ocrx_word' id='word_1_259' title='bbox 433 2083 486 2116; x_wconf 82' lang='grc' dir='ltr'>ὅτι</span> <span class='ocrx_word' id='word_1_260' title='bbox 514 2084 613 2121; x_wconf 83' lang='grc' dir='ltr'>ἄλλος</span> <span class='ocrx_word' id='word_1_261' title='bbox 646 2083 772 2120; x_wconf 81' lang='grc' dir='ltr'>ἄλλως·</span> <span class='ocrx_word' id='word_1_262' title='bbox 800 2083 816 2114; x_wconf 86' lang='grc' dir='ltr'>ό</span> <span class='ocrx_word' id='word_1_263' title='bbox 841 2081 907 2128; x_wconf 74' lang='grc' dir='ltr'>γαῖρ</span> <span class='ocrx_word' id='word_1_264' title='bbox 933 2082 1007 2120; x_wconf 83' lang='grc' dir='ltr'>νέος</span> <span class='ocrx_word' id='word_1_265' title='bbox 1033 2081 1082 2126; x_wconf 81' lang='grc' dir='ltr'>μᾶ</span> <span class='ocrx_word' id='word_1_266' title='bbox 1105 2082 1164 2114; x_wconf 89' lang='grc' dir='ltr'>λον</span> <span class='ocrx_word' id='word_1_267' title='bbox 1189 2083 1254 2128; x_wconf 77' lang='grc' dir='ltr'>γῆς</span> <span class='ocrx_word' id='word_1_268' title='bbox 1279 2081 1300 2119; x_wconf 74' lang='grc' dir='ltr'>ἦ</span> <span class='ocrx_word' id='word_1_269' title='bbox 1329 2083 1345 2114; x_wconf 85' lang='grc' dir='ltr'><strong>ὀ</strong></span> 
     </span>
     <span class='ocr_line' id='line_1_35' title="bbox 343 2125 1344 2173; baseline -0.004 -11"><span class='ocrx_word' id='word_1_270' title='bbox 343 2128 508 2167; x_wconf 86' lang='grc' dir='ltr'>παλαιός·</span> <span class='ocrx_word' id='word_1_271' title='bbox 535 2125 587 2161; x_wconf 73' lang='grc' dir='ltr'>διό</span> <span class='ocrx_word' id='word_1_272' title='bbox 610 2130 667 2160; x_wconf 77' lang='grc' dir='ltr'>καὶ</span> <span class='ocrx_word' id='word_1_273' title='bbox 694 2126 892 2173; x_wconf 81' lang='grc' dir='ltr'>παχύνεται</span> <span class='ocrx_word' id='word_1_274' title='bbox 908 2126 957 2167; x_wconf 79' lang='grc' dir='ltr'>τῷ</span> <span class='ocrx_word' id='word_1_275' title='bbox 975 2126 1082 2171; x_wconf 79' lang='grc' dir='ltr'>θερμῷ</span> <span class='ocrx_word' id='word_1_276' title='bbox 1104 2125 1261 2171; x_wconf 71' lang='grc' dir='ltr'>μάλιστα</span> <span class='ocrx_word' id='word_1_277' title='bbox 1285 2128 1344 2160; x_wconf 81' lang='grc' dir='ltr'>καὶ</span> 
     </span>
    </p>
   </div>
   <div class='ocr_carea' id='block_1_8' title="bbox 282 2170 1347 2220">
    <p class='ocr_par' dir='ltr' id='par_1_8' title="bbox 282 2170 1347 2220">
     <span class='ocr_line' id='line_1_36' title="bbox 282 2170 1347 2220; baseline -0.002 -13"><span class='ocrx_word' id='word_1_278' title='bbox 282 2196 287 2201; x_wconf 89' lang='lat'>·</span> <span class='ocrx_word' id='word_1_279' title='bbox 343 2176 517 2220; x_wconf 68' lang='grc' dir='ltr'>πήγνυται</span> <span class='ocrx_word' id='word_1_280' title='bbox 543 2172 650 2210; x_wconf 73' lang='grc' dir='ltr'>ἦττον</span> <span class='ocrx_word' id='word_1_281' title='bbox 677 2172 743 2205; x_wconf 62' lang='lat' dir='ltr'>omi</span> <span class='ocrx_word' id='word_1_282' title='bbox 761 2172 825 2205; x_wconf 79' lang='grc' dir='ltr'>τοῦ</span> <span class='ocrx_word' id='word_1_283' title='bbox 843 2171 988 2216; x_wconf 79' lang='grc' dir='ltr'>ψυχροῦ·</span> <span class='ocrx_word' id='word_1_284' title='bbox 1016 2171 1086 2216; x_wconf 83' lang='grc' dir='ltr'>ἔχει</span> <span class='ocrx_word' id='word_1_285' title='bbox 1108 2171 1173 2217; x_wconf 80' lang='grc' dir='ltr'>γοίρ</span> <span class='ocrx_word' id='word_1_286' title='bbox 1198 2175 1256 2205; x_wconf 76' lang='grc' dir='ltr'>καὶ</span> <span class='ocrx_word' id='word_1_287' title='bbox 1275 2170 1347 2215; x_wconf 81' lang='grc' dir='ltr'>θερ-</span> 
     </span>
    </p>
   </div>
   <div class='ocr_carea' id='block_1_9' title="bbox 338 2210 1347 2667">
    <p class='ocr_par' dir='ltr' id='par_1_9' title="bbox 338 2210 1347 2667">
     <span class='ocr_line' id='line_1_37' title="bbox 344 2210 1346 2264; baseline -0.001 -14"><span class='ocrx_word' id='word_1_288' title='bbox 344 2219 404 2264; x_wconf 78' lang='grc' dir='ltr'>μὸν</span> <span class='ocrx_word' id='word_1_289' title='bbox 429 2218 516 2251; x_wconf 76' lang='grc' dir='ltr'>πολι)</span> <span class='ocrx_word' id='word_1_290' title='bbox 539 2220 597 2250; x_wconf 78' lang='grc' dir='ltr'>καὶ</span> <span class='ocrx_word' id='word_1_291' title='bbox 614 2218 690 2264; x_wconf 78' lang='grc' dir='ltr'>γῆς,</span> <span class='ocrx_word' id='word_1_292' title='bbox 709 2216 820 2261; x_wconf 73' lang='grc' dir='ltr'>ὥσπερ</span> <span class='ocrx_word' id='word_1_293' title='bbox 847 2217 880 2249; x_wconf 80' lang='grc' dir='ltr'>ὲν</span> <span class='ocrx_word' id='word_1_294' title='bbox 899 2210 1066 2262; x_wconf 77' lang='grc' dir='ltr'>Ἀρκαδία</span> <span class='ocrx_word' id='word_1_295' title='bbox 1093 2216 1200 2255; x_wconf 79' lang='grc' dir='ltr'>οὕτως</span> <span class='ocrx_word' id='word_1_296' title='bbox 1221 2215 1346 2259; x_wconf 75' lang='grc' dir='ltr'>ἀναξη-</span> 
     </span>
     <span class='ocr_line' id='line_1_38' title="bbox 344 2260 1347 2307; baseline 0 -11"><span class='ocrx_word' id='word_1_297' title='bbox 344 2265 496 2307; x_wconf 87' lang='grc' dir='ltr'>ραίνεται</span> <span class='ocrx_word' id='word_1_298' title='bbox 522 2262 588 2295; x_wconf 62' lang='lat' dir='ltr'>cm&amp;</span> <span class='ocrx_word' id='word_1_299' title='bbox 613 2263 676 2295; x_wconf 83' lang='grc' dir='ltr'>τοῦ</span> <span class='ocrx_word' id='word_1_300' title='bbox 701 2263 834 2294; x_wconf 79' lang='grc' dir='ltr'>καπνοῦ</span> <span class='ocrx_word' id='word_1_301' title='bbox 859 2261 892 2294; x_wconf 81' lang='grc' dir='ltr'>ὲν</span> <span class='ocrx_word' id='word_1_302' title='bbox 918 2265 989 2299; x_wconf 90' lang='grc' dir='ltr'>τοῖς</span> <span class='ocrx_word' id='word_1_303' title='bbox 1016 2260 1132 2300; x_wconf 78' lang='grc' dir='ltr'>ἀσκοῖς</span> <span class='ocrx_word' id='word_1_304' title='bbox 1156 2261 1246 2294; x_wconf 77' lang='grc' dir='ltr'>ὥστε</span> <span class='ocrx_word' id='word_1_305' title='bbox 1271 2261 1347 2304; x_wconf 82' lang='grc' dir='ltr'>ξυό-</span> 
     </span>
     <span class='ocr_line' id='line_1_39' title="bbox 344 2303 1345 2352; baseline 0 -12"><span class='ocrx_word' id='word_1_306' title='bbox 344 2320 440 2352; x_wconf 90' lang='grc' dir='ltr'>μενος</span> <span class='ocrx_word' id='word_1_307' title='bbox 461 2307 627 2341; x_wconf 85' lang='grc' dir='ltr'>πίνεσθαι.</span> <span class='ocrx_word' id='word_1_308' title='bbox 655 2307 690 2338; x_wconf 80' lang='lat' dir='ltr'>Ei</span> <span class='ocrx_word' id='word_1_309' title='bbox 715 2303 753 2338; x_wconf 79' lang='grc' dir='ltr'>δὲ</span> <span class='ocrx_word' id='word_1_310' title='bbox 771 2307 839 2345; x_wconf 84' lang='grc' dir='ltr'>πᾶς</span> <span class='ocrx_word' id='word_1_311' title='bbox 854 2307 928 2339; x_wconf 77' lang='grc' dir='ltr'>ἰλύν</span> <span class='ocrx_word' id='word_1_312' title='bbox 946 2307 1030 2352; x_wconf 79' lang='grc' dir='ltr'>ἔχει,</span> <span class='ocrx_word' id='word_1_313' title='bbox 1050 2305 1160 2345; x_wconf 78' lang='grc' dir='ltr'>οὕτως</span> <span class='ocrx_word' id='word_1_314' title='bbox 1179 2306 1345 2352; x_wconf 80' lang='grc' dir='ltr'>ἑκατέρου</span> 
     </span>
     <span class='ocr_line' id='line_1_40' title="bbox 344 2347 1343 2399; baseline 0 -14"><span class='ocrx_word' id='word_1_315' title='bbox 344 2354 456 2395; x_wconf 81' lang='grc' dir='ltr'>ἐστὶν,</span> <span class='ocrx_word' id='word_1_316' title='bbox 483 2352 504 2390; x_wconf 75' lang='grc' dir='ltr'>ἦ</span> <span class='ocrx_word' id='word_1_317' title='bbox 528 2353 613 2399; x_wconf 79' lang='grc' dir='ltr'>γῆς,</span> <span class='ocrx_word' id='word_1_318' title='bbox 641 2350 661 2388; x_wconf 81' lang='grc' dir='ltr'><strong>ἥ</strong></span> <span class='ocrx_word' id='word_1_319' title='bbox 687 2347 836 2393; x_wconf 74' lang='grc' dir='ltr'>ὓδατος,</span> <span class='ocrx_word' id='word_1_320' title='bbox 863 2353 904 2391; x_wconf 80' lang='grc' dir='ltr'>ὠς</span> <span class='ocrx_word' id='word_1_321' title='bbox 930 2350 1063 2389; x_wconf 80' lang='grc' dir='ltr'>ταύτης</span> <span class='ocrx_word' id='word_1_322' title='bbox 1097 2351 1168 2397; x_wconf 82' lang='grc' dir='ltr'>ἔχει</span> <span class='ocrx_word' id='word_1_323' title='bbox 1201 2350 1343 2392; x_wconf 75' lang='grc' dir='ltr'>πλῆθος.</span> 
     </span>
     <span class='ocr_line' id='line_1_41' title="bbox 338 2393 1342 2443; baseline 0 -13"><span class='ocrx_word' id='word_1_324' title='bbox 338 2396 424 2430; x_wconf 88' lang='grc' dir='ltr'>Ὅσα</span> <span class='ocrx_word' id='word_1_325' title='bbox 456 2394 581 2430; x_wconf 80' lang='grc' dir='ltr'>δ’-ύπό</span> <span class='ocrx_word' id='word_1_326' title='bbox 613 2395 738 2442; x_wconf 89' lang='grc' dir='ltr'>ψυχροῦ</span> <span class='ocrx_word' id='word_1_327' title='bbox 772 2397 993 2442; x_wconf 84' lang='grc' dir='ltr'>παχύνεται,</span> <span class='ocrx_word' id='word_1_328' title='bbox 1022 2397 1105 2443; x_wconf 76' lang='grc' dir='ltr'>γῆς·</span> <span class='ocrx_word' id='word_1_329' title='bbox 1133 2395 1200 2431; x_wconf 81' lang='grc' dir='ltr'>ὅσα</span> <span class='ocrx_word' id='word_1_330' title='bbox 1225 2393 1255 2430; x_wconf 68' lang='grc' dir='ltr'>δ’</span> <span class='ocrx_word' id='word_1_331' title='bbox 1285 2397 1342 2430; x_wconf 78' lang='grc' dir='ltr'>ὐπ’</span> 
     </span>
     <span class='ocr_line' id='line_1_42' title="bbox 347 2441 1346 2487; baseline 0 -12"><span class='ocrx_word' id='word_1_332' title='bbox 347 2442 480 2487; x_wconf 83' lang='grc' dir='ltr'>ἀμφοῖν,</span> <span class='ocrx_word' id='word_1_333' title='bbox 505 2441 604 2474; x_wconf 82' lang='grc' dir='ltr'>κοινοὶ</span> <span class='ocrx_word' id='word_1_334' title='bbox 627 2441 804 2483; x_wconf 84' lang='grc' dir='ltr'>πλειόνων,</span> <span class='ocrx_word' id='word_1_335' title='bbox 832 2443 900 2475; x_wconf 83' lang='grc' dir='ltr'>οῐον</span> <span class='ocrx_word' id='word_1_336' title='bbox 926 2442 1041 2474; x_wconf 76' lang='grc' dir='ltr'>ἔλαιον</span> <span class='ocrx_word' id='word_1_337' title='bbox 1066 2443 1126 2474; x_wconf 83' lang='grc' dir='ltr'>καὶ</span> <span class='ocrx_word' id='word_1_338' title='bbox 1149 2441 1227 2486; x_wconf 86' lang='grc' dir='ltr'>μέλι</span> <span class='ocrx_word' id='word_1_339' title='bbox 1251 2445 1310 2475; x_wconf 85' lang='grc' dir='ltr'>καὶ</span> <span class='ocrx_word' id='word_1_340' title='bbox 1330 2443 1346 2475; x_wconf 86' lang='grc' dir='ltr'><strong>ὀ</strong></span> 
     </span>
     <span class='ocr_line' id='line_1_43' title="bbox 344 2482 1345 2533; baseline 0.001 -15"><span class='ocrx_word' id='word_1_341' title='bbox 344 2487 466 2533; x_wconf 75' lang='grc' dir='ltr'>γλυκύς</span> <span class='ocrx_word' id='word_1_342' title='bbox 493 2483 590 2524; x_wconf 79' lang='grc' dir='ltr'>οἶνος.</span> <span class='ocrx_word' id='word_1_343' title='bbox 616 2486 686 2517; x_wconf 80' lang='grc' dir='ltr'>Τῶν</span> <span class='ocrx_word' id='word_1_344' title='bbox 712 2482 750 2518; x_wconf 80' lang='grc' dir='ltr'>δέ</span> <span class='ocrx_word' id='word_1_345' title='bbox 775 2486 995 2520; x_wconf 76' lang='grc' dir='ltr'>συνεστώτων</span> <span class='ocrx_word' id='word_1_346' title='bbox 1023 2485 1088 2518; x_wconf 83' lang='grc' dir='ltr'>ὅσα</span> <span class='ocrx_word' id='word_1_347' title='bbox 1109 2487 1169 2531; x_wconf 72' lang='grc' dir='ltr'>μὲν</span> <span class='ocrx_word' id='word_1_348' title='bbox 1191 2486 1284 2525; x_wconf 81' lang='grc' dir='ltr'>πέπη</span> <span class='ocrx_word' id='word_1_349' title='bbox 1311 2500 1345 2520; x_wconf 79' lang='grc' dir='ltr'>εν</span> 
     </span>
     <span class='ocr_line' id='line_1_44' title="bbox 346 2500 1345 2578; baseline 0.001 -14"><span class='ocrx_word' id='word_1_350' title='bbox 346 2532 411 2564; x_wconf 80' lang='grc' dir='ltr'>ύπό</span> <span class='ocrx_word' id='word_1_351' title='bbox 430 2532 568 2578; x_wconf 82' lang='grc' dir='ltr'>ψυχροῦ,</span> <span class='ocrx_word' id='word_1_352' title='bbox 588 2527 727 2572; x_wconf 79' lang='grc' dir='ltr'>ὕδατος,</span> <span class='ocrx_word' id='word_1_353' title='bbox 745 2533 812 2564; x_wconf 71' lang='grc' dir='ltr'>οἷον</span> <span class='ocrx_word' id='word_1_354' title='bbox 830 2531 1056 2578; x_wconf 85' lang='grc' dir='ltr'>κρύσταλλος,</span> <span class='ocrx_word' id='word_1_355' title='bbox 1074 2531 1170 2576; x_wconf 71' lang='grc' dir='ltr'>χιών,</span> <span class='ocrx_word' id='word_1_356' title='bbox 1187 2500 1345 2578; x_wconf 59' lang='grc' dir='ltr'>χοίλαέα,</span> 
     </span>
     <span class='ocr_line' id='line_1_45' title="bbox 346 2572 1345 2623; baseline 0.001 -14"><span class='ocrx_word' id='word_1_357' title='bbox 346 2576 475 2622; x_wconf 79' lang='grc' dir='ltr'>πάχνη,</span> <span class='ocrx_word' id='word_1_358' title='bbox 495 2576 559 2609; x_wconf 78' lang='grc' dir='ltr'>ὅσα</span> <span class='ocrx_word' id='word_1_359' title='bbox 579 2572 607 2607; x_wconf 74' lang='grc' dir='ltr'>δ’</span> <span class='ocrx_word' id='word_1_360' title='bbox 629 2576 694 2608; x_wconf 73' lang='grc' dir='ltr'>ὑπὸ</span> <span class='ocrx_word' id='word_1_361' title='bbox 715 2575 850 2622; x_wconf 80' lang='grc' dir='ltr'>θερμοῦ,</span> <span class='ocrx_word' id='word_1_362' title='bbox 869 2578 946 2623; x_wconf 77' lang='grc' dir='ltr'>γῆς,</span> <span class='ocrx_word' id='word_1_363' title='bbox 966 2577 1034 2609; x_wconf 72' lang='grc' dir='ltr'>οἷον</span> <span class='ocrx_word' id='word_1_364' title='bbox 1051 2577 1213 2622; x_wconf 83' lang='grc' dir='ltr'>κέραμος,</span> <span class='ocrx_word' id='word_1_365' title='bbox 1233 2578 1345 2623; x_wconf 87' lang='grc' dir='ltr'>τυρός,</span> 
     </span>
     <span class='ocr_line' id='line_1_46' title="bbox 346 2615 1345 2667; baseline 0.002 -15"><span class='ocrx_word' id='word_1_366' title='bbox 346 2624 469 2667; x_wconf 88' lang='grc' dir='ltr'>νίτρον,</span> <span class='ocrx_word' id='word_1_367' title='bbox 499 2620 591 2658; x_wconf 78' lang='grc' dir='ltr'>ἅλες·</span> <span class='ocrx_word' id='word_1_368' title='bbox 620 2619 683 2652; x_wconf 78' lang='grc' dir='ltr'>ὅσα</span> <span class='ocrx_word' id='word_1_369' title='bbox 707 2615 735 2652; x_wconf 79' lang='grc' dir='ltr'>δ’</span> <span class='ocrx_word' id='word_1_370' title='bbox 765 2622 821 2654; x_wconf 81' lang='grc' dir='ltr'>ὐπ’</span> <span class='ocrx_word' id='word_1_371' title='bbox 851 2622 986 2667; x_wconf 80' lang='grc' dir='ltr'>ἀμφοῖν,</span> <span class='ocrx_word' id='word_1_372' title='bbox 1015 2622 1169 2655; x_wconf 81' lang='grc' dir='ltr'>τοιαῦτα</span> <span class='ocrx_word' id='word_1_373' title='bbox 1193 2618 1222 2655; x_wconf 81' lang='grc' dir='ltr'>δ’</span> <span class='ocrx_word' id='word_1_374' title='bbox 1252 2622 1345 2656; x_wconf 73' lang='grc' dir='ltr'>ἐστὶν</span> 
     </span>
    </p>
   </div>
   <div class='ocr_carea' id='block_1_10' title="bbox 347 2661 1358 2723">
    <p class='ocr_par' dir='ltr' id='par_1_10' title="bbox 347 2661 1358 2723">
     <span class='ocr_line' id='line_1_47' title="bbox 347 2661 1358 2723; baseline 0.001 -25"><span class='ocrx_word' id='word_1_375' title='bbox 347 2664 410 2698; x_wconf 88' lang='grc' dir='ltr'>ὅσα</span> <span class='ocrx_word' id='word_1_376' title='bbox 441 2666 553 2711; x_wconf 82' lang='grc' dir='ltr'>ψύξει·</span> <span class='ocrx_word' id='word_1_377' title='bbox 580 2666 697 2698; x_wconf 83' lang='grc' dir='ltr'>ταῦτα</span> <span class='ocrx_word' id='word_1_378' title='bbox 731 2661 762 2698; x_wconf 81' lang='grc' dir='ltr'>δ’</span> <span class='ocrx_word' id='word_1_379' title='bbox 792 2666 883 2701; x_wconf 74' lang='grc' dir='ltr'>ἐστὶν</span> <span class='ocrx_word' id='word_1_380' title='bbox 919 2665 984 2699; x_wconf 80' lang='grc' dir='ltr'>ὅσα</span> <span class='ocrx_word' id='word_1_381' title='bbox 1011 2667 1133 2711; x_wconf 80' lang='grc' dir='ltr'>ἀμφοῖν</span> <span class='ocrx_word' id='word_1_382' title='bbox 1166 2666 1358 2723; x_wconf 63' lang='lat' dir='ltr'>evae-rioci,-</span> 
     </span>
    </p>
   </div>
   <div class='ocr_carea' id='block_1_11' title="bbox 345 2710 1348 3073">
    <p class='ocr_par' dir='ltr' id='par_1_11' title="bbox 345 2710 1348 3073">
     <span class='ocr_line' id='line_1_48' title="bbox 346 2710 1346 2759; baseline 0.004 -18"><span class='ocrx_word' id='word_1_383' title='bbox 346 2710 465 2757; x_wconf 87' lang='grc' dir='ltr'>θερμοῦ</span> <span class='ocrx_word' id='word_1_384' title='bbox 489 2711 547 2743; x_wconf 78' lang='grc' dir='ltr'>καὶ</span> <span class='ocrx_word' id='word_1_385' title='bbox 574 2711 674 2756; x_wconf 81' lang='grc' dir='ltr'>ύργοῦ</span> <span class='ocrx_word' id='word_1_386' title='bbox 698 2711 909 2753; x_wconf 85' lang='grc' dir='ltr'>συνεξιόντος</span> <span class='ocrx_word' id='word_1_387' title='bbox 927 2712 974 2753; x_wconf 77' lang='grc' dir='ltr'>τῷ</span> <span class='ocrx_word' id='word_1_388' title='bbox 993 2710 1119 2756; x_wconf 71' lang='grc' dir='ltr'>θερμῷ·</span> <span class='ocrx_word' id='word_1_389' title='bbox 1147 2713 1177 2744; x_wconf 80' lang='grc' dir='ltr'>οῖ</span> <span class='ocrx_word' id='word_1_390' title='bbox 1203 2724 1263 2758; x_wconf 87' lang='grc' dir='ltr'>μεν</span> <span class='ocrx_word' id='word_1_391' title='bbox 1280 2712 1346 2759; x_wconf 68' lang='grc' dir='ltr'>γάρ</span> 
     </span>
     <span class='ocr_line' id='line_1_49' title="bbox 348 2754 1348 2803; baseline 0.004 -16"><span class='ocrx_word' id='word_1_392' title='bbox 348 2754 424 2795; x_wconf 79' lang='grc' dir='ltr'>ἅλες</span> <span class='ocrx_word' id='word_1_393' title='bbox 449 2755 550 2803; x_wconf 74' lang='grc' dir='ltr'>ὑγροῦ</span> <span class='ocrx_word' id='word_1_394' title='bbox 575 2756 676 2800; x_wconf 85' lang='grc' dir='ltr'>μόνου</span> <span class='ocrx_word' id='word_1_395' title='bbox 701 2756 858 2798; x_wconf 78' lang='grc' dir='ltr'>στερήσει</span> <span class='ocrx_word' id='word_1_396' title='bbox 884 2757 1099 2803; x_wconf 73' lang='grc' dir='ltr'>πήγνυνται,</span> <span class='ocrx_word' id='word_1_397' title='bbox 1125 2758 1184 2789; x_wconf 80' lang='grc' dir='ltr'>καὶ</span> <span class='ocrx_word' id='word_1_398' title='bbox 1211 2756 1276 2791; x_wconf 75' lang='grc' dir='ltr'>ὅσα</span> <span class='ocrx_word' id='word_1_399' title='bbox 1304 2757 1348 2790; x_wconf 81' lang='grc' dir='ltr'>εἰ-</span> 
     </span>
     <span class='ocr_line' id='line_1_50' title="bbox 346 2796 1346 2847; baseline 0.002 -14"><span class='ocrx_word' id='word_1_400' title='bbox 346 2803 469 2847; x_wconf 85' lang='grc' dir='ltr'>ρικρινῆ</span> <span class='ocrx_word' id='word_1_401' title='bbox 495 2801 570 2847; x_wconf 77' lang='grc' dir='ltr'>γῆς,</span> <span class='ocrx_word' id='word_1_402' title='bbox 592 2802 607 2833; x_wconf 81' lang='grc' dir='ltr'><strong>ὁ</strong></span> <span class='ocrx_word' id='word_1_403' title='bbox 632 2796 670 2833; x_wconf 79' lang='grc' dir='ltr'>δέ</span> <span class='ocrx_word' id='word_1_404' title='bbox 693 2801 904 2846; x_wconf 82' lang='grc' dir='ltr'>κρύσταλλος</span> <span class='ocrx_word' id='word_1_405' title='bbox 929 2801 1050 2846; x_wconf 88' lang='grc' dir='ltr'>θερμοῦ</span> <span class='ocrx_word' id='word_1_406' title='bbox 1076 2800 1200 2846; x_wconf 87' lang='grc' dir='ltr'>μόνου·</span> <span class='ocrx_word' id='word_1_407' title='bbox 1227 2802 1346 2836; x_wconf 82' lang='grc' dir='ltr'>ταῦτα</span> 
     </span>
     <span class='ocr_line' id='line_1_51' title="bbox 346 2843 1345 2901; baseline 0.001 -22"><span class='ocrx_word' id='word_1_408' title='bbox 346 2847 372 2879; x_wconf 83' lang='grc' dir='ltr'>δ’</span> <span class='ocrx_word' id='word_1_409' title='bbox 396 2846 533 2901; x_wconf 71' lang='grc' dir='ltr'>ἀμφοῖν·</span> <span class='ocrx_word' id='word_1_410' title='bbox 556 2844 609 2879; x_wconf 76' lang='grc' dir='ltr'>διὸ</span> <span class='ocrx_word' id='word_1_411' title='bbox 625 2847 683 2878; x_wconf 77' lang='grc' dir='ltr'>καὶ</span> <span class='ocrx_word' id='word_1_412' title='bbox 702 2847 754 2878; x_wconf 76' lang='grc' dir='ltr'>ὐπ’</span> <span class='ocrx_word' id='word_1_413' title='bbox 780 2845 901 2892; x_wconf 80' lang='grc' dir='ltr'>ἀμφοῖν</span> <span class='ocrx_word' id='word_1_414' title='bbox 918 2847 977 2879; x_wconf 80' lang='grc' dir='ltr'>καὶ</span> <span class='ocrx_word' id='word_1_415' title='bbox 995 2843 1084 2892; x_wconf 80' lang='grc' dir='ltr'>εἶχεν</span> <span class='ocrx_word' id='word_1_416' title='bbox 1105 2845 1216 2891; x_wconf 76' lang='grc' dir='ltr'>ἄμφω.</span> <span class='ocrx_word' id='word_1_417' title='bbox 1236 2846 1345 2880; x_wconf 62' lang='lat' dir='ltr'>“Oeam</span> 
     </span>
     <span class='ocr_line' id='line_1_52' title="bbox 347 2889 1345 2938; baseline 0.001 -14"><span class='ocrx_word' id='word_1_418' title='bbox 347 2891 405 2938; x_wconf 84' lang='grc' dir='ltr'>μὲν</span> <span class='ocrx_word' id='word_1_419' title='bbox 431 2903 486 2923; x_wconf 85' lang='grc' dir='ltr'>ουν</span> <span class='ocrx_word' id='word_1_420' title='bbox 514 2891 605 2925; x_wconf 84' lang='grc' dir='ltr'>ἅπαν</span> <span class='ocrx_word' id='word_1_421' title='bbox 632 2890 829 2935; x_wconf 80' lang='grc' dir='ltr'>ὲξικμοίσθη,</span> <span class='ocrx_word' id='word_1_422' title='bbox 850 2893 917 2924; x_wconf 77' lang='grc' dir='ltr'>οἷον</span> <span class='ocrx_word' id='word_1_423' title='bbox 942 2891 1102 2936; x_wconf 81' lang='grc' dir='ltr'>κέραμος,</span> <span class='ocrx_word' id='word_1_424' title='bbox 1121 2889 1142 2928; x_wconf 78' lang='grc' dir='ltr'>ἦ</span> <span class='ocrx_word' id='word_1_425' title='bbox 1161 2890 1345 2937; x_wconf 77' lang='grc' dir='ltr'>ἤλεκτρον·</span> 
     </span>
     <span class='ocr_line' id='line_1_53' title="bbox 345 2931 1344 2983; baseline 0.002 -15"><span class='ocrx_word' id='word_1_426' title='bbox 345 2938 403 2969; x_wconf 83' lang='grc' dir='ltr'>καὶ</span> <span class='ocrx_word' id='word_1_427' title='bbox 427 2948 491 2983; x_wconf 76' lang='grc' dir='ltr'>Ιγαρ</span> <span class='ocrx_word' id='word_1_428' title='bbox 516 2937 556 2969; x_wconf 74' lang='grc' dir='ltr'>τό</span> <span class='ocrx_word' id='word_1_429' title='bbox 581 2936 764 2978; x_wconf 79' lang='grc' dir='ltr'>ἤλεκτρον,</span> <span class='ocrx_word' id='word_1_430' title='bbox 790 2938 848 2969; x_wconf 75' lang='grc' dir='ltr'>καὶ</span> <span class='ocrx_word' id='word_1_431' title='bbox 875 2935 938 2969; x_wconf 83' lang='grc' dir='ltr'>ὅσα</span> <span class='ocrx_word' id='word_1_432' title='bbox 961 2935 1106 2982; x_wconf 88' lang='grc' dir='ltr'>λέγεται</span> <span class='ocrx_word' id='word_1_433' title='bbox 1130 2937 1174 2975; x_wconf 83' lang='grc' dir='ltr'>ὠς</span> <span class='ocrx_word' id='word_1_434' title='bbox 1199 2931 1344 2982; x_wconf 72' lang='grc' dir='ltr'>δάκρυα,</span> 
     </span>
     <span class='ocr_line' id='line_1_54' title="bbox 371 2979 1347 3027; baseline 0.001 -13"><span class='ocrx_word' id='word_1_435' title='bbox 371 2980 439 3022; x_wconf 87' lang='grc' dir='ltr'>ύξει</span> <span class='ocrx_word' id='word_1_436' title='bbox 464 2980 570 3022; x_wconf 77' lang='grc' dir='ltr'>ἐστὶν,</span> <span class='ocrx_word' id='word_1_437' title='bbox 590 2981 658 3013; x_wconf 75' lang='grc' dir='ltr'>οἷον</span> <span class='ocrx_word' id='word_1_438' title='bbox 683 2980 827 3025; x_wconf 80' lang='grc' dir='ltr'>σμύρνα,</span> <span class='ocrx_word' id='word_1_439' title='bbox 852 2982 1058 3023; x_wconf 70' lang='grc' dir='ltr'>λιβανωτός,</span> <span class='ocrx_word' id='word_1_440' title='bbox 1075 2979 1199 3027; x_wconf 83' lang='grc' dir='ltr'>κόμμι·</span> <span class='ocrx_word' id='word_1_441' title='bbox 1224 2984 1282 3014; x_wconf 74' lang='grc' dir='ltr'>καὶ</span> <span class='ocrx_word' id='word_1_442' title='bbox 1305 2982 1347 3015; x_wconf 64' lang='lat' dir='ltr'>*ro*</span> 
     </span>
     <span class='ocr_line' id='line_1_55' title="bbox 347 3022 1345 3073; baseline 0.002 -16"><span class='ocrx_word' id='word_1_443' title='bbox 347 3028 509 3071; x_wconf 85' lang='grc' dir='ltr'>ηλεκτρον</span> <span class='ocrx_word' id='word_1_444' title='bbox 527 3022 564 3058; x_wconf 70' lang='grc' dir='ltr'>δὲ</span> <span class='ocrx_word' id='word_1_445' title='bbox 581 3025 709 3058; x_wconf 81' lang='grc' dir='ltr'>τούτου</span> <span class='ocrx_word' id='word_1_446' title='bbox 730 3028 794 3058; x_wconf 85' lang='grc' dir='ltr'>τοῦ</span> <span class='ocrx_word' id='word_1_447' title='bbox 819 3026 935 3072; x_wconf 85' lang='grc' dir='ltr'>γένους</span> <span class='ocrx_word' id='word_1_448' title='bbox 955 3026 1056 3066; x_wconf 80' lang='grc' dir='ltr'>ἔοικε,</span> <span class='ocrx_word' id='word_1_449' title='bbox 1073 3028 1132 3058; x_wconf 74' lang='grc' dir='ltr'>καὶ</span> <span class='ocrx_word' id='word_1_450' title='bbox 1151 3025 1345 3073; x_wconf 74' lang='grc' dir='ltr'>πήγνυται·</span> 
     </span>
    </p>
   </div>
   <div class='ocr_carea' id='block_1_12' title="bbox 348 3070 1402 3124">
    <p class='ocr_par' dir='ltr' id='par_1_12' title="bbox 348 3070 1402 3124">
     <span class='ocr_line' id='line_1_56' title="bbox 348 3070 1402 3124; baseline 0.002 -22"><span class='ocrx_word' id='word_1_451' title='bbox 348 3070 655 3124; x_wconf 54' lang='grc' dir='ltr'>ἐμπεριειλημμένα</span> <span class='ocrx_word' id='word_1_452' title='bbox 681 3071 762 3117; x_wconf 83' lang='grc' dir='ltr'>γοῦν</span> <span class='ocrx_word' id='word_1_453' title='bbox 795 3071 866 3114; x_wconf 80' lang='grc' dir='ltr'>ζῷα</span> <span class='ocrx_word' id='word_1_454' title='bbox 893 3071 924 3104; x_wconf 81' lang='grc' dir='ltr'>ὲν</span> <span class='ocrx_word' id='word_1_455' title='bbox 951 3071 1047 3112; x_wconf 79' lang='grc' dir='ltr'>αὐτῷ</span> <span class='ocrx_word' id='word_1_456' title='bbox 1072 3073 1252 3115; x_wconf 83' lang='grc' dir='ltr'>φαίνεται·</span> <span class='ocrx_word' id='word_1_457' title='bbox 1279 3073 1347 3105; x_wconf 66' lang='lat' dir='ltr'>tino*</span> <span class='ocrx_word' id='word_1_458' title='bbox 1397 3083 1402 3089; x_wconf 89' lang='lat'><strong>·</strong></span> 
     </span>
    </p>
   </div>
   <div class='ocr_carea' id='block_1_13' title="bbox 346 3110 1351 3694">
    <p class='ocr_par' dir='ltr' id='par_1_13' title="bbox 346 3110 1351 3694">
     <span class='ocr_line' id='line_1_57' title="bbox 346 3110 1347 3161; baseline 0.003 -15"><span class='ocrx_word' id='word_1_459' title='bbox 346 3110 383 3147; x_wconf 74' lang='grc' dir='ltr'>δὲ</span> <span class='ocrx_word' id='word_1_460' title='bbox 408 3126 470 3148; x_wconf 89' lang='grc' dir='ltr'>του</span> <span class='ocrx_word' id='word_1_461' title='bbox 496 3126 656 3160; x_wconf 86' lang='grc' dir='ltr'>ποταμου</span> <span class='ocrx_word' id='word_1_462' title='bbox 682 3116 724 3148; x_wconf 82' lang='grc' dir='ltr'><strong><em>τό</em></strong></span> <span class='ocrx_word' id='word_1_463' title='bbox 749 3114 868 3159; x_wconf 70' lang='grc' dir='ltr'>θερμόν</span> <span class='ocrx_word' id='word_1_464' title='bbox 891 3116 991 3158; x_wconf 70' lang='grc' dir='ltr'>ἐξιόν,</span> <span class='ocrx_word' id='word_1_465' title='bbox 1010 3113 1122 3159; x_wconf 76' lang='grc' dir='ltr'>ὥσπερ</span> <span class='ocrx_word' id='word_1_466' title='bbox 1140 3117 1203 3148; x_wconf 89' lang='grc' dir='ltr'>τοῦ</span> <span class='ocrx_word' id='word_1_467' title='bbox 1229 3115 1347 3161; x_wconf 82' lang='grc' dir='ltr'>ἑψομέ-</span> 
     </span>
     <span class='ocr_line' id='line_1_58' title="bbox 347 3156 1345 3205; baseline 0.004 -14"><span class='ocrx_word' id='word_1_468' title='bbox 347 3171 402 3191; x_wconf 91' lang='grc' dir='ltr'>νου</span> <span class='ocrx_word' id='word_1_469' title='bbox 435 3159 595 3203; x_wconf 87' lang='grc' dir='ltr'>μέλιτος,</span> <span class='ocrx_word' id='word_1_470' title='bbox 624 3158 707 3192; x_wconf 78' lang='grc' dir='ltr'>ὅταν</span> <span class='ocrx_word' id='word_1_471' title='bbox 740 3161 785 3198; x_wconf 79' lang='grc' dir='ltr'>εἰς</span> <span class='ocrx_word' id='word_1_472' title='bbox 819 3156 905 3204; x_wconf 77' lang='grc' dir='ltr'>ὕδωρ</span> <span class='ocrx_word' id='word_1_473' title='bbox 940 3158 1067 3204; x_wconf 80' lang='grc' dir='ltr'>ἀφεθῇ,</span> <span class='ocrx_word' id='word_1_474' title='bbox 1096 3160 1272 3205; x_wconf 77' lang='grc' dir='ltr'>ἑξατμίζει</span> <span class='ocrx_word' id='word_1_475' title='bbox 1305 3161 1345 3195; x_wconf 81' lang='grc' dir='ltr'>τὸ</span> 
     </span>
     <span class='ocr_line' id='line_1_59' title="bbox 349 3202 1347 3251; baseline 0.002 -15"><span class='ocrx_word' id='word_1_476' title='bbox 349 3202 465 3250; x_wconf 72' lang='grc' dir='ltr'>ὑγρόν·</span> <span class='ocrx_word' id='word_1_477' title='bbox 492 3205 609 3237; x_wconf 84' lang='grc' dir='ltr'>ταῦτα</span> <span class='ocrx_word' id='word_1_478' title='bbox 636 3203 753 3237; x_wconf 72' lang='grc' dir='ltr'>πάντα</span> <span class='ocrx_word' id='word_1_479' title='bbox 770 3206 845 3251; x_wconf 80' lang='grc' dir='ltr'>γῆς.</span> <span class='ocrx_word' id='word_1_480' title='bbox 872 3207 937 3237; x_wconf 79' lang='grc' dir='ltr'>Καὶ</span> <span class='ocrx_word' id='word_1_481' title='bbox 964 3205 1011 3237; x_wconf 78' lang='grc' dir='ltr'>τοὶ</span> <span class='ocrx_word' id='word_1_482' title='bbox 1036 3206 1095 3248; x_wconf 82' lang='grc' dir='ltr'>μὲν</span> <span class='ocrx_word' id='word_1_483' title='bbox 1123 3204 1264 3243; x_wconf 82' lang='grc' dir='ltr'>ἄτηκτα</span> <span class='ocrx_word' id='word_1_484' title='bbox 1288 3207 1347 3238; x_wconf 78' lang='grc' dir='ltr'>καὶ</span> 
     </span>
     <span class='ocr_line' id='line_1_60' title="bbox 349 3247 1346 3296; baseline 0.003 -16"><span class='ocrx_word' id='word_1_485' title='bbox 349 3247 558 3292; x_wconf 77' lang='grc' dir='ltr'>ἀμάλακτα,</span> <span class='ocrx_word' id='word_1_486' title='bbox 584 3249 652 3281; x_wconf 78' lang='grc' dir='ltr'>οἷον</span> <span class='ocrx_word' id='word_1_487' title='bbox 679 3249 718 3281; x_wconf 61' lang='lat' dir='ltr'>vd</span> <span class='ocrx_word' id='word_1_488' title='bbox 746 3249 921 3294; x_wconf 80' lang='grc' dir='ltr'>ἤλεκτρον,</span> <span class='ocrx_word' id='word_1_489' title='bbox 949 3248 969 3286; x_wconf 75' lang='grc' dir='ltr'>ἦ</span> <span class='ocrx_word' id='word_1_490' title='bbox 994 3249 1079 3281; x_wconf 85' lang='grc' dir='ltr'>λίθοι</span> <span class='ocrx_word' id='word_1_491' title='bbox 1106 3250 1205 3291; x_wconf 83' lang='grc' dir='ltr'>ἔνιοι,</span> <span class='ocrx_word' id='word_1_492' title='bbox 1233 3249 1346 3296; x_wconf 75' lang='grc' dir='ltr'>ὥσπερ</span> 
     </span>
     <span class='ocr_line' id='line_1_61' title="bbox 348 3292 1346 3351; baseline 0.003 -27"><span class='ocrx_word' id='word_1_493' title='bbox 348 3295 376 3324; x_wconf 89' lang='grc' dir='ltr'>οἰ</span> <span class='ocrx_word' id='word_1_494' title='bbox 403 3294 505 3337; x_wconf 83' lang='grc' dir='ltr'>πῶροι</span> <span class='ocrx_word' id='word_1_495' title='bbox 523 3295 551 3325; x_wconf 78' lang='grc' dir='ltr'>οἱ</span> <span class='ocrx_word' id='word_1_496' title='bbox 569 3292 602 3324; x_wconf 79' lang='grc' dir='ltr'>ἐν</span> <span class='ocrx_word' id='word_1_497' title='bbox 622 3297 693 3331; x_wconf 79' lang='grc' dir='ltr'>τοῖς</span> <span class='ocrx_word' id='word_1_498' title='bbox 711 3296 908 3332; x_wconf 83' lang='grc' dir='ltr'>σπηλαίοις·</span> <span class='ocrx_word' id='word_1_499' title='bbox 934 3295 994 3326; x_wconf 77' lang='grc' dir='ltr'>καὶ</span> <span class='ocrx_word' id='word_1_500' title='bbox 1011 3293 1075 3351; x_wconf 81' lang='grc' dir='ltr'>γοὶρ</span> <span class='ocrx_word' id='word_1_501' title='bbox 1102 3294 1199 3328; x_wconf 84' lang='grc' dir='ltr'>οὗτοι</span> <span class='ocrx_word' id='word_1_502' title='bbox 1225 3295 1346 3339; x_wconf 80' lang='grc' dir='ltr'>ὁμοίως</span> 
     </span>
     <span class='ocr_line' id='line_1_62' title="bbox 347 3336 1348 3384; baseline 0.004 -16"><span class='ocrx_word' id='word_1_503' title='bbox 347 3339 501 3381; x_wconf 82' lang='grc' dir='ltr'>γίνονται</span> <span class='ocrx_word' id='word_1_504' title='bbox 534 3336 690 3379; x_wconf 83' lang='grc' dir='ltr'>τούτοις,</span> <span class='ocrx_word' id='word_1_505' title='bbox 716 3341 774 3370; x_wconf 77' lang='grc' dir='ltr'>καὶ</span> <span class='ocrx_word' id='word_1_506' title='bbox 800 3339 864 3384; x_wconf 80' lang='grc' dir='ltr'>οὐχ</span> <span class='ocrx_word' id='word_1_507' title='bbox 892 3340 933 3376; x_wconf 84' lang='grc' dir='ltr'>ὠς</span> <span class='ocrx_word' id='word_1_508' title='bbox 960 3341 1026 3371; x_wconf 82' lang='grc' dir='ltr'>ὑπο</span> <span class='ocrx_word' id='word_1_509' title='bbox 1053 3339 1173 3381; x_wconf 74' lang='grc' dir='ltr'>πυρᾶς,</span> <span class='ocrx_word' id='word_1_510' title='bbox 1203 3340 1277 3372; x_wconf 77' lang='grc' dir='ltr'>ἀλλ’</span> <span class='ocrx_word' id='word_1_511' title='bbox 1305 3341 1348 3379; x_wconf 81' lang='grc' dir='ltr'>ὠς</span> 
     </span>
     <span class='ocr_line' id='line_1_63' title="bbox 350 3377 1351 3431; baseline 0.004 -18"><span class='ocrx_word' id='word_1_512' title='bbox 350 3382 414 3413; x_wconf 74' lang='grc' dir='ltr'>ὑπὸ</span> <span class='ocrx_word' id='word_1_513' title='bbox 440 3383 502 3414; x_wconf 88' lang='grc' dir='ltr'>τοῦ</span> <span class='ocrx_word' id='word_1_514' title='bbox 527 3381 566 3426; x_wconf 87' lang='grc' dir='ltr'>ψυ</span> <span class='ocrx_word' id='word_1_515' title='bbox 594 3383 669 3424; x_wconf 86' lang='grc' dir='ltr'>ροῦ,</span> <span class='ocrx_word' id='word_1_516' title='bbox 696 3377 880 3424; x_wconf 79' lang='grc' dir='ltr'>διεξιόντος</span> <span class='ocrx_word' id='word_1_517' title='bbox 906 3384 968 3416; x_wconf 87' lang='grc' dir='ltr'>τοῦ</span> <span class='ocrx_word' id='word_1_518' title='bbox 994 3382 1130 3427; x_wconf 89' lang='grc' dir='ltr'>θερμοῦ,</span> <span class='ocrx_word' id='word_1_519' title='bbox 1156 3383 1351 3431; x_wconf 79' lang='grc' dir='ltr'>συνεξέρχε-</span> 
     </span>
     <span class='ocr_line' id='line_1_64' title="bbox 351 3426 1347 3473; baseline 0.005 -17"><span class='ocrx_word' id='word_1_520' title='bbox 351 3437 409 3457; x_wconf 91' lang='grc' dir='ltr'>ται</span> <span class='ocrx_word' id='word_1_521' title='bbox 434 3426 474 3458; x_wconf 80' lang='grc' dir='ltr'>τὸ</span> <span class='ocrx_word' id='word_1_522' title='bbox 501 3428 597 3473; x_wconf 82' lang='grc' dir='ltr'>ύγρον</span> <span class='ocrx_word' id='word_1_523' title='bbox 625 3427 689 3459; x_wconf 76' lang='grc' dir='ltr'>ύπό</span> <span class='ocrx_word' id='word_1_524' title='bbox 708 3429 770 3460; x_wconf 81' lang='grc' dir='ltr'>τοῦ</span> <span class='ocrx_word' id='word_1_525' title='bbox 790 3428 824 3468; x_wconf 81' lang='grc' dir='ltr'>ἐξ</span> <span class='ocrx_word' id='word_1_526' title='bbox 844 3428 954 3461; x_wconf 82' lang='grc' dir='ltr'>αὐτοῦ</span> <span class='ocrx_word' id='word_1_527' title='bbox 980 3427 1130 3469; x_wconf 77' lang='grc' dir='ltr'>ἐξιόντος</span> <span class='ocrx_word' id='word_1_528' title='bbox 1148 3427 1285 3473; x_wconf 84' lang='grc' dir='ltr'>θερμοῦ·</span> <span class='ocrx_word' id='word_1_529' title='bbox 1315 3427 1347 3461; x_wconf 80' lang='grc' dir='ltr'>ὲν</span> 
     </span>
     <span class='ocr_line' id='line_1_65' title="bbox 349 3463 1348 3517; baseline 0.005 -17"><span class='ocrx_word' id='word_1_530' title='bbox 349 3463 387 3501; x_wconf 78' lang='grc' dir='ltr'>δέ</span> <span class='ocrx_word' id='word_1_531' title='bbox 412 3474 482 3508; x_wconf 91' lang='grc' dir='ltr'>τοῖς</span> <span class='ocrx_word' id='word_1_532' title='bbox 508 3471 632 3514; x_wconf 85' lang='grc' dir='ltr'>ἑτέροις</span> <span class='ocrx_word' id='word_1_533' title='bbox 665 3471 730 3504; x_wconf 73' lang='grc' dir='ltr'>ὑπὸ</span> <span class='ocrx_word' id='word_1_534' title='bbox 759 3474 822 3505; x_wconf 83' lang='grc' dir='ltr'>τοῦ</span> <span class='ocrx_word' id='word_1_535' title='bbox 855 3471 975 3513; x_wconf 82' lang='grc' dir='ltr'>ἔξωθεν</span> <span class='ocrx_word' id='word_1_536' title='bbox 1001 3471 1120 3515; x_wconf 80' lang='grc' dir='ltr'>πυρός·</span> <span class='ocrx_word' id='word_1_537' title='bbox 1148 3472 1212 3505; x_wconf 77' lang='grc' dir='ltr'>ὅσα</span> <span class='ocrx_word' id='word_1_538' title='bbox 1237 3468 1274 3505; x_wconf 80' lang='grc' dir='ltr'>δέ</span> <span class='ocrx_word' id='word_1_539' title='bbox 1300 3473 1348 3517; x_wconf 74' lang='grc' dir='ltr'>μή</span> 
     </span>
     <span class='ocr_line' id='line_1_66' title="bbox 352 3512 1347 3561; baseline 0.006 -17"><span class='ocrx_word' id='word_1_540' title='bbox 352 3512 426 3554; x_wconf 74' lang='grc' dir='ltr'>ὅλα,</span> <span class='ocrx_word' id='word_1_541' title='bbox 445 3515 506 3560; x_wconf 76' lang='grc' dir='ltr'>γῆς</span> <span class='ocrx_word' id='word_1_542' title='bbox 524 3515 582 3559; x_wconf 88' lang='grc' dir='ltr'>μέν</span> <span class='ocrx_word' id='word_1_543' title='bbox 609 3516 682 3548; x_wconf 77' lang='grc' dir='ltr'>ἐστι</span> <span class='ocrx_word' id='word_1_544' title='bbox 707 3517 849 3560; x_wconf 82' lang='grc' dir='ltr'>μᾶλλον,</span> <span class='ocrx_word' id='word_1_545' title='bbox 869 3517 1038 3561; x_wconf 81' lang='grc' dir='ltr'>μαλακτοὶ</span> <span class='ocrx_word' id='word_1_546' title='bbox 1053 3513 1101 3558; x_wconf 80' lang='grc' dir='ltr'>δ’,</span> <span class='ocrx_word' id='word_1_547' title='bbox 1120 3517 1189 3550; x_wconf 75' lang='grc' dir='ltr'>οἷον</span> <span class='ocrx_word' id='word_1_548' title='bbox 1214 3515 1347 3561; x_wconf 73' lang='grc' dir='ltr'>σίδηρος</span> 
     </span>
     <span class='ocr_line' id='line_1_67' title="bbox 349 3556 1350 3606; baseline 0.007 -18"><span class='ocrx_word' id='word_1_549' title='bbox 349 3559 407 3589; x_wconf 78' lang='grc' dir='ltr'>καὶ</span> <span class='ocrx_word' id='word_1_550' title='bbox 430 3558 542 3603; x_wconf 85' lang='grc' dir='ltr'>κέρας.</span> <span class='ocrx_word' id='word_1_551' title='bbox 568 3561 765 3600; x_wconf 79' lang='grc' dir='ltr'>Λιβανωτός</span> <span class='ocrx_word' id='word_1_552' title='bbox 788 3556 826 3593; x_wconf 78' lang='grc' dir='ltr'>δὲ</span> <span class='ocrx_word' id='word_1_553' title='bbox 850 3563 909 3593; x_wconf 81' lang='grc' dir='ltr'>καὶ</span> <span class='ocrx_word' id='word_1_554' title='bbox 928 3561 975 3594; x_wconf 80' lang='grc' dir='ltr'>τοὶ</span> <span class='ocrx_word' id='word_1_555' title='bbox 993 3562 1145 3595; x_wconf 84' lang='grc' dir='ltr'>τοιαῦτα</span> <span class='ocrx_word' id='word_1_556' title='bbox 1166 3563 1350 3606; x_wconf 88' lang='grc' dir='ltr'>παραπλη-</span> 
     </span>
     <span class='ocr_line' id='line_1_68' title="bbox 350 3603 1348 3652; baseline 0.005 -20"><span class='ocrx_word' id='word_1_557' title='bbox 350 3603 426 3639; x_wconf 85' lang='grc' dir='ltr'>σίως</span> <span class='ocrx_word' id='word_1_558' title='bbox 450 3607 520 3641; x_wconf 85' lang='grc' dir='ltr'>τοῖς</span> <span class='ocrx_word' id='word_1_559' title='bbox 546 3603 654 3644; x_wconf 84' lang='grc' dir='ltr'>ξύλοις</span> <span class='ocrx_word' id='word_1_560' title='bbox 676 3605 821 3648; x_wconf 80' lang='grc' dir='ltr'>ἀτμίζει.</span> <span class='ocrx_word' id='word_1_561' title='bbox 851 3604 948 3637; x_wconf 77' lang='grc' dir='ltr'>Ἐπεὶ</span> <span class='ocrx_word' id='word_1_562' title='bbox 967 3604 1024 3638; x_wconf 79' lang='grc' dir='ltr'>οὖν</span> <span class='ocrx_word' id='word_1_563' title='bbox 1045 3605 1161 3644; x_wconf 74' lang='grc' dir='ltr'>τηκτά</span> <span class='ocrx_word' id='word_1_564' title='bbox 1176 3618 1214 3652; x_wconf 86' lang='grc' dir='ltr'>γε</span> <span class='ocrx_word' id='word_1_565' title='bbox 1232 3606 1348 3639; x_wconf 84' lang='grc' dir='ltr'>θετέον</span> 
     </span>
     <span class='ocr_line' id='line_1_69' title="bbox 349 3645 1349 3694; baseline 0.006 -17"><span class='ocrx_word' id='word_1_566' title='bbox 349 3648 406 3678; x_wconf 83' lang='grc' dir='ltr'>καὶ</span> <span class='ocrx_word' id='word_1_567' title='bbox 433 3645 495 3679; x_wconf 77' lang='grc' dir='ltr'>ὅσα</span> <span class='ocrx_word' id='word_1_568' title='bbox 521 3648 666 3684; x_wconf 73' lang='grc' dir='ltr'>τήκεται</span> <span class='ocrx_word' id='word_1_569' title='bbox 692 3650 758 3681; x_wconf 80' lang='grc' dir='ltr'>ύπὸ</span> <span class='ocrx_word' id='word_1_570' title='bbox 784 3650 899 3694; x_wconf 77' lang='grc' dir='ltr'>πυρὸς,</span> <span class='ocrx_word' id='word_1_571' title='bbox 927 3648 1030 3683; x_wconf 77' lang='grc' dir='ltr'>ταῦτ’</span> <span class='ocrx_word' id='word_1_572' title='bbox 1058 3649 1150 3684; x_wconf 75' lang='grc' dir='ltr'>ἐστὶν</span> <span class='ocrx_word' id='word_1_573' title='bbox 1177 3645 1349 3684; x_wconf 73' lang='grc' dir='ltr'>ύδατωδέ-</span> 
     </span>
    </p>
   </div>
   <div class='ocr_carea' id='block_1_14' title="bbox 1399 781 2520 822">
    <p class='ocr_par' dir='ltr' id='par_1_14' title="bbox 1399 781 2520 822">
     <span class='ocr_line' id='line_1_70' title="bbox 1399 781 2520 822; baseline 0.005 -11"><span class='ocrx_word' id='word_1_574' title='bbox 1399 782 1417 800; x_wconf 68' lang='lat'>³⁶</span> <span class='ocrx_word' id='word_1_575' title='bbox 1433 781 1492 812; x_wconf 91' lang='lat' dir='ltr'>His</span> <span class='ocrx_word' id='word_1_576' title='bbox 1508 787 1617 812; x_wconf 87' lang='lat' dir='ltr'>autem</span> <span class='ocrx_word' id='word_1_577' title='bbox 1635 782 1838 822; x_wconf 80' lang='lat' dir='ltr'>passionibus</span> <span class='ocrx_word' id='word_1_578' title='bbox 1857 789 1889 814; x_wconf 90' lang='lat' dir='ltr'>et</span> <span class='ocrx_word' id='word_1_579' title='bbox 1903 783 1953 815; x_wconf 89' lang='lat' dir='ltr'>his</span> <span class='ocrx_word' id='word_1_580' title='bbox 1969 783 2150 816; x_wconf 86' lang='lat' dir='ltr'>differentiis</span> <span class='ocrx_word' id='word_1_581' title='bbox 2165 783 2399 816; x_wconf 86' lang='lat' dir='ltr'>homoeomera</span> <span class='ocrx_word' id='word_1_582' title='bbox 2412 795 2482 817; x_wconf 87' lang='lat' dir='ltr'>cor·</span> <span class='ocrx_word' id='word_1_583' title='bbox 2510 788 2520 799; x_wconf 81' lang='lat'><em>⁶</em></span> 
     </span>
    </p>
   </div>
   <div class='ocr_carea' id='block_1_15' title="bbox 1466 826 2490 1318">
    <p class='ocr_par' dir='ltr' id='par_1_15' title="bbox 1466 826 2490 1318">
     <span class='ocr_line' id='line_1_71' title="bbox 1467 826 2483 868; baseline 0.005 -11"><span class='ocrx_word' id='word_1_584' title='bbox 1467 831 1598 868; x_wconf 74' lang='lat' dir='ltr'>porum,</span> <span class='ocrx_word' id='word_1_585' title='bbox 1622 826 1705 858; x_wconf 88' lang='lat' dir='ltr'>sicut</span> <span class='ocrx_word' id='word_1_586' title='bbox 1720 826 1842 858; x_wconf 90' lang='lat' dir='ltr'>dictum</span> <span class='ocrx_word' id='word_1_587' title='bbox 1859 834 1916 866; x_wconf 87' lang='lat' dir='ltr'>est,</span> <span class='ocrx_word' id='word_1_588' title='bbox 1941 828 2090 861; x_wconf 84' lang='lat' dir='ltr'>differunt</span> <span class='ocrx_word' id='word_1_589' title='bbox 2104 829 2285 861; x_wconf 85' lang='lat' dir='ltr'>abinvicem</span> <span class='ocrx_word' id='word_1_590' title='bbox 2302 831 2483 863; x_wconf 82' lang='lat' dir='ltr'>secundum</span> 
     </span>
     <span class='ocr_line' id='line_1_72' title="bbox 1467 871 2480 913; baseline 0.006 -12"><span class='ocrx_word' id='word_1_591' title='bbox 1467 878 1607 910; x_wconf 89' lang='lat' dir='ltr'>tactum,</span> <span class='ocrx_word' id='word_1_592' title='bbox 1638 877 1670 902; x_wconf 87' lang='lat' dir='ltr'>et</span> <span class='ocrx_word' id='word_1_593' title='bbox 1693 871 1798 902; x_wconf 81' lang='lat' dir='ltr'>adhuc</span> <span class='ocrx_word' id='word_1_594' title='bbox 1821 871 1989 913; x_wconf 85' lang='lat' dir='ltr'>saporibus</span> <span class='ocrx_word' id='word_1_595' title='bbox 2019 881 2051 905; x_wconf 94' lang='lat' dir='ltr'>et</span> <span class='ocrx_word' id='word_1_596' title='bbox 2074 874 2229 906; x_wconf 84' lang='lat' dir='ltr'>odoribus</span> <span class='ocrx_word' id='word_1_597' title='bbox 2253 881 2284 906; x_wconf 88' lang='lat' dir='ltr'>et</span> <span class='ocrx_word' id='word_1_598' title='bbox 2307 875 2480 908; x_wconf 82' lang='lat' dir='ltr'>coloribus.</span> 
     </span>
     <span class='ocr_line' id='line_1_73' title="bbox 1468 915 2481 960; baseline 0.006 -14"><span class='ocrx_word' id='word_1_599' title='bbox 1468 916 1550 947; x_wconf 88' lang='lat' dir='ltr'>Dico</span> <span class='ocrx_word' id='word_1_600' title='bbox 1573 922 1682 947; x_wconf 82' lang='lat' dir='ltr'>autem</span> <span class='ocrx_word' id='word_1_601' title='bbox 1705 915 1939 948; x_wconf 88' lang='lat' dir='ltr'>homoeomera</span> <span class='ocrx_word' id='word_1_602' title='bbox 1961 917 2049 949; x_wconf 89' lang='lat' dir='ltr'>velut</span> <span class='ocrx_word' id='word_1_603' title='bbox 2071 928 2154 960; x_wconf 85' lang='lat' dir='ltr'>quae</span> <span class='ocrx_word' id='word_1_604' title='bbox 2177 919 2392 959; x_wconf 85' lang='lat' dir='ltr'>metallantur,</span> <span class='ocrx_word' id='word_1_605' title='bbox 2416 930 2481 960; x_wconf 87' lang='lat' dir='ltr'>aes,</span> 
     </span>
     <span class='ocr_line' id='line_1_74' title="bbox 1468 961 2483 1005; baseline 0.006 -14"><span class='ocrx_word' id='word_1_606' title='bbox 1468 970 1600 999; x_wconf 89' lang='lat' dir='ltr'>aurum,</span> <span class='ocrx_word' id='word_1_607' title='bbox 1625 967 1808 1001; x_wconf 84' lang='lat' dir='ltr'>argentum,</span> <span class='ocrx_word' id='word_1_608' title='bbox 1831 968 2000 1000; x_wconf 86' lang='lat' dir='ltr'>stannum,</span> <span class='ocrx_word' id='word_1_609' title='bbox 2024 961 2161 1002; x_wconf 82' lang='lat' dir='ltr'>ferrum,</span> <span class='ocrx_word' id='word_1_610' title='bbox 2191 963 2333 1005; x_wconf 81' lang='lat' dir='ltr'>lapidem</span> <span class='ocrx_word' id='word_1_611' title='bbox 2361 971 2394 996; x_wconf 93' lang='lat' dir='ltr'>et</span> <span class='ocrx_word' id='word_1_612' title='bbox 2421 965 2483 997; x_wconf 83' lang='lat' dir='ltr'>alia</span> 
     </span>
     <span class='ocr_line' id='line_1_75' title="bbox 1469 1005 2479 1052; baseline 0.007 -17"><span class='ocrx_word' id='word_1_613' title='bbox 1469 1005 1559 1044; x_wconf 84' lang='lat' dir='ltr'>talia,</span> <span class='ocrx_word' id='word_1_614' title='bbox 1591 1012 1622 1036; x_wconf 95' lang='lat' dir='ltr'>et</span> <span class='ocrx_word' id='word_1_615' title='bbox 1646 1015 1870 1047; x_wconf 84' lang='lat' dir='ltr'>quaecumque</span> <span class='ocrx_word' id='word_1_616' title='bbox 1893 1016 1931 1037; x_wconf 88' lang='lat' dir='ltr'>ex</span> <span class='ocrx_word' id='word_1_617' title='bbox 1953 1005 2003 1037; x_wconf 86' lang='lat' dir='ltr'>his</span> <span class='ocrx_word' id='word_1_618' title='bbox 2026 1005 2110 1038; x_wconf 87' lang='lat' dir='ltr'>fiunt</span> <span class='ocrx_word' id='word_1_619' title='bbox 2132 1015 2311 1049; x_wconf 84' lang='lat' dir='ltr'>segregata;</span> <span class='ocrx_word' id='word_1_620' title='bbox 2342 1015 2374 1041; x_wconf 86' lang='lat' dir='ltr'>et</span> <span class='ocrx_word' id='word_1_621' title='bbox 2395 1019 2479 1052; x_wconf 83' lang='lat' dir='ltr'>quae</span> 
     </span>
     <span class='ocr_line' id='line_1_76' title="bbox 1467 1049 2482 1096; baseline 0.005 -15"><span class='ocrx_word' id='word_1_622' title='bbox 1467 1050 1501 1081; x_wconf 92' lang='lat' dir='ltr'>in</span> <span class='ocrx_word' id='word_1_623' title='bbox 1517 1049 1709 1083; x_wconf 78' lang='lat' dir='ltr'>animalibus</span> <span class='ocrx_word' id='word_1_624' title='bbox 1733 1057 1764 1082; x_wconf 90' lang='lat' dir='ltr'>et</span> <span class='ocrx_word' id='word_1_625' title='bbox 1779 1050 1906 1091; x_wconf 80' lang='lat' dir='ltr'>plantis,</span> <span class='ocrx_word' id='word_1_626' title='bbox 1922 1051 2011 1082; x_wconf 91' lang='lat' dir='ltr'>velut</span> <span class='ocrx_word' id='word_1_627' title='bbox 2027 1061 2146 1092; x_wconf 85' lang='lat' dir='ltr'>carnes,</span> <span class='ocrx_word' id='word_1_628' title='bbox 2171 1061 2254 1092; x_wconf 84' lang='lat' dir='ltr'>ossa,</span> <span class='ocrx_word' id='word_1_629' title='bbox 2270 1062 2398 1094; x_wconf 83' lang='lat' dir='ltr'>nervus,</span> <span class='ocrx_word' id='word_1_630' title='bbox 2415 1054 2482 1096; x_wconf 87' lang='lat' dir='ltr'>pel·</span> 
     </span>
     <span class='ocr_line' id='line_1_77' title="bbox 1466 1093 2483 1138; baseline 0.006 -13"><span class='ocrx_word' id='word_1_631' title='bbox 1466 1094 1522 1134; x_wconf 86' lang='lat' dir='ltr'>lis,</span> <span class='ocrx_word' id='word_1_632' title='bbox 1545 1094 1680 1133; x_wconf 84' lang='lat' dir='ltr'>viscera,</span> <span class='ocrx_word' id='word_1_633' title='bbox 1703 1095 1777 1135; x_wconf 88' lang='lat' dir='ltr'>pili,</span> <span class='ocrx_word' id='word_1_634' title='bbox 1800 1095 1880 1134; x_wconf 89' lang='lat' dir='ltr'>ines,</span> <span class='ocrx_word' id='word_1_635' title='bbox 1905 1105 2016 1135; x_wconf 82' lang='lat' dir='ltr'>venae,</span> <span class='ocrx_word' id='word_1_636' title='bbox 2043 1106 2083 1127; x_wconf 86' lang='lat' dir='ltr'>ex</span> <span class='ocrx_word' id='word_1_637' title='bbox 2105 1096 2224 1138; x_wconf 83' lang='lat' dir='ltr'>quibus</span> <span class='ocrx_word' id='word_1_638' title='bbox 2245 1097 2313 1128; x_wconf 80' lang='lat' dir='ltr'>iam</span> <span class='ocrx_word' id='word_1_639' title='bbox 2334 1093 2483 1132; x_wconf 78' lang='lat' dir='ltr'>constant</span> 
     </span>
     <span class='ocr_line' id='line_1_78' title="bbox 1469 1139 2490 1183; baseline 0.006 -13"><span class='ocrx_word' id='word_1_640' title='bbox 1469 1150 1731 1178; x_wconf 86' lang='lat' dir='ltr'>anomoeomera,</span> <span class='ocrx_word' id='word_1_641' title='bbox 1748 1146 1827 1181; x_wconf 88' lang='lat' dir='ltr'>puta</span> <span class='ocrx_word' id='word_1_642' title='bbox 1850 1139 1956 1179; x_wconf 89' lang='lat' dir='ltr'>facies,</span> <span class='ocrx_word' id='word_1_643' title='bbox 1973 1150 2100 1181; x_wconf 85' lang='lat' dir='ltr'>manus,</span> <span class='ocrx_word' id='word_1_644' title='bbox 2116 1151 2174 1183; x_wconf 81' lang='lat' dir='ltr'>pes</span> <span class='ocrx_word' id='word_1_645' title='bbox 2197 1149 2229 1174; x_wconf 90' lang='lat' dir='ltr'>et</span> <span class='ocrx_word' id='word_1_646' title='bbox 2251 1141 2312 1174; x_wconf 76' lang='lat' dir='ltr'>alia</span> <span class='ocrx_word' id='word_1_647' title='bbox 2334 1142 2428 1182; x_wconf 57' lang='lat' dir='ltr'>tulin</span> <span class='ocrx_word' id='word_1_648' title='bbox 2451 1139 2490 1176; x_wconf 32' lang='lat' dir='ltr'>et*</span> 
     </span>
     <span class='ocr_line' id='line_1_79' title="bbox 1468 1184 2483 1230; baseline 0.004 -14"><span class='ocrx_word' id='word_1_649' title='bbox 1468 1184 1502 1216; x_wconf 91' lang='lat' dir='ltr'>in</span> <span class='ocrx_word' id='word_1_650' title='bbox 1518 1185 1634 1226; x_wconf 88' lang='lat' dir='ltr'>plantis</span> <span class='ocrx_word' id='word_1_651' title='bbox 1654 1184 1792 1225; x_wconf 86' lang='lat' dir='ltr'>lignum,</span> <span class='ocrx_word' id='word_1_652' title='bbox 1817 1191 1935 1224; x_wconf 85' lang='lat' dir='ltr'>cortex,</span> <span class='ocrx_word' id='word_1_653' title='bbox 1949 1185 2079 1226; x_wconf 83' lang='lat' dir='ltr'>folium,</span> <span class='ocrx_word' id='word_1_654' title='bbox 2098 1186 2188 1219; x_wconf 85' lang='lat' dir='ltr'>radix</span> <span class='ocrx_word' id='word_1_655' title='bbox 2210 1193 2241 1218; x_wconf 91' lang='lat' dir='ltr'>et</span> <span class='ocrx_word' id='word_1_656' title='bbox 2257 1184 2483 1230; x_wconf 83' lang='lat' dir='ltr'>quaecumque</span> 
     </span>
     <span class='ocr_line' id='line_1_80' title="bbox 1467 1229 2483 1272; baseline 0.006 -12"><span class='ocrx_word' id='word_1_657' title='bbox 1467 1229 1551 1261; x_wconf 87' lang='lat' dir='ltr'>talia.</span> <span class='ocrx_word' id='word_1_658' title='bbox 1577 1229 1743 1267; x_wconf 89' lang='lat' dir='ltr'>Quoniam</span> <span class='ocrx_word' id='word_1_659' title='bbox 1766 1236 1876 1261; x_wconf 89' lang='lat' dir='ltr'>autem</span> <span class='ocrx_word' id='word_1_660' title='bbox 1898 1229 1977 1262; x_wconf 88' lang='lat' dir='ltr'>haec</span> <span class='ocrx_word' id='word_1_661' title='bbox 2000 1230 2134 1272; x_wconf 87' lang='lat' dir='ltr'>quidem</span> <span class='ocrx_word' id='word_1_662' title='bbox 2156 1231 2196 1262; x_wconf 89' lang='lat' dir='ltr'>ab</span> <span class='ocrx_word' id='word_1_663' title='bbox 2219 1230 2281 1263; x_wconf 88' lang='lat' dir='ltr'>alia</span> <span class='ocrx_word' id='word_1_664' title='bbox 2304 1241 2400 1264; x_wconf 78' lang='lat' dir='ltr'>causa</span> <span class='ocrx_word' id='word_1_665' title='bbox 2418 1232 2483 1267; x_wconf 67' lang='lat' dir='ltr'>exi-</span> 
     </span>
     <span class='ocr_line' id='line_1_81' title="bbox 1469 1270 2483 1318; baseline 0.007 -13"><span class='ocrx_word' id='word_1_666' title='bbox 1469 1281 1571 1313; x_wconf 86' lang='lat' dir='ltr'>stunt,</span> <span class='ocrx_word' id='word_1_667' title='bbox 1596 1285 1633 1306; x_wconf 86' lang='lat' dir='ltr'>ex</span> <span class='ocrx_word' id='word_1_668' title='bbox 1656 1274 1775 1316; x_wconf 81' lang='lat' dir='ltr'>quibus</span> <span class='ocrx_word' id='word_1_669' title='bbox 1798 1281 1907 1306; x_wconf 81' lang='lat' dir='ltr'>autem</span> <span class='ocrx_word' id='word_1_670' title='bbox 1930 1274 2027 1314; x_wconf 85' lang='lat' dir='ltr'>haec,</span> <span class='ocrx_word' id='word_1_671' title='bbox 2050 1275 2183 1307; x_wconf 89' lang='lat' dir='ltr'>materia</span> <span class='ocrx_word' id='word_1_672' title='bbox 2205 1276 2338 1318; x_wconf 84' lang='lat' dir='ltr'>quidem</span> <span class='ocrx_word' id='word_1_673' title='bbox 2359 1270 2483 1312; x_wconf 66' lang='lat' dir='ltr'>decani</span> 
     </span>
    </p>
   </div>
   <div class='ocr_carea' id='block_1_16' title="bbox 1468 1318 2516 1364">
    <p class='ocr_par' dir='ltr' id='par_1_16' title="bbox 1468 1318 2516 1364">
     <span class='ocr_line' id='line_1_82' title="bbox 1468 1318 2516 1364; baseline 0.006 -14"><span class='ocrx_word' id='word_1_674' title='bbox 1468 1325 1500 1351; x_wconf 88' lang='lat' dir='ltr'>et</span> <span class='ocrx_word' id='word_1_675' title='bbox 1513 1319 1698 1358; x_wconf 88' lang='lat' dir='ltr'>humidum,</span> <span class='ocrx_word' id='word_1_676' title='bbox 1722 1329 1821 1361; x_wconf 84' lang='lat' dir='ltr'>quare</span> <span class='ocrx_word' id='word_1_677' title='bbox 1837 1329 1921 1361; x_wconf 84' lang='lat' dir='ltr'>aqua</span> <span class='ocrx_word' id='word_1_678' title='bbox 1945 1326 1976 1351; x_wconf 91' lang='lat' dir='ltr'>et</span> <span class='ocrx_word' id='word_1_679' title='bbox 1991 1326 2074 1352; x_wconf 82' lang='lat' dir='ltr'>terra</span> <span class='ocrx_word' id='word_1_680' title='bbox 2096 1318 2188 1364; x_wconf 88' lang='lat' dir='ltr'>(haec</span> <span class='ocrx_word' id='word_1_681' title='bbox 2204 1321 2291 1352; x_wconf 88' lang='lat' dir='ltr'>enim</span> <span class='ocrx_word' id='word_1_682' title='bbox 2314 1321 2482 1361; x_wconf 69' lang='lat' dir='ltr'>evidenti·-</span> <span class='ocrx_word' id='word_1_683' title='bbox 2512 1357 2516 1360; x_wconf 76' lang='grc'>,</span> 
     </span>
    </p>
   </div>
   <div class='ocr_carea' id='block_1_17' title="bbox 1467 1363 2494 1719">
    <p class='ocr_par' dir='ltr' id='par_1_17' title="bbox 1467 1363 2494 1719">
     <span class='ocr_line' id='line_1_83' title="bbox 1469 1363 2484 1409; baseline 0.005 -15"><span class='ocrx_word' id='word_1_684' title='bbox 1469 1364 1584 1395; x_wconf 89' lang='lat' dir='ltr'>simam</span> <span class='ocrx_word' id='word_1_685' title='bbox 1600 1364 1719 1395; x_wconf 87' lang='lat' dir='ltr'>habent</span> <span class='ocrx_word' id='word_1_686' title='bbox 1737 1364 1916 1405; x_wconf 85' lang='lat' dir='ltr'>potentiam</span> <span class='ocrx_word' id='word_1_687' title='bbox 1931 1371 2107 1407; x_wconf 87' lang='lat' dir='ltr'>utrumque</span> <span class='ocrx_word' id='word_1_688' title='bbox 2121 1363 2320 1409; x_wconf 84' lang='lat' dir='ltr'>utriusque);</span> <span class='ocrx_word' id='word_1_689' title='bbox 2335 1365 2484 1403; x_wconf 69' lang='lat' dir='ltr'>facientia</span> 
     </span>
     <span class='ocr_line' id='line_1_84' title="bbox 1467 1407 2484 1452; baseline 0.003 -13"><span class='ocrx_word' id='word_1_690' title='bbox 1467 1415 1577 1441; x_wconf 88' lang='lat' dir='ltr'>autem</span> <span class='ocrx_word' id='word_1_691' title='bbox 1588 1409 1728 1440; x_wconf 89' lang='lat' dir='ltr'>calidum</span> <span class='ocrx_word' id='word_1_692' title='bbox 1745 1415 1775 1440; x_wconf 93' lang='lat' dir='ltr'>et</span> <span class='ocrx_word' id='word_1_693' title='bbox 1790 1408 1941 1450; x_wconf 83' lang='lat' dir='ltr'>frigidum</span> <span class='ocrx_word' id='word_1_694' title='bbox 1953 1407 2046 1452; x_wconf 88' lang='lat' dir='ltr'>(haec</span> <span class='ocrx_word' id='word_1_695' title='bbox 2058 1409 2146 1441; x_wconf 88' lang='lat' dir='ltr'>enim</span> <span class='ocrx_word' id='word_1_696' title='bbox 2160 1417 2305 1442; x_wconf 75' lang='lat' dir='ltr'>constare</span> <span class='ocrx_word' id='word_1_697' title='bbox 2318 1409 2440 1444; x_wconf 82' lang='lat' dir='ltr'>faciunt</span> <span class='ocrx_word' id='word_1_698' title='bbox 2447 1407 2484 1446; x_wconf 59' lang='lat' dir='ltr'>‚ei</span> 
     </span>
     <span class='ocr_line' id='line_1_85' title="bbox 1469 1452 2484 1499; baseline 0.002 -13"><span class='ocrx_word' id='word_1_699' title='bbox 1469 1454 1641 1495; x_wconf 82' lang='lat' dir='ltr'>coagulant</span> <span class='ocrx_word' id='word_1_700' title='bbox 1655 1464 1693 1485; x_wconf 88' lang='lat' dir='ltr'>ex</span> <span class='ocrx_word' id='word_1_701' title='bbox 1711 1452 1805 1497; x_wconf 87' lang='lat' dir='ltr'>illis);</span> <span class='ocrx_word' id='word_1_702' title='bbox 1829 1453 2023 1495; x_wconf 81' lang='lat' dir='ltr'>accipiamus</span> <span class='ocrx_word' id='word_1_703' title='bbox 2037 1453 2349 1487; x_wconf 84' lang='lat' dir='ltr'>homoeomerorum</span> <span class='ocrx_word' id='word_1_704' title='bbox 2368 1455 2484 1499; x_wconf 73' lang='lat' dir='ltr'>‚qualia</span> 
     </span>
     <span class='ocr_line' id='line_1_86' title="bbox 1468 1495 2481 1542; baseline 0.004 -12"><span class='ocrx_word' id='word_1_705' title='bbox 1468 1505 1568 1530; x_wconf 88' lang='lat' dir='ltr'>terrae</span> <span class='ocrx_word' id='word_1_706' title='bbox 1591 1498 1730 1540; x_wconf 86' lang='lat' dir='ltr'>species,</span> <span class='ocrx_word' id='word_1_707' title='bbox 1761 1505 1793 1530; x_wconf 91' lang='lat' dir='ltr'>et</span> <span class='ocrx_word' id='word_1_708' title='bbox 1815 1498 1923 1540; x_wconf 86' lang='lat' dir='ltr'>qualia</span> <span class='ocrx_word' id='word_1_709' title='bbox 1946 1509 2066 1540; x_wconf 86' lang='lat' dir='ltr'>aquae,</span> <span class='ocrx_word' id='word_1_710' title='bbox 2091 1505 2122 1531; x_wconf 88' lang='lat' dir='ltr'>et</span> <span class='ocrx_word' id='word_1_711' title='bbox 2144 1499 2252 1542; x_wconf 85' lang='lat' dir='ltr'>qualia</span> <span class='ocrx_word' id='word_1_712' title='bbox 2279 1495 2481 1538; x_wconf 66' lang='lat' dir='ltr'>communen.</span> 
     </span>
     <span class='ocr_line' id='line_1_87' title="bbox 1469 1541 2482 1587; baseline 0.004 -13"><span class='ocrx_word' id='word_1_713' title='bbox 1469 1543 1552 1575; x_wconf 86' lang='lat' dir='ltr'>Sunt</span> <span class='ocrx_word' id='word_1_714' title='bbox 1566 1543 1675 1584; x_wconf 88' lang='lat' dir='ltr'>itaque</span> <span class='ocrx_word' id='word_1_715' title='bbox 1691 1553 1866 1584; x_wconf 86' lang='lat' dir='ltr'>corporum</span> <span class='ocrx_word' id='word_1_716' title='bbox 1878 1543 2085 1575; x_wconf 87' lang='lat' dir='ltr'>conditorum</span> <span class='ocrx_word' id='word_1_717' title='bbox 2096 1543 2175 1576; x_wconf 84' lang='lat' dir='ltr'>haec</span> <span class='ocrx_word' id='word_1_718' title='bbox 2190 1544 2325 1587; x_wconf 84' lang='lat' dir='ltr'>quidem</span> <span class='ocrx_word' id='word_1_719' title='bbox 2334 1541 2482 1587; x_wconf 55' lang='lat' dir='ltr'>humih&#39;,</span> 
     </span>
     <span class='ocr_line' id='line_1_88' title="bbox 1468 1587 2483 1627; baseline 0.002 -7"><span class='ocrx_word' id='word_1_720' title='bbox 1468 1587 1546 1620; x_wconf 85' lang='lat' dir='ltr'>haec</span> <span class='ocrx_word' id='word_1_721' title='bbox 1570 1594 1680 1619; x_wconf 85' lang='lat' dir='ltr'>autem</span> <span class='ocrx_word' id='word_1_722' title='bbox 1702 1587 1834 1627; x_wconf 89' lang='lat' dir='ltr'>mollia,</span> <span class='ocrx_word' id='word_1_723' title='bbox 1861 1587 1940 1620; x_wconf 82' lang='lat' dir='ltr'>haec</span> <span class='ocrx_word' id='word_1_724' title='bbox 1963 1595 2072 1620; x_wconf 89' lang='lat' dir='ltr'>autem</span> <span class='ocrx_word' id='word_1_725' title='bbox 2095 1589 2185 1621; x_wconf 80' lang='lat' dir='ltr'>dura.</span> <span class='ocrx_word' id='word_1_726' title='bbox 2219 1589 2351 1622; x_wconf 86' lang='lat' dir='ltr'>Horum</span> <span class='ocrx_word' id='word_1_727' title='bbox 2371 1588 2483 1627; x_wconf 76' lang='lat' dir='ltr'>autem</span> 
     </span>
     <span class='ocr_line' id='line_1_89' title="bbox 1467 1626 2494 1684; baseline 0.004 -20"><span class='ocrx_word' id='word_1_728' title='bbox 1467 1642 1693 1684; x_wconf 72' lang='lat' dir='ltr'>quaecumque</span> <span class='ocrx_word' id='word_1_729' title='bbox 1717 1632 1797 1664; x_wconf 85' lang='lat' dir='ltr'>dura</span> <span class='ocrx_word' id='word_1_730' title='bbox 1819 1639 1876 1664; x_wconf 88' lang='lat' dir='ltr'>aut</span> <span class='ocrx_word' id='word_1_731' title='bbox 1898 1632 2010 1664; x_wconf 89' lang='lat' dir='ltr'>mollia</span> <span class='ocrx_word' id='word_1_732' title='bbox 2033 1633 2269 1676; x_wconf 75' lang='lat' dir='ltr'>coagulatione,</span> <span class='ocrx_word' id='word_1_733' title='bbox 2287 1626 2494 1677; x_wconf 42' lang='lat' dir='ltr'>diffluit&amp;</span> 
     </span>
     <span class='ocr_line' id='line_1_90' title="bbox 1468 1687 1567 1719; baseline 0 -10"><span class='ocrx_word' id='word_1_734' title='bbox 1468 1687 1567 1719; x_wconf 77' lang='lat' dir='ltr'>pnus.</span> 
     </span>
    </p>
   </div>
   <div class='ocr_carea' id='block_1_18' title="bbox 1401 1755 2542 1819">
    <p class='ocr_par' dir='ltr' id='par_1_18' title="bbox 1401 1755 2542 1819">
     <span class='ocr_line' id='line_1_91' title="bbox 1401 1755 2542 1819; baseline 0.005 -15"><span class='ocrx_word' id='word_1_735' title='bbox 1401 1773 1623 1805; x_wconf 86' lang='lat' dir='ltr'>Humidorum</span> <span class='ocrx_word' id='word_1_736' title='bbox 1646 1773 1780 1816; x_wconf 84' lang='lat' dir='ltr'>quidem</span> <span class='ocrx_word' id='word_1_737' title='bbox 1801 1772 1899 1815; x_wconf 87' lang='lat' dir='ltr'>igitur</span> <span class='ocrx_word' id='word_1_738' title='bbox 1921 1755 2147 1816; x_wconf 82' lang='lat' dir='ltr'>quaecumque</span> <span class='ocrx_word' id='word_1_739' title='bbox 2162 1781 2347 1816; x_wconf 80' lang='lat' dir='ltr'>evaporant,</span> <span class='ocrx_word' id='word_1_740' title='bbox 2360 1782 2482 1819; x_wconf 49' lang='lat' dir='ltr'>aquen</span> <span class='ocrx_word' id='word_1_741' title='bbox 2539 1785 2542 1787; x_wconf 86' lang='grc'><strong>’</strong></span> 
     </span>
    </p>
   </div>
   <div class='ocr_carea' id='block_1_19' title="bbox 1467 1819 2484 2132">
    <p class='ocr_par' dir='ltr' id='par_1_19' title="bbox 1467 1819 2484 2132">
     <span class='ocr_line' id='line_1_92' title="bbox 1467 1819 2481 1860; baseline 0.007 -11"><span class='ocrx_word' id='word_1_742' title='bbox 1467 1828 1692 1860; x_wconf 89' lang='lat' dir='ltr'>quaecumque</span> <span class='ocrx_word' id='word_1_743' title='bbox 1716 1824 1826 1851; x_wconf 88' lang='lat' dir='ltr'>autem</span> <span class='ocrx_word' id='word_1_744' title='bbox 1849 1828 1927 1857; x_wconf 90' lang='lat' dir='ltr'>non,</span> <span class='ocrx_word' id='word_1_745' title='bbox 1944 1825 2000 1850; x_wconf 86' lang='lat' dir='ltr'>aut</span> <span class='ocrx_word' id='word_1_746' title='bbox 2017 1825 2129 1858; x_wconf 85' lang='lat' dir='ltr'>terrae,</span> <span class='ocrx_word' id='word_1_747' title='bbox 2145 1825 2202 1851; x_wconf 88' lang='lat' dir='ltr'>aut</span> <span class='ocrx_word' id='word_1_748' title='bbox 2220 1819 2481 1855; x_wconf 62' lang='lat' dir='ltr'>comatae-tw</span> 
     </span>
     <span class='ocr_line' id='line_1_93' title="bbox 1468 1862 2480 1907; baseline 0.005 -13"><span class='ocrx_word' id='word_1_749' title='bbox 1468 1873 1521 1894; x_wconf 88' lang='lat' dir='ltr'>rae</span> <span class='ocrx_word' id='word_1_750' title='bbox 1536 1869 1568 1894; x_wconf 87' lang='lat' dir='ltr'>et</span> <span class='ocrx_word' id='word_1_751' title='bbox 1583 1873 1696 1905; x_wconf 84' lang='lat' dir='ltr'>aquae,</span> <span class='ocrx_word' id='word_1_752' title='bbox 1712 1862 1803 1894; x_wconf 88' lang='lat' dir='ltr'>velut</span> <span class='ocrx_word' id='word_1_753' title='bbox 1817 1862 1878 1902; x_wconf 88' lang='lat' dir='ltr'>lac,</span> <span class='ocrx_word' id='word_1_754' title='bbox 1894 1869 1950 1895; x_wconf 87' lang='lat' dir='ltr'>aut</span> <span class='ocrx_word' id='word_1_755' title='bbox 1965 1869 2065 1895; x_wconf 88' lang='lat' dir='ltr'>terrae</span> <span class='ocrx_word' id='word_1_756' title='bbox 2080 1869 2112 1900; x_wconf 86' lang='lat' dir='ltr'>et</span> <span class='ocrx_word' id='word_1_757' title='bbox 2127 1863 2219 1903; x_wconf 85' lang='lat' dir='ltr'>aeris,</span> <span class='ocrx_word' id='word_1_758' title='bbox 2234 1863 2324 1896; x_wconf 77' lang='lat' dir='ltr'>velut</span> <span class='ocrx_word' id='word_1_759' title='bbox 2342 1862 2480 1907; x_wconf 64' lang='lat' dir='ltr'>lignum,</span> 
     </span>
     <span class='ocr_line' id='line_1_94' title="bbox 1468 1907 2483 1953; baseline 0.006 -14"><span class='ocrx_word' id='word_1_760' title='bbox 1468 1914 1525 1939; x_wconf 88' lang='lat' dir='ltr'>aut</span> <span class='ocrx_word' id='word_1_761' title='bbox 1547 1917 1649 1949; x_wconf 86' lang='lat' dir='ltr'>aquae</span> <span class='ocrx_word' id='word_1_762' title='bbox 1673 1914 1704 1939; x_wconf 93' lang='lat' dir='ltr'>et</span> <span class='ocrx_word' id='word_1_763' title='bbox 1727 1907 1818 1947; x_wconf 78' lang='lat' dir='ltr'>aeris,</span> <span class='ocrx_word' id='word_1_764' title='bbox 1840 1907 1930 1940; x_wconf 85' lang='lat' dir='ltr'>velut</span> <span class='ocrx_word' id='word_1_765' title='bbox 1952 1907 2074 1940; x_wconf 87' lang='lat' dir='ltr'>oleum.</span> <span class='ocrx_word' id='word_1_766' title='bbox 2098 1908 2141 1940; x_wconf 80' lang='lat' dir='ltr'>Et</span> <span class='ocrx_word' id='word_1_767' title='bbox 2162 1918 2391 1952; x_wconf 80' lang='lat' dir='ltr'>quaecumque</span> <span class='ocrx_word' id='word_1_768' title='bbox 2403 1909 2483 1953; x_wconf 58' lang='lat' dir='ltr'>v‹1⁸:3¹-</span> 
     </span>
     <span class='ocr_line' id='line_1_95' title="bbox 1468 1952 2483 1994; baseline 0.004 -11"><span class='ocrx_word' id='word_1_769' title='bbox 1468 1953 1543 1984; x_wconf 87' lang='lat' dir='ltr'>dem</span> <span class='ocrx_word' id='word_1_770' title='bbox 1560 1963 1579 1983; x_wconf 92' lang='lat' dir='ltr'>a</span> <span class='ocrx_word' id='word_1_771' title='bbox 1595 1952 1698 1984; x_wconf 83' lang='lat' dir='ltr'>calido</span> <span class='ocrx_word' id='word_1_772' title='bbox 1722 1952 1944 1994; x_wconf 81' lang='lat' dir='ltr'>coagulantur,</span> <span class='ocrx_word' id='word_1_773' title='bbox 1967 1952 2164 1985; x_wconf 84' lang='lat' dir='ltr'>communia.</span> <span class='ocrx_word' id='word_1_774' title='bbox 2189 1953 2356 1987; x_wconf 70' lang='lat' dir='ltr'>Dubitabit</span> <span class='ocrx_word' id='word_1_775' title='bbox 2372 1961 2483 1991; x_wconf 71' lang='lat' dir='ltr'>antem</span> 
     </span>
     <span class='ocr_line' id='line_1_96' title="bbox 1468 1996 2482 2041; baseline 0.005 -13"><span class='ocrx_word' id='word_1_776' title='bbox 1468 1997 1580 2039; x_wconf 89' lang='lat' dir='ltr'>utique</span> <span class='ocrx_word' id='word_1_777' title='bbox 1604 1997 1720 2041; x_wconf 85' lang='lat' dir='ltr'>aliquis</span> <span class='ocrx_word' id='word_1_778' title='bbox 1744 1997 1784 2029; x_wconf 89' lang='lat' dir='ltr'>de</span> <span class='ocrx_word' id='word_1_779' title='bbox 1806 1997 1884 2029; x_wconf 85' lang='lat' dir='ltr'>vino</span> <span class='ocrx_word' id='word_1_780' title='bbox 1906 1996 2134 2030; x_wconf 86' lang='lat' dir='ltr'>humidorum:</span> <span class='ocrx_word' id='word_1_781' title='bbox 2158 1997 2222 2030; x_wconf 84' lang='lat' dir='ltr'>hoc</span> <span class='ocrx_word' id='word_1_782' title='bbox 2244 1997 2332 2031; x_wconf 84' lang='lat' dir='ltr'>enim</span> <span class='ocrx_word' id='word_1_783' title='bbox 2356 2004 2390 2032; x_wconf 61' lang='grc' dir='ltr'>α</span> <span class='ocrx_word' id='word_1_784' title='bbox 2409 2009 2482 2033; x_wconf 72' lang='lat' dir='ltr'>eva·</span> 
     </span>
     <span class='ocr_line' id='line_1_97' title="bbox 1467 2041 2482 2084; baseline 0.003 -11"><span class='ocrx_word' id='word_1_785' title='bbox 1467 2042 1595 2084; x_wconf 75' lang='lat' dir='ltr'>poi-abit</span> <span class='ocrx_word' id='word_1_786' title='bbox 1617 2042 1742 2084; x_wconf 86' lang='lat' dir='ltr'>utique,</span> <span class='ocrx_word' id='word_1_787' title='bbox 1764 2049 1797 2074; x_wconf 90' lang='lat' dir='ltr'>et</span> <span class='ocrx_word' id='word_1_788' title='bbox 1818 2041 2016 2084; x_wconf 61' lang='lat' dir='ltr'>ingrossatuy</span> <span class='ocrx_word' id='word_1_789' title='bbox 2038 2042 2120 2075; x_wconf 82' lang='lat' dir='ltr'>sicut</span> <span class='ocrx_word' id='word_1_790' title='bbox 2142 2052 2278 2076; x_wconf 86' lang='lat' dir='ltr'>novum.</span> <span class='ocrx_word' id='word_1_791' title='bbox 2300 2042 2482 2079; x_wconf 55' lang='lat' dir='ltr'>Causae*-</span> 
     </span>
     <span class='ocr_line' id='line_1_98' title="bbox 1468 2086 2484 2132; baseline 0.005 -14"><span class='ocrx_word' id='word_1_792' title='bbox 1468 2093 1535 2119; x_wconf 87' lang='lat' dir='ltr'>tem</span> <span class='ocrx_word' id='word_1_793' title='bbox 1557 2086 1635 2128; x_wconf 88' lang='lat' dir='ltr'>quia</span> <span class='ocrx_word' id='word_1_794' title='bbox 1663 2086 1828 2128; x_wconf 84' lang='lat' dir='ltr'>neque&#39;in</span> <span class='ocrx_word' id='word_1_795' title='bbox 1850 2097 1916 2119; x_wconf 90' lang='lat' dir='ltr'>una</span> <span class='ocrx_word' id='word_1_796' title='bbox 1938 2086 2043 2128; x_wconf 86' lang='lat' dir='ltr'>specie</span> <span class='ocrx_word' id='word_1_797' title='bbox 2066 2086 2181 2119; x_wconf 84' lang='lat' dir='ltr'>dicitur</span> <span class='ocrx_word' id='word_1_798' title='bbox 2203 2088 2328 2128; x_wconf 83' lang='lat' dir='ltr'>vinum,</span> <span class='ocrx_word' id='word_1_799' title='bbox 2351 2094 2385 2122; x_wconf 83' lang='lat' dir='ltr'>et</span> <span class='ocrx_word' id='word_1_800' title='bbox 2405 2089 2484 2132; x_wconf 68' lang='lat' dir='ltr'>quie</span> 
     </span>
    </p>
   </div>
   <div class='ocr_carea' id='block_1_20' title="bbox 1469 2131 2551 2176">
    <p class='ocr_par' dir='ltr' id='par_1_20' title="bbox 1469 2131 2551 2176">
     <span class='ocr_line' id='line_1_99' title="bbox 1469 2131 2551 2176; baseline 0.005 -13"><span class='ocrx_word' id='word_1_801' title='bbox 1469 2132 1556 2163; x_wconf 86' lang='lat' dir='ltr'>aliud</span> <span class='ocrx_word' id='word_1_802' title='bbox 1572 2132 1677 2164; x_wconf 88' lang='lat' dir='ltr'>aliter:</span> <span class='ocrx_word' id='word_1_803' title='bbox 1703 2141 1827 2163; x_wconf 84' lang='lat' dir='ltr'>novum</span> <span class='ocrx_word' id='word_1_804' title='bbox 1842 2131 1930 2164; x_wconf 86' lang='lat' dir='ltr'>enim</span> <span class='ocrx_word' id='word_1_805' title='bbox 1946 2131 2048 2173; x_wconf 72' lang='lat' dir='ltr'>magis</span> <span class='ocrx_word' id='word_1_806' title='bbox 2065 2138 2164 2164; x_wconf 81' lang='lat' dir='ltr'>terrae</span> <span class='ocrx_word' id='word_1_807' title='bbox 2183 2142 2284 2174; x_wconf 80' lang='lat' dir='ltr'>quarn</span> <span class='ocrx_word' id='word_1_808' title='bbox 2298 2133 2481 2176; x_wconf 66' lang='lat' dir='ltr'>antiquum</span> <span class='ocrx_word' id='word_1_809' title='bbox 2534 2138 2551 2156; x_wconf 70' lang='lat'>-&#39;</span> 
     </span>
    </p>
   </div>
   <div class='ocr_carea' id='block_1_21' title="bbox 1467 2176 2484 3070">
    <p class='ocr_par' dir='ltr' id='par_1_21' title="bbox 1467 2176 2484 2889">
     <span class='ocr_line' id='line_1_100' title="bbox 1467 2176 2482 2220; baseline 0.004 -12"><span class='ocrx_word' id='word_1_810' title='bbox 1467 2177 1602 2218; x_wconf 85' lang='lat' dir='ltr'>Propter</span> <span class='ocrx_word' id='word_1_811' title='bbox 1624 2177 1715 2218; x_wconf 93' lang='lat' dir='ltr'>quod</span> <span class='ocrx_word' id='word_1_812' title='bbox 1741 2183 1773 2208; x_wconf 90' lang='lat' dir='ltr'>et</span> <span class='ocrx_word' id='word_1_813' title='bbox 1795 2176 1993 2218; x_wconf 83' lang='lat' dir='ltr'>ingrossatur</span> <span class='ocrx_word' id='word_1_814' title='bbox 2015 2176 2155 2209; x_wconf 84' lang='lat' dir='ltr'>maxime</span> <span class='ocrx_word' id='word_1_815' title='bbox 2178 2177 2282 2209; x_wconf 89' lang='lat' dir='ltr'>calido</span> <span class='ocrx_word' id='word_1_816' title='bbox 2310 2183 2482 2220; x_wconf 59' lang='lat' dir='ltr'>acomi-</span> 
     </span>
     <span class='ocr_line' id='line_1_101' title="bbox 1468 2221 2484 2262; baseline 0.004 -10"><span class='ocrx_word' id='word_1_817' title='bbox 1468 2222 1552 2254; x_wconf 81' lang='lat' dir='ltr'>latur</span> <span class='ocrx_word' id='word_1_818' title='bbox 1574 2221 1683 2252; x_wconf 87' lang='lat' dir='ltr'>minus</span> <span class='ocrx_word' id='word_1_819' title='bbox 1706 2231 1725 2253; x_wconf 87' lang='lat' dir='ltr'>a</span> <span class='ocrx_word' id='word_1_820' title='bbox 1748 2221 1882 2262; x_wconf 83' lang='lat' dir='ltr'>frigido:</span> <span class='ocrx_word' id='word_1_821' title='bbox 1905 2221 2002 2253; x_wconf 86' lang='lat' dir='ltr'>habet</span> <span class='ocrx_word' id='word_1_822' title='bbox 2023 2221 2110 2253; x_wconf 89' lang='lat' dir='ltr'>enim</span> <span class='ocrx_word' id='word_1_823' title='bbox 2129 2228 2161 2254; x_wconf 89' lang='lat' dir='ltr'>et</span> <span class='ocrx_word' id='word_1_824' title='bbox 2176 2221 2318 2254; x_wconf 84' lang='lat' dir='ltr'>calidum</span> <span class='ocrx_word' id='word_1_825' title='bbox 2339 2223 2484 2260; x_wconf 69' lang='lat' dir='ltr'>multum</span> 
     </span>
     <span class='ocr_line' id='line_1_102' title="bbox 1469 2265 2483 2308; baseline 0.003 -10"><span class='ocrx_word' id='word_1_826' title='bbox 1469 2274 1500 2298; x_wconf 88' lang='lat' dir='ltr'>et</span> <span class='ocrx_word' id='word_1_827' title='bbox 1523 2274 1633 2305; x_wconf 84' lang='lat' dir='ltr'>terrae,</span> <span class='ocrx_word' id='word_1_828' title='bbox 1658 2266 1741 2298; x_wconf 83' lang='lat' dir='ltr'>sicut</span> <span class='ocrx_word' id='word_1_829' title='bbox 1763 2266 1855 2308; x_wconf 88' lang='lat' dir='ltr'>quod</span> <span class='ocrx_word' id='word_1_830' title='bbox 1876 2265 1910 2297; x_wconf 89' lang='lat' dir='ltr'>in</span> <span class='ocrx_word' id='word_1_831' title='bbox 1933 2266 2070 2298; x_wconf 83' lang='lat' dir='ltr'>Arcadia</span> <span class='ocrx_word' id='word_1_832' title='bbox 2091 2265 2137 2298; x_wconf 78' lang='lat' dir='ltr'>sic</span> <span class='ocrx_word' id='word_1_833' title='bbox 2160 2267 2336 2300; x_wconf 78' lang='lat' dir='ltr'>exsiccatur</span> <span class='ocrx_word' id='word_1_834' title='bbox 2353 2277 2373 2300; x_wconf 81' lang='lat' dir='ltr'>a</span> <span class='ocrx_word' id='word_1_835' title='bbox 2388 2267 2483 2301; x_wconf 73' lang='lat' dir='ltr'>fimo</span> 
     </span>
     <span class='ocr_line' id='line_1_103' title="bbox 1468 2310 2482 2352; baseline 0.005 -10"><span class='ocrx_word' id='word_1_836' title='bbox 1468 2311 1502 2343; x_wconf 91' lang='lat' dir='ltr'>in</span> <span class='ocrx_word' id='word_1_837' title='bbox 1535 2311 1659 2343; x_wconf 84' lang='lat' dir='ltr'>utribus</span> <span class='ocrx_word' id='word_1_838' title='bbox 1692 2318 1729 2343; x_wconf 90' lang='lat' dir='ltr'>ut</span> <span class='ocrx_word' id='word_1_839' title='bbox 1758 2311 1913 2343; x_wconf 84' lang='lat' dir='ltr'>eductum</span> <span class='ocrx_word' id='word_1_840' title='bbox 1945 2310 2142 2352; x_wconf 81' lang='lat' dir='ltr'>coaguletur.</span> <span class='ocrx_word' id='word_1_841' title='bbox 2177 2311 2211 2343; x_wconf 89' lang='lat' dir='ltr'>Si</span> <span class='ocrx_word' id='word_1_842' title='bbox 2242 2318 2354 2346; x_wconf 81' lang='lat' dir='ltr'>autem</span> <span class='ocrx_word' id='word_1_843' title='bbox 2382 2321 2482 2347; x_wconf 69' lang='lat' dir='ltr'>omne</span> 
     </span>
     <span class='ocr_line' id='line_1_104' title="bbox 1470 2355 2483 2400; baseline 0.002 -12"><span class='ocrx_word' id='word_1_844' title='bbox 1470 2356 1592 2388; x_wconf 83' lang='lat' dir='ltr'>faecem</span> <span class='ocrx_word' id='word_1_845' title='bbox 1615 2356 1721 2395; x_wconf 84' lang='lat' dir='ltr'>habet,</span> <span class='ocrx_word' id='word_1_846' title='bbox 1746 2356 1791 2388; x_wconf 88' lang='lat' dir='ltr'>sic</span> <span class='ocrx_word' id='word_1_847' title='bbox 1813 2355 1982 2398; x_wconf 81' lang='lat' dir='ltr'>utriusque</span> <span class='ocrx_word' id='word_1_848' title='bbox 2005 2362 2068 2395; x_wconf 84' lang='lat' dir='ltr'>est,</span> <span class='ocrx_word' id='word_1_849' title='bbox 2091 2362 2148 2388; x_wconf 85' lang='lat' dir='ltr'>aut</span> <span class='ocrx_word' id='word_1_850' title='bbox 2170 2362 2270 2388; x_wconf 85' lang='lat' dir='ltr'>terrae</span> <span class='ocrx_word' id='word_1_851' title='bbox 2288 2363 2345 2391; x_wconf 82' lang='lat' dir='ltr'>aut</span> <span class='ocrx_word' id='word_1_852' title='bbox 2366 2363 2483 2400; x_wconf 56' lang='grc' dir='ltr'>ψη,</span> 
     </span>
     <span class='ocr_line' id='line_1_105' title="bbox 1469 2399 2484 2444; baseline 0.003 -11"><span class='ocrx_word' id='word_1_853' title='bbox 1469 2409 1506 2433; x_wconf 90' lang='lat' dir='ltr'>ut</span> <span class='ocrx_word' id='word_1_854' title='bbox 1528 2401 1625 2433; x_wconf 86' lang='lat' dir='ltr'>huius</span> <span class='ocrx_word' id='word_1_855' title='bbox 1656 2401 1752 2432; x_wconf 86' lang='lat' dir='ltr'>habet</span> <span class='ocrx_word' id='word_1_856' title='bbox 1782 2399 2034 2433; x_wconf 82' lang='lat' dir='ltr'>multitudinem.</span> <span class='ocrx_word' id='word_1_857' title='bbox 2066 2400 2303 2444; x_wconf 83' lang='lat' dir='ltr'>Quaecumque</span> <span class='ocrx_word' id='word_1_858' title='bbox 2330 2409 2442 2436; x_wconf 72' lang='lat' dir='ltr'>auten</span> <span class='ocrx_word' id='word_1_859' title='bbox 2462 2412 2484 2436; x_wconf 76' lang='grc' dir='ltr'>ι</span> 
     </span>
     <span class='ocr_line' id='line_1_106' title="bbox 1469 2445 2483 2487; baseline 0.003 -9"><span class='ocrx_word' id='word_1_860' title='bbox 1469 2446 1586 2487; x_wconf 81' lang='lat' dir='ltr'>frigido</span> <span class='ocrx_word' id='word_1_861' title='bbox 1602 2446 1832 2487; x_wconf 83' lang='lat' dir='ltr'>ingrossantur,</span> <span class='ocrx_word' id='word_1_862' title='bbox 1847 2452 1957 2478; x_wconf 89' lang='lat' dir='ltr'>terrae.</span> <span class='ocrx_word' id='word_1_863' title='bbox 1981 2445 2216 2487; x_wconf 85' lang='lat' dir='ltr'>Quaecumque</span> <span class='ocrx_word' id='word_1_864' title='bbox 2234 2452 2344 2479; x_wconf 76' lang='lat' dir='ltr'>autem</span> <span class='ocrx_word' id='word_1_865' title='bbox 2358 2447 2399 2480; x_wconf 78' lang='lat' dir='ltr'>ab</span> <span class='ocrx_word' id='word_1_866' title='bbox 2414 2456 2483 2481; x_wconf 82' lang='lat' dir='ltr'>am-</span> 
     </span>
     <span class='ocr_line' id='line_1_107' title="bbox 1468 2489 2483 2532; baseline 0.003 -10"><span class='ocrx_word' id='word_1_867' title='bbox 1468 2491 1586 2530; x_wconf 85' lang='lat' dir='ltr'>bobus,</span> <span class='ocrx_word' id='word_1_868' title='bbox 1602 2490 1790 2522; x_wconf 83' lang='lat' dir='ltr'>communia</span> <span class='ocrx_word' id='word_1_869' title='bbox 1812 2490 1968 2532; x_wconf 87' lang='lat' dir='ltr'>plurium,</span> <span class='ocrx_word' id='word_1_870' title='bbox 1984 2490 2072 2522; x_wconf 84' lang='lat' dir='ltr'>velut</span> <span class='ocrx_word' id='word_1_871' title='bbox 2087 2489 2199 2523; x_wconf 89' lang='lat' dir='ltr'>oleum</span> <span class='ocrx_word' id='word_1_872' title='bbox 2215 2497 2247 2523; x_wconf 90' lang='lat' dir='ltr'>et</span> <span class='ocrx_word' id='word_1_873' title='bbox 2261 2490 2327 2525; x_wconf 88' lang='lat' dir='ltr'>mel</span> <span class='ocrx_word' id='word_1_874' title='bbox 2342 2497 2375 2524; x_wconf 74' lang='lat' dir='ltr'>et</span> <span class='ocrx_word' id='word_1_875' title='bbox 2387 2491 2483 2531; x_wconf 70' lang='lat' dir='ltr'>dulce</span> 
     </span>
     <span class='ocr_line' id='line_1_108' title="bbox 1467 2535 2482 2578; baseline 0.002 -11"><span class='ocrx_word' id='word_1_876' title='bbox 1467 2536 1593 2568; x_wconf 86' lang='lat' dir='ltr'>vinum.</span> <span class='ocrx_word' id='word_1_877' title='bbox 1617 2535 1880 2568; x_wconf 79' lang='lat' dir='ltr'>constitutorum</span> <span class='ocrx_word' id='word_1_878' title='bbox 1899 2541 2008 2566; x_wconf 83' lang='lat' dir='ltr'>autem</span> <span class='ocrx_word' id='word_1_879' title='bbox 2022 2543 2247 2577; x_wconf 88' lang='lat' dir='ltr'>quaecumque</span> <span class='ocrx_word' id='word_1_880' title='bbox 2261 2535 2395 2578; x_wconf 74' lang='lat' dir='ltr'>quidem</span> <span class='ocrx_word' id='word_1_881' title='bbox 2409 2545 2482 2569; x_wconf 79' lang='lat' dir='ltr'>coa·-</span> 
     </span>
     <span class='ocr_line' id='line_1_109' title="bbox 1468 2579 2482 2622; baseline 0.001 -10"><span class='ocrx_word' id='word_1_882' title='bbox 1468 2581 1576 2622; x_wconf 85' lang='lat' dir='ltr'>gulata</span> <span class='ocrx_word' id='word_1_883' title='bbox 1599 2587 1676 2612; x_wconf 88' lang='lat' dir='ltr'>sunt</span> <span class='ocrx_word' id='word_1_884' title='bbox 1693 2590 1712 2611; x_wconf 89' lang='lat' dir='ltr'>a</span> <span class='ocrx_word' id='word_1_885' title='bbox 1728 2579 1855 2620; x_wconf 84' lang='lat' dir='ltr'>frigido,</span> <span class='ocrx_word' id='word_1_886' title='bbox 1874 2586 1993 2621; x_wconf 87' lang='lat' dir='ltr'>aquae;</span> <span class='ocrx_word' id='word_1_887' title='bbox 2015 2579 2106 2611; x_wconf 87' lang='lat' dir='ltr'>velut</span> <span class='ocrx_word' id='word_1_888' title='bbox 2122 2579 2249 2621; x_wconf 77' lang='lat' dir='ltr'>glacies,</span> <span class='ocrx_word' id='word_1_889' title='bbox 2266 2579 2332 2620; x_wconf 81' lang='lat' dir='ltr'>nix,</span> <span class='ocrx_word' id='word_1_890' title='bbox 2347 2580 2482 2622; x_wconf 77' lang='lat' dir='ltr'>grando,</span> 
     </span>
     <span class='ocr_line' id='line_1_110' title="bbox 1468 2622 2482 2668; baseline 0.005 -12"><span class='ocrx_word' id='word_1_891' title='bbox 1468 2625 1594 2668; x_wconf 86' lang='lat' dir='ltr'>pruina.</span> <span class='ocrx_word' id='word_1_892' title='bbox 1611 2625 1846 2666; x_wconf 82' lang='lat' dir='ltr'>Quaecumque</span> <span class='ocrx_word' id='word_1_893' title='bbox 1861 2630 1971 2656; x_wconf 84' lang='lat' dir='ltr'>autem</span> <span class='ocrx_word' id='word_1_894' title='bbox 1986 2634 2006 2655; x_wconf 91' lang='lat' dir='ltr'>a</span> <span class='ocrx_word' id='word_1_895' title='bbox 2019 2623 2133 2663; x_wconf 90' lang='lat' dir='ltr'>calido,</span> <span class='ocrx_word' id='word_1_896' title='bbox 2149 2625 2266 2664; x_wconf 74' lang='lat' dir='ltr'>terrae;</span> <span class='ocrx_word' id='word_1_897' title='bbox 2289 2622 2379 2659; x_wconf 73' lang='lat' dir='ltr'>velut</span> <span class='ocrx_word' id='word_1_898' title='bbox 2391 2625 2482 2667; x_wconf 72' lang='lat' dir='ltr'>hoer,</span> 
     </span>
     <span class='ocr_line' id='line_1_111' title="bbox 1468 2669 2483 2710; baseline 0 -8"><span class='ocrx_word' id='word_1_899' title='bbox 1468 2680 1590 2708; x_wconf 83' lang='lat' dir='ltr'>caseus,</span> <span class='ocrx_word' id='word_1_900' title='bbox 1610 2669 1741 2708; x_wconf 84' lang='lat' dir='ltr'>nitrum,</span> <span class='ocrx_word' id='word_1_901' title='bbox 1762 2669 1853 2701; x_wconf 87' lang='lat' dir='ltr'>sales.</span> <span class='ocrx_word' id='word_1_902' title='bbox 1878 2669 2113 2710; x_wconf 84' lang='lat' dir='ltr'>Quaecumque</span> <span class='ocrx_word' id='word_1_903' title='bbox 2137 2676 2246 2701; x_wconf 86' lang='lat' dir='ltr'>autem</span> <span class='ocrx_word' id='word_1_904' title='bbox 2262 2670 2302 2703; x_wconf 82' lang='lat' dir='ltr'>ab</span> <span class='ocrx_word' id='word_1_905' title='bbox 2322 2669 2483 2706; x_wconf 60' lang='lat' dir='ltr'>ambobus</span> 
     </span>
     <span class='ocr_line' id='line_1_112' title="bbox 1470 2712 2483 2758; baseline 0.001 -11"><span class='ocrx_word' id='word_1_906' title='bbox 1470 2713 1562 2758; x_wconf 91' lang='lat' dir='ltr'>(talia</span> <span class='ocrx_word' id='word_1_907' title='bbox 1586 2721 1695 2746; x_wconf 90' lang='lat' dir='ltr'>autem</span> <span class='ocrx_word' id='word_1_908' title='bbox 1713 2720 1789 2746; x_wconf 85' lang='lat' dir='ltr'>sunt</span> <span class='ocrx_word' id='word_1_909' title='bbox 1807 2713 2040 2755; x_wconf 65' lang='lat' dir='ltr'>quaecumquev</span> <span class='ocrx_word' id='word_1_910' title='bbox 2056 2712 2309 2754; x_wconf 78' lang='lat' dir='ltr'>infrigidatione:</span> <span class='ocrx_word' id='word_1_911' title='bbox 2332 2714 2412 2748; x_wconf 85' lang='lat' dir='ltr'>haec</span> <span class='ocrx_word' id='word_1_912' title='bbox 2422 2724 2483 2752; x_wconf 55' lang='lat' dir='ltr'>‚any</span> 
     </span>
     <span class='ocr_line' id='line_1_113' title="bbox 1469 2758 2484 2801; baseline 0.002 -10"><span class='ocrx_word' id='word_1_913' title='bbox 1469 2767 1536 2792; x_wconf 87' lang='lat' dir='ltr'>tem</span> <span class='ocrx_word' id='word_1_914' title='bbox 1559 2766 1635 2791; x_wconf 92' lang='lat' dir='ltr'>sunt</span> <span class='ocrx_word' id='word_1_915' title='bbox 1657 2768 1882 2801; x_wconf 87' lang='lat' dir='ltr'>quaecumque</span> <span class='ocrx_word' id='word_1_916' title='bbox 1910 2758 2083 2790; x_wconf 87' lang='lat' dir='ltr'>amborum</span> <span class='ocrx_word' id='word_1_917' title='bbox 2106 2758 2303 2800; x_wconf 84' lang='lat' dir='ltr'>privatione,</span> <span class='ocrx_word' id='word_1_918' title='bbox 2334 2758 2429 2793; x_wconf 71' lang='lat' dir='ltr'>calidi</span> <span class='ocrx_word' id='word_1_919' title='bbox 2451 2759 2484 2795; x_wconf 63' lang='lat' dir='ltr'>et</span> 
     </span>
     <span class='ocr_line' id='line_1_114' title="bbox 1469 2802 2484 2847; baseline 0.001 -11"><span class='ocrx_word' id='word_1_920' title='bbox 1469 2804 1595 2836; x_wconf 88' lang='lat' dir='ltr'>humidi</span> <span class='ocrx_word' id='word_1_921' title='bbox 1625 2803 1724 2835; x_wconf 81' lang='lat' dir='ltr'>simul</span> <span class='ocrx_word' id='word_1_922' title='bbox 1753 2802 1941 2844; x_wconf 84' lang='lat' dir='ltr'>egredientis</span> <span class='ocrx_word' id='word_1_923' title='bbox 1976 2812 2052 2835; x_wconf 85' lang='lat' dir='ltr'>cum</span> <span class='ocrx_word' id='word_1_924' title='bbox 2081 2803 2204 2836; x_wconf 88' lang='lat' dir='ltr'>calido:</span> <span class='ocrx_word' id='word_1_925' title='bbox 2237 2804 2318 2836; x_wconf 75' lang='lat' dir='ltr'>salec</span> <span class='ocrx_word' id='word_1_926' title='bbox 2349 2804 2484 2847; x_wconf 65' lang='lat' dir='ltr'>quidem</span> 
     </span>
     <span class='ocr_line' id='line_1_115' title="bbox 1469 2846 2363 2889; baseline 0 -9"><span class='ocrx_word' id='word_1_927' title='bbox 1469 2849 1557 2881; x_wconf 89' lang='lat' dir='ltr'>enim</span> <span class='ocrx_word' id='word_1_928' title='bbox 1579 2847 1705 2880; x_wconf 88' lang='lat' dir='ltr'>humidi</span> <span class='ocrx_word' id='word_1_929' title='bbox 1736 2847 1837 2880; x_wconf 84' lang='lat' dir='ltr'>solius</span> <span class='ocrx_word' id='word_1_930' title='bbox 1865 2846 2043 2889; x_wconf 84' lang='lat' dir='ltr'>privatione</span> <span class='ocrx_word' id='word_1_931' title='bbox 2071 2847 2301 2889; x_wconf 78' lang='lat' dir='ltr'>coagulantur,</span> <span class='ocrx_word' id='word_1_932' title='bbox 2331 2855 2363 2886; x_wconf 86' lang='lat' dir='ltr'>et</span> 
     </span>
    </p>

    <p class='ocr_par' dir='ltr' id='par_1_22' title="bbox 1469 2891 2484 3070">
     <span class='ocr_line' id='line_1_116' title="bbox 1470 2891 2484 2938; baseline 0 -12"><span class='ocrx_word' id='word_1_933' title='bbox 1470 2903 1612 2935; x_wconf 90' lang='lat' dir='ltr'>cumque</span> <span class='ocrx_word' id='word_1_934' title='bbox 1631 2893 1751 2925; x_wconf 87' lang='lat' dir='ltr'>sincera</span> <span class='ocrx_word' id='word_1_935' title='bbox 1770 2900 1881 2932; x_wconf 84' lang='lat' dir='ltr'>terrae,</span> <span class='ocrx_word' id='word_1_936' title='bbox 1896 2891 2016 2933; x_wconf 64' lang='lat' dir='ltr'>glacies&gt;</span> <span class='ocrx_word' id='word_1_937' title='bbox 2027 2900 2137 2925; x_wconf 83' lang='lat' dir='ltr'>autem</span> <span class='ocrx_word' id='word_1_938' title='bbox 2153 2892 2246 2925; x_wconf 84' lang='lat' dir='ltr'>calidi</span> <span class='ocrx_word' id='word_1_939' title='bbox 2260 2891 2388 2938; x_wconf 67' lang='lat' dir='ltr'>solius),</span> <span class='ocrx_word' id='word_1_940' title='bbox 2403 2893 2484 2929; x_wconf 76' lang='lat' dir='ltr'>haee</span> 
     </span>
     <span class='ocr_line' id='line_1_117' title="bbox 1469 2937 2483 2979; baseline 0.001 -9"><span class='ocrx_word' id='word_1_941' title='bbox 1469 2946 1579 2970; x_wconf 88' lang='lat' dir='ltr'>autem</span> <span class='ocrx_word' id='word_1_942' title='bbox 1603 2939 1785 2970; x_wconf 86' lang='lat' dir='ltr'>amborum.</span> <span class='ocrx_word' id='word_1_943' title='bbox 1809 2938 1944 2979; x_wconf 85' lang='lat' dir='ltr'>Propter</span> <span class='ocrx_word' id='word_1_944' title='bbox 1966 2937 2057 2979; x_wconf 90' lang='lat' dir='ltr'>quod</span> <span class='ocrx_word' id='word_1_945' title='bbox 2080 2944 2112 2969; x_wconf 87' lang='lat' dir='ltr'>et</span> <span class='ocrx_word' id='word_1_946' title='bbox 2134 2937 2174 2969; x_wconf 88' lang='lat' dir='ltr'>ab</span> <span class='ocrx_word' id='word_1_947' title='bbox 2198 2937 2358 2970; x_wconf 83' lang='lat' dir='ltr'>ambobus</span> <span class='ocrx_word' id='word_1_948' title='bbox 2376 2945 2408 2971; x_wconf 85' lang='lat' dir='ltr'>et</span> <span class='ocrx_word' id='word_1_949' title='bbox 2425 2937 2483 2971; x_wconf 79' lang='lat' dir='ltr'>ha-</span> 
     </span>
     <span class='ocr_line' id='line_1_118' title="bbox 1469 2982 2483 3024; baseline 0.001 -9"><span class='ocrx_word' id='word_1_950' title='bbox 1469 2984 1586 3015; x_wconf 87' lang='lat' dir='ltr'>bebant</span> <span class='ocrx_word' id='word_1_951' title='bbox 1616 2983 1723 3015; x_wconf 88' lang='lat' dir='ltr'>ambo.</span> <span class='ocrx_word' id='word_1_952' title='bbox 1761 2983 2054 3024; x_wconf 87' lang='lat' dir='ltr'>Quorumcumque</span> <span class='ocrx_word' id='word_1_953' title='bbox 2084 2982 2218 3024; x_wconf 89' lang='lat' dir='ltr'>quidem</span> <span class='ocrx_word' id='word_1_954' title='bbox 2249 2982 2346 3023; x_wconf 79' lang='lat' dir='ltr'>igitur</span> <span class='ocrx_word' id='word_1_955' title='bbox 2374 2989 2483 3020; x_wconf 74' lang='lat' dir='ltr'>totum</span> 
     </span>
     <span class='ocr_line' id='line_1_119' title="bbox 1470 3025 2482 3070; baseline 0 -10"><span class='ocrx_word' id='word_1_956' title='bbox 1470 3028 1645 3067; x_wconf 85' lang='lat' dir='ltr'>exsudavit,</span> <span class='ocrx_word' id='word_1_957' title='bbox 1669 3027 1758 3059; x_wconf 87' lang='lat' dir='ltr'>velut</span> <span class='ocrx_word' id='word_1_958' title='bbox 1780 3028 1875 3066; x_wconf 86' lang='lat' dir='ltr'>later,</span> <span class='ocrx_word' id='word_1_959' title='bbox 1900 3033 1957 3058; x_wconf 92' lang='lat' dir='ltr'>aut</span> <span class='ocrx_word' id='word_1_960' title='bbox 1979 3026 2132 3059; x_wconf 83' lang='lat' dir='ltr'>electrum</span> <span class='ocrx_word' id='word_1_961' title='bbox 2157 3025 2294 3070; x_wconf 89' lang='lat' dir='ltr'>(etenim</span> <span class='ocrx_word' id='word_1_962' title='bbox 2317 3027 2482 3068; x_wconf 74' lang='lat' dir='ltr'>electrurn,</span> 
     </span>
    </p>
   </div>
   <div class='ocr_carea' id='block_1_22' title="bbox 1471 3071 2526 3115">
    <p class='ocr_par' dir='ltr' id='par_1_23' title="bbox 1471 3071 2526 3115">
     <span class='ocr_line' id='line_1_120' title="bbox 1471 3071 2526 3115; baseline 0 -10"><span class='ocrx_word' id='word_1_963' title='bbox 1471 3080 1502 3105; x_wconf 88' lang='lat' dir='ltr'>et</span> <span class='ocrx_word' id='word_1_964' title='bbox 1513 3082 1739 3115; x_wconf 86' lang='lat' dir='ltr'>quaecumque</span> <span class='ocrx_word' id='word_1_965' title='bbox 1755 3072 1906 3104; x_wconf 88' lang='lat' dir='ltr'>dicuntur</span> <span class='ocrx_word' id='word_1_966' title='bbox 1921 3078 1958 3104; x_wconf 89' lang='lat' dir='ltr'>ut</span> <span class='ocrx_word' id='word_1_967' title='bbox 1971 3071 2132 3110; x_wconf 83' lang='lat' dir='ltr'>lacrimae,</span> <span class='ocrx_word' id='word_1_968' title='bbox 2145 3071 2380 3113; x_wconf 80' lang='lat' dir='ltr'>infrigidatione</span> <span class='ocrx_word' id='word_1_969' title='bbox 2395 3078 2482 3112; x_wconf 59' lang='lat' dir='ltr'>suan</span> <span class='ocrx_word' id='word_1_970' title='bbox 2520 3104 2526 3111; x_wconf 86' lang='grc'>,</span> 
     </span>
    </p>
   </div>
   <div class='ocr_carea' id='block_1_23' title="bbox 1468 3116 2484 3292">
    <p class='ocr_par' dir='ltr' id='par_1_24' title="bbox 1468 3116 2484 3292">
     <span class='ocr_line' id='line_1_121' title="bbox 1468 3116 2484 3159; baseline 0.001 -11"><span class='ocrx_word' id='word_1_971' title='bbox 1468 3119 1557 3149; x_wconf 87' lang='lat' dir='ltr'>velut</span> <span class='ocrx_word' id='word_1_972' title='bbox 1580 3117 1719 3159; x_wconf 87' lang='lat' dir='ltr'>myrrha,</span> <span class='ocrx_word' id='word_1_973' title='bbox 1737 3117 1822 3156; x_wconf 88' lang='lat' dir='ltr'>thus,</span> <span class='ocrx_word' id='word_1_974' title='bbox 1839 3116 1982 3158; x_wconf 85' lang='lat' dir='ltr'>gummi:</span> <span class='ocrx_word' id='word_1_975' title='bbox 2007 3123 2038 3148; x_wconf 87' lang='lat' dir='ltr'>et</span> <span class='ocrx_word' id='word_1_976' title='bbox 2060 3116 2213 3148; x_wconf 88' lang='lat' dir='ltr'>electrum</span> <span class='ocrx_word' id='word_1_977' title='bbox 2234 3123 2343 3148; x_wconf 83' lang='lat' dir='ltr'>autem</span> <span class='ocrx_word' id='word_1_978' title='bbox 2357 3116 2484 3150; x_wconf 82' lang='lat' dir='ltr'>videtur</span> 
     </span>
     <span class='ocr_line' id='line_1_122' title="bbox 1470 3161 2482 3204; baseline -0.001 -10"><span class='ocrx_word' id='word_1_979' title='bbox 1470 3163 1567 3194; x_wconf 90' lang='lat' dir='ltr'>huius</span> <span class='ocrx_word' id='word_1_980' title='bbox 1590 3161 1731 3203; x_wconf 83' lang='lat' dir='ltr'>generis,</span> <span class='ocrx_word' id='word_1_981' title='bbox 1756 3169 1787 3193; x_wconf 91' lang='lat' dir='ltr'>et</span> <span class='ocrx_word' id='word_1_982' title='bbox 1810 3161 2015 3202; x_wconf 87' lang='lat' dir='ltr'>coagulatur;</span> <span class='ocrx_word' id='word_1_983' title='bbox 2044 3161 2218 3202; x_wconf 88' lang='lat' dir='ltr'>intercepta</span> <span class='ocrx_word' id='word_1_984' title='bbox 2242 3161 2330 3193; x_wconf 87' lang='lat' dir='ltr'>enim</span> <span class='ocrx_word' id='word_1_985' title='bbox 2352 3161 2387 3193; x_wconf 89' lang='lat' dir='ltr'>in</span> <span class='ocrx_word' id='word_1_986' title='bbox 2409 3161 2482 3204; x_wconf 71' lang='lat' dir='ltr'>ipso</span> 
     </span>
     <span class='ocr_line' id='line_1_123' title="bbox 1469 3205 2484 3246; baseline 0.001 -8"><span class='ocrx_word' id='word_1_987' title='bbox 1469 3207 1619 3238; x_wconf 86' lang='lat' dir='ltr'>animalia</span> <span class='ocrx_word' id='word_1_988' title='bbox 1634 3206 1799 3238; x_wconf 88' lang='lat' dir='ltr'>videntur:</span> <span class='ocrx_word' id='word_1_989' title='bbox 1820 3217 1838 3238; x_wconf 87' lang='lat' dir='ltr'>a</span> <span class='ocrx_word' id='word_1_990' title='bbox 1857 3205 1956 3238; x_wconf 88' lang='lat' dir='ltr'>fluvio</span> <span class='ocrx_word' id='word_1_991' title='bbox 1979 3213 2089 3238; x_wconf 88' lang='lat' dir='ltr'>autem</span> <span class='ocrx_word' id='word_1_992' title='bbox 2104 3206 2244 3238; x_wconf 84' lang='lat' dir='ltr'>calidum</span> <span class='ocrx_word' id='word_1_993' title='bbox 2260 3205 2378 3246; x_wconf 83' lang='lat' dir='ltr'>exiens,</span> <span class='ocrx_word' id='word_1_994' title='bbox 2394 3205 2484 3239; x_wconf 83' lang='lat' dir='ltr'>velut</span> 
     </span>
     <span class='ocr_line' id='line_1_124' title="bbox 1471 3249 2483 3292; baseline 0 -9"><span class='ocrx_word' id='word_1_995' title='bbox 1471 3251 1554 3283; x_wconf 90' lang='lat' dir='ltr'>cocti</span> <span class='ocrx_word' id='word_1_996' title='bbox 1579 3251 1694 3290; x_wconf 86' lang='lat' dir='ltr'>mellis,</span> <span class='ocrx_word' id='word_1_997' title='bbox 1711 3261 1787 3282; x_wconf 90' lang='lat' dir='ltr'>cum</span> <span class='ocrx_word' id='word_1_998' title='bbox 1810 3251 1843 3282; x_wconf 90' lang='lat' dir='ltr'>in</span> <span class='ocrx_word' id='word_1_999' title='bbox 1866 3260 1984 3292; x_wconf 86' lang='lat' dir='ltr'>aquam</span> <span class='ocrx_word' id='word_1_1000' title='bbox 2008 3250 2183 3289; x_wconf 85' lang='lat' dir='ltr'>demiseris,</span> <span class='ocrx_word' id='word_1_1001' title='bbox 2200 3257 2352 3292; x_wconf 87' lang='lat' dir='ltr'>evaporat</span> <span class='ocrx_word' id='word_1_1002' title='bbox 2374 3249 2483 3283; x_wconf 85' lang='lat' dir='ltr'>humi·</span> 
     </span>
    </p>
   </div>
   <div class='ocr_carea' id='block_1_24' title="bbox 1471 3294 2516 3382">
    <p class='ocr_par' dir='ltr' id='par_1_25' title="bbox 1471 3294 2516 3382">
     <span class='ocr_line' id='line_1_125' title="bbox 1471 3294 2516 3338; baseline -0.001 -11"><span class='ocrx_word' id='word_1_1003' title='bbox 1471 3294 1576 3338; x_wconf 90' lang='lat' dir='ltr'>dum),</span> <span class='ocrx_word' id='word_1_1004' title='bbox 1602 3296 1679 3327; x_wconf 86' lang='lat' dir='ltr'>haec</span> <span class='ocrx_word' id='word_1_1005' title='bbox 1703 3295 1813 3326; x_wconf 91' lang='lat' dir='ltr'>omnia</span> <span class='ocrx_word' id='word_1_1006' title='bbox 1836 3303 1946 3327; x_wconf 90' lang='lat' dir='ltr'>terrae.</span> <span class='ocrx_word' id='word_1_1007' title='bbox 1974 3295 2015 3327; x_wconf 89' lang='lat' dir='ltr'>Et</span> <span class='ocrx_word' id='word_1_1008' title='bbox 2038 3295 2115 3327; x_wconf 89' lang='lat' dir='ltr'>haec</span> <span class='ocrx_word' id='word_1_1009' title='bbox 2139 3294 2271 3337; x_wconf 88' lang='lat' dir='ltr'>quidem</span> <span class='ocrx_word' id='word_1_1010' title='bbox 2295 3294 2482 3337; x_wconf 77' lang='lat' dir='ltr'>illiquabilia</span> <span class='ocrx_word' id='word_1_1011' title='bbox 2513 3301 2516 3304; x_wconf 84' lang='lat'>&#39;</span> 
     </span>
     <span class='ocr_line' id='line_1_126' title="bbox 1471 3339 2513 3382; baseline 0 -11"><span class='ocrx_word' id='word_1_1012' title='bbox 1471 3348 1501 3372; x_wconf 89' lang='lat' dir='ltr'>et</span> <span class='ocrx_word' id='word_1_1013' title='bbox 1525 3339 1811 3379; x_wconf 83' lang='lat' dir='ltr'>immollificabilia,</span> <span class='ocrx_word' id='word_1_1014' title='bbox 1834 3340 1922 3372; x_wconf 87' lang='lat' dir='ltr'>velut</span> <span class='ocrx_word' id='word_1_1015' title='bbox 1946 3340 2114 3378; x_wconf 89' lang='lat' dir='ltr'>electrum,</span> <span class='ocrx_word' id='word_1_1016' title='bbox 2139 3346 2170 3371; x_wconf 94' lang='lat' dir='ltr'>et</span> <span class='ocrx_word' id='word_1_1017' title='bbox 2192 3339 2314 3381; x_wconf 80' lang='lat' dir='ltr'>lapides</span> <span class='ocrx_word' id='word_1_1018' title='bbox 2336 3339 2481 3381; x_wconf 84' lang='lat' dir='ltr'>quidam,</span> <span class='ocrx_word' id='word_1_1019' title='bbox 2506 3370 2513 3382; x_wconf 62' lang='lat'><em>,</em></span> 
     </span>
    </p>
   </div>
   <div class='ocr_carea' id='block_1_25' title="bbox 1470 3383 2483 3692">
    <p class='ocr_par' dir='ltr' id='par_1_26' title="bbox 1470 3383 2483 3692">
     <span class='ocr_line' id='line_1_127' title="bbox 1470 3383 2483 3427; baseline -0.001 -11"><span class='ocrx_word' id='word_1_1020' title='bbox 1470 3386 1558 3416; x_wconf 90' lang='lat' dir='ltr'>velut</span> <span class='ocrx_word' id='word_1_1021' title='bbox 1582 3385 1653 3426; x_wconf 89' lang='lat' dir='ltr'>pori</span> <span class='ocrx_word' id='word_1_1022' title='bbox 1677 3385 1733 3427; x_wconf 90' lang='lat' dir='ltr'>qui</span> <span class='ocrx_word' id='word_1_1023' title='bbox 1758 3385 1790 3416; x_wconf 90' lang='lat' dir='ltr'>in</span> <span class='ocrx_word' id='word_1_1024' title='bbox 1815 3384 1986 3426; x_wconf 83' lang='lat' dir='ltr'>speluncis.</span> <span class='ocrx_word' id='word_1_1025' title='bbox 2018 3384 2147 3416; x_wconf 87' lang='lat' dir='ltr'>Etenim</span> <span class='ocrx_word' id='word_1_1026' title='bbox 2175 3384 2208 3415; x_wconf 86' lang='lat' dir='ltr'>hi</span> <span class='ocrx_word' id='word_1_1027' title='bbox 2232 3383 2377 3416; x_wconf 84' lang='lat' dir='ltr'>similiter</span> <span class='ocrx_word' id='word_1_1028' title='bbox 2399 3383 2483 3416; x_wconf 85' lang='lat' dir='ltr'>flunt</span> 
     </span>
     <span class='ocr_line' id='line_1_128' title="bbox 1471 3428 2481 3470; baseline 0 -9"><span class='ocrx_word' id='word_1_1029' title='bbox 1471 3430 1536 3467; x_wconf 89' lang='lat' dir='ltr'>his;</span> <span class='ocrx_word' id='word_1_1030' title='bbox 1561 3437 1592 3461; x_wconf 92' lang='lat' dir='ltr'>et</span> <span class='ocrx_word' id='word_1_1031' title='bbox 1615 3439 1681 3460; x_wconf 93' lang='lat' dir='ltr'>non</span> <span class='ocrx_word' id='word_1_1032' title='bbox 1705 3430 1793 3461; x_wconf 91' lang='lat' dir='ltr'>velut</span> <span class='ocrx_word' id='word_1_1033' title='bbox 1815 3430 1854 3460; x_wconf 90' lang='lat' dir='ltr'>ab</span> <span class='ocrx_word' id='word_1_1034' title='bbox 1879 3429 1970 3470; x_wconf 85' lang='lat' dir='ltr'>igne,</span> <span class='ocrx_word' id='word_1_1035' title='bbox 2002 3429 2057 3460; x_wconf 88' lang='lat' dir='ltr'>sed</span> <span class='ocrx_word' id='word_1_1036' title='bbox 2081 3435 2117 3460; x_wconf 88' lang='lat' dir='ltr'>ut</span> <span class='ocrx_word' id='word_1_1037' title='bbox 2141 3439 2158 3460; x_wconf 93' lang='lat' dir='ltr'>a</span> <span class='ocrx_word' id='word_1_1038' title='bbox 2182 3428 2316 3470; x_wconf 77' lang='lat' dir='ltr'>frigido,</span> <span class='ocrx_word' id='word_1_1039' title='bbox 2347 3435 2481 3461; x_wconf 86' lang='lat' dir='ltr'>exeunte</span> 
     </span>
     <span class='ocr_line' id='line_1_129' title="bbox 1471 3473 2479 3515; baseline -0.002 -9"><span class='ocrx_word' id='word_1_1040' title='bbox 1471 3474 1585 3513; x_wconf 88' lang='lat' dir='ltr'>calido,</span> <span class='ocrx_word' id='word_1_1041' title='bbox 1605 3474 1804 3514; x_wconf 88' lang='lat' dir='ltr'>coegreditur</span> <span class='ocrx_word' id='word_1_1042' title='bbox 1823 3473 1995 3505; x_wconf 83' lang='lat' dir='ltr'>humidum</span> <span class='ocrx_word' id='word_1_1043' title='bbox 2011 3474 2051 3506; x_wconf 87' lang='lat' dir='ltr'>ab</span> <span class='ocrx_word' id='word_1_1044' title='bbox 2068 3483 2106 3505; x_wconf 89' lang='lat' dir='ltr'>ex</span> <span class='ocrx_word' id='word_1_1045' title='bbox 2121 3473 2193 3515; x_wconf 90' lang='lat' dir='ltr'>ipso</span> <span class='ocrx_word' id='word_1_1046' title='bbox 2210 3479 2343 3504; x_wconf 88' lang='lat' dir='ltr'>exeunte</span> <span class='ocrx_word' id='word_1_1047' title='bbox 2360 3473 2479 3510; x_wconf 87' lang='lat' dir='ltr'>calido:</span> 
     </span>
     <span class='ocr_line' id='line_1_130' title="bbox 1471 3518 2482 3559; baseline 0 -10"><span class='ocrx_word' id='word_1_1048' title='bbox 1471 3519 1502 3549; x_wconf 95' lang='lat' dir='ltr'>in</span> <span class='ocrx_word' id='word_1_1049' title='bbox 1524 3518 1591 3549; x_wconf 86' lang='lat' dir='ltr'>aliis</span> <span class='ocrx_word' id='word_1_1050' title='bbox 1616 3525 1723 3549; x_wconf 89' lang='lat' dir='ltr'>autem</span> <span class='ocrx_word' id='word_1_1051' title='bbox 1748 3519 1787 3549; x_wconf 89' lang='lat' dir='ltr'>ab</span> <span class='ocrx_word' id='word_1_1052' title='bbox 1811 3518 1986 3550; x_wconf 86' lang='lat' dir='ltr'>extrinseco</span> <span class='ocrx_word' id='word_1_1053' title='bbox 2010 3518 2093 3559; x_wconf 83' lang='lat' dir='ltr'>igne.</span> <span class='ocrx_word' id='word_1_1054' title='bbox 2119 3518 2353 3559; x_wconf 88' lang='lat' dir='ltr'>Quaecumque</span> <span class='ocrx_word' id='word_1_1055' title='bbox 2373 3524 2482 3549; x_wconf 88' lang='lat' dir='ltr'>autem</span> 
     </span>
     <span class='ocr_line' id='line_1_131' title="bbox 1472 3561 2482 3604; baseline -0.001 -10"><span class='ocrx_word' id='word_1_1056' title='bbox 1472 3574 1538 3594; x_wconf 90' lang='lat' dir='ltr'>non</span> <span class='ocrx_word' id='word_1_1057' title='bbox 1572 3570 1660 3601; x_wconf 88' lang='lat' dir='ltr'>tota,</span> <span class='ocrx_word' id='word_1_1058' title='bbox 1696 3570 1795 3594; x_wconf 86' lang='lat' dir='ltr'>terrae</span> <span class='ocrx_word' id='word_1_1059' title='bbox 1825 3562 1959 3604; x_wconf 89' lang='lat' dir='ltr'>quidem</span> <span class='ocrx_word' id='word_1_1060' title='bbox 1990 3570 2064 3594; x_wconf 89' lang='lat' dir='ltr'>sunt</span> <span class='ocrx_word' id='word_1_1061' title='bbox 2095 3562 2219 3603; x_wconf 85' lang='lat' dir='ltr'>magis,</span> <span class='ocrx_word' id='word_1_1062' title='bbox 2254 3561 2482 3593; x_wconf 82' lang='lat' dir='ltr'>mollificabilia</span> 
     </span>
     <span class='ocr_line' id='line_1_132' title="bbox 1472 3605 2482 3645; baseline 0 -7"><span class='ocrx_word' id='word_1_1063' title='bbox 1472 3615 1598 3645; x_wconf 84' lang='lat' dir='ltr'>autem;</span> <span class='ocrx_word' id='word_1_1064' title='bbox 1629 3607 1717 3638; x_wconf 88' lang='lat' dir='ltr'>velut</span> <span class='ocrx_word' id='word_1_1065' title='bbox 1741 3607 1859 3638; x_wconf 80' lang='lat' dir='ltr'>sermm</span> <span class='ocrx_word' id='word_1_1066' title='bbox 1891 3614 1921 3638; x_wconf 91' lang='lat' dir='ltr'>et</span> <span class='ocrx_word' id='word_1_1067' title='bbox 1952 3617 2063 3638; x_wconf 87' lang='lat' dir='ltr'>cornu.</span> <span class='ocrx_word' id='word_1_1068' title='bbox 2097 3607 2190 3638; x_wconf 88' lang='lat' dir='ltr'>Thus</span> <span class='ocrx_word' id='word_1_1069' title='bbox 2214 3613 2322 3638; x_wconf 82' lang='lat' dir='ltr'>autern</span> <span class='ocrx_word' id='word_1_1070' title='bbox 2354 3613 2385 3638; x_wconf 87' lang='lat' dir='ltr'>et</span> <span class='ocrx_word' id='word_1_1071' title='bbox 2407 3605 2482 3638; x_wconf 84' lang='lat' dir='ltr'>talia</span> 
     </span>
     <span class='ocr_line' id='line_1_133' title="bbox 1472 3650 2481 3692; baseline 0 -10"><span class='ocrx_word' id='word_1_1072' title='bbox 1472 3651 1614 3683; x_wconf 87' lang='lat' dir='ltr'>similiter</span> <span class='ocrx_word' id='word_1_1073' title='bbox 1629 3651 1722 3691; x_wconf 88' lang='lat' dir='ltr'>lignis</span> <span class='ocrx_word' id='word_1_1074' title='bbox 1739 3658 1904 3692; x_wconf 87' lang='lat' dir='ltr'>vaporant.</span> <span class='ocrx_word' id='word_1_1075' title='bbox 1929 3651 2094 3689; x_wconf 86' lang='lat' dir='ltr'>Quoniam</span> <span class='ocrx_word' id='word_1_1076' title='bbox 2117 3651 2213 3692; x_wconf 85' lang='lat' dir='ltr'>igitur</span> <span class='ocrx_word' id='word_1_1077' title='bbox 2235 3650 2399 3692; x_wconf 86' lang='lat' dir='ltr'>liquabilia</span> <span class='ocrx_word' id='word_1_1078' title='bbox 2422 3660 2481 3692; x_wconf 89' lang='lat' dir='ltr'>po-</span> 
     </span>
    </p>
   </div>
   <div class='ocr_carea' id='block_1_26' title="bbox 2528 297 2690 4062">
    <p class='ocr_par' dir='ltr' id='par_1_27' title="bbox 2528 297 2690 4062">
     <span class='ocr_line' id='line_1_134' title="bbox 2528 297 2690 4062; baseline 0 0"><span class='ocrx_word' id='word_1_1079' title='bbox 2528 297 2690 4062; x_wconf 95' lang='lat' dir='ltr'> </span> 
     </span>
    </p>
   </div>
  </div>
 </body>
</html>
