2782 4134
1034 233 1146 270 CAP.
1178 234 1226 281 11,
1257 232 1410 270 LECT.
1440 234 1489 270 111

2279 239 2352 287 393

939 467 1236 522 LECTIO
1275 467 1587 524 TERTIA

387 624 666 660 EXPLICATUR
689 625 779 656 CUR
801 626 942 664 MARE,
966 625 1061 656 ETSI
1087 626 1300 663 QUOTIDIE
1324 627 1417 658 TOT
1441 628 1499 658 ET
1528 629 1680 660 TANTA
1705 631 1899 663 FLUMINA
1922 633 2140 673 RECIPIAT,

336 683 490 713 TAMEN
513 682 606 713 NON
629 683 825 713 VIDETUR
849 682 1073 713 CRESCERE
1098 700 1116 705 -
1141 683 1364 714 REIICITUR
1387 684 1633 717 SENTENTIA
1656 688 1869 720 PLATONIS
1893 690 1950 721 DE
1974 691 2185 723 TARTARO

162 817 209 851 Τό
233 812 272 850 δὲ
295 817 411 860 ζητεῖν
443 816 508 853 τήν
545 816 692 872 ἀρχαίαν
727 817 894 860 ἀπορίαν,
921 812 980 849 διά
1005 819 1039 850 τί
1065 817 1233 850 τοσοῦτον
1287 818 1305 836 ⁴*
1329 819 1487 856 Quaerere
1519 827 1626 852 autern
1654 823 1817 864 antiquam
1844 826 2094 867 dubitationem,
2121 836 2251 869 propter
2278 831 2355 871 quid

230 861 360 899 πλῆθος
381 857 508 898 ὕδατος
527 861 681 906 οὐδαμοῦ
698 863 858 904 φαίνεται
882 860 978 905 (καθ’
1000 861 1150 899 ἑκάστην
1168 862 1233 908 γάρ

229 905 359 951 ἡμέραν
385 906 552 949 ποταμῶν
576 906 721 952 ῥεόντων
752 905 993 951 ἀναριθμήτων
1025 907 1084 938 καὶ
1111 906 1152 938 τὸ
1177 906 1236 949 με’-

228 949 327 998 γεθος
354 949 528 991 ἀπλέτων,
554 950 651 984 οὐθὲν
677 951 698 988 ή
723 949 890 984 θάλαττα
914 953 1050 997 γίνεται
1075 952 1233 994 πλείων),

162 993 391 1071 τοῢτφΙούθέν
416 995 476 1039 μὲν
503 994 635 1029 ἄτοπον
663 996 980 1072 ἀνὲορῆσαίὶτινας,
1007 996 1046 1051 οὗ
1063 995 1150 1070 ἱμῆνλ
1162 993 1234 1070 ἐξει-

275 1053 290 1073 ε
318 1042 395 1073 αντί
451 1052 465 1072 ε
524 1041 651 1074 αλεπόν
685 1041 787 1072 ἱεῖν·
814 1052 855 1072 το
911 1040 932 1072 ά
983 1051 1072 1072 αυτο
1105 1052 1129 1072 π
1155 1040 1175 1076 ἦ
1200 1051 1234 1077 ος

228 1038 358 1123 {Salii-oc
382 1052 587 1124 εὶςγπλχάτος
614 1098 651 1119 τε
677 1080 842 1117 διαταθὲν
874 1052 949 1116 ἔαὶρ
967 1083 1086 1129 ἁθρόον
1113 1084 1173 1116 οὐκ
1199 1084 1232 1115 ἐν

229 1130 289 1171 ’ίσῳ
318 1127 426 1174 χρόνῳ
453 1129 740 1173 ἀναξηραίνεται,
769 1126 859 1161 ἄλλα
889 1124 1040 1173 διαφέρει
1065 1129 1232 1162 τοσοῦτον

189 1192 192 1194 ·
228 1172 319 1207 ὥστε
342 1173 390 1215 55}
408 1169 668 1219 μὲψδιαμείναι
695 1173 734 1206 ἂν
761 1172 841 1210 ὅλην
866 1173 931 1209 τήν
957 1173 1105 1217 ἡμέραν,
1132 1168 1230 1225 τόχδ’

167 1217 338 1262 ’ῐἺῆΰπερ
356 1220 386 1250 εἴ
402 1229 453 1256 τις
471 1219 528 1252 ἐπὶ
548 1218 724 1264 τράπεζαν
742 1217 894 1264 μεγάλην
917 1220 1132 1262 περιτείνειεν
1152 1215 1233 1248 ὕὸα-

186 1284 189 1293 «
230 1273 289 1300 τος
313 1261 455 1305 κύαθον,
483 1263 556 1307 ἅμα
579 1259 832 1307 διανοουμένοις
859 1261 898 1294 ἂν
926 1260 1122 1307 άφανισθείη
1149 1262 1231 1293 πᾶν.

219 1307 263 1339 “0
285 1301 329 1344 δή
359 1310 426 1351 καὶ>
451 1310 524 1352 περὶ
550 1309 632 1346 τούς
661 1306 841 1362 ποταμοὺς
861 1307 1061 1351 συμβαίνει·
1088 1306 1232 1351 συνεχῶς

197 1351 199 1353 ’
227 1350 294 1398 γᾶρ
316 1350 464 1397 ῥεόντων
491 1351 633 1398 ἀθρόων,
655 1353 705 1385 ἀεὶ
727 1363 768 1384 το
795 1350 1036 1396 ἀφικνούμενον
1054 1351 1098 1389 εἰς
1118 1350 1231 1395 ἀχανῆ

168 1391 287 1428 ω’κάὶ
312 1396 448 1429 πλατῦν
474 1396 583 1430 τόπον
602 1395 868 1441 ἀναξηραίνεται
886 1396 979 1442 ταχύ
1003 1397 1062 1427 καὶ
1082 1390 1229 1432 ἀδήλως.

160 1439 209 1474 Ἑὸ
232 1435 262 1472 δ’
292 1440 325 1472 ἐν
351 1441 400 1483 τῷ
425 1437 576 1474 Φαίδωνι
605 1439 839 1488 γεγραμμένον
864 1443 938 1485 περί
963 1452 1002 1472 τε
1027 1440 1095 1472 τῶν
1121 1451 1234 1472 ποτα-

169 1495 191 1507 2·
227 1485 297 1531 μῶν
320 1487 381 1518 καὶ
398 1486 461 1524 τῆς
478 1485 659 1524 θαλάττης
678 1480 859 1518 ἀδύνατόν
869 1483 963 1517 ἐστιν
975 1496 983 1504 ·
1007 1483 1151 1530 λέγεται
1167 1484 1232 1530 γάρ

170 1547 172 1555 ι
226 1527 277 1568 ὥς
297 1528 441 1563 ἅπαντα
472 1531 532 1574 μὲν
558 1531 604 1569 εἰς
630 1530 777 1567 ἄλληλα,
795 1529 1027 1574 συντέτρηται
1060 1529 1127 1561 aad
1150 1529 1231 1575 γῆν,

230 1573 319 1630 ἀρχή
343 1569 381 1607 δὲ
406 1573 546 1608 πάντων
577 1577 628 1612 εἴη
661 1576 719 1606 καὶ
753 1572 848 1619 πηγή
875 1575 942 1607 τῶν
968 1568 1104 1606 ὑδάτων
1131 1574 1147 1606 ό
1171 1585 1232 1605 κα-

183 1656 185 1659 ,
225 1620 389 1663 λουμενος
413 1618 609 1662 Τάρταρος,
636 1620 710 1664 περὶ
736 1618 778 1650 τό
803 1616 905 1662 μέσον
932 1612 1060 1656 ὕδατός
1086 1629 1120 1651 τι
1146 1618 1232 1654 πλῆ-

167 1656 202 1703 ’,,
226 1660 304 1704 θος,
332 1661 367 1704 ἐξ
393 1661 431 1695 οὗ
459 1666 518 1695 καὶ
543 1663 592 1696 τά
614 1661 740 1708 ῥέοντα
770 1664 829 1694 καὶ
856 1662 904 1695 τά
927 1662 974 1708 μή
998 1661 1123 1708 ῥέοντα
1150 1663 1231 1695 ἀνα-

166 1702 345 1740 ΠΜδίδωσι
377 1709 516 1741 πάντα·
541 1707 606 1745 τήν
631 1703 662 1739 δ’
689 1707 856 1751 ἐπίρρυσιν
886 1711 994 1740 ποιεῖν
1021 1707 1068 1751 ἐφ’
1096 1705 1231 1740 ἕκαστα

165 1753 295 1785 ἐνα-ῶν
319 1751 497 1797 ῥευμάτων
522 1747 583 1785 διά
605 1752 648 1785 τό
677 1751 836 1784 σαλεύειν
863 1752 914 1784 ἀεὶ
939 1752 981 1784 τό
1006 1752 1141 1794 πρῶτον
1171 1754 1230 1784 καὶ

164 1796 294 1838 η’]ῇτήν
320 1795 448 1841 ἀρχήν·
476 1797 536 1829 οὐκ.
562 1797 652 1842 ἔχειν
677 1796 742 1844 γάρ
768 1791 883 1838 ἕδραν,
911 1794 988 1829 ἀλλ’
1019 1797 1071 1829 ἀεὶ
1096 1798 1170 1840 περὶ
1189 1796 1231 1828 τὸ

164 1840 194 1874 ’ἑ
218 1839 329 1887 ,μέσον
354 1839 536 1874 είλεῖσθαι·
561 1840 656 1874 κινού
685 1853 756 1874 ενον
781 1835 812 1872 δ’
834 1841 901 1874 ἄνω
925 1843 983 1874 καὶ
1007 1840 1105 1873 κάτω
1123 1845 1230 1873 ποιεῖν

225 1885 293 1923 τήν
319 1885 472 1932 ἐπίχυσιν
505 1889 577 1924 τοῖς
608 1887 788 1931 ῥευμασιν·
815 1885 864 1919 τά
891 1880 929 1917 δέ
955 1886 1135 1930 πολλαχοῦ
1170 1886 1230 1930 μὲν

182 1926 199 1941 ”
225 1926 414 1976 λιμνάζειν,
436 1929 511 1962 οἵαν
535 1931 595 1963 καὶ
620 1931 685 1968 τήν
711 1929 790 1975 παρ’
819 1932 898 1975 ήμΐν
919 1927 1006 1962 εἶναι
1031 1929 1230 1971 θάλατταν,

168 1972 189 1979 ’”
226 1974 347 2015 πάντα
378 1969 417 2007 δὲ
448 1974 552 2007 πάλιν
581 1974 692 2016 κύκλῳ
726 1975 898 2022 περιάγειν
932 1974 977 2012 εἰς
1011 1974 1076 2011 τήν
1107 1974 1231 2020 ἀρχήν,

164 2043 169 2048 f
201 2016 206 2040 ³
227 2017 303 2052 ὅθεν
326 2017 478 2064 ἤρξαντο
501 2021 582 2064 ῥεῖν,
610 2019 724 2053 πολλοὶ
748 2019 807 2064 μὲν
831 2022 890 2052 καὶ
914 2018 1014 2051 κατά
1037 2019 1098 2051 τόν
1124 2019 1230 2052 αὐτόν

167 2078 191 2091 -*
226 2062 351 2104 τόπον,
370 2063 419 2096 τά
439 2059 478 2096 δέ
501 2066 560 2096 καὶ
584 2075 758 2097 καταντικ
781 2064 799 2096 ὗ
818 2065 869 2107 τῇ
895 2063 984 2096 θέσει
1010 2065 1074 2102 τῆς
1098 2062 1230 2109 ἐκροῆς,

165 2109 297 2155 .,.,,,οἱον
320 2108 350 2140 εἱ
372 2109 440 2153 ῥεῖν
470 2108 620 2153 ἤρξαντο
651 2109 748 2142 κάτω
772 2121 826 2151 εν,
857 2107 982 2142 ἄνωθεν
1017 2109 1229 2151 εἰσβάλλειν·

164 2149 315 2202 ’,Αἶναι
331 2147 370 2186 δὲ
391 2153 489 2199 μέχρι
515 2154 578 2186 τοῦ
603 2152 707 2196 μέσου
733 2153 797 2191 τήν
821 2152 977 2186 κάθεσιν·
1004 2154 1046 2185 τό
1071 2154 1136 2208 γάρ
1161 2155 1231 2185 λοι-

164 2195 170 2198 ⁴
227 2196 291 2231 πόν
317 2197 399 2242 πρός
426 2199 570 2236 α”ναντες
595 2193 661 2236 ἤδη
688 2200 792 2231 πᾶσιν
810 2195 897 2230 εἶναι
920 2198 983 2235 τήν
1001 2207 1124 2241 φοραν·
1152 2198 1232 2235 τούς

225 2238 265 2276 δὲ
287 2243 416 2288 χυμούς
447 2244 506 2275 καὶ
536 2242 600 2280 τοίς
630 2242 735 2287 χρόας
759 2244 866 2288 ἴσχειν
901 2242 943 2275 τὸ
976 2238 1063 2287 ὕδωρ
1088 2238 1125 2273 δι’
1156 2242 1229 2279 οἵας

164 2303 166 2305 ·
197 2285 269 2320 ’μᾶν
294 2286 337 2319 τύ
364 2299 426 2319 ωσι
449 2285 575 2332 ῥέοντα
599 2288 676 2333 γῆς.

159 2331 344 2376 Συμβαίνει
379 2332 393 2365 ὲ
407 2332 487 2369 τούς
502 2331 681 2376 ποταμούς
695 2332 761 2376 ῥεῖν
777 2331 837 2363 οὐκ
850 2331 905 2364 ἐπὶ
919 2330 1052 2364 ταύτόν
1069 2331 1122 2374 ἀει
1134 2331 1232 2364 κατά

189 2404 192 2409 .
226 2376 288 2412 τόν
310 2375 414 2424 λόγον
441 2377 587 2408 τοῦτον·
614 2377 688 2409 ἐπεὶ
712 2376 777 2422 γάρ
802 2376 847 2414 εἰς
867 2376 908 2409 τό
926 2374 1028 2420 μέσον
1049 2375 1230 2420 εἰσρέουσιν

195 2450 197 2452 .
228 2416 282 2466 ἀφ’
311 2421 395 2455 οὖπε
440 2420 627 2464 ἐκρέουσιν,
660 2419 756 2453 οὐθὲν
780 2421 911 2464 μᾶλλον
936 2421 1139 2465 ῥευσοῦνται
1169 2420 1231 2453 κά-

101 2458 106 2470 ’
127 2462 130 2465 ’
170 2452 189 2474 0.
223 2464 332 2500 τωθεν
350 2466 371 2503 ἦ
392 2464 536 2506 ανωθεν,
558 2465 631 2498 ἀλλ’
662 2465 709 2510 ἐφ’
740 2463 877 2508 ὁπότερ’
900 2463 939 2497 οἲν
959 2463 1042 2510 ῥὲψῃ
1059 2467 1230 2509 κυμαίνων

180 2506 197 2517 ”“
229 2511 247 2543 ὅ
266 2509 457 2556 Τάρταρος,
476 2512 593 2542 καίτοι
610 2508 738 2542 τούτου
759 2509 1019 2554 συμβαίνοντος,
1037 2507 1164 2555 γένοιτ’
1191 2509 1230 2542 ἂν

184 2562 185 2565 ’
212 2555 270 2589 τὸ
292 2555 477 2602 λεγόμενον
504 2554 572 2587 ἄνω
598 2555 785 2599 ποταμῶν·
813 2553 894 2597 ὅπερ
922 2549 1107 2586 ἀδύνατον.

151 2598 233 2633 Ἔτι
253 2599 297 2633 τό
320 2599 497 2647 γινόμενον
523 2594 610 2642 ὕδωρ
631 2600 691 2630 καὶ
711 2599 753 2631 τό
769 2599 874 2631 πάλιν
902 2596 1113 2644 ἀναγόμενον
1131 2597 1231 2630 πόθεν

227 2644 346 2685 ἐσταις
373 2645 482 2677 τοῦτο
498 2644 563 2690 γάρ
579 2642 722 2686 ἐξαίρειν
742 2643 819 2676 ὅλον
842 2641 1044 2689 ἀναγκαῖον,
1063 2645 1156 2687 ε’ίπερ
1181 2643 1232 2676 ἀεὶ

225 2688 374 2732 σώζεται
400 2688 442 2722 τό
465 2689 556 2721 ’ίσον-
585 2686 662 2720 ὅσον
686 2688 750 2734 γάρ
777 2687 840 2729 ἔξω
860 2689 922 2733 ῥεῖ,
949 2687 1052 2720 πάλιν
1077 2689 1127 2732 ῥεῖ
1150 2688 1232 2730 πρὸς

227 2733 292 2771 τῆν
318 2733 442 2778 ἀρχήν.

158 2778 284 2812 Καίτοι
309 2777 437 2815 πάντες
469 2778 498 2809 οἱ
524 2778 678 2819 ποταμοὶ
710 2778 891 2819 φαίνονται
924 2776 1153 2814 τελευτῶντες
1186 2776 1231 2813 εἰς

173 2828 175 2830 “
227 2822 292 2860 τήν
323 2822 521 2863 θάλατταν,
557 2820 628 2853 ὅσοι
657 2820 706 2864 μή
734 2821 779 2858 εἰς
811 2820 995 2858 ἀλλήλους·
1022 2821 1066 2858 εἰς
1099 2816 1137 2852 δέ
1166 2820 1231 2857 τήν

224 2868 291 2914 γῆν
317 2867 438 2908 οὐθεὶς,
467 2865 558 2899 ἀλλά
579 2864 643 2898 κᾶν
663 2864 848 2910 ἀφανισθῇ,
871 2864 974 2897 πάλιν
993 2860 1228 2897 ἀναδύνουσιν.

157 2911 313 2959 Kamikos
329 2907 368 2944 δὲ
384 2914 540 2958 γίνονται
558 2911 626 2943 τῶν
641 2911 808 2953 ποταμῶν
827 2912 856 2942 οἱ
874 2910 1006 2954 μακράν
1023 2908 1157 2954 ῥέοντες
1174 2905 1234 2942 διά

174 2952 176 2954 ’
224 2958 354 2995 κοίλης·
370 2956 503 2990 πολλῶν
517 2955 582 3001 γάρ
597 2951 761 3000 δέχονται
777 2953 936 3000 ῥεύματα
953 2955 1134 2998 ποταμῶν,
1150 2955 1234 2987 ὐπο-

227 3001 428 3046 τεμνόμενοι
445 3001 494 3042 τῷ
512 2999 607 3040 τόπῳ
627 3000 686 3031 καὶ
707 3000 756 3040 τῷ
771 2997 872 3043 μήκει
891 2998 953 3036 τάς
976 2994 1090 3036 ὁδούς·
1112 2994 1230 3043 διόπερ

228 3045 245 3078 ὅ
266 3047 296 3079 τ’
314 3047 447 3090 Ἴστρος
471 3046 529 3076 καὶ
548 3045 564 3076 ὁ
581 3045 698 3080 Νεῖλος
720 3042 877 3089 μέγιστοι
899 3044 965 3076 τῶν
984 3044 1150 3087 ποταμῶν
1168 3043 1230 3075 εἱσι

226 3091 293 3124 τῶν
310 3091 355 3128 εἰς
373 3085 478 3127 τήνδε
495 3089 560 3125 τήν
581 3087 766 3120 θάλατταν
789 3087 960 3128 ἐξιόντων.
983 3089 1051 3119 Καὶ
1070 3089 1144 3132 περὶ
1163 3088 1230 3119 τῶν

227 3136 343 3181 πηγῶν
372 3134 469 3166 ἄλλοι
492 3133 648 3180 λέγουσιν
675 3132 824 3164 ἑκάστου
847 3134 912 3165 τῶν
936 3133 1102 3175 ποταμῶν
1123 3132 1229 3169 ἄλλας

226 3178 342 3217 αἰτίας
361 3174 421 3211 διοὶ
441 3178 482 3211 τό
502 3177 649 3214 πολλοὺς
674 3177 719 3214 εἱς
746 3177 805 3209 τὸν
829 3176 936 3210 αὐτόν
962 3175 1156 3220 ἐμβάλλειν.

158 3224 283 3256 Ταῦτα
309 3219 354 3260 δή
387 3222 508 3256 πάντα
536 3220 675 3266 φανερόν
706 3222 748 3259 ὠς
780 3216 953 3254 ἀδύνατόν
984 3221 1058 3253 ἐστι
1089 3220 1231 3263 συμβαί-

224 3279 305 3308 νειν,
334 3268 442 3304 άλλως
461 3279 498 3300 τε
522 3266 662 3302 καὶτῆς
680 3264 858 3303 θαλάττης
885 3263 1008 3297 ἐκεῖθεν
1034 3264 1098 3300 τήν
1123 3264 1230 3315 ἀρχήν

227 3310 383 3357 ἐχούσης.

151 3355 229 3390 Ὅτι
257 3356 317 3398 μὲν
351 3353 409 3388 οὖν
443 3350 572 3392 ὕδατός
596 3353 622 3384 Θ’
652 3353 669 3384 ό
694 3352 802 3391 τόπος
830 3353 922 3385 ἐστὶν
953 3350 1073 3392 οὗτος,
1103 3353 1162 3383 καὶ
1192 3353 1230 3383 οὐ

226 3399 420 3440 θαλάττης,
441 3400 501 3431 καὶ
525 3393 586 3430 διά
609 3397 671 3430 τίν’
695 3397 812 3430 αἰτίαν
838 3396 880 3428 τό
903 3396 963 3439 μὲν
982 3395 1128 3439 πότιμον
1150 3390 1230 3433 ἄδη-

225 3446 284 3476 λον
310 3444 399 3480 πλήν
424 3442 514 3488 ῥέον,
541 3442 583 3474 τό
608 3437 638 3473 δ’
668 3441 855 3485 ὑπομένον,
881 3441 940 3472 καὶ
965 3436 1055 3473 διότι
1081 3441 1228 3476 τελευτή

227 3490 358 3533 μᾶλλον
384 3483 511 3525 ὕδατος
536 3485 558 3523 ἦ
586 3484 676 3530 ἀρχή
701 3486 793 3518 ἐστιν
819 3486 839 3522 η
865 3483 1047 3525 θάλαττα,
1073 3483 1228 3528 καθάπερ

227 3534 268 3567 τό
295 3533 327 3565 ἐν
354 3536 426 3570 τοῖς
457 3531 592 3575 σώμασι
625 3532 826 3575 περίττωμα
856 3530 918 3566 τῆς
950 3529 1074 3572 τροφῆς
1101 3527 1226 3569 πάσης,

226 3579 286 3610 καὶ
310 3577 465 3622 μάλιστα
489 3576 531 3609 τὸ
558 3575 620 3612 τῆς
647 3575 769 3621 ὑγρᾶς,
795 3572 936 3619 εἰρήσθω
961 3572 1100 3606 τοσαῦθ’
1132 3573 1224 3616 ἡμῖν.

340 3641 410 3674 Ορρ.
429 3641 461 3665 D.
475 3640 590 3664 ΤΗΟΜΑΕ
610 3639 641 3663 T.
657 3638 696 3663 111.

1353 870 1440 894 tanta
1462 865 1635 896 multitudo
1659 877 1759 907 aquae
1787 879 1947 910 nusquam
1971 879 2115 912 apparet:
2139 883 2195 914 per
2214 873 2356 914 singulos

1354 908 1440 938 enim
1456 908 1522 939 dies
1538 909 1641 940 fluviis
1658 911 1828 943 fluentibus
1846 914 2130 947 innumerabilibus
2153 924 2184 948 et
2198 919 2356 959 magnitu-

1355 952 1428 983 dine
1450 953 1630 993 immensis,
1654 955 1733 986 nihil
1755 966 1840 988 mare
1864 958 1899 989 fit
1922 960 2076 999 amplius:

1286 996 1350 1027 hoc
1379 997 1509 1038 quidem
1538 999 1665 1029 nullum
1692 999 1918 1033 inconveniens
1946 1004 2087 1035 dubitare
2115 1005 2258 1047 aliquos,
2289 1017 2355 1038 non

1353 1048 1460 1072 tamen
1480 1042 1658 1075 intuentem
1675 1043 1798 1076 difficile
1814 1046 1927 1077 videre.
1944 1048 2065 1078 Eadem
2075 1049 2166 1089 ‚enim
2181 1051 2355 1082 multitudo

1354 1096 1454 1126 aquae
1478 1086 1511 1116 in
1533 1086 1635 1117 latum
1659 1087 1771 1118 diffusa
1799 1096 1829 1120 et
1851 1097 1917 1121 tota
1940 1091 2050 1131 simul,
2075 1103 2141 1124 non
2171 1094 2204 1124 in
2232 1096 2356 1136 aequali

1354 1136 1499 1170 tempore
1516 1131 1700 1169 exsiccatur;
1720 1133 1774 1163 sed
1791 1133 1892 1165 differt
1905 1135 1938 1165 in
1953 1143 2077 1167 tantum
2097 1144 2132 1168 ut
2147 1138 2208 1169 hoc
2223 1139 2355 1180 quidem

1353 1181 1538 1214 permaneat
1552 1185 1608 1215 per
1626 1182 1731 1206 toturn
1750 1177 1845 1216 diem,
1861 1178 1924 1209 hoc
1941 1187 2059 1218 autem,
2080 1183 2356 1222 quemadmodum

1353 1218 1379 1248 si
1389 1218 1460 1259 quis
1477 1229 1572 1259 super
1585 1230 1729 1251 mensam
1744 1231 1893 1262 magnam
1906 1223 2062 1256 diffuderit
2075 1236 2175 1267 aquae
2192 1228 2354 1268 cyathum,

1353 1262 1450 1293 simul
1465 1264 1727 1303 perspicientibus
1739 1266 1850 1307 utique
1862 1269 2116 1300 exterminabitur
2129 1277 2244 1302 totum.
2257 1273 2356 1310 Quod

1354 1307 1465 1348 utique
1482 1315 1512 1338 et
1531 1308 1611 1339 circa
1629 1309 1744 1340 fluvios
1765 1311 1892 1342 accidit:
1917 1313 2066 1344 continue
2082 1314 2168 1344 enim
2183 1315 2355 1348 fluentibus

1354 1351 1467 1390 simul,
1492 1359 1598 1383 totum
1621 1363 1746 1393 semper
1775 1356 1865 1395 quod
1887 1357 2029 1396 pervenit
2051 1357 2084 1388 in
2106 1358 2301 1391 immensum
2325 1368 2355 1393 et

1353 1396 1455 1427 latum
1477 1397 1598 1436 locum,
1622 1398 1793 1430 exsiccatur
1817 1399 1878 1430 cito
1903 1407 1933 1430 et
1956 1401 2096 1432 latenter.

1287 1441 1386 1478 Quod
1401 1447 1508 1471 autem
1524 1441 1677 1481 scriptum
1693 1442 1782 1473 estin
1795 1443 1964 1474 Phaedone
1980 1445 2018 1475 de
2032 1445 2135 1476 fluviis
2148 1454 2179 1478 et
2190 1448 2279 1486 mari,
2295 1449 2354 1479 im-

1352 1485 1503 1525 possibile
1526 1493 1581 1516 est.
1597 1486 1720 1517 Dicitur
1743 1487 1829 1517 enim
1845 1489 1933 1528 quod
1949 1490 2057 1520 omnia
2073 1490 2204 1530 quidem
2218 1492 2355 1524 invicem

1353 1529 1511 1570 perforata
1524 1536 1598 1560 sunt
1619 1530 1678 1560 sub
1694 1537 1789 1569 terra;
1813 1532 2005 1573 principium
2029 1541 2135 1565 autern
2154 1536 2302 1567 omnium
2319 1537 2356 1568 fit

1353 1581 1384 1604 et
1399 1573 1472 1604 fons
1487 1584 1654 1615 aquarum,
1671 1582 1802 1606 vocatus
1821 1576 1982 1615 Tartarus,
1999 1578 2078 1608 circa
2096 1580 2239 1610 medium
2255 1591 2355 1622 aquae

1353 1618 1509 1659 quaedam
1535 1618 1724 1658 multitudo,
1749 1630 1786 1650 ex
1809 1630 1875 1661 quo
1900 1628 1931 1652 et
1953 1621 2081 1653 fluentia
2110 1630 2140 1654 et
2166 1634 2232 1654 non
2255 1625 2354 1656 fluen-

1353 1663 1395 1694 tia
1419 1663 1733 1706 prodeunt-omniu
1753 1664 2037 1696 circumfluentiam
2059 1673 2167 1698 autem
2190 1668 2290 1700 facere
2314 1670 2354 1700 ad

1354 1707 1478 1747 singula
1501 1707 1716 1746 rheumatum,
1740 1716 1906 1749 propterea
1929 1711 2019 1750 quod
2042 1719 2208 1742 moveatur
2231 1723 2355 1753 semper

1352 1752 1442 1793 quod
1465 1751 1606 1792 primum
1629 1759 1660 1783 et
1673 1752 1885 1793 principium;
1908 1762 2037 1794 propter
2051 1765 2117 1786 non
2140 1756 2253 1795 habere
2270 1758 2355 1788 enim

1353 1797 1472 1835 sedem,
1496 1797 1552 1827 sed
1571 1806 1696 1837 semper
1719 1797 1798 1828 circa
1814 1798 1958 1828 medium
1979 1799 2082 1838 volvi;
2102 1807 2229 1832 motum
2248 1809 2356 1832 autem

1353 1851 1481 1871 sursum
1497 1847 1528 1871 et
1544 1841 1694 1872 deorsum
1710 1841 1811 1872 facere
1827 1842 2015 1874 effusionem
2033 1844 2270 1884 rheumatibus;
2293 1846 2355 1877 hoc

1354 1892 1460 1916 autem
1483 1885 1517 1916 in
1541 1885 1648 1916 multis
1672 1886 1804 1927 quidem
1826 1886 1904 1917 locis
1928 1894 2080 1927 stagnare,
2105 1890 2198 1929 quale
2221 1897 2251 1921 et
2266 1891 2355 1931 quod

1355 1930 1441 1970 apud
1465 1939 1524 1960 nos
1548 1939 1614 1960 esse
1638 1937 1742 1968 mare3
1767 1930 1876 1961 omnia
1899 1939 2006 1962 autem
2029 1931 2143 1963 iterum
2161 1934 2278 1965 circulo
2298 1935 2354 1965 cir-

1354 1974 1508 2005 cumduci
1528 1974 1567 2004 ad
1590 1974 1785 2015 principium
1800 1975 1884 2006 unde
1898 1976 2107 2016 incoeperunt
2129 1977 2236 2017 fluere,
2253 1980 2355 2010 multa

1354 2019 1486 2060 quidem
1509 2019 1688 2049 secundum
1712 2020 1851 2050 eundem
1873 2020 1993 2058 locum,
2013 2022 2171 2061 quaedam
2194 2030 2301 2053 autem
2325 2030 2357 2054 et

1355 2073 1372 2094 e
1388 2063 1516 2103 regione
1540 2063 1695 2094 contraria
1711 2064 1871 2104 positione
1891 2065 2030 2103 effluxui,
2047 2073 2135 2105 puta,
2151 2066 2176 2096 si
2194 2067 2290 2098 fluere
2309 2068 2356 2098 in-

1354 2114 1529 2148 coeperunt
1548 2108 1587 2137 de
1603 2108 1726 2146 subtus,
1741 2109 1876 2149 desuper
1890 2109 2028 2149 ingredi;
2048 2120 2114 2140 esse
2130 2118 2236 2142 autem
2253 2122 2356 2152 usque

1355 2153 1394 2183 ad
1418 2152 1561 2182 medium
1581 2151 1779 2191 descensum,
1803 2153 1842 2183 de
1862 2160 1963 2184 cetero
1986 2154 2071 2184 enim
2087 2155 2126 2184 ad
2150 2165 2277 2186 sursum
2292 2156 2357 2187 iam

1355 2196 1505 2227 omnibus
1522 2205 1588 2226 esse
1604 2195 1773 2234 lationem;
1793 2207 1922 2237 sapores
1938 2205 2045 2228 autern
2061 2205 2091 2228 et
2106 2199 2228 2230 colores
2242 2200 2356 2231 habere

1354 2251 1482 2282 aquarn,
1499 2250 1556 2280 per
1579 2240 1707 2280 qualem
1731 2241 1842 2281 utique
1866 2242 2031 2282 contigerit
2053 2242 2154 2273 fluens
2178 2250 2302 2275 terram.

1287 2335 1412 2366 Accidit
1433 2344 1508 2375 ergo
1532 2334 1647 2365 fluvios
1670 2334 1768 2365 fluere
1783 2345 1849 2366 non
1873 2335 1913 2365 ad
1937 2336 2074 2366 eundem
2093 2346 2217 2377 semper
2234 2338 2355 2378 locum,

1354 2380 1531 2410 secundum
1545 2378 1702 2409 rationem
1713 2379 1804 2410 hanc.
1823 2380 1987 2416 Quoniam
2002 2380 2087 2411 enim
2099 2381 2139 2411 ad
2151 2381 2295 2412 medium
2311 2383 2355 2413 in-

1353 2423 1468 2462 fluunt,
1485 2434 1504 2454 a
1519 2433 1586 2464 quo
1602 2423 1837 2462 circumfluunt,
1862 2424 1940 2454 nihil
1956 2425 2056 2465 magis
2071 2425 2171 2457 fluent
2190 2426 2229 2456 de
2245 2427 2356 2458 subtus

1353 2478 1452 2509 quam
1475 2468 1622 2508 desuper,
1646 2468 1701 2498 sed
1725 2468 1765 2498 ad
1788 2468 2017 2509 quodcumque
2041 2469 2173 2500 tenderit
2199 2470 2355 2502 fluctuans

1353 2513 1522 2543 Tartarus:
1547 2512 1703 2553 quamvis,
1719 2512 1782 2543 hoc
1805 2512 1974 2551 accidente,
1994 2513 2049 2544 fiet
2066 2514 2177 2555 utique
2200 2516 2288 2555 quod
2313 2516 2357 2546 di-

1355 2557 1435 2588 citur
1457 2566 1585 2587 sursum
1601 2557 1807 2597 fluviorum‚·
1828 2557 1918 2597 quod
1941 2557 2071 2598 quidem
2093 2557 2299 2599 impossibile.

1287 2602 1414 2640 Adhuc,
1430 2611 1513 2642 quae
1526 2600 1563 2632 fit
1576 2611 1670 2641 aqua,
1685 2607 1715 2631 et
1733 2611 1815 2641 quae
1831 2611 1958 2632 sursum
1981 2602 2106 2633 ducitur
2128 2602 2254 2642 iterum,
2271 2604 2355 2634 unde

1355 2643 1431 2677 erit?
1454 2646 1527 2676 Hoc
1546 2645 1632 2676 enim
1651 2652 1757 2676 totum
1780 2645 1944 2676 excludere
1959 2647 2181 2685 necessarium,
2198 2647 2356 2689 siquidem

1354 2700 1479 2731 semper
1502 2690 1640 2720 salvatur
1669 2689 1826 2730 aequalis:
1850 2697 2007 2731 quantum
2037 2691 2122 2721 enim
2152 2698 2236 2722 extra
2265 2692 2355 2731 fluit,

1353 2735 1468 2765 iterum
1492 2734 1562 2765 fluit
1584 2734 1624 2764 ad
1647 2733 1849 2774 principium.

1287 2778 1443 2816 Quamvis
1467 2788 1579 2809 omnes
1602 2778 1691 2808 fluvii
1709 2778 1875 2809 videantur
1892 2778 2094 2810 terminantes
2113 2779 2152 2809 ad
2169 2790 2264 2818 mare,
2284 2780 2355 2820 qui-

1354 2833 1493 2864 cumque
1516 2833 1583 2852 non
1598 2822 1630 2852 in
1648 2822 1742 2865 alios:
1766 2822 1799 2852 in
1818 2829 1932 2853 terram
1955 2829 2062 2853 autern
2081 2823 2199 2862 nullus,
2219 2824 2274 2854 sed
2296 2824 2353 2854 etsi

1354 2867 1543 2907 dispareant,
1567 2867 1684 2897 iterum
1706 2867 1875 2906 prodeunt.

1286 2912 1395 2952 Magni
1417 2918 1524 2942 autem
1555 2910 1637 2941 fiunt
1662 2910 1834 2941 fluviorum
1865 2911 1921 2951 qui
1943 2910 2039 2950 longe
2062 2911 2167 2942 fluunt
2193 2921 2249 2951 per
2276 2921 2352 2942 con-

1353 2963 1485 2988 cavum:
1502 2955 1680 2986 multorum
1697 2954 1782 2985 enim
1798 2954 1974 2995 suscipiunt
1989 2955 2152 2985 rheumata
2168 2954 2351 2994 fluviorum,

1353 3001 1573 3031 detruncantes
1603 2999 1676 3029 loco
1708 3006 1738 3029 et
1767 2999 1965 3038 longitudine
1993 2998 2067 3029 vias.
2100 2999 2232 3038 Propter
2262 3000 2351 3040 quod

1353 3044 1485 3085 quidem
1500 3050 1530 3074 et
1546 3044 1641 3074 Istrus
1658 3050 1688 3073 et
1702 3043 1792 3073 Nilus
1809 3042 1937 3072 maximi
1954 3042 2126 3072 fluviorum
2149 3050 2224 3073 sunt
2238 3053 2351 3074 eorum

1352 3089 1409 3129 qui
1432 3088 1465 3118 in
1493 3088 1556 3118 hoc
1584 3097 1671 3117 mare
1699 3093 1830 3116 exeunt:
1862 3094 1893 3116 et
1920 3087 1959 3116 de
1989 3086 2129 3117 fontibus
2159 3087 2212 3116 alii
2240 3087 2350 3118 dicunt

1354 3132 1605 3172 uniuscuiusque
1635 3130 1808 3160 fluviorum
1838 3130 1913 3160 alias
1942 3140 2069 3168 causas,
2096 3130 2171 3171 quia
2194 3131 2287 3162 multi
2317 3131 2349 3162 in

1353 3177 1491 3207 eundem
1513 3175 1667 3205 incidunt.

1286 3222 1372 3251 Haec
1395 3221 1501 3260 itaque
1526 3218 1635 3249 omnia
1666 3217 1870 3248 manifestum
1899 3217 1987 3258 quod
2008 3217 2207 3257 impossibile
2231 3226 2278 3250 est
2300 3229 2349 3250 ac—

1353 3265 1465 3302 cidere,
1489 3263 1641 3303 aliterque
1665 3268 1696 3292 et
1718 3261 1798 3292 mari
1821 3262 2013 3302 principium
2035 3261 2108 3292 inde
2131 3262 2276 3293 habente.

1285 3352 1383 3390 Quod
1397 3351 1528 3392 quidem
1550 3350 1645 3390 igitur
1665 3359 1764 3390 aquae
1779 3350 1870 3380 locus
1894 3356 1939 3380 est
1961 3349 2018 3380 iste
2042 3357 2072 3381 et
2094 3360 2160 3380 non
2183 3351 2296 3390 maris;
2320 3358 2351 3382 et

1350 3402 1480 3436 propter
1502 3405 1600 3436 quam
1624 3404 1752 3425 causam
1774 3394 1863 3434 quod
1886 3394 2016 3434 quidem
2040 3394 2178 3434 potabile
2202 3394 2349 3425 immani-

1350 3440 1478 3476 festum,
1502 3445 1709 3469 veruntamen
1736 3438 1855 3476 fluens,
1883 3438 1945 3468 hoc
1973 3445 2080 3468 autem
2111 3439 2294 3477 subsidens;
2319 3446 2350 3470 et

1350 3484 1439 3525 quod
1462 3483 1614 3514 terminus
1633 3482 1733 3522 magis
1752 3491 1852 3523 aquae
1868 3492 1966 3523 quam
1980 3482 2173 3522 principium
2187 3490 2234 3514 est
2251 3493 2348 3522 mare,

1349 3527 1625 3569 quemadmodum
1641 3526 1729 3567 quod
1740 3526 1773 3556 in
1786 3526 1972 3566 corporibus
1988 3526 2185 3567 superfluum
2197 3527 2348 3565 alimenti,

1350 3580 1380 3603 et
1396 3571 1501 3602 omnis
1519 3578 1549 3602 et
1561 3570 1697 3610 maxime
1713 3571 1803 3611 quod
1818 3570 1953 3610 humidi,
1970 3570 2051 3602 dicta
2067 3570 2128 3601 sint
2144 3578 2228 3602 tanta
2244 3571 2346 3602 nobis.

2136 3632 2167 3657 50

2382 835 2393 846 ⁸
2409 835 2464 863 Seq.
2480 841 2531 863 cap.
2547 842 2573 857 11.
