2782 4134
28 597 39 608 ·
55 596 99 619 ced
111 602 150 619 ca.

1134 296 1245 332 CAP.
1276 296 1325 343 11,
1355 295 1506 332 LECT.
1537 295 1588 332 1v

267 374 460 424 patiuntur
486 372 613 421 primo
643 372 799 420 quidem
819 373 894 409 hoc
913 372 1197 420 inconveniens,
1227 374 1332 422 quod

269 425 489 475 magnitudo
524 432 776 474 componatur
809 437 855 461 ex
888 437 967 461 non
1000 426 1330 473 magnitudinibus

270 479 388 528 Quod
415 478 567 516 videtur
594 476 886 514 inconveniens:
916 489 1007 514 nam
1026 480 1332 528 unumquodque

270 531 506 570 constituitur
533 542 579 567 ex
607 530 721 567 rebus
750 530 807 567 sui
833 530 1000 577 generis;
1030 542 1110 567 non
1138 532 1240 568 enim
1270 544 1332 568 co-

269 587 369 623 lores
397 590 683 633 componuntur
710 595 756 619 ex
783 582 925 630 figuris,
955 595 1026 619 nec
1044 582 1064 604 '¹‘
1084 596 1106 619 e
1132 595 1331 620 converso.

325 651 360 686 7.
388 637 606 674 Secundam
635 635 820 673 rationem
843 635 952 684 ponit
975 635 1042 672 ibi:
1072 636 1245 684 Amplius
1267 648 1334 672 au-

270 697 343 728 tem
363 697 433 727 etc.
455 689 566 726 Circa
585 688 691 738 quod
710 687 1030 725 considerandum
1055 695 1111 724 est
1130 688 1236 736 quod
1255 688 1335 736 qui-

271 744 362 782 dam
376 750 587 792 posuerunt
605 742 743 778 lineam
760 740 942 789 componi
958 753 1003 777 ex
1021 741 1181 789 punctis.
1199 742 1248 777 Et
1266 753 1333 789 po-

269 803 341 834 test
354 795 446 844 poni
466 794 677 844 dupliciter:
698 793 837 830 scilicet
854 806 934 830 uno
954 793 1074 831 modo
1094 799 1112 814 ⁰
1128 805 1173 830 ex
1188 793 1336 842 punctis

270 849 395 896 motis,
417 847 511 885 sicut
529 847 687 896 quidam
707 846 879 884 dixerunt
897 847 1004 895 quod
1031 854 1193 896 punctus
1208 854 1335 883 motus

247 931 249 933 -
271 900 460 945 constituit
487 900 638 948 lineam,
660 907 696 936 et
722 900 820 937 linea
848 907 954 936 mota
982 899 1171 936 constituit
1206 912 1336 948 super-

271 954 423 1002 ficiem,
459 960 496 990 et
523 952 743 1002 superficies
775 960 882 989 mota
914 965 1073 1001 corpus3
1108 953 1179 989 alio
1215 953 1334 989 modo

269 1014 395 1058 potest
421 1006 514 1055 poni
540 1012 576 1027 ‘²⁰‘
605 1006 710 1055 quod
740 1018 783 1042 ex
803 1005 951 1054 punctis
980 1005 1094 1042 etiarn
1117 1018 1196 1042 non
1224 1005 1336 1042 motis

272 1059 517 1098 constituatur
534 1058 768 1107 magnitudo,
785 1059 882 1095 sicut
896 1071 942 1096 ex
955 1059 1135 1108 partibus.
1152 1059 1338 1096 Utrolibet

271 1120 401 1151 autem
429 1111 548 1150 modo
576 1111 797 1160 magnitudo
818 1119 1072 1161 componatur
1100 1123 1146 1148 ex
1173 1111 1336 1160 punctis,

271 1165 461 1216 oportebit
489 1165 679 1213 assignare
708 1165 773 1202 ubi
806 1166 881 1202 sint
904 1172 1062 1214 puncta,
1091 1164 1189 1201 idest
1220 1177 1336 1213 quem

271 1218 572 1266 siturnhabeant
589 1218 627 1255 in
647 1218 927 1266 magnitudine:
950 1225 1006 1254 est
1025 1217 1127 1254 enim
1148 1217 1337 1265 assignare

220 1281 232 1284 “
245 1268 327 1310 “de
340 1271 493 1320 singulis
512 1271 680 1320 partibus
701 1283 746 1308 ex
765 1271 901 1320 quibus
923 1270 1166 1319 componitur
1193 1270 1337 1318 magni-

270 1325 377 1364 tudo.
405 1324 484 1362 Sed
502 1325 578 1362 hoc
600 1337 679 1362 non
697 1331 824 1373 potest
842 1324 1034 1372 assignari.
1057 1323 1156 1370 Quia
1174 1331 1338 1372 punctus

271 1391 351 1417 non
369 1377 520 1416 videtur
548 1390 631 1415 esse
651 1377 752 1415 aliud
781 1377 819 1414 in
845 1376 1116 1425 magnitudine,
1146 1388 1266 1424 quam
1298 1383 1339 1413 ut

271 1431 428 1481 quidam
448 1438 569 1468 tactus
588 1431 710 1468 lineae
729 1430 931 1468 continuae
949 1428 996 1476 ββ,
1016 1430 1080 1467 vel
1099 1428 1234 1467 divisio
1254 1442 1338 1478 par-

271 1485 365 1522 tium
383 1484 505 1522 lineae
529 1484 607 1521 iam
627 1483 783 1521 divisae.
804 1484 947 1520 Tactus
966 1490 1095 1519 autern
1115 1494 1266 1531 semper
1284 1490 1340 1520 est

271 1550 372 1576 unus
397 1537 641 1587 quorundam
662 1536 838 1583 duorum,
859 1548 958 1585 quae
977 1535 1118 1572 scilicet
1145 1543 1233 1572 sunt
1254 1548 1340 1584 par-

271 1598 329 1629 tes
365 1589 634 1639 magnitudinis
670 1590 856 1627 habentes
894 1588 1188 1626 determinatum
1226 1589 1338 1626 situm

271 1644 312 1683 in
339 1643 618 1691 magnitudine:
648 1642 756 1694 quasi
793 1642 885 1680 illud
921 1641 1027 1691 quod
1056 1649 1112 1679 est
1143 1654 1231 1691 pars
1258 1654 1340 1679 ma-

272 1696 474 1746 gnitudinis
506 1696 653 1734 habens
672 1695 967 1733 determinatum
996 1695 1110 1732 situm
1131 1695 1228 1732 inter
1254 1708 1340 1745 par-

273 1757 329 1788 tes
357 1749 450 1796 eius,
480 1749 527 1786 sit
555 1748 696 1799 aliquid
722 1756 872 1798 praeter
898 1748 1026 1798 ipsum
1054 1755 1196 1785 tactum
1222 1756 1258 1786 et
1286 1749 1339 1786 di-

271 1803 475 1851 visionem,
488 1809 524 1840 et
537 1815 607 1852 per
622 1814 861 1852 consequens
875 1809 1026 1851 praeter
1039 1809 1236 1850 punctum.
1248 1803 1340 1840 Non

248 1858 251 1859 ⁷
275 1868 365 1906 ergo
388 1856 540 1894 videtur
569 1868 651 1893 esse
670 1855 851 1905 possibile
879 1855 984 1904 quod
1004 1855 1225 1904 magnitudo
1247 1855 1341 1892 divi-

245 1947 248 1950 .
274 1909 385 1948 datur
403 1908 443 1946 in
464 1916 606 1958 puncta
622 1909 686 1947 vel
714 1916 834 1946 tactus
853 1916 919 1946 aut
946 1908 1164 1946 divisiones.
1191 1908 1231 1945 Si
1251 1920 1340 1956 ergo

274 1962 408 2012 aliquis
429 1969 549 2011 ponat
577 1961 851 2011 quodcumque
877 1974 1030 2011 corpus,
1055 1968 1119 1998 aut
1143 1969 1342 2010 quantam-

274 2027 442 2065 cumque
461 2015 708 2064 quantitatem
735 2020 778 2061 ⁷⁷,
803 2027 887 2052 esse
915 2015 1074 2052 omnino
1103 2014 1340 2062 divisibilem,

274 2068 465 2117 continget
482 2069 558 2106 hoc
575 2068 849 2106 inconveniens
869 2068 974 2117 quod
993 2080 1095 2105 nunc
1115 2068 1258 2105 dictum
1275 2075 1340 2105 est.

274 2227 316 2253 vel
334 2229 421 2253 tactus
439 2226 471 2258 A,
491 2226 562 2259 quod
581 2225 614 2250 ad
632 2230 730 2250 textum
748 2233 802 2250 non
820 2225 914 2250 melius
934 2233 1014 2258 quam
1032 2225 1111 2250 Piana
1130 2225 1247 2258 quadrat.
1259 2238 1278 2244 -·
1289 2225 1340 2249 Pro

269 2261 423 2296 patiuntur,
437 2261 581 2294 patientur
595 2261 632 2292 A;
646 2261 738 2293 primo
753 2261 847 2285 omittit
860 2260 889 2292 C,
904 2260 1016 2286 fortasse
1030 2260 1091 2293 quia
1104 2268 1158 2285 non
1171 2260 1289 2293 sequitur
1301 2267 1342 2286 se-

274 2297 380 2328 cundm·
397 2297 444 2322 sed
462 2296 522 2322 huic
541 2295 687 2329 aequivalet
705 2296 858 2321 Secundam
875 2296 1009 2321 rationem
1028 2300 1078 2321 etc.

328 2332 361 2366 ω)
379 2332 458 2358 Circa
469 2331 574 2365 quod...
586 2338 638 2357 uno
651 2331 740 2357 modo.
753 2345 772 2350 -
788 2331 867 2357 Circa
879 2331 951 2364 quod
964 2331 1054 2364 (quarn
1070 2331 1101 2364 P)
1117 2331 1341 2356 considerandum

273 2371 315 2394 est
332 2368 405 2401 quod
422 2368 520 2393 lineam
539 2366 662 2399 componi
679 2373 717 2392 ex
729 2367 840 2399 punctis
853 2369 944 2399 potest
961 2366 1064 2399 exponi
1082 2366 1237 2399 dupliciter,
1251 2366 1343 2398 primo

274 2403 355 2429 modo
372 2403 457 2428 Peab.
471 2416 490 2422 -
503 2403 555 2430 Pro
568 2402 654 2435 primo
673 2402 820 2431 constituit,
831 2402 906 2436 facit
923 2402 1008 2427 Peab.

328 2437 376 2471 aa)
389 2437 468 2471 poni.
479 2452 498 2456 -
509 2437 612 2470 exponi
630 2437 719 2468 PCab;
738 2437 770 2463 cf.
784 2442 839 2462 not.
858 2445 943 2470 praec.
956 2450 976 2457 ·-
987 2437 1038 2462 Pro
1056 2437 1244 2467 constituatur,
1255 2439 1346 2469 potest

274 2473 403 2499 constitut·
419 2474 457 2504 A;
476 2480 524 2506 pro
542 2475 728 2505 componatur,
747 2473 917 2505 componitur
934 2473 990 2502 Aa5
1007 2478 1068 2505 post
1085 2472 1166 2498 situm
1185 2472 1308 2503 habeant,
1322 2473 1345 2497 Α

273 2516 328 2534 om.
347 2509 375 2534 in
395 2509 589 2542 magnitudine,
609 2509 680 2541 quod
699 2508 732 2533 de
749 2508 818 2533 facili
836 2508 1044 2541 subintelligitur.

329 2542 371 2578 ββ)
392 2544 463 2576 Quia
471 2547 590 2577 punctus
608 2551 661 2569 non
675 2543 782 2569 videtur
794 2550 850 2569 esse
863 2543 970 2569 aliud
985 2543 1070 2569 lineae
1083 2543 1260 2569 continuae.—
1276 2542 1347 2573 Quia

269 2583 389 2613 punctus
407 2587 459 2605 non
480 2582 573 2612 potest
589 2579 726 2613 assignari
744 2579 771 2604 in
790 2578 978 2612 magnitudine
1003 2579 1056 2604 nisi
1074 2582 1104 2604 ut
1126 2578 1235 2612 quidam
1260 2582 1347 2604 tactus

2373 308 2448 345 279

1442 375 1476 411 8.
1495 374 1663 411 Tertiam
1679 374 1866 411 rationem
1881 374 1900 396 ’¹‘
1914 374 2021 423 ponit
2039 374 2111 411 ibi:
2135 375 2308 423 Amplius
2326 375 2359 411 si
2377 382 2445 411 etc.
2475 386 2487 397 ⁸
2501 385 2616 407 rationem
2637 391 2687 407 om-

1387 428 1436 463 Et
1464 427 1550 464 dicit
1578 427 1683 476 quod
1712 427 1758 474 si,
1787 434 1992 476 postquam
2022 427 2186 464 divisero
2214 428 2357 475 lignum
2385 428 2446 464 vel
2476 412 2542 433 'mab‘

1387 480 1658 529 quodcumque
1687 480 1787 517 aliud
1824 492 1979 529 corpus,
2008 480 2144 517 iterum
2169 478 2197 502 ⁸⁶
2226 493 2271 517 ex
2305 480 2447 517 eisdem
2564 486 2593 511 ὃὸ

1386 533 1555 580 partibus
1588 545 1782 582 compono
1810 532 1955 582 ipsum,
1984 533 2050 570 fiet
2078 533 2236 582 aequale
2265 540 2302 569 et
2327 545 2447 569 unum

1389 597 1542 633 corpus:
1572 586 1661 633 quia
1689 585 1830 622 scilicet
1855 586 1991 623 eadem
2011 593 2098 622 sunt
2116 586 2154 623 in
2178 598 2277 635 quae
2306 585 2448 633 aliquid

1389 637 1584 684 dividitur,
1615 646 1651 675 et
1679 650 1724 675 ex
1751 638 1889 687 quibus
1918 638 2170 687 componitur.
2205 639 2316 676 Unde
2343 638 2449 674 vide-

1388 695 1449 725 tur
1481 690 1649 727 similiter
1681 703 1721 727 se
1758 692 1900 728 habere
1938 691 1968 728 si
2001 691 2130 729 divido
2159 692 2310 739 lignum
2337 690 2357 712 ²³⁵
2394 703 2448 727 se-

1389 742 1553 778 cundum
1588 744 1846 791 quodcumque
1878 745 2030 794 signum
2059 744 2186 792 (quod
2218 756 2332 792 supra
2361 743 2450 780 dixit

1390 794 1570 840 omnino),
1591 802 1632 831 ut
1651 795 1790 832 scilicet
1810 809 1854 833 ex
1873 797 1929 833 his
1949 797 1987 834 in
2006 809 2104 846 quae
2121 796 2309 844 dividitur,
2329 796 2447 845 possit

1389 846 1527 883 iterum
1546 846 1566 868 ²¹²
1586 848 1778 896 componi.
1810 849 1865 885 Sit
1893 862 1981 897 ergo
2010 850 2153 898 lignum
2182 850 2335 886 omnino
2355 849 2446 886 divi·
2477 853 2585 900 ssssmm
2599 858 2689 874 ⁰¹²¹·1’0

1389 911 1474 936 sum
1496 904 1693 947 potestate,
1722 900 1817 937 idest
1841 901 1880 938 in
1908 902 2038 939 omnia
2057 909 2080 923 ‘⁵
2107 903 2145 939 in
2173 915 2273 950 quae
2301 909 2450 951 poterat
2575 915 2599 931 εε

1391 951 1525 989 dividi:
1554 952 1644 1000 quid
1673 952 1781 1000 igitur
1809 954 1876 990 erit
1902 963 2050 1003 praeter
2078 954 2333 992 divisionem?
2352 954 2452 1001 Quia

1392 1012 1542 1054 oportet
1570 1017 1727 1042 omnem
1758 1005 1982 1043 divisionem
2011 1008 2059 1045 ad
2082 1008 2223 1057 aliquid
2245 1007 2450 1045 terminari.

1393 1058 1432 1095 Si
1461 1057 1563 1095 enirn
1593 1058 1738 1095 dicatur
1766 1060 1870 1107 quod
1898 1059 1935 1096 id
1963 1060 2067 1108 quod
2097 1068 2152 1097 est
2179 1061 2374 1098 residuum
2399 1060 2452 1098 di-

1391 1110 1527 1149 visioni
1545 1110 1576 1157 ²¹²,
1607 1111 1652 1148 sit
1680 1111 1804 1159 aliqua
1831 1112 1968 1160 passio,
1999 1121 2218 1161 sequeretur
2245 1113 2351 1162 quod
2370 1126 2451 1150 cor-

1391 1176 1464 1212 pus
1493 1163 1724 1201 divideretur
1757 1163 1795 1200 in
1827 1165 2040 1213 passiones;
2071 1174 2106 1202 et
2133 1179 2179 1203 ex
2207 1166 2453 1215 consequenti

1392 1216 1632 1265 generabitur
1651 1229 1696 1253 ex
1716 1216 1781 1263 eis,
1802 1218 1907 1264 quod
1927 1225 1982 1254 est
2001 1218 2251 1267 impossibile;
2281 1219 2370 1268 quia
2387 1231 2452 1256 ne-

1393 1282 1468 1318 que
1497 1269 1704 1306 substantia
1732 1282 1856 1318 neque
1877 1271 2064 1318 quantitas
2088 1279 2286 1319 generatur
2305 1284 2350 1309 ex
2368 1284 2453 1320 pas-

1393 1322 1575 1360 sionibus.
1596 1325 1674 1359 Aut
1702 1322 1815 1359 etiam
1845 1325 2041 1371 quomodo
2067 1332 2122 1361 est
2149 1325 2323 1374 possibile
2348 1325 2454 1373 quod

1392 1375 1590 1426 passiones
1618 1375 1690 1412 sint
1717 1375 1942 1425 separatae?

1447 1428 1611 1466 Ulterius
1626 1435 1754 1465 autem
1775 1429 1965 1466 concludit
1978 1429 2182 1478 principale
2201 1429 2452 1479 propositum,

1394 1482 1522 1519 dicens
1550 1481 1667 1530 quod,
1696 1481 1727 1518 si
1755 1481 1989 1530 impossibile
2018 1490 2074 1519 est
2101 1483 2206 1531 quod
2233 1483 2453 1531 magnitudo

1395 1542 1648 1584 componatur
1676 1547 1720 1571 ex
1739 1535 1897 1572 tactibus
1926 1542 1990 1571 aut
2006 1535 2166 1584 punctis,
2188 1536 2282 1572 sicut
2309 1536 2454 1584 praedi-

1395 1595 1475 1625 ctae
1496 1588 1660 1625 rationes
1680 1588 1922 1634 concludunt,
1943 1600 2096 1624 necesse
2117 1596 2172 1625 est
2189 1601 2332 1637 ponere
2352 1589 2454 1638 quod

1395 1642 1468 1679 sint
1494 1641 1687 1691 quaedam
1717 1653 1878 1689 corpora
1906 1641 2157 1689 indivisibilia,
2189 1649 2224 1678 et
2251 1641 2356 1690 quod
2384 1642 2455 1679 sint

1395 1695 1586 1744 quaedam
1606 1693 1885 1741 magnitudines
1908 1693 2167 1731 indivisibiles:
2196 1694 2295 1743 quia,
2316 1694 2347 1731 si
2376 1708 2456 1732 cor-

1394 1760 1467 1797 pus
1496 1748 1542 1785 sit
1569 1747 1727 1784 omnino
1758 1747 1955 1794 divisibile,
1976 1755 2196 1795 sequeretur
2218 1748 2322 1796 quod
2352 1760 2454 1785 com-

1394 1809 1560 1850 ponatur
1588 1813 1633 1837 ex
1660 1800 1818 1837 tactibus
1837 1801 1899 1838 vel
1928 1812 1973 1836 ex
1999 1800 2163 1849 punctis,
2188 1807 2230 1837 ut
2249 1813 2294 1837 ex
2314 1800 2418 1838 dictis
2437 1801 2457 1823 ’¹‘

1394 1861 1508 1904 patet.
1524 1875 1549 1882 -
1564 1854 1728 1892 Ulterius
1755 1861 1898 1900 autem,
1918 1860 2005 1902 post
2024 1853 2209 1890 rationem
2237 1854 2456 1901 Democriti,

1396 1907 1586 1956 subiungit
1604 1906 1824 1944 Aristoteles
1843 1906 1950 1956 quod
1968 1907 2043 1943 hoc
2060 1906 2300 1955 ponentibus,
2321 1907 2459 1943 scilicet

1397 1973 1479 1998 esse
1510 1973 1673 2010 corpora
1699 1959 1951 2007 indivisibilia,
1972 1972 2051 1996 non
2079 1959 2204 1997 minus
2230 1959 2364 1997 accidit
2390 1960 2459 1996 im-

1396 2013 1592 2063 possibile:
1610 2021 1646 2050 et
1662 2013 1796 2050 dehoc
1810 2012 1839 2039 ³3
1857 2020 2132 2062 perscrutatum
2149 2021 2204 2050 est
2223 2012 2261 2050 in
2281 2012 2370 2060 aliis,
2392 2013 2460 2050 sci·
2574 2014 2604 2043 tt

2487 2049 2498 2059 ⁸
2513 2048 2570 2076 Cap.
2584 2055 2619 2076 tv,
2634 2054 2656 2069 n.
2672 2053 2684 2075 5

1396 2067 1482 2105 licet
1509 2067 1548 2104 in
1576 2068 1626 2104 111
1655 2067 1702 2103 de
1734 2066 1847 2103 Caelo
1874 2065 1906 2103 *.
2487 2080 2539 2102 sqq-

2476 700 2485 709 ”
2495 699 2584 747 lignum
2599 705 2648 721 om.
2659 705 2687 721 pc

2477 731 2491 747 a
2517 741 2523 747 .

2480 1126 2489 1135 ⁸
2504 1125 2580 1147 dividi
2591 1131 2615 1148 Α.

2484 1811 2493 1820 ·
2505 1814 2576 1837 supra
2591 1809 2660 1831 dictis
2673 1815 2695 1831 A.

1390 2224 1512 2258 partium
1531 2224 1674 2250 continuae
1692 2225 1830 2256 (continui
1848 2224 1876 2256 P,
1895 2224 1980 2249 lineae
1999 2229 2024 2248 et
2041 2232 2094 2249 om.
2113 2224 2288 2250 continuae..
2307 2225 2392 2250 lineae
2411 2225 2462 2256 Ca)

1394 2260 1480 2285 PCab.

1449 2294 1494 2329 γγ)
1518 2299 1567 2320 aut
1590 2298 1831 2328 quantamcumque
1853 2295 2038 2327 quantitatem.
2056 2309 2076 2314 —
2093 2295 2276 2328 cuiuscumque
2300 2296 2459 2328 quantitatis

1396 2332 1434 2361 A;
1454 2331 1523 2355 idem
1541 2339 1590 2363 pro
1609 2330 1774 2360 divisibilem,
1795 2330 1940 2361 divisibile;
1959 2335 1985 2355 et
2003 2338 2056 2355 om.
2076 2338 2153 2355 nunc.

1450 2365 1490 2399 δδ)
1511 2366 1548 2391 Et
1565 2366 1664 2392 dicit...
1684 2366 1820 2391 iterum.-
1839 2367 1877 2391 Et
1895 2366 1960 2391 dicit
1985 2366 2056 2398 quod
2074 2366 2118 2397 (et
2135 2365 2188 2398 Pb)
2209 2369 2352 2399 postquam
2371 2366 2461 2391 divido

1397 2402 1500 2435 lignum
1513 2405 1540 2427 et
1552 2402 1734 2434 quodcumque
1746 2409 1843 2433 corpus
1857 2401 1932 2427 aliud
1945 2405 1971 2426 et
1985 2401 2081 2427 iterum
2097 2401 2180 2425 PCab.
2194 2415 2213 2420 —
2227 2401 2276 2426 Pro
2292 2401 2384 2426 eadem
2397 2405 2460 2426 sunt

1456 2437 1596 2467 diuiditur,
1620 2437 1712 2462 eadem
1732 2436 1790 2471 (eae
1808 2437 1840 2470 P)
1859 2440 1922 2462 sunt
1941 2437 1967 2461 in
1987 2444 2055 2469 quae
2074 2436 2205 2461 dividitur
2222 2437 2306 2461 PCab.

1452 2472 1487 2505 εε)
1506 2471 1576 2498 idest
1587 2472 1614 2497 in
1628 2472 1726 2498 omnia.
1738 2486 1758 2491 —
1771 2473 1798 2497 in
1817 2473 1908 2497 omnia
1927 2473 1972 2502 Ca,
1994 2473 2063 2498 idest
2081 2471 2170 2497 omnia
2184 2472 2228 2497 Pb.
2239 2485 2259 2491 —
2273 2472 2323 2496 Pro
2336 2475 2460 2504 poterat,

1395 2511 1487 2540 potest
1505 2508 1591 2533 PCab.
1604 2521 1624 2528 —-
1637 2508 1688 2533 Pro
1701 2508 1767 2541 quid
1781 2508 1866 2542 igitur
1878 2508 1938 2537 erit,
1957 2508 2022 2540 quid
2040 2515 2105 2541 ergo
2119 2510 2186 2537 erat,
2202 2513 2227 2532 et
2241 2515 2288 2540 pro
2302 2507 2338 2532 ad
2350 2507 2461 2540 aliquid,

1401 2551 1438 2569 ex
1456 2543 1547 2576 aliqua
1565 2544 1597 2568 A.

1453 2576 1494 2611 ζζ)
1514 2582 1542 2604 et
1559 2579 1592 2604 de
1610 2578 1667 2604 hoc.
1679 2593 1698 2598 -
1709 2581 1736 2604 et
1754 2578 1803 2604 hoc
1827 2579 1918 2610 PCab‚·
1945 2578 2007 2603 item
2021 2584 2081 2611 post
2102 2578 2147 2603 III
2164 2578 2261 2603 addunt
2279 2578 2356 2603 libro.
