2782 4134
1121 276 1233 313 CAP.
1264 276 1332 325 iv,

250 352 346 390 sicut
365 353 607 402 pyramidem
626 354 665 391 in
685 361 847 403 quatuor
871 354 1093 402 superficies
1122 354 1322 403 triangula—

250 418 322 443 res.
353 405 458 443 Talis
478 414 608 444 autem
638 407 774 444 divisio
795 419 1004 455 corporum
1033 407 1071 444 in
1100 408 1321 456 superficies

250 471 330 496 non
359 467 414 496 est
440 472 511 509 per
538 460 644 497 illum
678 460 840 497 modurn
876 471 954 507 quo
994 472 1133 509 corpus
1168 461 1323 510 aliquod

251 512 431 550 dividitur
458 513 497 550 in
525 526 613 551 suas
640 521 767 563 partes
796 525 1019 562 corporeas;
1049 514 1102 551 sic
1123 514 1225 551 enirn
1247 522 1284 552 et
1303 516 1322 536 ἢ

251 566 414 615 sphaera
451 566 633 605 dividitur
659 566 699 603 in
728 578 816 603 suas
852 573 996 614 partes:
1033 568 1101 604 sed
1138 568 1234 604 haec
1268 575 1324 604 est

251 619 388 656 divisio
426 620 535 670 quasi
563 620 603 657 in
631 631 677 656 ea
705 630 804 667 quae
834 618 1015 656 differunt
1043 620 1168 668 specie
1198 621 1246 657 ab
1277 633 1323 657 eo

250 672 358 721 quod
386 673 574 711 dividitur.
605 672 668 710 Sic
696 672 808 720 igitur
835 672 1026 709 concludit
1051 674 1211 722 planum
1242 685 1323 710 esse

250 726 357 775 quod
385 727 548 776 sphaera
575 726 622 763 sit
647 725 773 775 prima
801 725 1011 762 solidarum
1046 726 1268 774 figurarum.

305 791 341 828 7.
364 779 583 817 Secundam
614 778 839 828 opinionem
867 778 976 827 ponit
1003 778 1072 815 ibi:
1101 780 1172 816 Est
1196 785 1323 816 autem

249 839 285 870 et
309 833 516 870 secundum
535 844 738 870 numerum
758 839 828 869 etc.
849 833 899 869 Et
923 832 1011 869 dicit
1030 832 1137 881 quod
1165 832 1323 880 quidam

249 885 539 934 assignaverunt
566 885 743 923 ordinem
770 885 981 933 figurarum
1005 885 1220 923 secundum
1240 898 1325 935 spe-

249 938 326 976 cies
354 950 620 986 numerorum,
645 939 862 988 adaptando
891 939 1032 987 figuras
1066 939 1246 976 numeris.
1275 940 1325 976 Et

249 992 463 1030 secundum
491 993 567 1029 hoc
591 992 680 1030 dicit
699 992 1073 1030 rationabilissimum
1087 998 1098 1013 ¹
1115 1005 1197 1030 esse
1217 993 1323 1042 quod

249 1045 411 1083 circulus
439 1045 640 1095 adaptetur
666 1045 817 1093 unitati,
846 1054 1003 1096 propter
1030 1047 1106 1083 hoc
1135 1046 1240 1095 quod
1270 1054 1324 1083 est

247 1098 374 1149 prima
402 1106 439 1137 et
466 1099 746 1149 simplicissima
773 1100 1001 1148 figurarum;
1031 1100 1237 1148 triangulus
1258 1112 1324 1136 au-

247 1161 328 1191 tem
355 1152 557 1203 adaptetur
585 1153 765 1201 dualitati,
785 1162 942 1203 propter
963 1155 1038 1191 hoc
1067 1153 1175 1202 quod
1198 1153 1323 1201 anguli

235 1205 434 1255 ‚niangukr-
441 1206 704 1257 adaequantur
723 1207 876 1244 duobus
905 1207 1026 1244 rectis.
1048 1207 1088 1244 Si
1113 1214 1243 1244 autem
1263 1219 1324 1243 ac-

249 1259 437 1311 ciperetur
455 1260 579 1298 unitas
599 1261 813 1299 secundum
833 1261 1078 1320 triangulum,
1100 1268 1324 1309 sequeretur

248 1313 357 1362 quod
385 1313 558 1363 circulus,
580 1314 646 1363 qui
674 1321 731 1352 est
749 1314 967 1352 naturaliter
992 1313 1099 1363 prior
1122 1313 1321 1361 triangulo,

249 1374 349 1416 esset
368 1374 472 1405 extra
490 1379 611 1416 genus
630 1368 787 1417 figurae,
803 1367 834 1405 si
854 1367 1063 1416 triangulus
1082 1374 1182 1404 esset
1199 1365 1323 1416 prima

247 1420 470 1470 figurarum.

303 1474 339 1511 8.
370 1474 522 1512 Deinde
542 1483 640 1511 ‘cum
677 1474 791 1512 dicit:
825 1473 1014 1516 Quoniam
1043 1478 1169 1510 autem
1191 1473 1322 1521 prima

248 1527 398 1588 quidem
418 1535 488 1565 etc.
510 1527 540 1575 ἕ,
569 1527 730 1577 probata
763 1526 922 1574 minori,
952 1525 1148 1575 syllogizat
1165 1525 1215 1563 ad
1233 1538 1322 1575 pro-

246 1579 428 1640 positum.
454 1581 504 1618 Et
523 1580 613 1618 dicit
630 1580 750 1629 quod,
771 1579 860 1630 quia
877 1579 1003 1629 prima
1021 1579 1143 1628 figura
1163 1579 1323 1617 debetur

246 1632 373 1694 primo
397 1633 561 1683 corpori,
592 1645 681 1671 cum
709 1632 878 1682 primurn
906 1645 1046 1693 corpus
1074 1632 1122 1670 sit
1149 1631 1188 1670 id
1216 1633 1322 1680 quod

215 1716 218 1717 γ
247 1686 362 1725 estin
386 1693 554 1725 extrema
583 1686 888 1724 circumferentia
915 1686 1029 1724 totius
1057 1685 1204 1732 mundi,
1232 1698 1322 1723 con-

246 1751 414 1790 sequens
442 1749 500 1778 est
531 1740 638 1789 quod
661 1740 735 1778 tale
765 1752 926 1789 corpus,
955 1739 1063 1788 quod
1095 1739 1323 1776 circulariter

245 1793 374 1842 fertur,
395 1793 509 1831 etiam
536 1793 663 1844 ipsum
692 1794 732 1831 in
759 1793 885 1844 seipso
905 1793 927 1814 ⁸
946 1793 994 1830 sit
1020 1792 1275 1842 sphaericum.

301 1859 338 1896 9.
350 1847 500 1885 Deinde
517 1859 606 1884 curn
623 1846 728 1885 dicit:
743 1848 795 1884 Et
807 1846 1027 1884 continuum
1042 1845 1160 1896 igitur
1174 1845 1229 1883 illi
1237 1853 1320 1894 etc„

298 2003 323 2040 ι)
341 2004 619 2031 rationabilissimum.
631 2018 651 2024 -
664 2005 825 2031 rationabile
850 2005 941 2037 codd.;
961 2004 993 2030 cf.
1012 2009 1111 2030 textum
1135 2010 1286 2038 utrumque.
1300 2019 1320 2024 -

245 2039 298 2066 Pro
317 2039 471 2074 adaptetur,
490 2039 641 2073 adaptatur
659 2041 736 2066 codd.
749 2048 803 2066 exc.
816 2041 848 2066 A.

297 2074 326 2111 ζ)
342 2075 448 2102 Deinde
459 2083 520 2102 cum
535 2075 614 2102 dicit.-
629 2075 763 2107 Quoniam
777 2079 867 2102 autem
881 2076 975 2108 prima
987 2076 1093 2109 quidem
1108 2079 1158 2102 etc.
1167 2090 1186 2096 -
1195 2076 1252 2101 Hoc
1266 2083 1320 2101 om.

245 2111 267 2138 Ρ
279 2115 307 2138 ct
324 2111 400 2137 codd.
414 2119 469 2138 exc.
482 2111 594 2144 AsEGIg
614 2111 647 2137 cf.
662 2112 790 2145 analysim
809 2116 894 2137 textus
912 2112 938 2137 in
958 2119 1031 2138 num.
1046 2119 1070 2137 2.

298 2146 328 2182 η)
343 2147 380 2173 Β
392 2147 486 2174 eadem
499 2147 573 2174 ratio
584 2150 666 2173 est.-
679 2147 716 2172 Et
729 2155 784 2172 om.
797 2147 831 2178 Ρ;
850 2155 898 2180 pro
913 2147 985 2173 ratio
999 2153 1120 2180 corrupte
1128 2147 1230 2180 positio
1244 2147 1320 2172 codd.

246 2189 302 2212 exe.
315 2182 405 2208 AnL—
418 2183 482 2208 Post
499 2190 579 2208 unam
598 2182 642 2208 lin.
661 2182 682 2208 P
700 2190 755 2208 om.
769 2182 842 2216 quod
860 2187 920 2208 ante
937 2186 1052 2215 oportet.

300 2215 326 2252 θ)
346 2217 398 2243 Illa
411 2217 482 2244 enim
494 2225 635 2251 corpora..
638 2218 736 2243 Λυκίης
750 2221 908 2244 naturae.—
920 2218 956 2243 Ita
969 2218 1080 2251 legimus
1093 2226 1154 2244 cum
1169 2218 1214 2244 sE.
1232 2218 1321 2243 Primo

247 2253 318 2278 enim
335 2252 400 2278 haec
419 2253 496 2279 lectio
510 2253 618 2286 exigitur
631 2253 663 2278 ab
681 2253 740 2286 ipso
759 2258 889 2279 contextu.
908 2253 975 2279 Nam
994 2254 1144 2279 immediate
1163 2261 1242 2287 supra
1261 2253 1322 2278 dixit

247 2296 272 2314 ι.
283 2287 404 2314 nomas
428 2289 555 2314 rationem
575 2289 647 2322 quod
670 2288 720 2314 alin
744 2296 855 2322 corpora
877 2294 982 2322 oportet
1005 2296 1065 2314 esse
1087 2289 1235 2322 sphaerica,
1260 2297 1321 2314 ean-

248 2323 310 2349 dem
328 2331 388 2349 esse
406 2332 436 2350 nc
448 2332 500 2357 qua
515 2324 654 2357 probatum
672 2329 712 2349 est
726 2332 820 2357 corpus
834 2324 934 2357 primae
952 2324 1078 2358 sphaerae
1096 2325 1246 2350 continuum
1261 2332 1321 2350 esse

247 2358 426 2393 sphaericum3
445 2359 510 2386 haec
529 2364 615 2385 autem
634 2360 699 2385 ratio
717 2367 766 2393 pro
785 2359 921 2392 superficie
940 2368 1055 2386 convexa
1073 2361 1180 2386 secundi
1203 2361 1320 2394 corporis

247 2399 315 2426 ent,
334 2394 398 2428 quia
415 2394 552 2428 sphaerico
571 2395 723 2420 continuum
742 2395 907 2428 sphaericum
926 2401 980 2428 ειη
999 2403 1047 2428 pro
1072 2395 1208 2428 superficie
1233 2401 1320 2421 autem

247 2437 361 2456 concava
373 2430 494 2455 omnium
508 2438 648 2463 corporum
662 2435 710 2461 est,
723 2431 787 2464 quia
799 2435 860 2456 sunt
872 2431 990 2456 eiusdem
1005 2436 1111 2456 naturae
1125 2431 1151 2456 in
1165 2439 1281 2456 convexo
1296 2436 1322 2456 et

247 2473 370 2496 meu-o,
388 2466 502 2499 ideoque
515 2466 626 2492 eandem
643 2466 783 2499 utrobique
801 2466 912 2500 figuram
930 2466 1035 2492 habent.
1054 2467 1103 2492 Hic
1121 2472 1208 2492 autem
1225 2474 1320 2492 sensus

246 2509 264 2527 ι
275 2501 386 2527 tectione
400 2501 521 2535 adoptata
539 2502 674 2528 manifecte
692 2502 835 2528 exhibetur.
853 2502 963 2535 Insuper
976 2502 1040 2528 haec
1054 2502 1130 2528 lectio
1143 2510 1196 2527 non
1209 2502 1322 2527 obscure

245 2535 392 2562 insinuatur
410 2536 443 2562 ab
462 2537 518 2563 aliis
537 2537 680 2563 codicibus.
698 2537 765 2563 Nam
778 2537 918 2571 DHpEsGI
937 2539 1039 2571 legunt:
1058 2538 1109 2564 Illa
1123 2538 1194 2564 enim
1205 2545 1321 2571 corpora

246 2578 316 2605 quae
329 2572 501 2599 continentur
518 2576 545 2599 et
557 2573 754 2608 continguntur
771 2580 790 2598 a
802 2580 915 2606 corpore
932 2573 1072 2606 sphaerico
1083 2574 1228 2599 seeundum
1243 2581 1320 2599 suum

246 2613 407 2638 convexum
424 2611 452 2634 et
464 2615 518 2641 per
530 2615 693 2642 consequens
710 2609 855 2635 secundum
874 2616 1032 2639 concavum,
1052 2609 1077 2635 si
1093 2613 1158 2635 sunt
1176 2609 1255 2635 unius
1274 2617 1321 2634 na-

247 2645 334 2669 turae.
353 2644 443 2670 Lectio
461 2644 518 2674 ista.
532 2645 555 2670 si
571 2650 678 2678 propter
696 2644 894 2670 homoteleuton
911 2646 1011 2670 omissa
1029 2645 1205 2676 restituantur,
1224 2652 1320 2678 nempe

1362 277 1514 314 LECT.
1544 277 1580 314 V
2379 292 2444 328 141

1378 356 1543 393 ostendit
1579 356 1685 405 quod
1715 355 1828 393 etiarn
1862 356 2041 394 inferiora
2079 357 2254 394 caelestia
2289 370 2452 407 corpora

1378 416 1465 446 sunt
1484 409 1691 458 sphaerica.
1714 410 1764 447 Et
1782 409 1870 447 dicit
1889 411 1994 459 quod
2014 422 2059 447 ex
2079 423 2156 459 quo
2178 410 2345 459 primum
2366 424 2448 448 cor-

1377 475 1450 511 pus
1480 470 1534 500 est
1554 463 1810 512 sphaericum,
1832 476 2073 511 consequens
2094 471 2150 500 est
2177 464 2283 512 quod
2313 472 2349 501 et
2368 477 2450 501 cor-

1377 528 1450 564 pus
1480 528 1722 564 consequens
1750 517 1968 554 continuum
1998 517 2070 563 illi,
2100 517 2197 554 idest
2229 517 2451 555 immediate

1380 568 1625 606 coniunctum
1644 570 1693 607 ad
1722 570 1861 619 ipsum,
1883 570 1928 607 sit
1947 570 2205 619 sphaericum:
2234 570 2325 607 illud
2347 571 2449 607 enim

1380 633 1518 670 corpus
1543 622 1648 671 quod
1669 631 1725 660 est
1749 624 1980 670 continuum,
2000 624 2098 661 idest
2116 623 2335 661 immediate
2360 636 2450 661 con-

1378 674 1562 722 iunctum,
1579 676 1790 724 sphaerico,
1813 684 1964 726 oportet
1982 677 2088 725 quod
2114 676 2228 714 etiam
2250 677 2296 714 sit
2314 678 2450 726 sphae-

1380 727 1512 764 ricum.
1543 729 1593 765 Et
1619 730 1695 766 hoc
1724 737 1779 766 est
1811 743 1949 767 verum
1979 730 2009 767 si
2039 742 2178 779 corpus
2206 729 2376 779 primum
2406 730 2452 767 sit

1380 781 1621 829 sphaericum
1649 794 1727 819 non
1756 783 1880 820 solum
1919 784 2133 821 secundum
2160 796 2274 820 suum
2310 796 2450 820 conve-

1378 846 1484 881 xum,
1505 834 1573 871 sed
1594 834 1707 871 etiam
1726 836 1938 873 secundum
1958 849 2073 875 suum
2097 849 2331 874 concavum:
2363 849 2451 873 cum

1380 887 1482 924 enim
1504 887 1640 924 eadem
1659 896 1794 925 natura
1813 889 1859 926 sit
1885 890 1998 938 primi
2028 890 2198 940 corporis
2217 890 2256 928 in
2276 902 2450 927 concavo

1380 947 1416 977 et
1445 953 1632 988 conver
1655 950 1804 991 oportet
1833 943 1938 990 quod
1966 944 2168 993 utrobique
2192 944 2332 981 habeat
2361 956 2448 981 ean-

1380 993 1469 1030 dem
1497 994 1672 1042 figuram.
1703 996 1752 1032 Et
1772 996 1908 1033 eadem
1937 997 2030 1033 ratio
2058 1003 2142 1035 est*
2158 997 2204 1034 de
2227 997 2451 1046 corporibus

1379 1047 1459 1084 aliis
1487 1059 1586 1096 quae
1606 1055 1694 1085 sunt
1711 1047 1750 1086 in
1770 1049 1899 1086 medio
1923 1050 2063 1087 horum
2085 1057 2262 1088 contenta
2280 1051 2330 1088 ab
2349 1050 2450 1098 istis,

1378 1100 1484 1149 quod
1505 1108 1656 1150 oportet
1679 1114 1725 1139 ea
1745 1102 1942 1151 sphaerica
1962 1116 2056 1141 esse.
2079 1105 2144 1141 Illa
2164 1104 2267 1141 enim
2287 1116 2451 1153 corpora

1379 1166 1478 1213 quae
1498 1154 1739 1192 continentur
1758 1163 1795 1192 et
1810 1156 2076 1205 continguntur
2091 1170 2113 1194 a
2134 1169 2295 1213 corpore
2315 1158 2450 1206 sphae-

1379 1207 1458 1243 rico
1479 1207 1691 1245 secundum
1721 1220 1835 1245 suum
1860 1222 2088 1258 convexum,
2110 1223 2266 1248 necesse
2291 1218 2347 1248 est
2366 1222 2449 1247 esse

1379 1259 1578 1308 sphaerica
1597 1261 1811 1299 secundum
1831 1275 1945 1300 suum
1966 1276 2199 1311 convexum;
2221 1272 2257 1301 et
2275 1276 2346 1313 per
2360 1276 2450 1301 con-

1379 1325 1544 1363 sequens
1573 1315 1787 1352 secundum
1818 1328 2054 1364 concavum,
2081 1317 2112 1354 si
2140 1325 2227 1355 sunt
2253 1317 2365 1354 unius
2384 1329 2450 1354 na-

1379 1374 1485 1404 turae
1508 1364 1531 1404 ⁰.
1555 1367 1655 1405 Cum
1684 1368 1794 1416 igitur
1821 1370 2005 1418 sphaerae
2031 1371 2269 1420 planetarum
2298 1370 2449 1408 inferio-

1379 1431 1464 1457 rum
1493 1420 1711 1469 contingant
1732 1422 1751 1443 '¹‘
1771 1423 1973 1471 sphaeram
2002 1424 2254 1473 superiorem,
2280 1423 2486 1484 sequitur

1379 1473 1484 1521 quod
1512 1481 1591 1511 tota
1618 1475 1726 1521 latio,
1755 1475 1852 1513 idest
1878 1484 2002 1513 totum
2032 1490 2170 1526 corpus
2199 1478 2304 1527 quod
2333 1478 2450 1514 circu-

1377 1526 1503 1564 lariter
1530 1527 1672 1564 fertur
1679 1529 1856 1576 ‚habeat
1884 1530 2123 1579 sphaericam
2152 1531 2333 1579 figuram:
2359 1530 2449 1580 quia

1378 1580 1508 1617 omnia
1527 1580 1587 1617 illa
1607 1593 1769 1630 corpora
1789 1583 2008 1620 caelestium
2028 1584 2277 1633 sphaerarum
2293 1596 2334 1621 se
2353 1583 2449 1621 invi-

1378 1645 1464 1670 cem
1479 1641 1647 1682 tangunt,
1664 1642 1701 1671 et
1716 1643 1803 1672 sunt
1822 1637 2011 1683 continua,
2028 1637 2125 1674 idest
2142 1637 2364 1678 immediate
2379 1637 2450 1674 sibi

1378 1686 1544 1724 invicem
1566 1687 1778 1726 coniuncta.
1805 1689 1891 1726 Nec
1910 1698 1966 1727 est
1995 1690 2150 1738 aliquod
2179 1702 2317 1739 corpus
2336 1690 2449 1728 inter-

1378 1740 1552 1777 medium
1588 1741 1694 1790 quod
1730 1743 1904 1792 suppleat
1934 1743 2142 1781 vacuitates
2180 1745 2448 1793 sphaerarum,

1376 1800 1418 1829 ut
1446 1793 1602 1843 quidam
1628 1803 1793 1844 ponunt:
1819 1804 2040 1844 sequeretur
2072 1797 2174 1834 enim
2198 1798 2259 1834 illa
2288 1810 2450 1847 corpora

1378 1858 1460 1883 esse
1481 1847 1614 1895 otiosa,
1635 1860 1723 1885 cum
1742 1861 1821 1886 non
1840 1850 2026 1887 haberent
2044 1858 2193 1888 motum
2215 1851 2448 1889 circularem.

1374 2012 1477 2031 necesse
1491 2009 1531 2031 est
1542 2013 1598 2032 esse
1611 2007 1752 2039 sphaerica
1765 2007 1910 2033 secundum
1924 2015 2000 2033 suum
2015 2015 2174 2039 convexum,
2188 2013 2258 2041 patet
2272 2009 2343 2041 quod
2357 2009 2449 2035 eadem

1375 2041 1483 2066 omnino
1496 2047 1536 2067 est
1549 2050 1609 2067 cum
1624 2042 1735 2068 lectione
1749 2043 1795 2068 sE.
1814 2043 1882 2068 Cum
1897 2044 2112 2077 praecedentibus
2126 2044 2201 2069 codd.
2216 2045 2306 2078 legunt
2319 2045 2448 2077 BCFpGI,

1375 2082 1483 2110 excepto
1502 2078 1574 2110 quod
1599 2085 1647 2111 pro
1665 2085 1815 2104 convexum
1841 2078 1937 2104 habent
1954 2086 2114 2109 concavum‚·
2139 2079 2261 2105 omittunt
2285 2080 2406 2105 videlicet
2424 2085 2450 2105 et

1376 2112 1425 2145 ipsi
1444 2119 1548 2138 necesse
1565 2117 1628 2139 est..
1630 2121 1727 2139 anum
1746 2121 1909 2143 convexum,
1935 2115 2006 2148 quod
2024 2115 2119 2148 pariter
2137 2115 2256 2148 explicari
2280 2119 2367 2148 potest
2386 2115 2449 2148 quia

1375 2149 1454 2173 etiam
1473 2149 1499 2173 in
1518 2149 1574 2174 istis
1594 2131 1670 2175 codd.
1688 2150 1789 2175 omissa
1810 2150 1941 2175 continent
1959 2151 2000 2175 vel
2021 2150 2218 2176 homoteleuton
2236 2152 2279 2176 vel
2298 2151 2394 2184 aliquid
2413 2151 2450 2176 si-

1374 2183 1437 2208 mile
1450 2183 1638 2210 homoteleuto.
1652 2192 1806 2214 concavum,
1822 2186 1893 2218 quod
1911 2185 2008 2210 habent
2026 2186 2068 2210 isti
2083 2186 2191 2211 secundi
2205 2186 2280 2211 codd.
2292 2194 2340 2219 pro
2353 2193 2448 2211 conve-

1374 2227 1452 2249 xum,
1466 2220 1574 2245 reddere
1593 2225 1680 2252 potest
1692 2220 1918 2262 paleographicam
1938 2221 2134 2254 explicationem
2149 2221 2267 2246 lectionis
2282 2229 2362 2254 quam
2377 2221 2447 2246 exhi-

1375 2254 1419 2279 bet
1433 2255 1491 2280 cod.
1501 2255 1532 2285 A,
1546 2255 1621 2285 idest.
1633 2256 1724 2281 omnia
1738 2256 1808 2281 enim
1823 2263 1938 2288 corpora
1950 2264 2018 2289 quae
2030 2257 2202 2282 continentur
2214 2260 2241 2282 et
2252 2257 2448 2290 continguntur

1374 2297 1392 2315 a
1405 2297 1519 2322 corpore
1536 2290 1676 2322 sphaerico
1694 2291 1839 2316 secundum
1853 2299 1930 2316 suum
1945 2298 2090 2317 concavum
2107 2292 2132 2317 si
2144 2295 2207 2317 sunt
2219 2293 2299 2318 unius
2317 2295 2447 2322 naturae,-

1375 2326 1520 2350 secundum
1539 2325 1590 2351 hoc
1608 2327 1677 2351 enim
1692 2327 1715 2351 A
1729 2327 1860 2352 omitteret
1878 2326 2076 2352 homoteleuton
2095 2334 2198 2353 necesse
2216 2331 2289 2353 est...
2300 2328 2446 2353 secundum

1373 2368 1528 2386 concavum.
1547 2361 1567 2386 Ρ
1587 2362 1649 2395 legit
1667 2367 1695 2387 ut
1714 2362 1749 2391 D,
1774 2362 1821 2387 sed
1845 2367 1874 2387 ut
1892 2363 2019 2388 sententia
2043 2363 2110 2388 bene
2135 2368 2282 2388 constructa
2307 2368 2443 2396 appareat,

1375 2397 1497 2429 expungit
1514 2397 1666 2430 particulam
1680 2397 1705 2422 si
1709 2404 1718 2426 ;
1737 2405 1832 2422 sensus
1851 2402 1938 2422 tamen
1952 2398 1978 2422 in
1993 2402 2112 2423 contextu
2125 2406 2178 2423 non
2191 2398 2276 2423 bonus
2290 2404 2404 2432 apparet,
2418 2403 2448 2424 ut

1374 2432 1546 2458 consideranti
1560 2437 1640 2465 patet.
1651 2446 1671 2452 -
1685 2432 1780 2463 Quaeri
1799 2438 1884 2466 potest
1902 2438 1991 2458 utrum
2009 2438 2069 2459 ante
2088 2441 2191 2459 necesse
2202 2437 2243 2459 est
2257 2434 2396 2467 legendum
2412 2434 2446 2459 sit

1374 2475 1525 2493 convexum
1544 2475 1605 2493 cum
1623 2468 1655 2499 D,
1673 2476 1706 2493 nn
1725 2468 1811 2502 potius
1830 2475 1975 2494 concavum
1994 2477 2055 2494 cum
2073 2470 2103 2494 B.
2122 2470 2176 2494 Res
2195 2477 2248 2494 non
2266 2470 2368 2494 videtur
2387 2477 2447 2494 esse

1375 2503 1462 2536 magni
1480 2503 1621 2528 momenti:
1640 2504 1711 2529 unde
1733 2503 1843 2530 dicimus
1866 2505 1939 2537 quod
1958 2505 1979 2529 si
1997 2512 2143 2537 pronomen
2168 2505 2350 2538 possessivum
2369 2512 2446 2530 suum

1373 2539 1541 2564 referendum
1554 2544 1595 2564 est
1606 2539 1638 2564 ad
1652 2546 1776 2572 corpora,
1790 2540 1936 2565 conservari
1949 2540 2027 2565 debet
2044 2547 2208 2571 convexum5
2223 2540 2245 2565 si
2260 2548 2324 2566 vero
2338 2540 2447 2566 refertur

1375 2575 1407 2600 ad
1425 2581 1538 2607 corpore
1556 2574 1704 2607 sphaerico,
1724 2574 1775 2607 legi
1794 2575 1871 2600 debet
1888 2582 2042 2601 concavum.

1429 2610 1448 2642 ι)
1458 2610 1760 2644 circularitersertur.-
1742 2610 1935 2642 -circuiturP‚
1949 2611 2011 2644 quia
2023 2611 2128 2644 BCDFp
2130 2611 2178 2636 EG
2187 2619 2241 2636 om.
2246 2612 2374 2644 fertur.—
2355 2611 2447 2636 —Post

1375 2645 1470 2678 paucas
1490 2646 1570 2671 lineas
1584 2653 1633 2679 pro
1648 2646 1802 2676 vacuitates,
1821 2646 1982 2672 vacuitatem
2002 2647 2036 2679 P;
2056 2654 2104 2680 pro
2123 2647 2178 2676 illa,
2193 2647 2267 2672 nulla
2280 2646 2445 2680 BCDpEFG.

2576 1373 2589 1398 θ

2501 1432 2607 1458 tangant
2621 1430 2691 1452 codd.

2580 1542 2588 1558 t
