2782 4134
97 583 106 592 “
115 581 152 602 Cf.
165 581 215 602 lect.
229 584 303 607 praec.

96 614 118 629 n.
132 613 152 635 3.

192 643 208 658 α

94 733 104 741 “
117 731 186 753 Num.
200 737 219 759 5.

86 1051 95 1058 ·
107 1048 251 1076 impossibile
259 1053 299 1069 co-

87 1075 158 1096 dices.

86 1106 96 1115 ·
103 1105 185 1135 primo
200 1110 247 1126 om.
258 1110 298 1125 co-

86 1131 156 1152 dices.

85 1211 94 1220 ·
109 1210 133 1231 ei
145 1214 192 1230 om.
207 1214 229 1230 Λ.

84 1262 95 1272 ‘
103 1263 208 1289 respectu
216 1266 263 1282 om.
274 1267 295 1282 Ρ.

83 1314 92 1323 ·
107 1315 144 1334 est
155 1314 207 1335 add.
222 1320 242 1335 P.

83 1632 91 1640 ¹
106 1631 226 1659 significat
237 1637 258 1652 P.

84 2051 250 2073 *contradictio
260 2057 295 2073 co·

85 2077 147 2100 dices
161 2084 211 2100 exc.
225 2084 247 2099 Α.

528 372 540 382 .
568 362 576 374 “
594 363 768 403 ostquam
796 353 1051 401 Philosophus
1089 352 1251 389 ostendit
1283 351 1388 399 quod

594 419 708 444 omne
737 405 1011 453 sempiternum
1041 412 1096 440 est
1123 404 1332 451 ingenitum
1353 411 1389 440 et

485 495 491 502 ,
537 463 546 476 ³
564 483 576 508 ὲ
592 458 884 507 incorruptibile,
900 457 961 493 hic
977 464 1174 504 comparat
1194 456 1388 505 sempiter-

395 538 421 548 ψ
469 504 482 515 as
535 508 573 540 ἵν’
593 524 685 549 num
701 511 749 548 ad
764 509 1005 558 corruptibile
1022 515 1058 544 et
1071 509 1252 556 genitum,
1265 515 1388 545 osten-

333 569 424 606 dens
452 565 555 615 quod
584 564 694 601 simul
715 575 794 599 esse
819 574 899 599 non
925 568 1086 609 possunt
1106 562 1126 582 *
1145 567 1174 598 '‘.
1195 561 1245 598 Et
1262 562 1388 610 primo

329 619 530 671 praemittit
557 617 745 666 quaedam
766 627 811 651 ex
839 614 977 662 quibus
995 614 1169 661 procedit
1196 613 1306 660 ratio;
1332 627 1388 651 se-

332 673 455 711 cundo
484 684 528 708 ex
555 670 623 706 illis
651 674 932 716 argumentatur
960 667 1007 702 ad
1034 666 1287 715 propositum,
1316 668 1388 704 ibi:

329 727 463 774 Neque
490 726 612 771 itaque
638 732 783 769 semper
810 720 970 756 existens
998 719 1018 740 *
1048 727 1116 757 etc.

383 777 491 814 Circa
509 776 675 825 primum
695 773 763 810 tria
781 771 971 821 proponit.
992 772 1122 810 Primo
1143 773 1300 822 quidem
1325 773 1388 810 de-

329 831 441 867 clarat
468 827 746 877 oppositionem
782 825 860 862 eius
897 825 1002 873 quod
1039 834 1095 862 est
1129 838 1276 875 semper
1312 839 1390 864 esse

329 890 364 920 et
390 894 535 930 semper
571 892 644 917 non
683 890 781 915 esse:
811 885 847 914 et
875 878 1052 926 quamvis
1089 879 1269 927 adiungat
1295 880 1386 926 hoe,

327 935 427 984 quod
443 940 497 971 est
515 932 700 982 possibile,
721 943 799 968 non
818 938 948 967 tamen
966 931 1077 968 tradit
1105 932 1388 980 oppositionem

327 1000 423 1037 quae
451 986 650 1023 attenditur
678 983 890 1021 secundum
908 984 1088 1032 possibile
1118 992 1154 1021 et
1172 997 1250 1021 non
1269 984 1388 1033 possi-

326 1041 398 1077 bile
417 1040 445 1086 *,
467 1039 534 1076 sed
561 1038 772 1074 secundum
792 1049 945 1085 semper
972 1049 1055 1074 esse
1075 1045 1111 1074 et
1129 1049 1208 1074 non
1236 1049 1389 1086 semper

326 1105 419 1130 esse.
449 1091 548 1130 Dicit
567 1103 656 1138 ergo
684 1089 810 1138 primo
827 1090 847 1110 *
867 1090 972 1138 quod
1000 1090 1112 1126 huius
1137 1090 1387 1127 affirmativae

325 1157 422 1194 quae
452 1152 507 1181 est
527 1143 703 1192 possibile
729 1154 877 1191 semper
903 1154 992 1189 esse,
1021 1142 1171 1191 negatio
1201 1143 1387 1180 contradi-

325 1197 437 1235 ctorie
458 1197 491 1233 ei
510 1198 530 1218 ’¹‘
550 1195 724 1245 opposita
753 1203 809 1232 est
825 1195 1002 1244 possibile
1020 1207 1095 1232 non
1114 1208 1262 1244 semper
1288 1208 1387 1233 esse.-

322 1263 400 1288 non
428 1249 583 1298 quidem
610 1261 655 1286 ex
682 1255 789 1297 parte
809 1248 926 1297 ipsius
953 1248 1154 1297 possibilis,
1176 1256 1349 1298 respectu
1367 1250 1388 1270 '¹‘

322 1304 426 1341 cuius
444 1304 539 1340 haec
569 1309 624 1339 est
651 1301 880 1339 affirmativa
901 1301 1078 1350 possibile
1093 1302 1112 1322 ⁹⁵
1141 1314 1216 1339 non
1239 1314 1388 1351 semper

320 1369 416 1401 esse;
435 1355 503 1393 sed
522 1362 706 1404 quantum
726 1354 775 1392 ad
794 1354 921 1403 ipsum
946 1354 1052 1403 quod
1072 1362 1128 1391 est
1146 1367 1221 1393 non
1239 1367 1388 1404 semper

320 1422 407 1446 esse.
438 1408 515 1446 Sed
534 1410 608 1446 hoc
636 1408 741 1457 quod
770 1415 825 1444 est
841 1407 1018 1455 possibile
1034 1419 1183 1456 semper
1201 1420 1276 1446 non
1296 1421 1385 1455 esse,

320 1462 524 1512 opponitur
544 1460 728 1498 contrarie
748 1460 960 1498 secundum
980 1461 1147 1499 eundem
1167 1461 1330 1499 modum
1351 1462 1385 1499 ei

320 1515 424 1565 quod
453 1522 508 1552 est
530 1514 705 1563 possibile
741 1525 887 1562 semper
920 1526 1008 1551 esse.
1039 1514 1228 1563 Negativa
1256 1523 1385 1552 autem

318 1568 430 1606 huius
450 1575 505 1605 est
517 1567 692 1616 possibile
711 1579 785 1603 non
808 1578 955 1615 semper
973 1579 1047 1604 non
1067 1579 1155 1605 esse.
1167 1589 1191 1596 -
1207 1569 1256 1606 Et
1274 1568 1385 1606 huius

321 1621 414 1658 ratio
444 1628 499 1657 est
527 1620 614 1669 quia
642 1621 716 1657 hoc
743 1619 971 1657 adverbium
997 1632 1145 1669 semper
1177 1621 1387 1670 designat*

318 1673 640 1711 universalitatem
659 1672 853 1722 temporiS,
874 1673 970 1710 sicut
987 1674 1062 1710 hoc
1090 1674 1240 1722 signum
1264 1675 1385 1712 omnis

321 1727 490 1775 designat
502 1726 824 1764 universalitatem
840 1726 1135 1775 suppositorum.
1158 1728 1269 1765 Unde
1289 1728 1385 1765 sicut

319 1780 407 1817 huic
436 1779 828 1816 enuntiationi'omnis
854 1780 966 1816 homo
995 1785 1066 1826 est,
1094 1781 1383 1819 contradictoria

322 1840 376 1870 est
404 1845 478 1870 non
507 1833 627 1870 omnis
645 1834 757 1869 homo
785 1838 849 1879 est,
870 1832 1128 1882 aequipollens
1148 1834 1182 1871 ei
1210 1847 1308 1883 quae
1329 1842 1384 1872 est

321 1886 454 1934 aliquis
481 1887 592 1922 homo
622 1897 696 1922 non
725 1891 798 1930 est;
819 1886 1004 1922 contraria
1021 1898 1115 1923 vero
1143 1887 1231 1924 huic
1263 1883 1384 1925 omnis

322 1939 434 1975 homo
462 1944 525 1984 est,
546 1938 679 1975 dicitur
706 1939 826 1975 omnis
853 1939 964 1975 homo
993 1951 1067 1976 non
1097 1945 1160 1986 est,
1190 1941 1383 1990 aequipol-

322 1992 403 2028 lens
430 1991 518 2028 huic
538 1991 660 2028 nullus
678 1992 790 2027 homo
810 1996 880 2035 est;
907 1991 1019 2028 huius
1048 2000 1177 2029 autern
1197 1993 1383 2031 contradi-

325 2043 440 2081 ctoria
453 2045 473 2065 '¹³
493 2051 547 2081 est
574 2056 648 2081 non
669 2043 788 2081 omnis
815 2045 927 2081 homo
947 2057 1022 2082 non
1042 2051 1104 2092 est,
1125 2046 1384 2095 aequipollens

323 2096 412 2134 huic
438 2097 572 2146 aliquis
598 2098 710 2134 homo
738 2102 812 2134 est.-
840 2097 890 2134 ita
926 2097 1015 2135 huic
1043 2099 1148 2147 quod
1177 2099 1262 2137 dico
1289 2112 1383 2137 sem-

295 2175 297 2178 .
322 2162 390 2198 per
409 2162 497 2196 esse,
514 2149 802 2187 contradictorie
821 2150 1026 2199 opponitur
1040 2164 1114 2188 non
1128 2164 1276 2201 semper
1293 2165 1382 2199 esse,

87 2946 98 2956 ⁸
112 2947 135 2966 et
147 2951 194 2967 non
208 2952 297 2974 semper

87 2977 128 2992 ens
141 2978 162 2994 r.

89 3050 97 3059 ·
112 3050 174 3077 quod
187 3057 235 3073 om,
249 3058 270 3074 e.

324 2203 429 2251 quod
457 2203 685 2252 aequipollet
705 2203 738 2239 ei
757 2204 862 2251 quod
891 2211 946 2240 est
963 2204 1165 2252 aliquando
1194 2218 1268 2243 non
1288 2218 1383 2251 esse;

325 2256 392 2293 sed
420 2255 454 2292 ei
482 2256 586 2305 quod
615 2264 670 2293 est
691 2267 838 2304 semper
864 2267 952 2302 esse,
974 2258 1157 2295 contrarie
1178 2259 1383 2308 opponitur

322 2320 468 2357 semper
495 2322 569 2346 non
597 2321 685 2355 esse,
706 2309 810 2358 quod
830 2309 1059 2359 aequipollet
1086 2311 1174 2348 huic
1202 2312 1307 2360 quod
1328 2320 1383 2350 est

324 2374 516 2410 nunquam
544 2375 642 2407 esse;
669 2362 757 2400 huic
789 2375 882 2399 vero
905 2364 1192 2402 contradictorie
1221 2365 1382 2415 opponi-

323 2422 383 2451 tur
401 2427 474 2452 non
493 2427 639 2464 semper
653 2428 727 2453 non
747 2427 835 2462 esse,
852 2416 957 2465 quod
977 2417 1206 2466 aequipollet
1224 2419 1257 2455 ei
1277 2419 1381 2468 quod

326 2476 380 2504 est
407 2468 607 2516 aliquando
635 2481 712 2505 esse
730 2467 758 2506 β.

378 2531 412 2556 2.
435 2521 612 2559 Secundo
633 2533 721 2558 cum
749 2521 853 2558 dicit:
873 2522 1035 2559 Necesse
1063 2524 1279 2573 negationes
1299 2531 1381 2571 etc.,

325 2573 514 2610 concludit
541 2585 586 2610 ex
613 2573 805 2622 praedicto
844 2574 963 2611 modo
993 2576 1241 2624 oppositionis
1278 2579 1382 2627 quod

326 2632 474 2672 oportet
501 2625 625 2663 eidem
654 2626 822 2663 subiecto
851 2626 974 2664 inesse
1007 2628 1225 2676 negationes
1252 2632 1382 2668 amha-

325 2689 427 2723 rum,
457 2678 592 2715 scilicet
620 2678 699 2715 eius
727 2680 832 2727 quod
861 2688 916 2716 est
942 2693 1093 2730 semper
1121 2695 1201 2719 esse
1240 2691 1276 2720 et
1303 2684 1383 2721 eius

326 2730 430 2777 quod
459 2737 513 2767 est
541 2743 691 2780 semper
723 2744 801 2768 non
830 2745 933 2780 esse;
971 2746 1068 2782 quae
1101 2735 1239 2773 scilicet
1271 2749 1382 2785 nega—

325 2789 444 2819 tlones
473 2791 559 2821 sunt
585 2796 659 2821 non
687 2797 833 2833 semper
859 2798 936 2823 esse
969 2795 1005 2824 et
1032 2799 1106 2825 non
1133 2801 1280 2838 semper
1307 2803 1380 2828 non

326 2846 413 2872 esse.
440 2836 550 2882 Quae
578 2837 732 2885 quidem
760 2839 978 2886 negationes
1016 2841 1152 2878 eodem
1181 2843 1299 2880 modo
1328 2844 1381 2880 in-

325 2895 410 2925 sunt
437 2888 574 2937 eidem,
594 2897 635 2927 ut
653 2890 744 2928 illud
763 2890 809 2928 sit
836 2892 1006 2929 medium
1025 2893 1120 2932 inter
1143 2907 1295 2945 semper
1315 2909 1381 2934 ens

325 2948 360 2977 et
378 2953 530 2990 semper
548 2955 625 2980 non
645 2955 712 2980 ens
728 2945 747 2963 ⁵
772 2945 877 2992 quod
896 2945 1051 2994 quidem
1066 2955 1191 2996 potest
1210 2949 1379 2998 quando-

324 3006 396 3042 que
417 3007 497 3032 esse
513 3003 550 3032 et
568 2996 799 3045 quandoque
814 3010 892 3035 non
913 3010 1012 3045 esse;
1034 3000 1128 3038 sicut
1150 3001 1181 3038 si
1209 3002 1380 3040 dicamus

325 3047 427 3095 quod
444 3049 463 3069 *
482 3048 578 3085 inter
597 3061 753 3086 ornnem
773 3050 972 3089 hominem
993 3065 1074 3090 esse
1094 3061 1130 3091 et
1148 3055 1293 3092 nullum
1313 3056 1380 3093 ho-

324 3099 466 3138 minem
495 3114 588 3148 esse,
610 3102 780 3140 medium
801 3111 857 3141 est
874 3104 1050 3153 aliquem
1069 3107 1269 3146 hominem
1299 3121 1379 3147 esse

324 3160 359 3189 et
385 3153 547 3202 aliquem
575 3155 771 3193 hominem
800 3169 878 3194 non
907 3170 1000 3196 esse.

378 3206 411 3242 3.
432 3206 561 3244 Tertio
581 3207 649 3245 ibi:
676 3209 874 3258 Utriusque
893 3211 992 3249 enim
1012 3213 1163 3264 negatio
1184 3221 1266 3261 etc.,
1291 3227 1379 3264 pro-

324 3257 387 3295 bat
413 3259 510 3296 hanc
545 3261 826 3300 conclusionem
860 3265 965 3313 sequi
995 3278 1039 3303 ex
1072 3267 1300 3315 praemissis.
1330 3269 1380 3306 Et

377 3394 405 3429 α)
425 3396 564 3429 Postquam
584 3399 799 3432 Philosophus...
819 3409 869 3426 non
886 3406 1008 3434 possunt.
1025 3417 1043 3423 -
1062 3405 1113 3429 Pro
1131 3405 1288 3438 Postquam,
1307 3407 1379 3439 quod

324 3437 378 3455 om.
391 3431 560 3463 BCDGpEFl.
575 3435 598 3458 Α
610 3434 686 3459 habet
705 3436 792 3467 Supra
813 3437 855 3468 (cf.
871 3438 928 3463 lect.
947 3446 1003 3471 seq.
1023 3445 1075 3465 not.
1093 3439 1129 3472 α),
1143 3446 1168 3465 et
1180 3442 1270 3474 pergit,
1289 3442 1379 3467 Philo-

325 3465 419 3505 sqphus
438 3467 551 3506 ostendit
568 3469 638 3500 quod
656 3477 732 3495 omne
749 3472 935 3503 sempiternum
955 3477 994 3499 est
1013 3475 1158 3508 ingenitum
1177 3479 1203 3501 et
1217 3477 1377 3510 incorrupti-

326 3500 388 3529 bile,
409 3504 510 3526 ratzone
528 3506 634 3535 accepta
651 3512 688 3529 ex
711 3506 766 3537 ipso
785 3508 913 3539 possibili,
933 3510 1004 3541 quod
1023 3510 1215 3537 determinatur
1233 3513 1377 3538 secundum

325 3538 425 3560 certum
450 3539 550 3568 tempus
557 3545 565 3567 ,·
589 3538 630 3564 hic
654 3541 768 3566 ostendit
791 3542 858 3567 idem
883 3544 987 3569 ratione
1011 3549 1118 3578 accepta
1137 3553 1174 3572 ex
1194 3551 1275 3580 parte
1295 3548 1377 3581 ipsius

325 3570 480 3602 sempiterni
485 3578 493 3600 ‚·
512 3572 544 3597 cf.
557 3572 613 3598 lect.
627 3582 709 3607 praec.
723 3581 775 3601 not.
790 3585 814 3601 α.

379 3604 404 3639 β)
428 3606 501 3631 Unde
518 3607 585 3633 sicut
603 3608 663 3634 huic
680 3611 890 3638 enuntiationi
908 3614 1052 3646 aliquando
1072 3623 1135 3642 esse.
1148 3631 1167 3636 -
1181 3618 1288 3644 Codices
1309 3619 1375 3645 ΑΒΕ

1034 275 1105 311 DE
1135 274 1310 311 CAELO
1340 274 1411 310 ET
1439 272 1635 310 MUNDO
1665 273 1758 309 LIB.
1791 272 1804 307 I

1442 350 1568 399 primo
1587 350 1730 388 ratione
1749 350 1914 400 propria,
1932 361 2030 398 quae
2051 348 2191 385 scilicet
2210 348 2371 386 sumitur
2390 362 2435 386 ex
2454 362 2512 387 ra-

1443 403 1545 439 tione
1561 403 1811 440 terminorum
1827 403 1866 440 in
1885 402 2105 451 quaestione
2120 399 2347 450 positorum,
2365 402 2510 440 dicens=

1445 456 1635 503 utriusque
1653 457 1752 492 enim
1773 456 1936 506 negatio,
1957 454 2096 492 scilicet
2122 462 2201 491 tam
2231 453 2311 490 eius
2339 467 2437 503 quae
2458 463 2514 493 est

1445 520 1598 556 semper
1617 521 1700 545 esse
1724 521 1842 557 quam
1863 509 1944 545 eius
1965 520 2062 557 quae
2079 515 2133 544 est
2149 519 2302 556 semper
2320 519 2400 544 non
2415 520 2510 557 esse,

1444 561 1670 609 quandoque
1696 561 1838 607 existet,
1858 561 1968 601 idest,
1981 561 2089 610 ponit
2108 560 2250 609 aliquid
2278 560 2512 610 quandoque

1446 625 1538 661 esse,
1559 614 1594 650 si
1619 626 1693 650 non
1722 626 1870 663 semper
1895 615 1961 660 sit,
1991 614 2088 651 idest
2116 613 2146 650 si
2173 626 2242 662 per
2269 613 2512 661 negationem

1445 678 1524 703 non
1551 666 1706 715 ponitur
1734 667 1874 716 aliquid
1896 669 1915 688 ’Ξ
1944 679 2116 716 semper:
2146 666 2255 703 verbi
2283 666 2412 714 gratia,
2442 666 2513 703 ista

1445 719 1595 767 negatio
1625 731 1700 756 non
1728 731 1876 768 semper
1899 732 1976 766 ens,
1997 732 2076 757 non
2103 719 2212 769 ponit
2238 719 2512 769 sempiternita-

1444 780 1523 809 tem
1541 773 1560 794 *
1578 785 1703 821 neque
1733 773 1832 809 circa
1855 785 1938 810 esse
1966 785 2093 821 neque
2123 773 2219 810 circa
2239 785 2318 810 non
2347 785 2446 820 esse,
2478 780 2514 810 et

1444 825 1531 862 ideo
1560 825 1668 874 ponit
1699 825 1933 874 quandoque
1970 838 2053 863 esse
2092 834 2129 863 et
2162 826 2395 875 quandoque
2433 838 2513 863 non

1446 889 1548 924 esse;
1579 885 1616 914 et
1643 877 1763 914 simile
1793 886 1848 915 est
1876 878 1924 915 de
1949 879 2021 915 hac
2045 878 2244 927 negatione
2271 891 2346 916 non
2366 891 2514 928 semper

1445 942 1518 966 non
1556 942 1644 966 esse.
1676 930 1879 967 Concludit
1914 943 2003 979 ergo
2033 932 2138 979 quod
2166 931 2257 969 illud
2290 932 2396 980 quod
2434 945 2514 970 non

1444 994 1598 1031 semper
1617 989 1672 1019 est
1690 995 1770 1020 non
1789 995 1868 1030 ens,
1890 983 1958 1020 erit
1976 984 2210 1033 quandoque
2229 992 2266 1022 et
2280 985 2514 1035 quandoque

1443 1047 1522 1071 non
1543 1035 1626 1072 erit:
1647 1035 1738 1083 quia
1764 1035 1818 1072 sic
1836 1043 1995 1084 negatur
2013 1049 2166 1085 semper
2184 1049 2264 1074 non
2290 1050 2386 1086 esse,
2407 1038 2513 1087 quod

1442 1100 1521 1124 non
1536 1087 1689 1136 ponitur
1707 1099 1862 1136 semper
1876 1101 1971 1126 esse.
1988 1089 2038 1125 Et
2056 1089 2226 1126 similiter
2239 1095 2254 1117 ⁷
2273 1090 2343 1128 ista
2361 1091 2512 1139 negatio

1442 1152 1542 1189 quae
1562 1148 1617 1177 est
1636 1152 1711 1177 non
1730 1142 1879 1189 semper
1899 1141 2077 1189 possibile
2104 1154 2193 1190 esse,
2224 1143 2313 1191 quia
2340 1152 2515 1182 removet

1443 1193 1782 1242 sempiternitatem
1820 1193 1918 1230 circa
1947 1205 2029 1231 esse
2067 1193 2118 1231 ita
2150 1195 2256 1244 quod
2289 1208 2369 1233 non
2404 1197 2515 1246 ponit

1442 1246 1779 1296 sempiternitatem
1800 1246 1898 1284 circa
1917 1259 1997 1284 non
2017 1259 2112 1294 esse,
2127 1247 2237 1296 ponit
2251 1260 2318 1285 ens
2338 1249 2512 1299 quando-

1443 1312 1538 1349 que;
1567 1307 1604 1336 et
1631 1299 1720 1349 quia
1748 1311 1828 1337 non
1854 1299 1963 1349 ponit
1982 1312 2066 1337 esse
2089 1312 2254 1349 semper,
2274 1300 2366 1338 nihil
2384 1302 2514 1350 prohi-

1442 1353 1506 1390 bet
1534 1353 1625 1390 illud
1651 1365 1732 1390 non
1760 1365 1842 1390 esse
1862 1350 1887 1389 ὃ.
1909 1352 1972 1390 Sic
1996 1365 2087 1401 ergo
2116 1352 2220 1390 idem
2246 1353 2315 1391 erit
2331 1354 2514 1403 possibile

1441 1418 1525 1443 esse
1553 1406 1787 1455 quandoque
1816 1413 1852 1443 et
1879 1418 1959 1443 non
1983 1417 2065 1443 esse
2093 1406 2340 1456 quandoque.
2362 1407 2412 1444 Et
2438 1408 2515 1446 hoc

1442 1466 1497 1496 est
1525 1459 1698 1496 medium
1725 1459 1822 1496 inter
1849 1459 1926 1496 duo
1954 1459 2141 1496 contraria
2169 1471 2270 1508 quae
2299 1467 2386 1497 sunt
2413 1473 2514 1499 sem-

1440 1525 1510 1561 per
1537 1525 1620 1550 esse
1650 1520 1686 1550 et
1713 1524 1867 1562 semper
1894 1525 1973 1550 non
2002 1525 2095 1550 esse.
2239 1527 2242 1530 ⁴

1493 1578 1532 1613 4.
1554 1565 1734 1603 Secundo
1753 1565 1822 1602 ibi:
1850 1566 1964 1603 Ratio
1983 1571 2110 1603 autem
2139 1573 2222 1614 etc.,
2242 1566 2380 1615 probat
2407 1566 2512 1604 idem

1440 1619 1586 1656 ratione
1615 1618 1824 1667 communi,
1845 1631 1946 1668 quae
1965 1618 2104 1656 scilicet
2122 1619 2163 1656 in
2190 1619 2422 1668 quibuslibet
2439 1627 2511 1658 ter-

1440 1672 1553 1710 minis
1572 1672 1701 1710 locum
1720 1672 1846 1709 habet.
1869 1671 1952 1709 Sint
1975 1672 2080 1710 enim
2100 1671 2178 1710 duo
2198 1672 2351 1710 termini
2364 1674 2400 1710 A
2416 1681 2452 1710 et
2466 1674 2510 1723 B,

1439 1726 1490 1763 ita
1514 1738 1554 1763 se
1582 1725 1766 1763 habentes
1787 1725 1893 1775 quod
1913 1725 2006 1763 nulli
2025 1725 2151 1762 eidem
2171 1725 2319 1775 possint
2338 1727 2359 1748 ⁸
2386 1726 2511 1764 inesse
2537 1733 2548 1744 ·

1439 1779 1529 1828 quia
1557 1786 1644 1816 sunt
1673 1778 1868 1827 contrarii,
1895 1778 1992 1816 sicut
2017 1790 2166 1827 semper
2202 1790 2268 1816 ens
2296 1785 2333 1816 et
2363 1791 2512 1829 semper

1439 1845 1514 1870 non
1542 1845 1618 1870 ens.
1639 1831 1857 1881 Accipiatur
1878 1839 2007 1869 autem
2036 1832 2130 1869 alius
2154 1831 2350 1881 terminus,
2370 1833 2511 1871 scilicet

1438 1886 1493 1933 G,
1521 1885 1585 1934 qui
1613 1885 1663 1922 ita
1690 1897 1730 1922 se
1759 1885 1899 1922 habeat
1926 1885 1974 1923 ad
1998 1887 2033 1922 A
2060 1885 2166 1934 quod
2203 1885 2310 1923 omni
2338 1885 2508 1924 subiecto

1437 1938 1523 1975 insit
1540 1939 1603 1976 vel
1622 1941 1656 1975 A
1674 1939 1738 1975 vel
1758 1938 1811 1975 G:
1841 1938 1984 1975 habent
2001 1938 2022 1959 ⁸¹
2042 1938 2144 1975 enim
2164 1951 2205 1975 se
2225 1938 2321 1975 sicut
2340 1939 2506 1977 affirma-

1437 1991 1489 2028 tio
1519 1998 1555 2028 et
1582 1990 1744 2040 negatio,
1765 1997 1808 2027 ut
1833 2002 1982 2039 semper
2008 2003 2073 2028 ens
2095 1998 2133 2028 et
2160 2003 2234 2028 non
2262 2003 2411 2041 semper
2428 2004 2505 2030 ens.

1439 2044 1494 2082 Sit
1522 2052 1650 2082 autem
1679 2043 1772 2081 alius
1801 2043 1997 2091 terminus,
2027 2044 2166 2081 scilicet
2194 2045 2241 2092 D,
2272 2044 2336 2094 qui
2365 2046 2506 2084 eodem

1437 2098 1558 2135 modo
1587 2109 1627 2134 se
1654 2097 1793 2134 habeat
1820 2097 1869 2134 ad
1898 2097 1947 2144 B,
1977 2096 2072 2134 sicut
2098 2109 2246 2147 semper
2273 2111 2348 2135 non
2377 2111 2442 2136 ens
2471 2107 2508 2137 et

1438 2163 1511 2188 non
1539 2162 1687 2198 semper
1706 2162 1780 2186 non
1800 2162 1876 2187 ens.
1898 2151 2068 2187 Necesse
2088 2158 2144 2187 est
2163 2162 2253 2198 ergo
2275 2152 2381 2199 quod
2401 2152 2507 2190 omni

1438 2203 1471 2240 ei
1500 2203 1603 2252 quod
1623 2215 1749 2251 neque
1780 2210 1835 2239 est
1853 2204 1888 2239 A
1908 2214 2034 2250 neque
2064 2203 2106 2250 B,
2127 2202 2224 2240 idest
2248 2203 2354 2252 quod
2381 2216 2507 2254 neque

1437 2265 1492 2294 est
1520 2268 1672 2306 semper
1701 2267 1767 2292 ens
1796 2267 1922 2305 neque
1947 2267 2102 2304 semper
2129 2268 2208 2293 non
2237 2269 2316 2306 ens,
2337 2257 2452 2295 insint
2471 2266 2508 2296 et

1437 2311 1471 2348 G
1501 2317 1537 2347 et
1564 2310 1613 2358 D,
1633 2321 1732 2359 quae
1761 2316 1848 2346 sunt
1875 2308 2097 2358 negationes
2126 2309 2347 2348 amborum:
2374 2311 2464 2361 quia
2483 2323 2506 2349 a

1435 2376 1513 2412 quo
1542 2370 1765 2400 removetur
1790 2374 1938 2411 semper
1965 2374 2043 2400 esse
2072 2369 2108 2399 et
2134 2374 2282 2412 semper
2309 2375 2385 2402 non
2413 2377 2504 2412 esse,

1435 2429 1591 2454 necesse
1612 2424 1667 2453 est
1686 2416 1791 2465 quod
1811 2415 2033 2453 attribuatur
2052 2416 2085 2453 ei
2107 2417 2126 2438 ⁹⁵
2146 2428 2221 2454 non
2239 2428 2389 2466 semper
2414 2429 2504 2466 esse,

1435 2470 1532 2507 idest
1568 2469 1800 2519 quandoque
1838 2481 1916 2506 non
1945 2482 2048 2516 esse,
2077 2477 2113 2507 et
2140 2482 2215 2507 non
2242 2482 2391 2521 semper
2427 2483 2503 2510 non

1436 2535 1525 2570 esse,
1542 2523 1637 2560 idest
1656 2523 1888 2572 quandoque
1909 2535 2003 2560 esse.
2016 2523 2065 2560 Et
2083 2523 2138 2560 sic
2156 2523 2247 2561 illud
2260 2523 2504 2563 *subiectum

1436 2589 1459 2614 a
1478 2589 1555 2625 quo
1575 2584 1796 2614 removetur
1813 2584 1972 2625 utraque
1997 2576 2213 2624 affirmatio,
2235 2585 2272 2615 et
2286 2578 2307 2599 *
2327 2577 2387 2615 cui
2406 2578 2504 2616 attri-

1436 2630 1563 2667 buitur
1589 2637 1750 2678 utraque
1786 2629 1958 2678 negatio,
1988 2630 2083 2667 est*
2112 2630 2219 2680 quod
2247 2638 2303 2669 est
2330 2631 2503 2670 medium

1436 2683 1531 2720 inter
1557 2685 1591 2719 A
1621 2690 1658 2720 et
1685 2683 1738 2719 B:
1768 2683 1856 2731 quia
1884 2682 1974 2720 illud
2011 2683 2117 2732 quod
2149 2692 2262 2733 negat
2296 2692 2503 2735 utrumque

1437 2744 1661 2783 extremum,
1684 2743 1739 2773 est
1763 2736 1936 2773 medium
1956 2736 2052 2773 inter
2072 2737 2148 2774 duo
2170 2738 2378 2785 contraria3
2409 2739 2505 2776 sicut

1435 2789 1542 2838 quod
1577 2801 1703 2838 neque
1732 2797 1787 2826 est
1815 2790 1945 2827 album
1983 2802 2109 2839 neque
2137 2790 2309 2839 nigrum,
2340 2799 2396 2830 est
2422 2804 2503 2830 me-

1437 2843 1542 2879 dium
1577 2843 1671 2880 inter
1699 2843 1828 2879 album
1858 2850 1894 2880 et
1922 2843 2084 2892 nigrum.
2115 2843 2215 2881 Huic
2244 2856 2334 2893 ergo
2372 2845 2502 2883 medio

1435 2908 1589 2933 necesse
1614 2903 1669 2933 est
1688 2896 1791 2944 quod
1821 2897 1959 2933 ambae
1979 2897 2198 2946 negationes
2218 2897 2342 2946 insint,
2363 2898 2504 2937 scilicet

1436 2950 1471 2986 G
1491 2957 1526 2986 et
1545 2950 1592 2987 D.
1624 2949 1726 2996 Quia
1745 2949 1839 2986 sicut
1859 2949 2002 2987 dictum
2032 2958 2098 2998 est,
2130 2958 2281 3000 oportet
2299 2952 2405 3001 quod
2425 2951 2502 2990 eui-

1436 3014 1600 3052 cumque
1620 3002 1707 3040 insit
1722 3003 1757 3040 G
1772 3010 1836 3040 aut
1850 3005 1901 3050 A;
1922 3003 2025 3041 unde
2045 3011 2196 3053 oportet
2215 3004 2320 3054 quod
2340 3006 2501 3043 alterum

1436 3067 1570 3093 eorum
1604 3055 1689 3092 insit
1708 3056 1727 3076 *
1758 3056 1790 3093 ei
1816 3056 1920 3106 quod
1946 3064 2001 3094 est
2020 3057 2075 3104 E;
2097 3057 2185 3106 quia
2204 3057 2315 3106 igitur
2334 3058 2367 3095 ei
2395 3058 2502 3109 quod

1435 3116 1490 3146 est
1513 3109 1546 3146 E
1566 3108 1799 3157 impossibile
1828 3117 1884 3147 est
1911 3110 2019 3159 quod
2038 3110 2123 3148 insit
2142 3112 2189 3158 A,
2211 3111 2378 3161 sequitur
2396 3111 2502 3161 quod

1434 3161 1519 3199 insit
1547 3162 1581 3199 ei
1605 3163 1651 3199 G.
1683 3163 1731 3199 Et
1750 3163 1886 3200 eadem
1907 3164 2053 3201 ratione
2081 3165 2266 3214 probatur
2284 3165 2388 3214 quod
2416 3164 2502 3203 insit

1435 3215 1468 3252 ei
1496 3216 1544 3252 D,
1567 3215 1629 3252 Sic
1648 3215 1757 3264 igitur
1775 3222 1811 3253 et
1840 3217 1874 3254 G
1904 3223 1939 3254 et
1964 3218 1999 3254 D
2018 3217 2285 3267 praedicantur
2305 3218 2326 3240 '⁸
2344 3217 2392 3255 de
2411 3218 2457 3266 E,
2478 3229 2501 3254 a

1434 3281 1511 3318 quo
1532 3277 1752 3306 removetur
1772 3277 1808 3307 et
1826 3271 1861 3307 A
1882 3278 1917 3308 et
1936 3271 1989 3308 B:
2018 3270 2107 3320 quia
2126 3270 2265 3308 scilicet
2283 3269 2425 3320 aliquid
2445 3277 2500 3308 est

1432 3407 1552 3440 DFpEGI
1573 3409 1598 3433 in
1617 3409 1666 3434 hoc
1685 3410 1743 3435 loco
1761 3411 1839 3442 pleno
1864 3410 2101 3436 homoteleutorum
2120 3409 2236 3435 diversas
2256 3409 2353 3435 habent
2372 3410 2477 3435 lacuum
2491 3428 2498 3442 ,

1432 3450 1499 3475 quas
1519 3444 1626 3477 longum
1645 3450 1716 3470 esset
1734 3451 1871 3477 αποπητη
1891 3446 2003 3480 legimus
2021 3453 2082 3471 curn
2100 3445 2204 3471 PuEGl.

1485 3479 1511 3512 γ)
1526 3480 1639 3511 ponitur
1653 3487 1757 3512 semper
1775 3488 1838 3507 esse.
1859 3481 1895 3507 Ee
1908 3481 2040 3507 similiter.
2052 3480 2158 3513 -pont’t
2176 3487 2280 3513 semper
2293 3483 2320 3506 et
2333 3487 2406 3506 esse:
2424 3480 2498 3513 simi,-

1430 3514 1492 3539 liter
1510 3515 1543 3544 Ρ,
1563 3523 1650 3540 errore
1668 3515 1733 3541 sorte
1752 3517 1946 3550 typographico.

1483 3549 1507 3582 δ)
1522 3551 1602 3582 ponit
1620 3558 1666 3576 ens
1684 3551 1875 3585 quandoque..
1890 3559 1941 3578 non
1955 3558 2018 3577 esse.
2030 3566 2049 3570 —
2060 3554 2087 3577 et
2096 3550 2177 3584 ponit
2190 3558 2236 3576 ens
2253 3551 2419 3584 quandoque,
2434 3550 2498 3584 quid

1431 3592 1482 3610 non
1497 3586 1577 3618 ponit
1595 3593 1650 3612 esse
1668 3594 1778 3620 semper,
1800 3587 1866 3613 nihil
1879 3587 2024 3621 prohibens
2043 3586 2110 3612 i11ud
2128 3593 2179 3612 non
2197 3593 2252 3612 esse
2266 3586 2301 3618 P;
2321 3586 2397 3612 codd.
2407 3593 2460 3612 exc.
2474 3587 2497 3611 Α

1429 3628 1482 3646 orn.
1496 3624 1522 3647 et
1540 3627 1597 3646 ante
1615 3622 1678 3654 quia
1698 3630 1758 3648 non.

2540 679 2550 689 '
2564 679 2622 707 quid
2635 686 2656 706 r,
2669 685 2718 702 om.
2731 686 2754 702 Α.

2541 786 2549 795 “
2561 787 2724 814 sempiterwn
2733 792 2755 808 ι’.

2533 1951 2545 1963 ⁸
2558 1951 2630 1974 habet
2641 1957 2663 1974 ι’.

2533 2430 2678 2454 ἐῖσαι.

2532 2537 2542 2546 ·
2551 2535 2743 2560 Εηᾱδοοᾱψ.

2531 2591 2543 2601 ⁴
2557 2592 2583 2612 et
2594 2595 2643 2613 om.
2657 2596 2679 2613 r.

2531 2644 2748 2674 ‘estonam-od

2531 2672 2569 2693 088
2574 2676 2623 2694 οΙΙΙ.
2631 2677 2653 2694 P·

2527 3067 2634 3090 *anem

2527 3199 2741 3249 zmarre:

2527 3252 2583 3301 <ri
2595 3241 2739 3302 aare
