2782 4134
14 1239 79 1253 ›nxm
91 1238 142 1251 qut„
186 1246 187 1250 ,

26 1265 47 1281 ,Ἰ
59 1265 87 1279 ³2)
89 1263 123 1279 ιιιὶ
142 1264 170 1279 5³·

103 1672 208 1686 ,,,,,,,,

31 3057 136 3080 *diam
149 3064 173 3080 a.

186 3291 196 3325 ⁵.
235 3270 391 3306 *tem*

1158 285 1269 322 CAP.
1301 286 1351 333 11,

346 357 388 393 τὸ
415 359 482 392 ἄνω
508 360 572 391 τοῦ
596 355 652 392 be*
637 362 710 401 ςιοῦ
733 361 832 394 κατὰ
854 360 929 407 γένε
933 372 998 402 σιν,
1022 357 1141 398 ἐπειδή
1168 364 1350 410 πολλαχῶς

344 405 487 447 λέγεται
513 405 554 437 τὸ
580 405 756 461 πρότερον.

275 451 356 496 Πρὸς
381 446 420 482 δὲ
445 448 596 497 τούτοις,
623 451 651 482 εἱ
677 450 719 482 τὸ
715 450 802 505 μὲν
824 449 890 481 ἄνω
909 450 984 482 ἐστὶ
1003 450 1044 482 τὸ
1063 450 1116 483 30:
1106 464 1135 482 -ν
1163 452 1183 487 ἡ
1209 454 1348 494 κίνησις,

344 495 386 528 τὸ
410 490 448 527 δὲ
473 490 509 526 δε
498 490 587 536 -ξιὸν
612 495 666 538 ἀφ’
689 494 739 536 οὗ,
760 494 802 527 τὸ
827 489 856 525 δ’
878 495 922 532 εἱς
948 494 990 527 τὸ
985 495 1132 552 ..πρόσθε
1136 509 1151 527 ν
1174 497 1221 541 ἐφ’
1244 496 1274 538 ὅ,
1292 499 1351 529 καὶ

343 540 452 578 οὕτως
481 539 519 572 ἂν
547 539 619 586 ἔχοι
644 539 725 572 τινοί
748 534 892 581 δύναμιν
913 540 1019 584 ἀρχῆς
1038 540 1080 572 τὸ
1099 541 1166 573 ἄνω
1184 541 1265 584 πρὸς
1287 542 1349 580 τοίς

345 585 452 623 ἄλλοις
477 580 583 623 ἰδέας.
623 584 687 617 Διοί
710 596 750 617 τε
774 579 818 620 δή
844 583 885 616 τὸ
910 587 1117 629 παραλιπεῖν
1141 586 1207 623 τοὶς
1236 597 1351 630 κυριω-

343 629 445 685 τέρας
473 630 580 674 ἀρχαῖς
604 624 738 683 δίκαιον
764 627 884 666 αὐτοῖς
910 630 1089 674 ἐπιτιμᾶν,

273 677 333 708 καὶ
358 670 450 708 ὸιότι
467 686 604 712 ταυτας
630 674 663 707 ἑν
687 672 815 706 ἅπασιν
842 674 964 717 ὁμοίως
990 659 1142 719 ἐνόμιζον
1169 674 1347 721 ὑπάρχειν.

334 775 485 804 ΞΥΝΟΡειε.
503 789 538 794 —·
560 782 583 800 1.
598 773 812 810 Argumentum
831 778 858 800 et
873 771 977 800 divisio
998 779 1133 801 textus.-
1149 772 1225 808 Quia
1246 773 1353 810 Pytha-

273 815 364 854 gorici
385 814 485 843 dicunt
506 813 654 850 quandam
677 818 789 848 partem
811 811 882 840 caeli
907 821 971 841 esse
993 813 1122 841 dextram
1150 820 1178 841 et
1203 814 1350 850 quandam

273 855 432 889 sinistram,
455 853 701 882 considerandum
727 859 770 880 est
794 859 892 881 utrum
921 853 978 881 hoc
1006 853 1097 882 modo
1118 853 1163 882 vel
1191 853 1274 882 aliter
1299 854 1352 882 ista

271 905 305 926 se
325 895 493 924 habeant.-
507 900 535 922 2.
553 892 719 921 Subdivisio
740 899 842 921 textus.
857 910 877 914 —
898 893 1075 922 Huiusmodi
1096 893 1254 930 principia,
1277 904 1352 931 quae

273 935 409 964 dicuntur
437 932 614 962 differentiae
640 932 838 969 positionum,
866 942 972 970 nempe
999 943 1114 962 sursum
1144 941 1172 962 et
1198 934 1351 971 deorsum,

272 976 407 1004 dextrum
422 980 450 1002 et
470 973 628 1009 sinistrum,
650 979 717 1001 ante
732 979 760 1001 et
775 980 863 1009 retro,
879 980 946 1002 sunt
959 973 1079 1011 propria
1099 975 1186 1002 rebus
1207 974 1350 1010 animatis,

272 1015 380 1054 quibus
396 1021 496 1044 tamem
513 1022 576 1042 non
597 1013 698 1042 omnIa
719 1013 858 1042 omnibus
879 1013 986 1043 insunt.
1002 1031 1022 1036 -
1038 1015 1064 1042 3.
1080 1014 1110 1042 Si
1131 1015 1253 1051 caelum,
1269 998 1351 1052 quod

273 1062 317 1086 est
337 1054 462 1084 maxime
483 1053 642 1091 perfectum
663 1053 738 1082 inter
759 1063 898 1091 corpora,
920 1054 956 1082 sit
978 1064 1068 1092 capax
1089 1055 1192 1083 harum
1214 1056 1350 1092 partium,

272 1094 444 1126 rationabile
466 1101 509 1123 est
530 1094 611 1131 quod
632 1094 737 1122 habeat
758 1103 872 1130 omnes,
897 1101 926 1123 et
946 1104 1007 1123 non
1030 1095 1172 1132 quasdam
1193 1102 1316 1124 tantum.
1332 1113 1351 1117 —

271 1145 301 1172 4.
324 1135 408 1164 Ordo
428 1133 645 1172 praedictorum
666 1133 887 1180 principiorum,
909 1141 938 1163 et
958 1134 1054 1172 primo
1080 1145 1114 1164 ex
1134 1142 1225 1181 parte·
1237 1135 1350 1164 dimen-

271 1176 400 1222 sionum.
422 1175 503 1204 Sicut
523 1174 677 1212 longitudo
698 1181 742 1203 est
762 1175 844 1212 prior
864 1175 1024 1221 latitudine,
1047 1182 1076 1204 et
1089 1176 1161 1204 haec
1182 1176 1263 1212 prior
1281 1185 1350 1213 pro-

432 1215 485 1244 ita
493 1223 619 1251 sursum,
635 1216 718 1252 quod
738 1222 782 1244 est
795 1215 971 1261 principium
993 1215 1192 1253 longitudinis,
1214 1223 1257 1244 est
1270 1216 1350 1253 prius

216 1272 234 1288 ι,
258 1255 309 1286 ‘eo
330 1251 412 1294 quod
433 1262 476 1285 est
497 1255 648 1292 dextrum,
677 1256 758 1293 quod
779 1262 823 1284 est
843 1255 1027 1302 principium·
1039 1255 1217 1292 latitudinis;
1244 1263 1272 1284 et
1293 1257 1350 1285 hoc

271 1295 409 1334 estprius
424 1305 460 1325 eo
476 1297 557 1334 quod
578 1302 620 1324 est
641 1301 717 1332 ante,
739 1297 821 1333 quod
842 1302 884 1324 est
905 1295 1080 1333 principium
1101 1278 1314 1333 profunditatis.
1331 1313 1350 1318 -

273 1337 300 1366 5.
323 1337 407 1366 Ordo
423 1336 653 1374 praemissorum
667 1345 702 1364 ex
715 1343 797 1373 parte
811 1342 955 1372 motuum,
978 1345 1104 1382 quorum
1121 1336 1268 1373 praedicta
1282 1342 1350 1365 sunt

270 1377 414 1423 principia
427 1377 594 1423 quaedam'
587 1386 618 1405 ιιι
632 1375 817 1406 animalibus.
840 1377 938 1406 Motus
952 1376 1101 1414 augmenti
1115 1383 1159 1405 est
1172 1376 1253 1414 prior
1266 1383 1350 1405 motu

271 1417 427 1454 sensitivo,
453 1417 504 1454 qui
525 1417 614 1446 etiam
636 1423 679 1445 est
699 1415 780 1462 prior
801 1423 884 1445 motu
905 1416 991 1445 locali
1012 1416 1042 1444 in
1063 1416 1251 1445 animalibus.
1281 1426 1349 1454 ergo

271 1466 398 1493 sursum,
420 1458 501 1495 quod
523 1463 566 1486 est
587 1456 762 1502 principium
784 1463 882 1485 motus
908 1456 1071 1502 augmenti,
1095 1463 1138 1485 est
1158 1456 1238 1494 prius
1260 1466 1348 1494 quarn

270 1497 409 1534 anterius,
431 1498 512 1535 quod
533 1503 577 1526 est
603 1496 780 1534 principium
801 1503 900 1526 motus
925 1496 1074 1532 sensitivi3
1102 1503 1131 1525 et
1158 1496 1286 1525 anterius
1307 1504 1350 1525 est

270 1537 352 1576 prius
366 1547 456 1577 quam
467 1538 611 1572 dextrum,
622 1537 703 1582 quod
718 1543 762 1565 est
775 1536 950 1582 principium
962 1543 1061 1566 motus
1071 1537 1211 1566 localis.-
1222 1538 1250 1565 6.
1263 1538 1350 1566 Prae-

271 1577 366 1608 dictae
383 1576 572 1613 differentiae,
587 1586 654 1606 cum
675 1576 734 1605 sint
753 1576 896 1614 principia
917 1577 1104 1615 quorundam
1119 1584 1264 1613 motuum,
1280 1587 1349 1614 pro-

269 1617 334 1655 pn'e
354 1617 383 1646 e't
402 1626 456 1655 per
475 1626 506 1646 se
527 1623 596 1646 sunt
623 1617 719 1646 solum
747 1616 778 1645 in
799 1617 971 1663 corporibus
999 1617 1154 1653 animatis,
1184 1617 1214 1645 in
1243 1618 1349 1655 quibus

269 1657 341 1688 nolis
361 1657 508 1687 invenitur
527 1657 638 1695 aliquid
657 1658 737 1686 unde
764 1657 884 1695 incipiat
905 1663 1012 1686 motus.
1028 1674 1047 1680 —
1062 1658 1224 1693 Quomodo
1245 1657 1349 1686 intelli

268 1703 354 1736 gntus·
373 1697 404 1727 in
417 1698 499 1727 nullo
521 1707 681 1736 corporum
702 1697 932 1726 inanimatorum
953 1707 1016 1727 esse
1029 1697 1159 1737 aliquod
1173 1698 1349 1735 principium

268 1738 491 1776 motus.-7.1n
502 1738 676 1776 corporibus
689 1737 857 1766 inanimatis
871 1738 1004 1766 dextrum
1019 1745 1048 1766 et
1062 1737 1221 1774 sinistrum,
1233 1748 1349 1767 sursum

267 1784 298 1807 et
317 1779 473 1814 deorsum,
502 1785 570 1807 ante
591 1785 619 1807 et
640 1784 718 1806 retro
741 1778 878 1807 dicuntur
905 1778 1002 1807 solum
1024 1787 1076 1815 per
1097 1778 1346 1816 comparationem

412 1905 423 1915 ,
446 1916 452 1918 ι
535 1889 714 1942 ostquam
733 1881 991 1931 Philosophus
1012 1881 1280 1919 determinavit
1299 1882 1347 1920 de

389 1943 407 1973 ι(
489 1935 509 1977 ’ἶ
535 1934 786 1985 perpetuitate
816 1934 922 1983 caeli,
953 1934 1015 1972 hic
1045 1935 1271 1973 determinat
1300 1936 1347 1973 de

335 1982 346 1995 “
389 2002 396 2009 ·
536 1987 753 2026 diversitate
781 1988 947 2038 partium
977 1988 1058 2026 eius
1080 1989 1112 2026 *.
1143 1990 1193 2026 Et
1218 1989 1346 2039 primo

347 2066 352 2069 -
479 2035 514 2066 ³⁷
536 2041 764 2079 determinat
779 2042 827 2080 de
843 2042 1060 2080 diversitate
1074 2042 1241 2104 partium
1253 2043 1346 2080 caeli

268 2107 370 2147 quae
398 2094 636 2151 accipiuntur
664 2097 878 2134 secundum
909 2095 1170 2134 diversitatem
1195 2096 1286 2134 situs
1306 2096 1346 2134 in

269 2148 412 2187 eodem
433 2145 557 2196 caelo;
579 2149 748 2186 secundo
765 2149 813 2187 de
834 2148 1051 2187 diversitate
1065 2149 1231 2199 partium
1246 2162 1344 2199 quae

269 2201 506 2251 accipiuntur
534 2201 790 2240 secundum⁶‘
819 2201 995 2240 ordinem
1025 2215 1233 2252 corporum
1262 2215 1346 2240 cae-

269 2255 423 2293 lestium
443 2255 519 2293 ad
511 2255 698 2303 invicem,
728 2255 797 2292 ibi:
823 2255 1012 2298 Quoniam
1041 2261 1167 2293 autem
1196 2269 1272 2294 non
1293 2262 1349 2293 est

269 2309 485 2347 contrarius
511 2314 636 2346 motus
655 2310 676 2331 ²⁹·
697 2316 766 2346 etc.
797 2309 909 2346 Circa
931 2309 1100 2358 primum
1131 2309 1208 2347 duo
1238 2310 1343 2347 facit.

208 2387 215 2394 -
267 2362 396 2413 primo
425 2362 654 2400 determinat
681 2363 730 2400 de
759 2362 975 2400 diversitate
1005 2362 1238 2400 situalium*
1260 2376 1345 2412 par-

269 2415 364 2454 tium
385 2415 480 2453 caeli
499 2417 715 2455 seeundum
735 2415 960 2465 opinionem
977 2416 1155 2463 aliorum3
1173 2417 1343 2454 secundo

269 2469 482 2508 secundum
501 2469 726 2519 opinionem
753 2469 963 2519 propriam,
984 2469 1053 2507 ibi:
1077 2470 1200 2507 Nobis
1218 2476 1344 2507 autem

269 2523 451 2573 quoniam
479 2523 768 2560 determinatum
796 2526 852 2560 est
877 2524 897 2543 ⁴·
927 2530 997 2560 etc.
1035 2523 1147 2560 Circa
1173 2523 1344 2573 primum

270 2576 348 2615 duo
368 2576 471 2614 facit:
495 2576 631 2626 primo
641 2576 826 2637 proponit
849 2576 954 2626 quod
973 2576 1149 2624 intendit;
1174 2578 1344 2615 secundo

270 2629 487 2669 manifestat
504 2629 760 2680 propositum,
783 2629 850 2667 ibi:
870 2630 1173 2668 Determinatum
1194 2636 1250 2668 est
1266 2631 1346 2680 qui-

269 2684 355 2721 dem
384 2684 502 2734 igitur
530 2685 551 2706 ¹⁸
581 2691 651 2721 etc.

324 2737 426 2774 Dicit
453 2749 544 2787 ergo
572 2737 700 2786 primo
730 2736 853 2786 quod,
883 2737 974 2787 quia
991 2736 1009 2766 β
1029 2737 1186 2786 quidam
1217 2737 1347 2775 dicunt

270 2790 467 2851 quandam
504 2798 654 2841 partem
692 2790 785 2828 caeli
820 2802 903 2827 esse
941 2791 1114 2828 dextram
1153 2798 1190 2828 et
1227 2804 1346 2840 quan-

270 2845 361 2882 dam
381 2844 582 2904 sinistram,
611 2843 751 2882 scilicet
769 2844 1025 2893 Pythagorici,
1051 2844 1117 2894 qui
1135 2853 1348 2894 posuerunt

270 2897 446 2936 dextrum
476 2906 513 2935 et
535 2897 728 2935 sinistrum
748 2897 787 2934 in
806 2897 988 2935 omnibus
1016 2899 1142 2945 rebus,
1173 2899 1347 2936 conside-

270 2950 436 2988 randum
462 2940 616 2989 videtur
642 2959 771 2988 utrum
791 2952 868 2988 hoc
887 2951 1007 2989 modo
1028 2963 1068 2988 se
1088 2952 1228 2989 habeat
1252 2951 1348 2990 sicut

271 3002 322 3039 illi
350 3002 493 3052 dicunt,
513 3005 577 3041 vel
595 3005 717 3053 magis
746 3004 851 3042 aliter
878 3005 952 3042 sint
971 3005 1078 3042 caelo
1107 3005 1347 3044 attribuenda

273 3067 390 3104 quam
409 3056 479 3115 ipsi
499 3056 626 3094 dicant
641 3058 677 3094 *ε
704 3057 735 3095 5ἰ
763 3065 894 3096 tamen
923 3066 1074 3118 oportet
1102 3066 1231 3108 aptare
1251 3060 1347 3096 haec

271 3108 478 3158 principia,
508 3109 648 3147 scilicet
676 3111 852 3148 dextrum
882 3119 918 3149 et
945 3112 1163 3160 sinistrum,
1194 3113 1346 3172 corpori

271 3161 387 3199 totius
415 3162 562 3210 mundi,
590 3175 661 3222 per
687 3164 764 3201 hoc
792 3165 899 3214 quod
926 3165 1054 3202 insunt
1082 3166 1233 3215 corpori
1262 3179 1346 3203 cae-

272 3215 391 3291 165ιί,1ς
401 3215 506 3264 quod
535 3215 703 3253 continet
729 3223 854 3254 totum
881 3219 1084 3256 mundum.
1109 3239 1135 3247 —
1166 3220 1253 3256 Hoc
1281 3232 1346 3256 au-

409 3269 498 3306 ideo
519 3268 842 3308 considerandum
865 3270 1027 3320 videtur,
1047 3272 1138 3331 quia
1157 3272 1200 3294 *²*
1221 3273 1346 3310 statim

272 3335 296 3360 a
328 3321 516 3372 principio
555 3322 718 3359 occurrit
754 3323 902 3360 homini
939 3324 1064 3373 quod,
1103 3324 1134 3361 si
1171 3325 1347 3363 dextrum

326 3507 354 3540 α)
370 3507 553 3533 diversitatem
566 3508 634 3533 situs
676 3508 846 3540 accipiuntur
858 3508 1012 3533 secundum.
1021 3521 1041 3528 -
1052 3508 1219 3542 BCDpEFGI
1233 3517 1288 3535 om.
1297 3510 1348 3535 hoc

272 3543 482 3574 homoteleuton;
500 3544 524 3568 A
542 3551 597 3569 om.
612 3544 638 3569 in
658 3544 750 3569 eodem
769 3544 854 3572 caelo,
875 3549 901 3568 et
918 3549 980 3576 post
997 3544 1113 3569 secundo
1132 3545 1203 3569 addit
1221 3545 1348 3570 determi—

273 3582 335 3609 καί,-
353 3579 416 3604 item
435 3587 495 3604 cum
514 3579 554 3604 sG
571 3584 632 3612 post
645 3580 768 3611 partium
789 3579 858 3604 addit
876 3580 952 3604 caeli.

327 3613 353 3647 β)
368 3614 460 3647 primo
479 3614 564 3647 quod,
583 3615 687 3647 quia.—
700 3615 792 3647 primo
811 3622 849 3640 ex
867 3623 918 3648 quo
938 3615 975 3646 G,
990 3615 1082 3647 primo
1101 3615 1165 3648 quia
1182 3616 1252 3648 pl.—-
1264 3617 1346 3641 Linea

273 3657 332 3682 seq.
349 3658 398 3682 pm
416 3653 443 3675 et
461 3650 612 3691 quandam,
635 3651 772 3683 quandam
792 3651 867 3676 ΑΒΕ.
886 3665 905 3670 -
922 3651 989 3676 lnfra
1012 3659 1061 3692 pro
1079 3651 1103 3676 si
1126 3654 1214 3676 tamen
1239 3655 1346 3684 oportet

273 3689 376 3717 aptare,
396 3685 444 3711 sed
455 3686 480 3711 si
492 3689 598 3718 oportet
615 3686 749 3719 adaptare
762 3687 799 3717 A;
819 3687 866 3712 sed
879 3686 975 3712 habent
988 3687 1065 3712 etiam
1084 3686 1162 3719 aliqui
1177 3687 1218 3711 alii
1233 3688 1344 3712 codices.

1383 286 1535 324 LECT.
1566 287 1598 323 11
2414 292 2482 328 125

1474 366 1582 397 dextro
1620 367 1799 397 secundum
1832 366 2070 407 generationem
2111 366 2286 410 (quoniam
2322 370 2485 401 multoties

1473 410 1589 442 dicitur
1607 410 1726 454 prius).

1406 456 1522 486 Adhuc
1545 463 1665 495 autem,
1689 456 1716 487 si
1731 466 1860 487 sursum
1876 457 2009 498 quidem
2025 464 2071 488 est
2087 458 2172 488 unde
2192 465 2301 489 motus
2311 481 2320 496 ,
2338 459 2484 490 dextrum

1474 507 1582 531 autem
1605 511 1623 531 a
1639 511 1718 542 quo,
1742 501 1880 532 anterius
1904 509 2013 533 autem
2036 502 2076 532 ad
2100 503 2200 543 quod,
2225 503 2337 534 saltem
2361 503 2404 533 sic
2421 504 2485 535 uti-

1474 555 1537 586 que
1560 545 1688 577 habebit
1711 546 1875 587 quandam
1897 546 2047 577 virtutem
2071 547 2219 587 principii
2250 558 2332 588 quae
2356 558 2484 579 sursum

1474 590 1512 619 ad
1538 590 1613 620 alias
1637 590 1766 631 species,
1792 591 1944 632 Ideoque,
1960 591 2036 633 quia
2057 591 2243 633 relinquunt
2261 592 2484 633 principaliora

1474 634 1638 675 principia,
1662 635 1785 666 iustum
1809 643 1855 667 est
1877 635 1965 676 ipsos
1988 636 2169 677 increpare,

1377 689 1380 715 ι
1407 684 1437 708 et
1460 678 1537 718 quia
1560 679 1636 710 haec
1659 679 1691 710 in
1715 680 1867 711 omnibus
1891 680 2034 712 similiter
2056 682 2212 722 putabant
2235 681 2372 713 existere.

1407 775 1444 802 ad
1459 784 1522 810 nos,
1539 782 1567 804 et
1586 776 1642 804 hoc
1663 776 1825 813 tripliciter:
1849 779 1900 806 sed
1922 778 1952 806 in
1973 778 2042 824 ipsis
2057 779 2218 808 secundum
2241 788 2271 808 se
2293 779 2483 809 consideratis

1407 815 1487 843 nulla
1508 815 1652 844 invenitur
1673 817 1821 846 diversitas
1842 818 1943 847 talium
1964 819 2101 856 partium,
2124 819 2193 857 quia
2213 819 2237 848 si
2258 818 2341 848 aliter
2362 829 2483 849 conver-

1406 861 1505 883 tantur
1525 856 1562 883 ad
1584 865 1654 891 nos,
1677 866 1693 884 e
1715 858 1861 886 contrario
1887 868 1918 886 se
1944 859 2093 888 habebunt
2116 868 2151 888 ac
2171 859 2261 897 prius.
2282 875 2304 882 —
2325 860 2352 888 8.
2377 861 2483 897 Pytha-

1405 895 1522 932 goricos
1543 896 1619 924 male
1640 896 1803 926 attribuisse
1824 899 1905 927 caelo
1930 899 2096 928 huiusmodi
2119 899 2308 945 differentiaS,
2330 907 2428 937 potest
2449 910 2482 930 ex

1405 935 1572 972 praemissis
1590 936 1705 965 ostendi
1726 937 1817 966 tribus
1839 939 1944 967 modis.
1968 940 2079 974 Primo,
2101 940 2171 977 quia
2190 940 2362 970 rationabile
2382 941 2483 970 fuisset

1406 984 1511 1004 omnes
1532 975 1693 1013 praedictas
1714 977 1875 1023 positiones
1896 979 2021 1008 tribuere
2043 980 2133 1009 caelo.
2149 997 2168 1002 -
2183 990 2210 1018 9.
2234 980 2384 1015 Secundo,
2413 982 2482 1019 quia

1405 1016 1430 1044 si
1451 1016 1548 1053 aliqua
1569 1017 1700 1053 oportuit
1720 1018 1956 1054 praetermittere,
1978 1019 2026 1047 illa
2046 1020 2176 1057 oportuit
2195 1021 2384 1058 praetermitti
2406 1031 2481 1059 quae

1405 1063 1473 1084 sunt
1493 1057 1591 1085 minus
1619 1057 1799 1094 principalia.
1830 1059 1919 1093 Quod
1940 1066 2038 1088 autem
2059 1061 2096 1089 ab
2117 1060 2172 1089 illis
2195 1061 2399 1098 praetermissa
2419 1071 2481 1091 non

1405 1096 1462 1124 sint
1476 1096 1573 1126 minus
1588 1097 1766 1134 principalia,
1783 1099 2009 1136 quadrupliciter
2023 1101 2193 1130 ostenditur.
2215 1103 2244 1137 a)
2259 1102 2290 1130 ln
2305 1101 2480 1131 animalibus

1404 1145 1472 1173 pars
1493 1138 1592 1165 dextra
1613 1145 1641 1166 et
1662 1137 1777 1166 sinistra
1798 1138 1935 1167 differunt
1949 1140 2044 1168 solum
2058 1141 2175 1176 virtute3
2197 1150 2264 1187 pars
2279 1147 2377 1170 autem
2398 1149 2479 1171 ante-

1404 1176 1465 1205 rior
1485 1184 1513 1205 et
1533 1177 1688 1214 posterior,
1710 1178 1843 1214 superior
1864 1185 1892 1207 et
1912 1179 2030 1208 inferior
2054 1163 2190 1209 differurit
2211 1181 2298 1210 etiam
2320 1181 2350 1210 in
2371 1181 2479 1219 figura.

1404 1226 1480 1254 quae
1491 1224 1587 1246 autem
1600 1217 1691 1255 magis
1703 1218 1847 1254 differunt,
1863 1228 1890 1247 v:
1883 1219 1996 1248 dentur
2006 1221 2111 1249 habere
2122 1221 2357 1268 principaliorem
2371 1222 2480 1251 distan-

1403 1257 1482 1285 tiam.
1499 1266 1580 1286 -.10
1600 1258 1628 1294 b)
1650 1259 1771 1286 Sursum
1793 1265 1822 1287 et
1840 1241 1979 1288 'deorsum
2001 1267 2068 1289 sunt
2088 1261 2179 1299 magis
2200 1262 2370 1291 communia
2390 1272 2480 1300 quam

1404 1297 1536 1325 dextrum
1548 1304 1575 1326 et
1586 1297 1744 1334 sinistrum,
1757 1305 1784 1327 et
1799 1298 1865 1328 ideo
1878 1306 1944 1328 sunt
1958 1301 2012 1329 hac
2023 1296 2135 1329 ratione
2149 1301 2288 1338 priora.-
2269 1312 2313 1330 -ι
2325 1312 2347 1331 ι.
2360 1303 2386 1339 c)
2397 1303 2479 1331 Lon-

1403 1337 1505 1374 gitudo
1527 1337 1558 1366 in
1578 1338 1624 1366 via
1645 1338 1840 1375 generationis
1868 1346 1911 1367 est
1931 1340 2012 1376 prior
2033 1341 2198 1378 latitudine3
2226 1343 2278 1370 sed
2298 1351 2414 1371 sursum
2436 1349 2479 1372 est

1403 1377 1578 1414 principium
1593 1378 1793 1416 lon'gitudinis,
1809 1381 1941 1408 dextrum
1955 1387 2053 1408 autem
2074 1381 2246 1417 latitudinis;
2271 1391 2341 1420 ergo
2362 1390 2478 1412 sursum

1404 1424 1446 1446 est
1457 1417 1537 1455 prius
1549 1427 1638 1455 quam
1649 1419 1781 1448 dextrum
1793 1421 1954 1448 secundum
1966 1421 2099 1449 ordinem
2110 1422 2341 1467 generationis.-
2322 1433 2364 1451 -1
2372 1431 2399 1451 2.
2409 1424 2479 1452 Sur-

1403 1467 1466 1486 sum
1480 1464 1523 1486 est
1537 1459 1615 1487 unde
1630 1466 1673 1487 est
1688 1466 1785 1488 motus
1797 1460 1954 1497 augmenti,
1967 1460 2017 1498 qui
2033 1468 2075 1490 est
2090 1462 2182 1500 magis
2199 1462 2358 1491 essentialis
2373 1470 2401 1492 et
2415 1473 2476 1492 ma-

1403 1498 1446 1535 gis
1467 1498 1638 1527 intrinsecus
1653 1499 1780 1528 animali.
1802 1500 1855 1528 Vel
1877 1500 1989 1536 melius,
2005 1511 2119 1530 sursum
2141 1509 2184 1530 est
2205 1512 2271 1539 pars
2286 1502 2316 1531 in
2331 1513 2390 1540 qua
2402 1503 2478 1541 viget

1404 1547 1521 1574 sensus,
1537 1539 1594 1583 ‘qui
1615 1546 1658 1567 est
1678 1539 1853 1577 principium
1875 1550 1997 1569 movens
2011 1541 2040 1569 in
2055 1542 2187 1578 animali;
2207 1543 2339 1572 dextrum
2355 1550 2398 1572 est
2410 1553 2478 1580 pars

1404 1588 1479 1615 quae
1501 1578 1597 1616 primo
1620 1586 1767 1615 movetur;
1789 1580 1916 1609 anterius
1937 1588 2034 1609 autem
2056 1588 2100 1610 est
2113 1582 2143 1610 id
2157 1591 2256 1611 versus
2271 1584 2351 1620 quod
2370 1583 2478 1613 animal

1405 1625 1547 1647 movetur.
1570 1620 1611 1647 Ex
1626 1619 1683 1648 hoc
1697 1626 1795 1648 autem
1810 1627 1889 1657 patet
1903 1621 1984 1658 quod
2006 1631 2121 1650 sursum
2136 1622 2223 1651 habet
2238 1623 2478 1660 principalitatem

1403 1658 1479 1687 inter
1492 1659 1565 1687 alias
1585 1659 1756 1696 positiones.
1778 1677 1796 1681 -
1816 1660 1859 1688 13.
1888 1661 1986 1689 Tertio
2007 1660 2175 1707 increpandi
2197 1669 2264 1691 sunt
2285 1663 2477 1701 Pythagorici,

1405 1699 1474 1736 quia
1487 1699 1621 1727 dextrum
1637 1707 1665 1728 et
1679 1699 1827 1728 sinistrum
1842 1702 1992 1737 ponebant
2003 1702 2123 1730 existere
2133 1702 2164 1731 in
2175 1703 2322 1739 omnibus,
2338 1713 2404 1732 cum
2417 1713 2478 1732 non

1405 1739 1462 1767 sint
1475 1739 1531 1768 nisi
1545 1739 1576 1768 in
1590 1739 1764 1768 animalibus
1779 1740 1920 1777 perfectis.
1936 1757 1955 1762 -
1970 1743 2036 1776 Qua
2051 1743 2086 1770 de
2101 1751 2188 1771 causa
2202 1744 2386 1782 Pythagorici
2399 1744 2479 1774 attri-

1403 1780 1529 1808 buerunt
1551 1780 1630 1808 caelo
1652 1780 1785 1808 dextrum
1801 1787 1830 1809 et
1843 1780 1990 1809 sinistrum
2006 1782 2103 1818 potius
2118 1792 2206 1820 quam
2222 1783 2291 1812 alias
2306 1784 2476 1821 positiones.

1404 1943 1440 1973 et
1467 1948 1536 1985 per
1564 1936 1668 1986 prius
1697 1936 1935 1975 aestimanda
1956 1937 2028 1975 sint
2049 1950 2131 1976 esse
2157 1938 2195 1976 in
2217 1941 2322 1977 caelo
2350 1941 2478 1990 priora

1400 1989 1607 2039 principia,
1647 1990 1789 2028 scilicet
1825 2003 1978 2028 sursum
2017 1999 2054 2029 et
2088 1993 2290 2041 deorsum,
2319 2002 2405 2032 ante
2442 2002 2478 2032 et

1402 2050 1515 2081 retro.

1456 2108 1492 2134 2.
1514 2096 1664 2134 Deinde
1685 2109 1773 2134 cum
1794 2097 1900 2135 dicit:
1930 2098 2232 2136 Determinatum
2252 2106 2306 2137 est
2324 2101 2473 2150 quidem

1400 2150 1518 2200 igitur
1537 2157 1620 2198 etc.,
1640 2150 1856 2200 manifestat
1869 2151 2122 2223 propositum.
2144 2153 2193 2190 Et
2206 2154 2333 2202 primo
2353 2161 2477 2192 osten-

1401 2203 1454 2240 dit
1469 2203 1728 2241 conditionem
1749 2198 1946 2242 istorum
1963 2205 2239 2265 principiorum
2264 2208 2516 2245 secundum

1401 2257 1507 2305 quod
1535 2257 1574 2293 in
1604 2257 1684 2294 aliis
1714 2257 1827 2294 rebus
1856 2257 2121 2305 inveniuntur;
2151 2260 2321 2298 secundo
2351 2268 2475 2299 osten-

1400 2310 1454 2347 dit
1472 2310 1577 2359 quod
1606 2323 1686 2347 non
1705 2310 1953 2348 inveniuntur
1975 2311 2012 2348 in
2035 2312 2216 2350 omnibus
2237 2314 2474 2363 corporibus,

1399 2363 1466 2400 ibi:
1495 2364 1657 2412 Propter
1683 2364 1786 2413 quod
1810 2370 1847 2402 et
1873 2377 1947 2402 non
1977 2365 2014 2402 in
2053 2366 2159 2403 omni
2185 2379 2344 2416 corpore
2364 2369 2383 2390 ³³
2404 2375 2473 2405 etc.

1401 2416 1511 2454 Circa
1547 2417 1718 2477 primum
1753 2417 1830 2454 duo
1869 2418 1972 2455 facit:
2001 2418 2131 2480 primo
2168 2421 2331 2458 ostendit
2369 2421 2475 2471 quod

1400 2482 1480 2507 non
1501 2471 1521 2492 ²*
1541 2470 1672 2508 omnia
1698 2471 1892 2520 praedicta
1918 2471 2104 2522 principia
2123 2473 2251 2511 insunt
2276 2475 2514 2522 omnibus;

1400 2524 1571 2562 secundo
1601 2524 1804 2562 ostendit*
1828 2537 1906 2574 quo
1935 2525 2069 2563 ordine
2089 2539 2129 2563 se
2148 2527 2315 2565 habeant
2342 2528 2391 2566 ad
2419 2528 2474 2566 in-

1399 2577 1540 2625 vicem,
1561 2577 1631 2614 ibi:
1651 2579 1720 2615 Est
1737 2584 1863 2616 autem
1882 2591 2033 2616 sursum
2062 2580 2252 2628 quidem*
2273 2589 2342 2620 etc.
2364 2582 2512 2620 Circa·

1399 2630 1570 2680 primum
1600 2631 1678 2668 duo
1717 2631 1820 2669 facit:
1848 2632 1974 2681 primo
2005 2633 2169 2671 ostendit
2200 2634 2305 2683 quod
2345 2635 2474 2672 huius-

1401 2684 1510 2722 modi
1537 2684 1723 2735 principia
1750 2698 1830 2722 non
1858 2685 1992 2723 omnia
2020 2686 2201 2724 omnibus
2220 2688 2334 2725 insint
2353 2693 2379 2736 ⁷,
2405 2689 2474 2727 sed

1401 2738 1633 2788 quibusdam
1650 2738 1842 2788 quaedam
1859 2746 1895 2776 et
1909 2751 1988 2776 non
2000 2740 2147 2787 omnia;
2163 2734 2333 2779 secundo
2349 2750 2474 2780 osten-

1403 2792 1456 2829 dit
1474 2792 1550 2829 hoc
1570 2792 1731 2829 omnino
1761 2805 1843 2830 esse
1862 2792 2156 2842 inconveniens,
2186 2802 2228 2831 ut
2247 2796 2353 2832 caelo
2374 2795 2474 2833 attri—

1401 2845 1567 2882 buantur
1594 2847 1786 2894 quaedam
1815 2854 1852 2883 et
1880 2859 1959 2883 non
1996 2847 2147 2895 omnia,
2178 2847 2245 2885 ibi:

1402 2904 1548 2948 oportet
1573 2899 1677 2936 caelo
1706 2900 1889 2948 adaptare
1917 2901 1937 2921 ²¹²
1967 2907 2036 2937 etc.

1455 2952 1557 2989 Dicit
1576 2964 1665 3000 ergo
1685 2953 1811 3002 primo
1833 2954 1938 3002 quod
1958 2953 2004 2990 de
2028 2952 2249 2991 huiusmodi
2267 2954 2472 3004 principiis,

1401 3018 1500 3054 quae
1522 3005 1699 3043 dicuntur
1722 3006 1956 3043 differentiae
1977 3006 2224 3055 positionum,
2247 3007 2472 3045 determina-

1401 3067 1484 3096 tum
1505 3067 1561 3096 est
1580 3059 1619 3096 in
1638 3059 1732 3096 libro
1753 3060 1799 3096 de
1816 3061 2034 3096 Processu*
2053 3059 2288 3097 Animalium
2305 3061 2359 3107 *ἦ
2383 3073 2472 3110 pro-

1400 3120 1485 3162 pter
1502 3113 1578 3149 hoc
1595 3113 1615 3133 ²*
1641 3113 1747 3161 quod
1766 3120 1854 3150 sunt
1870 3113 2026 3162 propria
2044 3120 2200 3150 naturae
2219 3113 2382 3162 illorum,
2404 3115 2472 3151 sci-

1402 3166 1487 3203 licet
1511 3165 1782 3203 animatorum.
1814 3167 1855 3202 In
1884 3165 2111 3203 animalibus
2139 3166 2243 3203 enim
2272 3167 2509 3206 manifeste

1400 3219 1579 3256 videntur
1597 3218 1833 3256 huiusmodi
1828 3218 1995 3255 existere
2015 3219 2228 3257 secundum
2245 3220 2471 3259 determina-

1401 3279 1458 3309 tas
1477 3279 1621 3321 partes:
1642 3272 1693 3309 ita
1712 3271 1868 3320 quidem
1893 3272 1998 3320 quod
2018 3272 2206 3322 aliquibus
2231 3274 2469 3324 animalibus,

1402 3325 1543 3362 scilicet
1556 3325 1744 3375 perfectis,
1757 3337 1855 3374 quae
1872 3338 1953 3362 non
1967 3326 2092 3363 solum
2104 3327 2268 3365 sentiunt
2278 3329 2346 3366 sed
2357 3328 2471 3366 etiam

1370 1879 1378 2306 Ι
1404 1890 1440 1919 et
1472 1882 1666 1920 sinistrum
1704 1883 1777 1920 sint
1811 1882 1850 1920 in
1885 1885 2011 1944 caelo,
2053 1885 2159 1934 quod
2196 1887 2316 1924 multo
2353 1888 2476 1936 magis

2285 2849 2328 2885 Si
2348 2855 2473 2886 autem

1455 3511 1482 3544 γ)
1498 3517 1549 3535 non
1564 3510 1655 3535 omnia
1669 3510 1790 3535 omnibus
1803 3510 1916 3535 insint-
1928 3518 1980 3536 non
1993 3510 2116 3536 omittunt
2127 3511 2255 3545 BCFpGI‚
2274 3513 2369 3541 omnia
2378 3514 2473 3539 omittit

1402 3546 1452 3576 sG;
1473 3553 1521 3578 pro
1541 3546 1634 3575 insint,
1655 3546 1747 3571 insunt
1764 3546 1806 3570 AI.
1824 3560 1844 3565 -
1862 3546 1926 3571 Post
1943 3554 2023 3571 unam
2043 3547 2139 3572 lineam
2158 3555 2206 3580 pro
2224 3548 2274 3574 hoc
2291 3549 2399 3574 omnino
2418 3557 2473 3575 esse

1401 3581 1586 3606 inconveniens
1606 3584 1643 3610 ut,
1662 3581 1734 3613 quod
1753 3589 1804 3606 non
1825 3585 1865 3607 est
1883 3582 2068 3608 inconveniens
2088 3583 2160 3615 quod
2172 3585 2204 3615 A,
2223 3584 2273 3610 hoe
2291 3592 2343 3609 non
2363 3592 2418 3610 esse
2433 3585 2472 3610 in-

1399 3617 1557 3641 conveniens
1576 3619 1606 3641 ut
1620 3616 1782 3649 BCGpDEF.
1797 3617 1847 3642 hoc
1865 3625 1916 3643 non
1931 3625 1987 3643 esse
2000 3619 2157 3644 conveniens
2176 3623 2206 3644 ut
2224 3620 2364 3652 s13sDEF·
2383 3621 2424 3652 leg
2411 3625 2472 3644 ount

1399 3657 1428 3676 ιιι
1447 3652 1466 3676 Ρ
1487 3657 1512 3676 et
1530 3652 1574 3685 pl,
1594 3652 1643 3676 nisi
1662 3653 1733 3685 quod
1752 3653 1874 3678 omittunt
1897 3654 2013 3679 omnino.
2031 3668 2050 3672 —-
2068 3654 2191 3688 Sequenti
2217 3655 2284 3680 linea
2307 3664 2356 3689 pro
2374 3659 2401 3681 et
2419 3663 2470 3680 non

1400 3687 1498 3717 omnia,
1518 3689 1540 3712 A
1560 3688 1621 3721 legit
1639 3688 1687 3713 sed
1705 3695 1756 3713 non
1777 3689 1876 3714 omnia.

2531 2218 2614 2239 horum
2629 2218 2698 2241 codd.

2504 2377 2601 2400 ‘Num.
2617 2378 2639 2400 6.

2528 2489 2574 2505 non
2594 2490 2642 2506 orn.
2655 2489 2715 2511 1³ch

2502 2516 2548 2531 1:01.

2499 3125 2588 3142 mm!

2502 2541 2626 2563 *ostendit
2634 2547 2682 2563 om.
2691 2547 2713 2562 A.

2527 2594 2598 2616 Num.
2612 2601 2635 2621 4.

2600 2701 2616 2726 t

2501 2911 2596 2933 Num.
2611 2917 2660 2938 seq.

2498 3066 2570 3102 ''Pro

2513 3092 2564 3114 Di

2605 3072 2660 3087 essu
2674 3073 2698 3088 Α.

2582 3096 2607 3114 Οἵ
2620 3099 2649 3114 ΒΕ
2659 3099 2713 3114 Atu-

2609 3125 2712 3147 1NCESSU,

2499 3151 2551 3184 cap.
2562 3153 2593 3168 tv

2523 3173 2550 3194 td
2561 3180 2588 3201 Α,
2603 3179 2651 3194 om.
2667 3176 2713 3194 cet.

2500 3202 2606 3221 -natura
2614 3199 2714 3221 istorum

2499 3232 2521 3248 P.
