2782 4134
1028 282 1099 319 DE
1129 281 1304 318 CAELO
1334 282 1405 318 ET

339 363 480 392 transiret.
492 379 511 384 -
525 362 634 390 Eadem
649 361 722 389 ratio
737 367 779 388 est
793 360 816 388 si
831 361 953 388 alterum
968 369 1078 396 corpus
1089 365 1216 396 ponatur
1227 368 1288 387 non
1300 359 1406 386 habere

340 403 493 432 levitatem.
508 418 527 422 —
541 411 569 436 4.
586 402 612 436 b)
628 400 777 429 Praedicta
792 409 915 436 corpora
930 409 991 427 non
1006 406 1125 436 possent
1139 398 1249 426 moveri
1269 407 1326 435 per
1345 398 1405 425 vio-

342 286 418 322 250

341 443 467 471 lentiam.
497 442 670 478 Sequeretur
695 440 772 468 enim
801 440 881 476 quod
907 449 1013 475 corpus
1040 448 1101 466 non
1128 447 1213 475 grave
1240 444 1405 465 moveretur

340 482 452 510 infinita
465 481 630 515 velocitate,
647 481 727 517 quod
742 486 784 507 est
798 479 985 515 impossibile.
995 496 1014 500 -
1026 479 1171 506 Probatur
1185 477 1403 513 consequentia.

340 524 372 550 In
394 529 480 550 motu·
495 521 637 555 violento,
661 526 928 557 quantumcumque
955 518 1091 546 velociter
1112 523 1264 545 moveatur
1289 526 1404 544 sursum

339 562 458 598 aliquod
483 570 588 597 corpus
609 569 708 597 grave,
735 560 829 587 adhuc
857 567 962 594 corpus
990 567 1051 585 non
1072 566 1157 594 grave
1186 556 1350 584 movebitur
1375 556 1404 584 in

339 603 443 630 eodem
458 608 588 637 tempore
602 609 654 636 per
668 599 759 627 maius
774 598 908 634 spatium.
926 615 944 619 -
959 598 1069 625 Eadem
1083 596 1157 624 ratio
1173 603 1215 624 est
1230 597 1266 624 de
1281 605 1404 632 corpore

338 651 400 669 non
415 641 476 669 levi.
492 657 510 662 -
526 639 689 668 Conclusio.
703 656 721 660 —
738 639 763 666 5.
780 638 939 673 Quomodo
954 637 1139 674 perficiantur
1154 643 1251 664 motus
1265 636 1404 664 naturalis

339 688 367 709 et
387 687 483 709 motus
504 680 655 708 violentus.
671 696 690 700 —
711 679 817 706 Textus
839 677 953 705 divisio.
974 693 994 697 —
1015 677 1112 704 Motus
1134 675 1272 704 naturalis
1293 682 1321 703 et
1342 676 1403 704 vio-

282 712 285 717 ’
338 722 431 749 lentus
453 720 588 748 differunt
609 719 767 747 secundum
789 727 841 746 sua
861 716 1011 754 principia.
1035 718 1109 745 Nam
1129 723 1227 744 motus
1242 716 1403 744 secundum

95 1523 106 1534 ³
122 1522 159 1544 hic
173 1522 226 1544 add.
239 1529 261 1544 A.

97 1681 260 1712 ”naturalibus
268 1682 309 1703 ad-

96 1708 215 1756 flglfi'lect.
226 1741 247 1761 v,
259 1740 281 1756 n.
291 1741 307 1756 1.

93 2369 144 2391 'Ca
163 2375 305 2397 .1‚n.1sqq.;

95 2396 142 2418 S.T
161 2412 166 2418 .
175 2396 227 2418 lect.
238 2402 254 2423 1,
265 2402 305 2418 n.2

94 2429 201 2470 {qtci'ndat
213 2455 235 2470 Α.

98 2854 110 2862 ·
123 2852 195 2875 Num.
206 2858 282 2880 praec.

99 2959 111 2969 ⁸
129 2960 266 2979 moveantur
284 2963 309 2982 ε,

100 2991 147 3006 orn.
162 2991 214 3012 apr.

101 3118 110 3127 ·
126 3116 195 3138 Num.
211 3122 259 3144 seq.

338 767 470 788 naturam
492 766 542 795 est,
565 759 645 787 cuius
663 757 836 795 prIncipium
858 764 901 785 est
921 757 951 784 in
973 766 1008 784 eo
1031 757 1111 793 quod
1133 763 1281 784 movetur:
1297 755 1403 784 scilicet

338 800 510 837 principium
532 799 655 827 activum
671 798 714 826 vel
728 797 884 834 passivum,
907 806 958 825 seu
971 796 1102 833 potentia
1121 806 1172 833 per
1191 805 1278 833 quam
1294 795 1403 832 aliquid

337 839 504 868 naturaliter
529 846 571 867 est
591 837 785 874 susceptivum
813 837 952 865 motionis
980 836 1096 865 alterius
1118 839 1170 872 (ex
1192 845 1252 873 quo
1274 837 1404 872 sequitur

338 886 451 908 motum
473 888 532 916 quo
553 878 687 906 inferiora
705 887 722 906 a
744 877 940 914 superioribus
962 883 1125 911 moventur,
1140 885 1200 904 non
1215 885 1277 903 esse
1292 875 1402 903 violen-

338 927 409 955 tum,
425 920 475 947 sed
490 919 664 953 naturalem3
688 917 756 954 quia
776 917 849 945 inest
864 916 904 945 eis
919 916 1056 945 naturalis
1078 916 1210 953 aptitudo
1225 922 1257 943 ut
1278 924 1402 952 sequan-

338 966 384 988 tur
405 959 550 987 motiones
578 957 788 994 superiorum).
818 958 916 985 Motus
938 963 1035 985 autem
1066 956 1209 984 violentus
1235 962 1293 990 est,
1322 955 1402 983 cuius

337 999 509 1036 principium
532 1005 574 1026 est
594 997 720 1025 totaliter
741 998 777 1025 ab
799 997 969 1025 extrinseco.
989 1013 1008 1018 -
1029 996 1066 1024 Hi
1089 997 1147 1024 duo
1170 1002 1267 1023 motus
1289 994 1402 1023 misceri

337 1046 474 1076 possunt;
489 1045 521 1066 ut
541 1047 606 1066 cum
621 1037 693 1074 lapis
707 1046 758 1074 per
772 1036 939 1065 violentiam
957 1036 1084 1064 velocius
1099 1042 1233 1064 movetur
1254 1036 1402 1063 deorsum.

337 1096 356 1100 -
375 1080 401 1106 6.
425 1079 583 1113 Quomodo
604 1086 653 1105 aer
674 1077 815 1105 deserviat
836 1077 950 1114 utrique
972 1076 1073 1104 motui.
1096 1093 1114 1098 -
1134 1077 1170 1103 Et
1186 1075 1286 1113 primo
1309 1074 1401 1102 motui

335 1118 471 1147 violento.
493 1117 597 1146 Virtuti
618 1117 740 1145 motoris
761 1117 878 1145 violenti
904 1116 1027 1145 deservit
1052 1125 1101 1144 aer
1126 1122 1266 1152 tanquam
1292 1115 1402 1142 instru—

336 1165 466 1186 mentum
488 1159 525 1186 ad
546 1163 659 1186 motum
682 1166 796 1185 sursum
818 1163 846 1185 et
867 1157 905 1185 ad
927 1163 1040 1184 motum
1063 1157 1209 1184 deorsum.
1233 1155 1401 1183 Secundum

336 1198 413 1226 enim
435 1199 515 1235 quod
530 1207 578 1226 aer
599 1204 642 1225 est
659 1197 737 1232 levis,
759 1196 870 1233 perficit
891 1203 1005 1225 motum
1026 1196 1187 1224 violentum
1209 1195 1259 1232 qui
1280 1201 1323 1223 est
1339 1204 1401 1222 sur-

543 1411 552 1425 ’“
570 1434 580 1457 s·
600 1411 705 1456 rales,
728 1418 763 1446 et
786 1409 1019 1458 improbavit
1046 1408 1255 1457 positiones
1279 1408 1401 1457 philo-

399 1488 408 1493 *
466 1452 489 1470 ‘l
540 1458 580 1493 ἕν’
600 1463 811 1512 sophorum
841 1462 906 1511 qui
934 1462 1032 1499 circa
1061 1463 1135 1498 hoc
1165 1469 1401 1508 erraverunt,

335 1516 396 1553 hic
417 1516 580 1553 ostendit
599 1516 704 1564 quod
725 1528 886 1564 corpora
906 1528 1003 1564 quae
1026 1517 1045 1537 '0'
1070 1523 1277 1552 moventur
1296 1523 1402 1551 natu-

336 1570 460 1606 raliter
479 1578 586 1606 motu
607 1577 722 1616 recto,
743 1570 885 1606 habent
900 1569 1121 1617 gravitatem
1139 1576 1175 1605 et
1189 1568 1402 1605 levitatem:

335 1622 517 1672 principia
546 1623 647 1660 enim
677 1630 813 1664 motus,
828 1622 1004 1659 naturalis
1034 1622 1070 1658 in
1100 1621 1206 1658 dictis
1236 1621 1402 1670 corpori-

337 1677 407 1713 bus
423 1678 443 1697 *
463 1676 705 1713 attenduntur
733 1675 946 1712 secundum
974 1675 1197 1723 gravitatem
1219 1683 1255 1711 et
1273 1675 1402 1711 levita-

336 1737 412 1766 tem
426 1731 456 1766 *.
469 1750 493 1756 -
505 1730 634 1766 Primo
652 1741 739 1776 ergo
755 1729 935 1778 proponit
954 1729 1059 1777 quod
1078 1728 1252 1773 intendit;
1274 1728 1403 1765 dicens

336 1783 579 1820 manifestum
618 1794 699 1819 esse
738 1794 781 1818 ex
815 1782 872 1818 his
906 1794 1004 1830 quae
1038 1789 1262 1830 sequuntur,
1299 1782 1403 1830 quod

336 1836 526 1885 quaedam
557 1848 733 1884 corpora,
764 1847 862 1884 quae
891 1834 1029 1871 scilicet
1058 1842 1263 1871 moventur
1295 1842 1402 1871 natu—

335 1889 459 1926 raliter
478 1896 585 1925 motu
614 1896 728 1935 recto,
759 1901 914 1925 necesse
936 1895 990 1925 est
1018 1889 1158 1925 habere
1178 1887 1401 1935 gravitatem

336 1950 371 1979 et
399 1942 602 1989 levitatem,
633 1942 770 1990 quibus
799 1941 1023 1978 inclinantur
1051 1941 1099 1978 ad
1126 1941 1281 1990 propria
1305 1942 1399 1978 loca.

334 1995 435 2033 Dicit
449 2003 577 2032 autem
592 1996 789 2043 quaedam,
806 1995 855 2031 ad
875 1994 1127 2032 differentiam
1148 2007 1282 2031 eorum
1302 2007 1401 2042 quae

336 2048 563 2085 circulariter
590 2056 806 2085 moventur.

390 2114 424 2138 2.
457 2101 636 2138 Secundo
665 2101 736 2138 ibi:
765 2101 922 2138 Moverz·
944 2101 1092 2149 quidem
1113 2101 1211 2137 enim
1234 2108 1316 2147 etc„
1347 2101 1400 2137 in-

336 2155 437 2192 ducit
455 2155 723 2203 probationem
743 2155 792 2192 ad
811 2154 1063 2204 propositum,
1086 2154 1233 2191 dicens:
1256 2154 1328 2190 Hic
1348 2154 1401 2191 di-

336 2208 454 2245 cimus
484 2208 740 2245 communiter
768 2207 873 2256 quod
902 2219 1057 2244 necesse
1078 2215 1133 2244 est
1154 2219 1315 2255 corpora
1335 2219 1400 2244 na-

334 2262 466 2298 turalia
493 2260 660 2298 moveri:
692 2273 736 2297 ex
764 2262 839 2298 hoc
868 2261 969 2297 enim
1001 2261 1175 2298 dicuntur
1203 2260 1398 2306 naturalia,

335 2314 440 2363 quod
468 2315 610 2351 habent
638 2315 675 2351 in
704 2314 836 2363 seipsis
864 2314 1094 2362 principium
1123 2321 1264 2359 motus,
1293 2322 1335 2350 ut
1355 2326 1400 2351 ex

336 2369 575 2416 11Physz‘c.*
604 2375 771 2416 apparet.
804 2368 881 2404 Sed
911 2367 940 2404 si
970 2367 1060 2404 illud
1089 2367 1193 2416 quod
1222 2375 1401 2404 movetur

335 2433 413 2458 non
428 2421 542 2458 habet
562 2422 773 2458 naturalem
794 2420 1086 2467 inclinationem,
1103 2433 1179 2469 qua
1199 2420 1345 2458 tendit*
1362 2420 1399 2457 in

335 2474 499 2523 aliquem
514 2475 641 2511 locum
660 2474 963 2520 determinatum,
976 2473 1210 2522 impossibile
1226 2482 1282 2510 est
1297 2474 1401 2522 quod

335 2535 536 2564 moveatur
563 2528 625 2563 vel
655 2527 704 2564 ad
733 2527 916 2573 medium,
947 2527 1052 2575 quod
1080 2527 1123 2563 fit
1151 2539 1219 2575 per
1248 2527 1401 2563 inclina-

334 2580 477 2617 tionem
500 2580 701 2628 gravitatis,
730 2581 792 2617 vel
813 2592 835 2616 a
855 2579 995 2625 medio,
1026 2579 1131 2627 quod
1151 2580 1193 2616 fit
1212 2592 1281 2628 per
1299 2579 1401 2631 incli-

336 2633 531 2669 nationem
549 2632 721 2669 levitatis.
749 2633 849 2680 Ergo
870 2644 1025 2669 necesse
1047 2640 1102 2668 est
1122 2644 1283 2681 corpora
1303 2645 1400 2680 quae

338 2693 542 2722 moventur
569 2693 678 2722 motu
698 2693 811 2732 rect0,
838 2686 979 2722 habere
1008 2685 1230 2733 gravitatem
1257 2693 1292 2722 et
1311 2686 1402 2722 levi-

338 2745 467 2775 tatem.

395 2793 428 2828 3.
450 2791 581 2828 Tertio
601 2791 668 2828 ibi:
690 2791 746 2828 Sit
763 2791 861 2828 enim
881 2791 982 2839 quod
1000 2791 1147 2839 quidem
1168 2792 1204 2828 in
1225 2803 1298 2840 quo
1319 2799 1402 2839 etc.,

338 2845 476 2893 probat
496 2845 600 2893 quod
620 2852 872 2893 supposuerat
893 2845 928 2890 *3
950 2844 1090 2881 scilicet
1109 2844 1225 2893 quod,
1247 2845 1277 2881 si
1296 2857 1403 2893 prae-

341 2897 438 2934 dicta
468 2910 629 2947 corpora
658 2910 735 2934 non
764 2898 930 2934 habeant
958 2898 1182 2945 gravitatem
1213 2906 1248 2934 et
1275 2898 1404 2934 levita-

339 2958 429 2998 tem,
459 2951 563 2999 quod
593 2963 670 2988 non
699 2959 947 2987 moverentur
967 2951 998 2987 *.
1021 2951 1070 2987 Et
1087 2950 1212 2999 primo
1242 2951 1405 2988 ostendit

340 3004 443 3052 quod
463 3017 541 3041 non
561 3011 810 3040 moverentur
829 3004 1062 3050 naturaliter3
1089 3004 1258 3041 secundo
1279 3012 1404 3041 osten—

341 3057 394 3094 dit
421 3057 527 3105 quod
556 3069 634 3094 non
663 3065 912 3094 moverentur
948 3069 1017 3105 per
1049 3057 1291 3105 violentiam,
1331 3057 1403 3094 ibi:

339 3111 472 3147 Adhuc
500 3116 623 3147 autem
652 3111 685 3147 si
710 3111 781 3147 erit
806 3111 960 3159 aliquod
986 3122 1122 3158 corpus
1142 3112 1161 3132 *
1182 3118 1251 3147 etc.

393 3163 492 3200 Dicit
520 3175 608 3211 ergo
638 3163 761 3213 primo
791 3164 911 3212 quod,
942 3163 972 3200 si
1000 3163 1154 3212 aliquod
1182 3163 1403 3201 inferiorum

342 3229 545 3264 corporum
562 3229 640 3253 non
655 3217 768 3253 habet
787 3217 1011 3264 gravitatem
1027 3218 1087 3254 vel
1103 3217 1311 3265 levitatem,
1333 3218 1405 3255 sint

343 3269 418 3306 duo
449 3282 626 3318 corpora,
657 3282 821 3318 quorum
850 3282 970 3307 unum
998 3271 1044 3307 sit
1071 3272 1121 3316 A,
1153 3283 1230 3307 non
1259 3272 1405 3308 habens

342 3321 574 3369 gravitatem,
597 3323 698 3360 aliud
717 3331 845 3360 autern
866 3323 911 3360 sit
934 3324 981 3370 B,
1003 3324 1148 3360 habens
1167 3325 1402 3371 gravitatem.

343 3375 546 3411 Moveatur
574 3383 700 3412 autem
721 3378 766 3423 A,
797 3376 901 3424 quod
930 3384 985 3413 est
1013 3389 1151 3425 corpus
1178 3389 1255 3414 non
1275 3390 1403 3425 grave,

343 3426 469 3475 aliquo
498 3428 746 3465 determinato
774 3437 969 3478 tempore,
1007 3437 1099 3478 puta
1135 3442 1204 3479 per
1238 3431 1401 3480 spatium

397 3590 424 3622 α)
443 3589 553 3622 gravius
572 3590 684 3615 velocius
696 3591 799 3623 fertur.
816 3605 835 3609 -
853 3592 888 3616 Ita
907 3591 942 3622 E;
963 3592 1075 3616 velocius
1094 3599 1147 3618 om.
1162 3593 1230 3617 AFG
1250 3598 1275 3618 et
1295 3593 1364 3624 Pam
1384 3594 1404 3618 B

343 3625 403 3651 hab.
420 3626 551 3655 lacunam;
571 3625 590 3649 P
610 3626 670 3657 legit
688 3626 797 3658 gravius
809 3627 918 3659 feretur
937 3626 1024 3651 citius.

1434 280 1629 318 MUNDO
1659 281 1754 318 LIB.
1785 283 1834 318 111

1461 367 1541 386 sum:
1564 359 1724 387 secundum
1745 366 1843 388 autem
1865 360 1945 397 quod
1967 366 2009 388 est
2029 360 2131 397 gravis,
2153 360 2265 397 perficit
2285 367 2399 390 motum
2421 362 2470 400 qui
2485 370 2528 392 est

1461 398 1607 426 deorsum.
1635 399 1709 426 Nam
1737 405 1799 427 tum
1828 399 1886 428 aeri
1907 407 1969 428 tum
1991 400 2107 437 corpori
2128 400 2223 437 gravi,
2251 408 2323 438 puta
2347 402 2449 438 lapidi,
2477 412 2529 439 per

1460 438 1583 465 modum
1605 437 1755 466 cuiusdam
1777 439 1976 476 impressionis
1997 440 2086 468 virtus
2107 440 2225 472 violenti
2246 441 2369 469 motoris
2393 442 2443 470 dat
2463 452 2529 471 mo-

1459 483 1539 505 tum:
1555 483 1583 505 et
1597 477 1666 514 quia
1680 487 1729 506 aer
1743 487 1795 515 per
1809 479 1884 507 hanc
1897 479 2120 516 impressionem
2141 480 2269 508 velocius
2291 487 2424 509 movetur
2438 491 2528 518 quam

1459 517 1546 553 lapis,
1570 517 1656 545 etiam
1678 517 1832 547 desistente
1853 519 1981 548 violento
2003 526 2133 555 motore,
2159 520 2279 548 ulterius
2300 521 2435 557 propellit
2456 521 2528 558 lapi-

1460 557 1543 591 dem,
1567 563 1594 584 et
1615 556 1700 585 etiam
1723 567 1819 586 aerem
1841 558 2038 587 coniunctum.
2060 576 2080 580 -
2101 560 2293 589 Concluditur
2314 561 2395 597 quod
2415 570 2465 589 aer
2485 567 2529 589 est

1459 595 1684 624 instrumentum
1705 598 1900 626 necessarium
1921 606 2018 627 motus
2039 599 2166 628 violenti.
2179 616 2199 621 —
2215 609 2242 636 7.
2258 601 2392 628 Secundo
2413 607 2527 629 motum

1458 637 1621 664 naturalem
1647 645 1697 665 aer
1721 645 1875 674 promovet
1900 639 2006 667 eodem
2031 640 2122 667 modo
2144 649 2178 668 ac
2198 639 2375 668 violentum:
2403 639 2527 677 inquan-

1458 682 1520 703 tum
1542 675 1650 704 scilicet
1670 685 1722 712 per
1747 686 1830 705 suam
1855 678 1999 707 levitatem
2021 679 2174 708 coadiuvat
2195 680 2233 708 ad
2254 685 2368 707 motum
2395 689 2526 715 sursum,

1457 725 1509 752 per
1530 715 1698 752 gravitatem
1720 723 1817 745 autem
1839 718 1876 746 ad
1891 724 2005 746 motum
2021 719 2168 748 deorsum.
2183 736 2203 740 -
2217 720 2244 747 8.
2260 719 2416 748 Dubitatur
2429 726 2527 748 utrum

1458 764 1491 783 ex
1513 756 1696 791 necessitate,
1719 757 1763 784 vel
1788 757 1884 785 solum
1904 765 2024 795 propter
2041 759 2116 787 bene
2137 768 2199 787 esse
2220 768 2269 787 aer
2290 759 2413 787 naturali
2434 759 2528 788 motui

1458 796 1608 823 deserviat.
1623 812 1644 816 -—
1662 797 1830 832 Respondet
1850 798 1995 826 Averroes
2016 807 2056 826 ex
2078 799 2256 828 necessitate.
2279 800 2307 835 a)
2331 799 2420 835 Quia,
2443 808 2525 835 cum,

1457 842 1489 863 ut
1510 835 1571 872 ipse
1593 835 1751 870 existimat,
1773 845 1879 873 corpus
1900 847 1986 874 grave
2007 839 2052 866 vel
2073 839 2134 867 leve
2155 846 2272 868 moveat
2299 839 2443 876 seipsum,
2469 839 2528 868 hoc

1457 885 1518 903 non
1539 882 1635 912 potest
1656 885 1718 904 esse
1739 876 1795 904 nisi
1817 886 1868 913 per
1888 877 2031 913 accidens,
2050 878 2223 915 inquantum
2237 889 2290 916 per
2303 880 2429 908 formam
2443 888 2526 908 suam

1457 921 1555 943 movet
1575 925 1687 951 aerem,
1710 917 1748 943 ad
1769 916 1851 944 cuius
1872 923 1985 945 motum
2012 917 2106 954 ipsum
2129 928 2214 956 grave
2235 925 2377 948 movetur.
2401 919 2428 955 b)
2451 920 2527 948 Cum

1456 954 1530 983 inter
1544 965 1666 983 movens
1680 962 1708 983 et
1723 955 1830 984 mobile
1845 957 1994 993 quandam
2008 957 2200 987 resistentiam
2215 968 2277 987 esse
2292 965 2435 996 oporteat,
2451 968 2527 997 quae

1456 1004 1517 1023 non
1539 1001 1581 1023 est
1603 995 1739 1024 materiae
1761 996 1892 1032 corporis
1912 997 2006 1034 gravis
2027 997 2071 1026 vel
2092 998 2161 1027 Ievis
2181 1005 2313 1036 respectu
2333 999 2454 1035 formae,
2476 1009 2526 1028 ne-

1457 1035 1614 1063 cessarium
1636 1042 1679 1063 est
1699 1045 1764 1063 eam
1779 1045 1842 1064 esse
1857 1045 1891 1064 ex
1905 1043 1985 1073 parte
2001 1037 2133 1074 corporis
2155 1038 2252 1074 medii,
2267 1038 2374 1067 scilicet
2394 1039 2468 1068 aeris
2482 1040 2527 1068 vel

1456 1084 1589 1111 aquae.—
1610 1085 1637 1112 9.
1662 1075 1811 1103 Refutatur
1831 1076 1902 1104 haec
1922 1077 2059 1105 Averrois
2081 1078 2292 1107 determinatio.
2315 1080 2444 1116 Utraque
2465 1079 2527 1108 eius

1456 1115 1529 1143 ratio
1544 1114 1644 1143 nititur
1658 1115 1730 1143 falso
1745 1115 1908 1152 supposito,
1924 1117 2005 1153 quod
2019 1126 2125 1154 nempe
2139 1118 2234 1147 forma
2248 1118 2379 1155 corporis
2393 1119 2487 1156 gravis
2499 1126 2527 1148 et

1456 1154 1525 1183 levis
1546 1155 1582 1183 sit
1603 1155 1778 1192 principium
1799 1156 1925 1184 activum
1946 1163 2043 1185 motus
2064 1166 2116 1194 per
2136 1159 2259 1186 modum
2281 1159 2439 1187 moventis:
2459 1168 2526 1187 cum

1455 1201 1553 1223 tamen
1568 1204 1629 1223 non
1641 1195 1677 1223 sit
1690 1195 1720 1223 id
1734 1196 1815 1233 quod
1829 1195 1896 1234 agit,
1911 1197 1963 1224 sed
1974 1196 2004 1224 id
2016 1206 2076 1234 quo
2091 1206 2212 1226 movens
2226 1205 2333 1227 movet.
2346 1215 2365 1220 -
2375 1198 2525 1236 Epilogus.

1455 1301 1568 1338 unius
1596 1303 1734 1350 horae,
1775 1315 1845 1351 per
1878 1303 2182 1351 magnitudinem
2217 1316 2317 1352 quae
2347 1312 2403 1341 est
2431 1305 2525 1353 GD,

1457 1363 1565 1392 motu
1585 1355 1725 1392 scilicet
1752 1355 1817 1404 qui
1847 1364 1902 1393 est
1929 1356 1978 1394 ad
2006 1357 2193 1395 medium.
2224 1357 2377 1406 Corpus
2396 1364 2526 1396 autem

1457 1409 1563 1456 quod
1583 1416 1639 1445 est
1657 1410 1701 1455 B,
1731 1409 1955 1456 gravitatem
1978 1410 2137 1458 habens,
2167 1411 2307 1447 feretur
2325 1410 2364 1448 in
2386 1411 2526 1449 eodem

1455 1469 1643 1511 tempore,
1674 1462 1811 1499 eadem
1840 1463 1966 1511 specie
1987 1471 2126 1510 motus,
2147 1476 2216 1513 per
2235 1464 2423 1501 maiorem
2445 1477 2526 1502 ma-

1457 1515 1706 1562 gnitudinem,
1729 1528 1827 1564 quae
1847 1516 1894 1552 sit
1917 1517 2006 1553 GE:
2037 1529 2192 1554 necesse
2220 1525 2276 1554 est
2296 1517 2398 1554 enim
2418 1518 2526 1567 quod

1458 1580 1596 1617 corpus
1614 1569 1761 1605 habens
1776 1569 2010 1617 gravitatem,
2027 1570 2167 1607 feratur
2182 1570 2335 1618 aequali,
2350 1578 2525 1620 tempore

1457 1634 1525 1670 per
1545 1621 1667 1658 maius
1688 1622 1853 1671 spatium
1879 1634 1996 1671 quarn
2017 1635 2156 1672 corpus
2180 1635 2259 1660 non
2277 1624 2424 1661 habens
2443 1636 2524 1673 gra-

1455 1674 1635 1721 vitatem3
1656 1675 1751 1712 sicut
1771 1683 1806 1712 et
1827 1688 1966 1724 corpus
1994 1676 2146 1724 gravius
2173 1676 2344 1714 velocius
2372 1677 2490 1715 fertur
2506 1684 2524 1699 ²

1457 1728 1638 1765 deorsum
1673 1741 1790 1777 quam
1828 1741 1968 1777 corpus
2000 1729 2127 1766 minus
2159 1742 2288 1778 grave.
2324 1730 2526 1768 Dividatur

1457 1789 1585 1817 autern
1602 1794 1741 1830 corpus
1753 1782 1795 1828 B,
1807 1782 1954 1818 habens
1964 1782 2200 1830 gravitatem,
2213 1784 2426 1821 secundum
2437 1796 2526 1833 pro-

1455 1834 1673 1882 portionem
1693 1847 1792 1884 quae
1809 1843 1864 1872 est
1879 1836 1949 1872 GE
1970 1835 2019 1872 ad
2037 1836 2056 1856 *
2076 1836 2160 1882 GD,
2181 1843 2223 1872 ut
2241 1836 2381 1873 scilicet
2395 1849 2436 1874 se
2459 1837 2526 1874 ha-

1457 1888 1545 1924 beat
1573 1895 1696 1924 totum
1718 1889 1748 1924 B
1769 1888 1819 1925 ad
1842 1895 1990 1937 partem
2011 1888 2104 1935 eius,
2133 1896 2226 1938 puta
2253 1901 2352 1937 quae
2377 1889 2424 1927 sit
2444 1890 2475 1927 C
2492 1891 2524 1938 ¹²,
2554 1904 2563 1913 ·

1456 1940 1551 1977 sicut
1570 1953 1609 1978 se
1624 1941 1740 1978 habet
1754 1949 1877 1978 totum
1898 1942 1968 1979 GE
1989 1941 2037 1978 ad
2053 1942 2143 1979 GD:
2164 1941 2255 1979 nihil
2275 1942 2378 1979 enim
2396 1942 2525 1991 prohi—

1457 1995 1520 2031 bet
1548 1995 1662 2031 talem
1689 1994 1918 2031 divisionem
1938 1994 2022 2032 fieri
2042 1995 2212 2044 corporis
2231 1995 2275 2043 B,
2298 2008 2386 2033 cum
2407 2008 2526 2034 omne

1456 2060 1594 2096 corpus
1610 2047 1760 2084 finitum
1780 2047 1900 2096 possit
1921 2047 2038 2085 dividi
2058 2049 2271 2086 secundum
2301 2061 2526 2098 quamcum-

1455 2113 1530 2149 que
1563 2101 1854 2151 proportionem
1888 2101 2028 2138 datam.
2063 2102 2299 2140 Procedatur
2332 2114 2422 2150 ergo
2459 2102 2524 2140 sic.

1456 2154 1560 2191 Sicut
1589 2167 1629 2191 se
1657 2155 1774 2191 habet
1802 2155 1871 2191 GE
1901 2154 1950 2192 ad
1984 2155 2068 2202 GD,
2089 2154 2139 2192 ita
2172 2167 2212 2192 se
2239 2156 2355 2193 habet
2378 2156 2399 2177 ⁴*
2417 2156 2448 2193 B
2478 2156 2527 2194 ad

1454 2215 1601 2256 partem
1632 2207 1729 2254 eius;
1761 2220 1849 2256 ergo
1878 2207 2137 2256 permutatim,
2158 2208 2252 2246 sicut
2275 2221 2316 2246 se
2335 2209 2452 2246 habet
2469 2216 2526 2247 to-

1454 2269 1535 2297 tum
1565 2262 1596 2297 B
1626 2262 1673 2298 ad
1702 2269 1826 2298 totum
1856 2262 1939 2308 GE,
1964 2261 2014 2298 ita
2043 2274 2083 2299 se
2106 2262 2223 2299 habet
2249 2274 2338 2312 pars
2367 2262 2491 2300 divisa
2509 2261 2527 2292 Ρ

1455 2314 1503 2351 ad
1533 2315 1617 2352 GD.
1654 2314 1693 2351 Si
1727 2326 1817 2362 ergo
1846 2322 1969 2351 totum
1998 2316 2029 2351 Β
2059 2315 2176 2352 fertur
2203 2322 2375 2364 tempore
2405 2316 2527 2354 deterss

1455 2367 1599 2404 minato
1637 2380 1708 2416 per
1735 2375 1857 2404 toturn
1886 2368 1977 2414 GE,
2016 2380 2174 2405 necesse
2213 2376 2268 2405 est
2305 2369 2410 2418 quod
2437 2381 2527 2419 pars

1454 2421 1572 2469 ipsius
1601 2421 1631 2457 B
1660 2420 1699 2457 in
1733 2420 1873 2457 eodem
1905 2428 2080 2469 tempore
2114 2421 2254 2458 feratur
2284 2434 2355 2470 per
2382 2422 2527 2471 magni-

1455 2473 1627 2510 tudinem
1657 2474 1742 2510 GD.
1778 2474 1820 2510 ln
1850 2473 1989 2510 eodem
2020 2481 2148 2510 autern
2177 2482 2351 2523 tempore
2386 2487 2526 2524 corpus

1455 2528 1506 2572 A,
1528 2538 1606 2562 non
1634 2526 1781 2562 habens
1810 2526 2052 2573 gravitatem,
2077 2527 2267 2564 ferebatur
2295 2540 2410 2576 super
2438 2540 2526 2566 ean-

1457 2579 1546 2616 dem
1572 2578 1887 2626 magnitudinem.
1918 2580 2020 2627 Ergo
2050 2588 2230 2628 sequetur
2257 2581 2363 2629 quod
2387 2593 2526 2630 corpus

1456 2633 1602 2668 habens
1631 2632 1866 2679 gravitatem,
1897 2638 1933 2668 et
1961 2644 2098 2681 corpus
2128 2646 2206 2670 non
2234 2634 2381 2671 habens
2405 2634 2526 2683 gravi-

1456 2692 1585 2731 tatem,
1607 2684 1644 2721 in
1665 2685 1811 2734 aequali
1842 2693 2014 2734 tempore
2038 2686 2205 2723 ferantur
2228 2699 2342 2736 super
2362 2687 2526 2726 eandem

1456 2738 1769 2786 magnitudinem.
1792 2739 1840 2775 Et
1860 2739 1996 2775 eadem
2016 2738 2110 2775 ratio
2131 2747 2197 2786 est,
2219 2740 2250 2777 si
2264 2743 2424 2778 alterum
2445 2753 2527 2778 cor-

1457 2804 1529 2840 pus
1558 2799 1722 2840 ponatur
1749 2792 1892 2828 habere
1919 2791 2125 2829 levitatem.
2157 2792 2219 2830 Sic
2248 2805 2338 2841 ergo
2367 2794 2526 2831 manife-

1459 2853 1558 2881 stum
1589 2852 1643 2881 est
1671 2845 1776 2894 quod
1805 2845 1974 2893 sequitur
2002 2845 2288 2893 inconveniens,
2319 2846 2349 2883 si
2369 2847 2526 2897 aliquod

1458 2897 1679 2935 inferiorum
1705 2910 1910 2947 corporum
1940 2907 2105 2948 ponatur
2133 2911 2212 2936 non
2240 2899 2382 2937 habere
2403 2900 2525 2948 gravi-

1458 2959 1573 2988 tatem
1603 2963 1727 3000 neque
1756 2951 1961 2988 levitatem.

1512 3017 1548 3052 4.
1563 3004 1713 3041 Deinde
1730 3017 1817 3041 cum
1834 3004 1938 3042 dicit:
1954 3005 2089 3042 Adhuc
2103 3011 2228 3043 autem
2244 3006 2278 3042 si
2290 3006 2362 3043 erit
2373 3006 2528 3055 aliquod

1459 3070 1595 3108 corpus
1616 3066 1697 3103 etc„
1715 3058 1876 3095 ostendit
1895 3058 2012 3107 quod,
2029 3058 2059 3095 si
2074 3058 2120 3095 sit
2134 3059 2289 3108 aliquod
2305 3059 2525 3098 inferiorum

1461 3123 1665 3160 corporum
1696 3123 1774 3148 non
1802 3112 1947 3148 habens
1976 3112 2199 3159 gravitatem
2227 3113 2289 3149 vel
2319 3112 2523 3161 levitatem,

1461 3165 1564 3213 quod
1585 3177 1663 3201 non
1682 3164 1801 3213 possit
1819 3176 1888 3213 per
1912 3164 2135 3202 violentiam
2163 3165 2324 3203 moveri.
2352 3166 2401 3203 Et
2420 3166 2524 3204 dicit:

1461 3230 1504 3254 ex
1534 3230 1611 3267 quo
1642 3226 1836 3254 ostensum
1863 3225 1918 3254 est
1945 3230 2013 3267 per
2037 3218 2223 3255 rationem
2252 3219 2485 3267 praedictam
2505 3220 2524 3241 ¹⁸

1460 3271 1563 3320 quod
1594 3283 1732 3319 corpus
1762 3283 1893 3308 carens
1915 3272 1935 3292 *
1962 3271 2143 3319 gravitate
2176 3272 2238 3308 vel
2266 3271 2417 3309 levitate
2444 3284 2524 3310 non

1458 3331 1582 3373 potest
1601 3324 1750 3361 moveri
1769 3324 1986 3361 naturaliter
2005 3332 2115 3361 motu
2134 3332 2255 3372 recto,
2276 3336 2430 3362 necesse
2456 3333 2524 3373 est,

1459 3377 1487 3414 si
1504 3385 1681 3414 movetur
1698 3379 1733 3423 ²³²,
1750 3377 1855 3426 quod
1875 3385 2078 3414 moveatur
2091 3389 2160 3426 per
2175 3377 2413 3415 violentiam:
2434 3390 2526 3415 nam

1458 3431 1581 3468 omnis
1600 3438 1726 3468 motus
1746 3430 1963 3468 huiusmodi
1979 3443 2184 3480 corporum
2201 3438 2265 3468 aut
2279 3438 2334 3468 est
2348 3431 2526 3469 naturalis

1513 3592 1538 3625 β)
1555 3600 1622 3626 pars
1642 3594 1736 3618 divisa.
1753 3607 1772 3612 -
1786 3600 1854 3625 pars
1874 3593 1897 3617 Β
1914 3593 1948 3618 ab
1966 3600 1997 3618 eo
2016 3593 2102 3618 divisa
2121 3591 2159 3624 A,
2179 3593 2203 3618 B
2222 3600 2290 3625 pars
2309 3593 2396 3618 divisa
2414 3592 2482 3617 EFG
2501 3597 2527 3617 et

1461 3629 1519 3654 Par.
1532 3643 1550 3647 -
1564 3629 1713 3653 lmmediate
1732 3636 1779 3661 pro
1801 3629 1854 3653 GD
1872 3629 1891 3652 P
1911 3628 1988 3653 habet
2009 3628 2068 3652 GE.

2553 1852 2563 1862 '
2579 1850 2624 1873 GE
2635 1850 2669 1872 ad
2682 1857 2731 1874 om.
2743 1858 2766 1873 ι’.

2553 2168 2563 2178 ·
2578 2166 2650 2187 tom
2664 2164 2718 2186 add.
2731 2170 2754 2186 r.

2552 3232 2560 3241 ·
2576 3229 2648 3253 Num.
2662 3236 2738 3259 praee.

2552 3285 2561 3294 ·
2577 3283 2628 3305 sine
2642 3289 2663 3306 r.

2552 3388 2563 3399 ⁸
2578 3378 2711 3410 'nuberent'
2723 3393 2746 3410 P·
2775 3389 2782 3393 ‘¹
