2554 4062
2330 291 2363 315 IX

162 345 247 387 sito
290 345 466 400 proprio
509 345 685 400 ponitur
727 357 981 393 commune;
1025 345 1251 387 affirmatio
1292 354 1437 389 autem
1478 352 1721 393 communis
1762 359 1827 394 est
1866 354 2134 410 imperfecta:
2177 365 2218 399 et
2264 360 2361 402 ideo

162 408 362 449 ultimum
396 408 578 449 modum
605 406 749 460 geniti
788 407 936 461 posuit
967 414 1174 462 tanquam
1208 409 1461 463 perfectum,
1504 412 1625 467 quod
1661 414 1847 470 incoepit
1881 431 1976 458 esse
2009 431 2085 473 per
2117 423 2362 475 generatio-

163 484 286 519 nem;
322 476 365 511 et
397 468 726 524 comprehendit
757 469 840 509 sub
874 469 957 510 hoc
991 470 1139 519 modo,
1164 477 1372 526 tanquam
1405 474 1487 514 sub
1522 475 1723 529 perfecto,
1749 484 1790 518 et
1818 480 2054 532 potentiam
2089 488 2130 522 et
2163 490 2315 526 actum.
2341 504 2356 522 »

287 532 403 585 Quia
435 544 546 573 vero
577 530 621 572 in
660 530 827 571 ratione
870 532 1006 587 geniti
1040 539 1082 573 et
1116 533 1316 589 ingeniti,
1351 537 1638 591 corruptibilis
1672 545 1714 579 et
1746 539 2100 596 incorruptibilis,
2136 545 2363 588 includitur

161 595 371 650 possibile
404 599 448 635 et
479 592 771 648 impossibile,
807 593 906 635 ideo
942 594 985 635 in
1017 596 1216 649 sequenti
1249 597 1434 639 lectione
1468 599 1522 640 de
1546 601 1750 654 possibili
1778 608 1820 643 et
1851 604 2106 658 impossibili
2134 612 2360 650 tractatur:

163 656 284 712 quod
314 674 328 693 ‹
351 669 440 697 uno
475 655 611 696 modo
645 655 799 696 dicitur
831 656 1034 704 absolute,
1071 658 1173 711 quia
1205 659 1367 700 scilicet
1399 661 1637 703 secundum
1661 677 1708 704 se
1743 670 1808 705 est
1829 665 1912 706 tale
1946 667 2067 721 quod
2099 669 2238 722 possit
2266 684 2362 712 esse

161 731 315 760 verum
347 718 418 759 vel
451 731 541 759 non
574 717 715 772 possit
747 731 844 759 esse
877 732 1042 768 verum,
1077 726 1254 774 propter
1284 721 1581 764 habitudinem
1621 726 1902 768 terminorum
1944 728 2000 769 ad
2033 729 2238 772 invicem·
2274 733 2357 774 alio

162 780 298 823 modo
333 780 486 822 dicitur
518 780 727 835 possibile
762 786 804 821 et
837 781 1105 836 impossibile
1139 782 1280 831 alicui,
1313 784 1434 838 quod
1468 785 1628 827 scilicet
1660 795 1803 842 potest
1836 792 1947 842 (aut
1973 804 2058 831 non
2082 765 2256 846 potest)
2290 796 2360 836 vel

160 842 402 886 secundum
434 843 674 898 potentiam
707 843 894 884 activam
915 844 986 885 vel
1018 844 1237 899 passivam
1266 845 1330 900 (n.
1355 846 1413 901 3).
1440 865 1454 882 ι
1487 871 1505 878 -
1527 849 1815 892 Postmodum
1848 865 1966 902 vero,
2002 853 2045 894 in
2078 857 2360 909 sequentibus

161 905 371 955 numeris,
407 905 649 947 ostenditur
681 906 909 960 quomodo
945 907 1254 948 determinatur
1285 908 1368 949 hoc
1397 910 1605 964 possibile
1629 917 1671 952 et
1692 912 1959 968 impossibile
1981 916 2222 959 relativum:
2265 936 2278 955 α
2303 919 2361 960 ita

155 968 322 1027 scilicet
353 973 402 1009 ut
433 968 627 1023 potentia
659 968 1000 1024 uniuscuiusque
1033 969 1336 1011 denominetur
1368 985 1446 1026 per
1478 980 1719 1028 respectum
1753 976 1978 1028 adfinem,
2012 978 2123 1019 idest
2154 993 2231 1034 per
2263 981 2359 1022 ulti-

160 1043 282 1072 mum
314 1036 357 1072 et
388 1044 466 1086 per
498 1030 738 1072 maximum
771 1031 826 1072 ad
860 1031 982 1086 quod
1005 1038 1160 1086 potest,
1186 1039 1228 1073 et
1249 1046 1326 1088 per
1347 1034 1550 1076 virtutem
1582 1049 1687 1077 suae
1711 1039 2037 1082 excellentiae
2062 1041 2184 1090 idest,
2209 1055 2356 1083 secun-

161 1092 267 1135 dum
299 1092 344 1135 id
377 1093 610 1135 attenditur
630 1093 767 1135 virtus
801 1093 874 1142 rei,
899 1095 1020 1148 quod
1055 1100 1120 1136 est
1158 1096 1566 1138 excellentissimum
1601 1100 1795 1141 omnium
1830 1114 1979 1143 eorum
2002 1102 2044 1143 in
2068 1116 2180 1157 quae
2202 1111 2357 1159 potest.

161 1156 220 1199 Et
250 1155 335 1197 hoc
368 1162 436 1198 est
468 1156 589 1211 quod
624 1156 777 1198 dicitur
810 1156 852 1197 in
881 1156 964 1198 alia
994 1157 1285 1206 translatione,
1317 1159 1458 1199 virtus
1489 1163 1555 1200 est
1579 1161 1779 1203 ultimum
1798 1164 2036 1217 potentiae,
2073 1166 2174 1220 quia
2196 1167 2356 1208 scilicet

159 1217 298 1261 virtus
330 1218 404 1259 rei?
425 1215 734 1260 determinatur
766 1219 1006 1260 secundum
1039 1220 1238 1261 ultimum
1269 1220 1313 1260 in
1347 1221 1467 1275 quod
1500 1227 1656 1277 potest.
1687 1225 1744 1265 Et
1775 1223 1859 1265 hoc
1893 1226 2019 1267 etiarn
2052 1227 2182 1268 habet
2214 1229 2358 1270 locum

159 1280 205 1323 in
235 1280 467 1323 virtutibus
500 1281 692 1323 animae:
728 1281 882 1322 dicitur
914 1282 1029 1322 enim
1062 1282 1198 1323 virtus
1231 1282 1431 1333 humana,
1465 1297 1543 1339 per
1574 1299 1705 1339 quam
1739 1287 1872 1328 homo
1906 1294 2050 1343 potest
2081 1289 2124 1330 in
2158 1290 2201 1330 id
2234 1291 2355 1345 quod

161 1348 228 1386 &st
258 1343 667 1386 excellentissimum
701 1343 743 1384 in
777 1343 984 1398 operibus
1015 1343 1237 1394 humanis,
1272 1346 1434 1387 scilicet
1466 1346 1508 1387 in
1542 1360 1674 1402 opere
1707 1349 1827 1404 quod
1862 1356 1926 1391 est
1958 1351 2195 1392 secundum
2228 1352 2358 1393 ratio-

160 1418 311 1449 nem...
346 1406 469 1448 Sicut
500 1409 646 1447 autem
689 1405 996 1447 determinatur
1035 1406 1078 1447 id
1117 1407 1239 1462 quod
1278 1414 1343 1449 est
1375 1409 1582 1463 possibile
1619 1411 1744 1452 alicui
1783 1425 1860 1467 per
1891 1413 2125 1454 maximum
2159 1414 2202 1454 in
2237 1415 2358 1469 quod

158 1473 316 1524 potest,
340 1468 384 1510 in
417 1481 508 1523 quo
541 1467 775 1510 attenditur
806 1467 942 1509 virtus
978 1468 1091 1518 eius;
1126 1469 1184 1510 ita
1217 1469 1261 1511 id
1284 1470 1404 1525 quod
1429 1477 1494 1512 est
1520 1471 1788 1528 impossibile
1810 1474 1934 1515 alicui
1958 1475 2263 1517 determinatur
2284 1490 2360 1531 per

160 1530 388 1577 minimum
421 1543 573 1572 eorum
607 1530 651 1572 in
684 1543 797 1585 quae
831 1543 920 1572 non
953 1537 1108 1586 potest,
1145 1532 1187 1572 in
1211 1546 1301 1587 quo
1335 1533 1532 1575 consistit
1564 1535 1656 1575 eius
1690 1535 1899 1577 debilitas.
1933 1538 2043 1577 Puta
2065 1537 2101 1578 si
2125 1538 2359 1580 maximum

159 1592 204 1637 in
236 1592 359 1648 quod
392 1598 538 1648 potest
569 1592 737 1648 aliquis,
762 1598 828 1634 est
861 1593 921 1635 ire
954 1593 1109 1650 viginti
1142 1594 1293 1644 stadia,
1317 1595 1555 1650 minimum*
1577 1609 1728 1639 eorum
1761 1598 1804 1639 in
1838 1611 1949 1653 quae
1983 1612 2071 1639 non
2104 1606 2258 1654 potest,
2295 1607 2360 1642 est

158 1655 327 1712 viginti.
347 1661 391 1697 et
421 1668 576 1705 unum;
611 1661 654 1697 et
686 1655 741 1696 ab
781 1655 866 1697 hoc
906 1662 1080 1711 oportet
1112 1656 1397 1698 determinare
1436 1658 1528 1700 eius
1569 1658 1854 1710 debilitatem,
1899 1674 1987 1701 non
2030 1667 2174 1702 autem
2218 1675 2271 1703 ex
2305 1676 2358 1704 eo

159 1717 282 1774 quod
316 1731 405 1760 non
449 1724 596 1774 potest
628 1718 688 1759 ire
722 1730 798 1773 per
838 1724 1009 1760 centum
1057 1720 1127 1760 vel
1161 1733 1240 1774 per
1271 1720 1398 1761 mille.
1429 1738 1445 1758 ι
1483 1744 1502 1752 -
1536 1721 1651 1762 Vide
1685 1722 1812 1764 etiam
1855 1736 1967 1778 quae
2001 1722 2055 1764 de
2087 1724 2283 1778 possibili
2317 1731 2360 1766 et

159 1780 431 1836 impossibili,
467 1786 510 1822 et
542 1780 598 1822 de
630 1793 737 1822 vero
772 1786 815 1822 et
846 1779 967 1830 falso,
1002 1781 1197 1823 absolute
1228 1788 1272 1824 et
1303 1796 1360 1823 ex
1390 1784 1679 1839 suppositione
1706 1784 1842 1834 dictis,
1866 1785 2090 1826 traduntur
2122 1786 2214 1828 lect.
2238 1799 2356 1837 xxv1‚

159 1853 201 1887 n.
224 1855 273 1896 4;
307 1843 382 1885 ubi
417 1843 592 1898 insuper
625 1843 808 1885 habetur
847 1860 861 1881 ‹
893 1843 1015 1898 quod
1048 1857 1137 1885 non
1171 1850 1237 1886 est
1274 1844 1390 1886 idem
1432 1846 1595 1900 aliquid
1629 1859 1726 1888 esse
1758 1847 1912 1888 salsum
1945 1848 2212 1902 simpliciter,
2247 1849 2358 1890 idest

159 1905 373 1955 absolute,
399 1911 442 1947 et
474 1918 572 1947 esse
604 1905 874 1961 impossibile
907 1906 1125 1956 absolute;
1149 1925 1163 1943 ι
1205 1912 1248 1948 et
1279 1907 1412 1962 quod,
1454 1924 1469 1944 ‹
1494 1908 1592 1950 licet
1624 1909 1786 1964 aliquid
1820 1910 1945 1951 simul
1979 1910 2135 1951 habeat
2155 1911 2356 1952 virtutem

159 1967 217 2013 ad
251 1968 454 2024 opposita
488 1967 608 2023 (puta
639 1967 696 2009 ad
729 1968 882 2010 sedere
915 1974 957 2010 et
989 1969 1129 2023 stare),
1159 1969 1232 2010 tali
1265 1969 1442 2019 ratione,
1467 1970 1569 2025 quia
1591 1971 1857 2026 quandoque
1890 1985 1976 2013 una
2007 1972 2199 2027 potentia
2232 1973 2358 2014 redu-

161 2031 270 2075 citur
301 2030 346 2073 in
377 2037 534 2080 actum,
569 2029 836 2086 quandoque
869 2031 1022 2080 altera,
1058 2031 1159 2072 nihil
1197 2037 1347 2074 ‚tamen
1380 2033 1490 2088 hanc
1528 2033 1659 2075 habet
1694 2034 1931 2089 potentiam
1965 2040 2012 2075 ut
2044 2034 2169 2076 simul
2203 2035 2359 2076 habeat

161 2093 365 2150 opposita
396 2093 518 2149 (puta
549 2099 598 2135 ut
629 2093 756 2135 simul
789 2092 940 2135 sedeat
973 2099 1016 2135 et
1047 2094 1158 2149 stet),
1188 2094 1268 2136 sed
1301 2101 1474 2150 oportet
1506 2095 1590 2136 hoc
1622 2096 1665 2136 in
1698 2097 1783 2137 alio
1818 2103 1861 2138 et
1881 2097 1966 2137 alio
1989 2103 2184 2151 tempore
2207 2111 2314 2139 esse.
2336 2115 2351 2135 )

286 2155 508 2198 Addimus
540 2156 693 2197 ultimo
736 2156 836 2197 loco
877 2157 1124 2211 exemplum
1169 2156 1400 2214 doctrinaev
1433 2157 1489 2198 ad
1534 2158 1720 2214 logicam
1765 2158 2038 2213 pertinentis,
2080 2159 2200 2214 quod
2243 2165 2359 2201 extat

120 2269 134 2280 ⁶
159 2219 255 2262 lect.
277 2229 413 2265 xxvn.
437 2231 478 2259 n.
510 2231 544 2267 1,
568 2217 643 2259 ubi
677 2217 913 2272 explicatur
945 2218 1118 2260 diversa
1144 2219 1253 2260 ratio
1288 2219 1578 2274 oppositionis
1612 2234 1725 2275 quae
1759 2227 1824 2262 est
1856 2221 1965 2262 inter
1995 2224 2165 2276 semper
2194 2235 2284 2262 esse
2316 2227 2358 2263 et

110 2324 113 2328 ,
158 2294 246 2325 non
276 2283 451 2336 semper
478 2293 580 2328 esse,
612 2285 655 2321 et
688 2280 797 2321 inter
827 2283 999 2335 semper
1027 2294 1120 2322 esse
1151 2287 1195 2322 et
1225 2284 1397 2336 semper
1425 2295 1510 2323 non
1543 2296 1646 2324 esse.
1689 2302 1703 2318 ‹
1734 2283 2008 2324 Adverbium
2027 2286 2211 2338 semper
2241 2283 2355 2324 desi-

158 2349 266 2402 gnat
297 2342 664 2385 universalitatem
697 2343 918 2398 temporis,
942 2343 1053 2384 sicut
1085 2343 1169 2384 hoc
1202 2343 1376 2399 signum
1405 2344 1545 2385 omnis
1576 2344 1776 2401 designat
1797 2345 2159 2386 universalitatem
2194 2359 2357 2400 suppo-

160 2406 355 2449 sitorum.
387 2405 517 2448 Unde
539 2405 650 2446 sicut
671 2404 770 2446 huic
794 2405 1075 2446 enuntiationi
1108 2406 1248 2446 omnis
1268 2406 1395 2447 homo
1417 2409 1490 2454 est,
1515 2407 1845 2448 contradictoria
1870 2413 1934 2448 est
1955 2421 2040 2448 non
2073 2408 2211 2448 omnis
2231 2409 2358 2454 homo

160 2471 233 2518 est,
258 2467 558 2523 aequipollens
592 2467 631 2509 ei
665 2481 779 2522 quae
813 2473 879 2509 est
917 2467 1077 2522 aliquis
1117 2468 1245 2509 homo
1283 2481 1367 2509 non
1401 2471 1491 2517 est,·
1523 2469 1734 2510 contraria
1771 2482 1877 2510 vero
1920 2469 2018 2510 huic
2050 2470 2188 2511 omm's
2229 2470 2357 2511 homo

160 2533 233 2580 est,
258 2530 413 2572 dicitur
443 2530 584 2572 omnis
614 2530 743 2571 homo
774 2543 860 2571 non
893 2532 965 2579 est,
991 2530 1289 2586 aequipollens
1322 2530 1420 2572 huic
1452 2530 1601 2571 nullus
1631 2531 1758 2572 homo
1789 2535 1879 2579 est:
1910 2532 2036 2573 huius
2075 2538 2219 2573 autem
2253 2545 2358 2573 con-

159 2593 407 2640 tradictoria
441 2599 506 2634 est
537 2606 623 2634 non
656 2593 796 2634 omnis
826 2593 954 2634 homo
985 2606 1070 2634 non
1104 2596 1191 2642 est,
1226 2593 1523 2648 aequipollens
1557 2593 1656 2634 huic
1694 2593 1854 2647 aliquis
1885 2594 2012 2634 homo
2043 2597 2131 2635 est:
2163 2594 2221 2634 ita
2256 2594 2355 2635 huic

159 2655 281 2712 quod
315 2655 414 2697 dico
446 2658 619 2710 semper
647 2668 750 2703 esse,
787 2655 1117 2697 contradictorie
1150 2655 1386 2710 opponitur
1417 2668 1502 2696 non
1533 2658 1706 2711 semper
1732 2669 1832 2705 esse,
1867 2655 1988 2711 quod
2021 2656 2282 2711 aequipollet
2315 2657 2353 2697 ei

160 2717 297 2774 quod.
316 2723 383 2759 est
414 2717 653 2772 aliquando
684 2731 769 2759 non
792 2731 910 2767 esse,·
941 2718 1020 2759 sed
1055 2718 1092 2759 ei
1127 2717 1248 2773 quod
1282 2724 1347 2759 est
1377 2719 1550 2772 semper
1568 2732 1668 2766 esse,
1695 2718 1906 2759 contrarie
1935 2718 2169 2773 opponitur
2189 2720 2362 2773 semper

158 2794 245 2823 non
277 2793 379 2829 esse,
403 2779 526 2836 quod
558 2780 823 2835 aequipollet
854 2780 952 2822 huic
985 2780 1107 2836 quod
1141 2786 1207 2821 est
1237 2793 1464 2834 nunquam
1497 2793 1618 2829 esse:
1646 2780 1744 2822 huic
1777 2794 1884 2822 vero
1918 2780 2245 2822 contradictorie
2280 2794 2353 2835 op-

121 2895 124 2899 ,
159 2842 335 2900 ponitur
364 2856 451 2884 non
482 2845 656 2898 semper
683 2856 770 2884 non
802 2856 904 2891 esse,
929 2843 1051 2898 quod
1084 2843 1348 2898 aequipollet
1381 2842 1419 2884 ei
1453 2842 1575 2898 quod
1609 2849 1674 2884 est
1706 2842 1942 2897 aliquando
1973 2856 2074 2884 esse.
2100 2861 2114 2879 ›

287 2905 380 2948 Sed
413 2906 622 2961 quoniam
654 2905 913 2947 Aristoteles
947 2919 1002 2946 ex
1035 2919 1088 2946 eo
1123 2905 1245 2960 quod
1279 2905 1468 2946 mundus
1501 2917 1644 2960 neque
1677 2905 1865 2960 incoepit
1897 2918 1993 2946 esse
2016 2918 2093 2960 per
2112 2905 2357 2960 generatio-

161 2981 278 3017 nem,·
308 2980 389 3010 nec
423 2967 592 3009 desinet
625 2980 722 3010 esse
755 2981 833 3023 per
865 2968 1198 3023 corruptionem,
1223 2967 1347 3008 infert
1378 2973 1518 3009 totum
1553 2967 1763 3009 mundum
1793 2981 1889 3008 esse
1912 2967 2230 3022 sempiternum,
2255 2966 2355 3007 ideo

161 3030 218 3072 ad
250 3030 364 3072 hunc
398 3043 588 3072 errorem
622 3030 952 3079 excludendum,
978 3029 1168 3071 ostendit
1200 3043 1233 3071 s.
1258 3030 1453 3071 Thomas
1487 3030 1530 3070 in
1565 3030 1649 3071 fine
1683 3029 1977 3071 commentarii
2011 3042 2141 3083 super
2171 3028 2355 3082 primum

161 3093 341 3141 librum,
375 3092 498 3146 quod
529 3093 720 3134 rationes
754 3093 1024 3142 Aristotelis,
1058 3093 1158 3134 licet
1189 3092 1375 3133 directae
1408 3091 1464 3132 ad
1497 3092 1768 3147 probandam
1802 3091 2094 3132 aeternitatem
2128 3089 2288 3138 mundi,
2313 3090 2355 3130 in

161 3155 280 3197 nullo
314 3154 572 3210 impugnant
603 3156 860 3196 sententiam
894 3155 1130 3196 catholicae
1168 3154 1282 3195 fidei.
1323 3172 1339 3191 ι
1363 3155 1459 3195 Nos
1492 3155 1605 3195 enim
1648 3153 1886 3195 secundum
1930 3153 2060 3193 fidem
2105 3152 2356 3193 catholicam

161 3217 366 3273 ponimus
399 3216 521 3271 quod
555 3217 745 3272 incoepit
777 3230 886 3267 esse,
921 3231 1010 3258 non
1044 3217 1222 3272 quidem
1243 3229 1320 3272 per
1341 3217 1667 3272 generationem
1698 3215 1820 3270 quasi
1844 3229 1870 3256 a
1891 3221 2053 3264 natura,
2078 3214 2156 3255 sed
2180 3214 2357 3254 effluens

161 3294 187 3321 a
219 3279 360 3335 primo
393 3278 615 3334 principiO,
652 3279 773 3320 cuius
806 3280 1000 3334 potentia
1032 3293 1121 3320 non
1155 3285 1245 3320 erat
1266 3279 1439 3335 alligata
1474 3279 1529 3320 ad
1553 3278 1743 3319 dandum
1767 3277 1805 3318 ei
1829 3290 1925 3318 esse
1958 3277 2124 3317 infinito
2147 3282 2356 3330 tempore,

161 3342 241 3384 sed
273 3341 513 3383 secundum
549 3340 670 3396 quod
701 3342 852 3391 voluit,
886 3348 1121 3396 postquam
1154 3342 1271 3396 prius
1295 3355 1383 3382 non
1416 3341 1562 3389 fuerat,
1587 3346 1633 3380 ut
1665 3339 1958 3380 manifestetur
1989 3338 2238 3379 excellentia
2270 3338 2357 3378 vir-

161 3405 264 3446 tutis
298 3404 390 3446 eius
423 3417 554 3459 supra
586 3409 727 3444 totum
761 3417 860 3453 ens;
895 3404 1017 3458 quod
1050 3404 1212 3445 scilicet
1244 3410 1383 3444 totum
1418 3416 1494 3443 ens
1527 3407 1693 3442 tantum
1727 3401 1944 3457 dependet
1976 3401 2030 3441 ab
2055 3401 2163 3456 ipso,
2189 3406 2231 3440 et
2263 3400 2354 3440 eius

161 3467 298 3509 virtus
340 3480 430 3508 non
469 3473 534 3508 est
566 3466 739 3522 alligata
774 3466 844 3506 vel
883 3465 1166 3507 determinata
1207 3466 1263 3506 ad
1297 3459 1627 3520 productionem
1664 3464 1758 3505 talis
1793 3464 1901 3505 entis
1939 3463 2053 3518 (lect.
2082 3475 2205 3511 XXIX,
2240 3475 2355 3502 num.

162 3529 314 3571 ultimo
339 3562 348 3570 .
364 3547 380 3567 ι
1309 3557 1312 3560 -

287 3529 387 3632 H)oc
419 3591 746 3646 philosophicae
769 3590 989 3631 doctrinae
1012 3589 1244 3644 specimen,
1269 3589 1389 3643 quod
1414 3602 1467 3630 ex
1489 3587 1800 3629 commentario
1834 3601 1866 3628 s.
1886 3587 2084 3628 Thomae
2106 3587 2149 3626 in
2172 3586 2355 3640 primum

161 3653 317 3695 librum
351 3653 404 3694 de
441 3653 569 3695 Caelo
603 3653 946 3708 desumpsimus,
980 3652 1098 3693 nullo
1133 3652 1312 3707 negotio
1358 3650 1595 3692 continuari
1639 3656 1788 3705 posset
1822 3662 1875 3690 ex
1910 3649 2179 3703 expositione
2213 3649 2255 3688 in
2288 3660 2357 3688 se-

304 3730 374 3762 Opp.
394 3730 425 3755 D.
440 3730 555 3754 Tamum
574 3730 606 3754 T.
622 3730 662 3754 111.
2160 3726 2174 3750 b
