2782 4134
1119 296 1231 333 CAP.
1260 297 1312 344 11,
1342 296 1494 333 LECT.
1524 297 1574 332 111

250 373 356 423 quod
370 374 627 422 augmentatio
642 375 709 411 fiat
723 373 948 411 adveniente
964 373 1089 422 aliquo
1105 374 1228 411 simili:
1249 375 1316 412 sed

250 427 448 475 quomodo
467 439 538 476 per
565 427 775 464 adventum
797 426 923 462 similis
942 432 950 446 ⁸
978 426 1116 474 aliquid
1135 439 1316 475 augmen-

250 486 368 527 tetur,
407 480 482 517 hoc
519 492 599 517 non
636 479 817 517 dixerunt.
853 479 991 526 Neque
1030 479 1141 516 etiam
1179 480 1317 528 aliquid

253 532 424 570 dixerunt
453 533 500 570 de
523 532 716 580 mixn'one,
743 532 806 569 vel
826 530 873 568 de
893 531 1018 578 aliquo
1048 532 1208 569 aliorum
1229 545 1318 569 con-

252 585 362 622 simili
388 586 493 623 nullo
522 592 556 633 ¹,
590 593 632 622 ut
658 585 709 621 ita
741 584 885 630 dicam;
919 590 1012 632 puta
1045 585 1093 621 de
1120 586 1244 622 facere
1282 592 1319 621 et

251 638 345 688 pati,
375 638 512 675 scilicet
538 638 739 687 quomodo
763 638 839 674 hoc
867 643 952 684 agat
979 643 1017 672 et
1043 637 1119 673 hoc
1144 637 1317 686 patiatur,

252 690 498 728 secundum*
525 691 714 728 naturales
743 689 994 738 operationes.

307 744 342 780 3.
363 743 512 781 Deinde
532 755 621 780 cum
641 743 744 780 dicit:
768 742 1007 780 Democritus
1025 748 1151 779 autem
1170 747 1207 778 et
1222 743 1319 778 Leu-

251 796 380 844 cippus
399 803 482 843 etc.,
498 796 623 845 incipit
637 795 818 845 prosequi
837 807 950 832 suum
967 795 1206 844 propositum
1226 794 1250 831 ².
1271 796 1320 832 Et

250 849 376 899 primo
406 849 631 886 determinat
659 849 706 886 de
735 848 976 896 generatione
1015 856 1051 885 et
1079 848 1318 896 alteratione,

252 914 299 939 eo
318 902 425 951 quod
445 913 577 939 earum
593 913 765 939 connexa
784 909 840 939 est
859 901 1127 947 consideratio;
1149 901 1318 938 secundo

251 955 477 993 determinat
505 955 553 992 de
581 955 900 1003 augmentatione,
919 955 986 992 ibi:
1009 956 1070 992 De
1096 960 1320 1004 augmenta-

251 1008 351 1046 tione
368 1014 494 1046 autem
513 1007 534 1030 '¹‘
553 1015 623 1045 etc.
645 1008 755 1045 Circa
772 1008 941 1057 primum
962 1008 1039 1046 duo
1068 1008 1173 1045 facit:
1192 1008 1317 1057 primo

250 1061 358 1111 ponit
386 1061 585 1111 opiniones
604 1061 764 1099 aliorum
793 1062 842 1099 de
861 1061 1102 1110 generatione
1132 1069 1168 1098 et
1187 1061 1319 1098 altera-

251 1114 371 1162 tione;
393 1115 564 1152 secundo
579 1114 600 1137 *
615 1114 841 1152 determinat
860 1115 908 1152 de
922 1114 979 1151 his
994 1115 1206 1151 secundum
1226 1126 1313 1163 pro-

250 1168 372 1218 priam
382 1168 618 1218 opinionem,
634 1168 701 1205 ibi:
721 1167 988 1205 Determinatis
1001 1173 1127 1205 autem
1141 1168 1198 1205 his
1211 1167 1232 1189 ’¹‘
1247 1175 1316 1204 etc.

231 1256 236 1257 ⁷
253 1221 368 1259 Circa·
388 1221 558 1271 primum
578 1221 656 1258 duo
676 1221 777 1258 facit:
796 1220 921 1270 primo
941 1220 1070 1258 recitat
1097 1220 1318 1269 opinionem

252 1274 471 1322 Democriti,
484 1274 549 1324 qui
564 1274 612 1311 de
627 1274 806 1311 omnibus
822 1285 953 1311 curam
967 1273 1109 1320 habuit,
1120 1281 1161 1310 ut
1175 1274 1318 1311 dictum

145 1354 225 1378 am,
253 1335 310 1366 est
335 1327 372 1375 *3
402 1327 572 1365 secundo
600 1327 749 1376 inquirit
777 1327 825 1364 de
852 1327 1008 1364 veritate
1035 1326 1230 1376 *⁸5ipsius,
1250 1326 1316 1363 ibi:

257 1381 446 1424 Quoniam
474 1387 600 1418 autem
618 1381 766 1418 videtur
791 1380 964 1417 omnibus
981 1379 1002 1402 *
1022 1381 1090 1417 et'c.
1118 1379 1227 1416 Circa
1245 1380 1318 1428 pri-

251 1446 361 1472 mum
390 1434 468 1472 duo
497 1434 597 1471 facit:
626 1433 751 1483 primo
787 1433 894 1482 ponit
926 1432 1146 1482 opinionem
1175 1434 1318 1470 Demo-

253 1487 347 1534 criti;
368 1487 538 1525 secundo
557 1486 665 1536 ponit
683 1486 868 1523 rationem
891 1485 1019 1534 ipsius,
1039 1485 1105 1523 ibi:
1131 1486 1319 1528 Quoniam

253 1547 380 1580 autem
407 1541 674 1578 existimabant
697 1539 718 1562 ²¹⁶
747 1546 816 1576 etc.

306 1594 405 1632 Dicit
432 1605 522 1642 ergo
549 1593 674 1642 primo
699 1591 805 1642 quod
833 1591 1076 1629 Democritus
1097 1599 1135 1628 et
1160 1591 1321 1641 Leucip-

219 1672 226 1679 -
250 1659 337 1698 pus,
358 1647 423 1696 qui
450 1646 636 1684 faciebant
653 1644 834 1695 principia
852 1644 873 1666 *
891 1656 1019 1682 rerum
1040 1656 1202 1694 corpora
1229 1645 1323 1682 indi-

250 1700 409 1739 visibilia
422 1699 654 1738 infinitarum
668 1699 888 1747 figurarum,
901 1710 948 1735 ex
966 1697 1023 1734 his
1039 1698 1246 1735 causabam
1259 1711 1322 1747 ge-

252 1753 490 1792 nerationem
514 1759 551 1789 et
565 1752 826 1789 alterationem
845 1758 876 1789 ¹¹.
891 1751 1080 1788 Dicebant
1094 1751 1196 1788 enim
1215 1751 1322 1802 quod

251 1819 323 1858 per
354 1805 688 1855 congregationem
721 1812 758 1842 et
792 1804 1091 1853 segregationem
1134 1805 1322 1842 dictorum

253 1872 461 1910 corporum
489 1860 739 1908 figuratorum
756 1887 765 1906 ,
795 1858 1022 1895 causabatur
1057 1858 1248 1906 generatio
1287 1866 1324 1896 et

254 1913 444 1963 corruptio
472 1918 501 1949 ἐ
522 1924 591 1963 per
609 1911 860 1949 mutationem
889 1918 1018 1948 autem
1038 1911 1178 1948 ordinis
1198 1919 1235 1949 et
1251 1924 1322 1961 po-

253 1965 394 2005 sitionis
428 1966 615 2004 dictorum
644 1965 1112 2014 corporum,.causabatur
1139 1965 1320 2002 alteratio.

306 2032 344 2068 4.
366 2019 516 2058 Deinde
537 2030 625 2067 cum
646 2018 748 2056 dicit:
774 2017 962 2060 Quoniam
982 2023 1107 2055 autem
1131 2019 1322 2055 existima-

253 2073 347 2111 bant
358 2081 443 2120 etc.,
460 2072 623 2121 assignat
641 2071 827 2108 rationem
845 2070 1060 2120 praedictae
1074 2070 1095 2093 '¹‘
1112 2071 1319 2120 positionis.

253 2127 316 2164 Ad
344 2126 449 2164 cuius
491 2125 720 2163 evidentiam
763 2124 961 2162 sciendum
990 2131 1046 2161 est
1073 2124 1201 2174 quod,
1230 2124 1324 2162 sicut

219 2188 226 2209 ³
255 2179 342 2218 dicit
359 2179 614 2228 Philosophus
633 2178 671 2215 in
690 2178 742 2215 IV
761 2178 980 2226 Metaphys.
995 2177 1027 2224 ²⁸,
1053 2177 1210 2225 quidam
1231 2177 1323 2214 anti-

219 2225 226 2236 ’
255 2233 321 2282 qui
347 2230 362 2257 ε
388 2232 605 2283 philosophi
630 2238 843 2280 posuerunt
864 2242 1003 2267 verum
1032 2242 1114 2267 esse
1141 2231 1179 2268 in
1207 2243 1323 2280 appa-

255 2287 377 2324 rendo
389 2315 398 2334 ,
432 2285 482 2323 ita
510 2285 647 2322 scilicet
673 2283 779 2333 quod
807 2283 990 2332 quidquid
1026 2283 1176 2321 videtur
1203 2284 1323 2332 alicui,

256 2347 313 2377 est
338 2351 495 2385 verum;
516 2338 614 2376 adeo
643 2337 748 2387 quod
777 2337 890 2374 etiam
914 2337 1111 2385 ponebant
1138 2337 1324 2374 contradi-

256 2392 374 2430 ctoria
387 2392 498 2429 simul
517 2404 599 2428 esse
618 2402 724 2438 vera,
740 2390 771 2427 si
790 2389 944 2428 diversis
963 2389 1013 2426 ita
1028 2389 1179 2427 videtur
1196 2395 1220 2427 ⁰.
1238 2391 1324 2427 Hoc

256 2453 312 2484 est
327 2457 416 2494 ergo
437 2444 543 2494 quod
563 2444 659 2491 dicit,
680 2443 786 2492 quod
805 2443 893 2492 quia
911 2443 1155 2480 Democritus
1175 2450 1211 2480 et
1226 2444 1324 2480 Leu-

255 2499 394 2550 cippus.
404 2497 666 2535 existimabant
674 2497 781 2545 quod
794 2508 933 2534 verum
944 2504 1023 2533 erat
1035 2496 1074 2533 in
1088 2496 1323 2545 apparendo,

255 2559 292 2590 et
311 2551 466 2590 diversis
480 2550 698 2588 hominibus
714 2549 898 2586 contraria
917 2556 1102 2598 apparent
1116 2557 1152 2586 et
1166 2549 1323 2597 infinita,

253 2613 296 2643 ut
324 2604 487 2643 ostendit
514 2603 765 2652 multiplicitas
785 2602 1007 2652 opinionum
1028 2614 1127 2650 quae
1151 2610 1207 2640 est
1229 2602 1325 2640 inter

310 2763 328 2797 ι)
343 2762 447 2789 similis.
457 2776 477 2782 —
489 2762 559 2787 alius
572 2761 666 2787 similis
679 2759 711 2785 Β.
724 2773 744 2781 —
757 2761 808 2785 Pro
819 2763 1017 2794 augmentetur,
1027 2763 1220 2794 augmentatur
1232 2761 1262 2791 B,
1273 2767 1322 2785 au-

255 2802 336 2834 getur
354 2799 422 2829 edd„
442 2797 506 2831 (om.
525 2797 642 2829 aliquid)
661 2796 846 2829 augmentatio
858 2797 912 2829 fiat
926 2796 961 2826 C;
981 2803 1028 2828 pro
1046 2796 1095 2821 hoc
1114 2803 1166 2820 non
1182 2796 1321 2826 dixerunt,

256 2842 309 2861 non
330 2834 404 2859 dixit
421 2833 453 2863 A,
473 2840 525 2858 non
545 2832 611 2857 dicit
628 2832 664 2863 133
683 2839 731 2864 pro
749 2831 852 2863 aliquid
871 2831 1010 2861 dixerunt,
1029 2831 1096 2856 dicit
1113 2832 1143 2856 B.

309 2869 335 2903 κ)
355 2869 446 2902 aliquo
463 2868 579 2894 aliorum
604 2866 736 2892 consimili
759 2867 839 2892 nullo.
857 2880 876 2885 -
893 2866 983 2898 aliquo
1001 2866 1066 2891 silili
1089 2867 1205 2891 aliorum
1229 2866 1271 2891 ed.
1288 2872 1321 2896 a,

255 2905 345 2938 aliquo
357 2904 412 2929 alio
424 2903 557 2929 consimili
570 2902 615 2932 Pb,
635 2902 724 2934 aliquo
738 2902 821 2927 simili
834 2901 863 2926 C.
876 2915 895 2920 -
906 2901 957 2926 Pro
975 2901 1072 2931 dicam,
1088 2902 1195 2927 dicatur
1208 2902 1262 2933 AB,
1281 2901 1323 2926 in-

256 2941 365 2967 dicatur
382 2940 424 2965 ed.
443 2946 460 2964 a
466 2946 476 2968 ‚·
494 2946 542 2972 pro
559 2938 700 2971 quomodo,
719 2938 790 2970 quod
808 2945 863 2962 om.
882 2937 922 2962 ed.
941 2944 966 2966 a,
986 2937 1102 2969 qualiter
1119 2937 1174 2962 AB.

308 2974 338 3009 λ)
357 2974 451 3007 incipit
462 2973 592 3007 prosequi
605 2980 682 2998 suum
695 2973 875 3005 propositum.
887 2986 906 2990 -
918 2972 1093 3004 prosequitur
1106 2979 1183 2997 suam
1198 2971 1322 2997 intentio-

256 3018 316 3037 nem
330 3011 366 3041 B;
385 3010 454 3034 idem
472 3009 513 3034 bis
531 3017 585 3034 om.
604 3008 774 3033 determinat.
793 3008 845 3032 Pro
863 3014 964 3037 earum,
984 3015 1076 3033 eorum
1094 3008 1139 3032 AC
1158 3012 1184 3032 et
1203 3007 1262 3032 edd.

310 3046 339 3080 μ.)
358 3048 385 3070 et
402 3045 598 3070 alterationem.
615 3057 634 3062 -
656 3047 683 3069 et
701 3044 899 3076 corruptionem
918 3043 1004 3073 BCab,
1023 3046 1051 3068 et
1073 3043 1271 3075 corruptionem
1296 3046 1323 3068 et

256 3081 443 3107 alterationem
461 3080 494 3111 P;
513 3079 546 3104 cf.
563 3084 670 3104 textum.

310 3116 334 3149 v)
349 3115 480 3141 Dicebant
492 3115 596 3140 enim...
605 3114 780 3146 corruptio.-
789 3113 856 3144 Quia
866 3113 908 3139 ed.
917 3120 935 3138 a
947 3121 1001 3138 om.
1014 3113 1083 3139 enim
1099 3118 1125 3138 et
1133 3120 1193 3146 per,
1209 3113 1230 3138 C
1244 3113 1321 3146 legit:

259 3152 295 3177 Β
312 3151 435 3176 dicebant
457 3150 530 3183 quod
552 3150 753 3183 generationem
776 3152 803 3174 et
819 3148 1017 3181 corruptionem
1040 3149 1187 3174 causabant
1210 3155 1322 3182 congre-

256 3186 332 3220 gatio
346 3189 373 3211 et
385 3185 537 3219 segregatio
551 3185 684 3210 dictorum
702 3192 843 3217 corporum
852 3185 1054 3218 figuratorum;
1071 3192 1120 3217 pro
1126 3184 1322 3218 figuratorum,

258 3222 422 3256 infinitorum
441 3222 471 3252 Β,
490 3221 659 3254 signatorum
678 3221 719 3245 ed.
731 3227 757 3245 a.
770 3234 790 3239 —
803 3220 854 3245 Pro
867 3227 921 3252 per
935 3220 1117 3249 mutationem,
1132 3227 1169 3244 ex
1182 3222 1324 3252 permuta-

257 3257 330 3283 tione
340 3254 433 3281 reah.

312 3290 335 3325 Ε)
354 3291 468 3324 antiqui.
485 3305 504 3310 -
522 3291 579 3316 Hoc
596 3298 651 3316 om.
665 3291 750 3316 PCab.
768 3304 787 3309 -
805 3290 856 3315 Pro
868 3297 960 3316 verum
979 3297 1045 3320 esse,
1065 3297 1165 3319 verum,
1181 3294 1206 3314 et
1219 3297 1268 3321 pro
1282 3289 1322 3314 ita

257 3327 368 3357 scilicet,
389 3326 510 3352 videlicet
527 3327 557 3351 B.
572 3326 659 3359 Pergit
676 3326 714 3351 A:
733 3325 805 3358 quod
822 3325 926 3358 aliquid
944 3325 1026 3351 alicui
1043 3325 1123 3350 modo
1141 3325 1248 3350 videtur
1266 3331 1321 3349 esse

257 3369 365 3392 uerum,-
383 3362 540 3387 constructio
558 3360 656 3393 deficit,
676 3361 723 3386 sed
742 3361 820 3386 modo
840 3361 955 3394 adoptari
974 3365 1072 3394 posset,
1092 3360 1123 3384 cf.
1143 3361 1191 3385 loc.
1206 3359 1248 3384 cit.

312 3398 338 3430 o)
357 3397 472 3422 videtur.
490 3411 510 3416 -
528 3396 653 3422 videatur
670 3397 704 3426 Β,
723 3396 860 3421 videretur
883 3396 969 3421 PCab.
986 3409 1005 3414 —
1023 3395 1110 3428 Pergit
1127 3395 1163 3419 Bx
1186 3395 1235 3420 hoc
1257 3400 1321 3419 esse.

259 3433 334 3459 Dicit
351 3439 416 3466 ergo
435 3433 508 3465 quod
524 3432 596 3465 quia.
614 3446 634 3451 —
652 3432 762 3457 Inferius
781 3439 829 3464 pro
847 3431 1002 3460 hominibus,
1022 3430 1142 3455 omnibus
1159 3430 1189 3460 B,
1209 3429 1321 3453 rationi-

258 3468 306 3493 bus
325 3467 380 3497 ca,-
397 3475 445 3500 pro
462 3467 611 3496 contraria,
630 3467 738 3492 diversa
754 3467 785 3492 B.

311 3502 342 3536 π)
355 3502 605 3527 transmutationem
619 3502 774 3535 aliquam.-
783 3500 925 3527 transit6m
938 3502 969 3530 Α,
983 3499 1184 3526 translationem
1203 3498 1321 3530 aliquam

259 3538 307 3563 Ca.
318 3538 387 3563 —lbi
401 3537 472 3570 quod
490 3537 560 3563 idem
579 3537 686 3563 videtur
704 3543 761 3568 etc„
781 3537 858 3563 PCab
871 3536 983 3561 habent:
1004 3535 1076 3567 quod
1094 3534 1163 3559 idem
1176 3533 1230 3558 alio
1243 3533 1322 3557 modo

258 3573 366 3599 videtur
383 3573 432 3598 alii
449 3575 476 3597 et
493 3572 542 3597 alii
558 3579 587 3597 se
604 3572 700 3598 habere
705 3580 715 3602 ,²
733 3573 754 3597 B
772 3580 826 3597 orn.
845 3575 872 3597 et
888 3571 944 3596 alii.

312 3607 338 3642 ρ)
356 3608 424 3633 situs
442 3610 491 3632 aut
508 3607 620 3633 ordinis.
637 3622 656 3627 -
667 3608 767 3633 situum
787 3608 844 3632 edd.
850 3615 858 3638 ;
876 3614 930 3630 om.
945 3606 974 3631 C.
991 3618 1010 3623 -
1027 3605 1078 3629 Pro
1096 3603 1242 3631 modicum,
1268 3609 1321 3627 me-

260 3643 334 3669 dium
352 3644 390 3668 sic
408 3643 449 3668 ed.
468 3650 485 3668 a
491 3651 500 3673 ;
519 3643 610 3668 eadem
629 3651 682 3668 om.
701 3643 749 3672 sit,
771 3650 819 3675 pro
845 3642 1024 3667 transmutato
1043 3639 1104 3672 legit
1117 3646 1169 3671 per
1187 3641 1320 3663 transmu-

402 3694 472 3727 Opp.
491 3694 522 3719 D.
541 3694 655 3719 Tuom
674 3694 706 3718 T.
720 3694 760 3718 111.

2358 301 2432 349 273

1370 374 1558 422 homines,
1577 374 1663 412 ideo
1683 374 1911 412 induxerunt
1929 375 1949 398 ’¹‘
1966 376 2128 414 infinitas
2148 378 2289 426 figuras
2306 379 2344 416 in
2362 381 2435 429 pri-
2464 391 2473 399 ·
2487 390 2634 414 dixer-unm.

1371 427 1442 464 mis
1470 440 1598 465 rerum
1626 428 1825 477 principiis,
1846 436 1887 466 ut
1907 441 1951 465 ex
1977 429 2034 466 his
2054 430 2146 467 ratio
2175 432 2293 481 accipi
2319 434 2437 481 possit

1370 480 1601 518 infinitarum
1622 481 1859 530 opinionum.
1877 483 1926 518 Et
1942 482 2031 519 inde
2047 490 2102 519 est
2117 485 2222 531 quod
2236 497 2305 533 per
2318 492 2435 523 trans-

1372 534 1624 571 mutationem
1644 534 1808 583 aliquam
1829 540 1848 556 π
1869 534 1946 571 eius
1965 535 2072 584 quod
2094 537 2198 573 venit
2220 537 2258 574 in
2278 550 2436 586 compo-

1373 586 1546 623 sitionem
1565 587 1720 624 alicuius
1748 587 1873 635 totius,
1890 588 2068 636 contingit
2085 589 2192 637 quod
2209 589 2312 627 idem
2330 591 2436 628 vide-

1372 645 1432 674 tur
1451 640 1637 676 contrario
1657 640 1777 677 modo
1798 653 1838 677 se
1852 641 1994 678 habere
2015 642 2075 678 alii
2089 649 2126 678 et
2144 642 2218 688 alii3
2238 643 2332 680 sicut
2349 656 2436 693 pro-

1372 698 1457 738 pter
1482 692 1675 729 diversum
1703 693 1827 741 situm,
1850 694 1992 731 collum
2017 695 2218 732 columbae
2248 696 2398 733 videtur
2415 697 2436 719 '¹‘

1375 755 1457 779 esse
1471 745 1620 781 alterius
1640 753 1676 782 et
1690 747 1839 783 alterius
1859 747 2005 784 coloris.
2022 749 2072 785 Et
2087 748 2305 786 huiusmodi
2318 757 2437 787 trans-

1374 797 1531 834 mutatio
1547 797 1636 834 situs
1652 806 1716 835 aut
1735 799 1876 836 ordinis
1895 806 1910 830 Ρ
1928 801 1972 837 fit
1984 813 2055 850 per
2068 801 2220 850 aliquod
2239 803 2436 840 modicum

1375 849 1481 898 quod
1508 851 1744 898 supervenit:
1775 860 1826 898 et,
1855 860 1898 889 ut
1924 853 1969 890 sit
1995 854 2255 892 universaliter
2287 856 2435 904 dicere,

1373 909 1623 940 transmutato
1651 916 1730 940 uno
1750 904 2028 943 indivisibilium
2048 919 2264 956 corporum,
2287 908 2438 946 videtur

1374 955 1474 993 aliud
1493 963 1530 992 et
1557 956 1670 993 aliud.
1691 957 1740 993 Et
1757 958 1865 1005 ponit
1892 961 2110 1008 exemplum
2127 961 2166 998 in
2184 961 2436 1009 sermonibus,

1373 1021 1540 1057 quorum
1549 1009 1673 1058 prima
1682 1009 1864 1059 principia
1873 1011 2106 1050 indivisibilia
2120 1021 2207 1051 sunt
2217 1015 2374 1052 litterae:
2391 1027 2438 1052 ex

1374 1061 1518 1098 eisdem
1547 1069 1676 1099 autem
1704 1062 1841 1110 litteris,
1861 1066 2115 1103 transmutatis
2143 1068 2356 1106 secundum
2377 1081 2437 1105 or-

1374 1114 1502 1152 dinem
1530 1122 1595 1151 aut
1621 1114 1641 1137 *
1668 1115 1909 1164 positionem,
1929 1118 2026 1154 fiunt
2058 1119 2196 1156 diversi
2223 1132 2435 1169 sermoneS,
2464 1130 2473 1140 '

1372 1175 1465 1217 puta
1480 1167 1693 1216 comoedia,
1709 1180 1808 1217 quae
1830 1177 1885 1206 est
1899 1182 2026 1207 sermo
2046 1171 2094 1208 de
2113 1173 2226 1209 rebus
2242 1174 2394 1211 urbanis
2409 1180 2435 1222 ⁶,

1374 1227 1411 1257 et
1437 1220 1650 1268 tragoedia,
1680 1233 1778 1269 quae
1807 1229 1863 1258 est
1899 1235 2026 1260 sermo
2060 1225 2108 1261 de
2144 1226 2257 1263 rebus
2285 1228 2435 1265 bellicis.

1374 1273 1488 1321 Igitur
1510 1273 1563 1310 sic
1582 1281 1739 1322 apparet
1767 1275 1859 1311 ratio
1879 1287 1996 1323 quare
2023 1289 2093 1325 per
2109 1279 2357 1317 variationem
2377 1293 2436 1318 or-
2466 1280 2469 1286 '

1374 1326 1469 1363 dinis
1497 1333 1534 1363 et
1560 1326 1776 1375 positionis,
1807 1327 1954 1365 dicebat
1980 1330 2221 1368 Democritus
2254 1333 2437 1370 alteratio-

1373 1391 1463 1416 nem
1491 1391 1648 1417 causari.

1432 1433 1464 1469 5.
1485 1432 1636 1470 Deinde
1664 1444 1752 1469 cum
1782 1433 1887 1470 dicit:
1922 1434 2108 1476 Quoniam
2136 1443 2260 1474 autem
2292 1438 2443 1475 videtur·

1374 1485 1549 1522 omnibus
1578 1493 1662 1533 etc.,
1682 1485 1835 1534 inquirit
1861 1487 2060 1524 veritatem
2091 1489 2201 1526 huius
2234 1490 2436 1539 opinionis.

1375 1538 1426 1575 Et
1451 1538 1577 1587 primo
1606 1539 1771 1576 ostendit
1788 1538 1808 1561 ’¹‘
1828 1539 2087 1577 difficultatem
2116 1541 2214 1579 circa
2240 1544 2335 1580 haec
2364 1545 2437 1581 exi-

1376 1598 1556 1637 stentem;
1585 1591 1756 1629 secundo
1775 1591 1905 1641 incipit
1922 1593 2111 1641 inquirere
2137 1596 2349 1645 veritatem,
2370 1597 2437 1634 ibi:

1375 1645 1607 1694 Principium
1635 1650 1761 1682 autem
1780 1644 1800 1666 ’¹‘
1819 1641 1889 1682 etc.
1906 1666 1930 1673 —
1945 1646 2046 1683 Dicit
2074 1659 2164 1695 ergo
2188 1649 2314 1697 primo
2334 1651 2438 1698 quod

1377 1697 1486 1747 quia,
1516 1698 1594 1734 iam
1622 1709 1721 1747 pene
1750 1698 1927 1736 abolitisr
1955 1699 2199 1748 opinionibus
2226 1702 2438 1750 primorum

1375 1750 1630 1798 Naturalium,
1646 1750 1711 1799 qui
1724 1752 1920 1800 ponebant
1937 1751 2041 1789 idem
2061 1765 2143 1790 esse
2157 1755 2440 1802 generationem

1377 1811 1414 1841 et
1433 1804 1703 1851 alterationem,
1725 1804 1904 1842 omnibus
1923 1805 2000 1842 fere
2019 1805 2221 1844 videbatur
2239 1815 2328 1845 tunc
2346 1816 2440 1846 tem-

1377 1857 1480 1906 poris
1509 1863 1523 1878 ⁹
1549 1857 1655 1907 quod
1674 1857 1776 1894 aliud
1796 1865 1895 1895 esset
1918 1858 2086 1896 alteratio
2106 1867 2143 1897 et
2165 1861 2356 1908 generatio
2376 1862 2441 1909 (ita

1376 1910 1516 1948 scilicet
1534 1910 1640 1959 quod
1659 1911 1852 1958 generatio
1882 1918 1918 1948 et
1937 1912 2127 1961 corruptio
2149 1921 2246 1950 esset
2271 1926 2341 1963 per
2366 1916 2442 1952 hoc

1377 1964 1482 2013 quod
1501 1964 1628 2013 aliqua
1648 1971 1923 2012 congregantur
1938 1972 1974 2001 et
1989 1965 2256 2014 disgregantur,
2274 1968 2441 2005 alteratio

1376 2030 1472 2055 vero
1513 2029 1582 2066 per
1619 2017 1695 2054 hoc
1732 2017 1837 2066 quod
1874 2018 2088 2067 aliquorum
2131 2021 2442 2058 transmutatione

1378 2078 1581 2108 causantur
1599 2070 1774 2107 diversae
1801 2071 1999 2119 passiones
2018 2074 2064 2118 t),
2094 2084 2249 2110 necesse
2279 2081 2334 2111 est
2353 2086 2442 2111 con-

1377 2123 1555 2170 siderare,
1581 2130 1624 2160 ut
1651 2123 1700 2161 de
1727 2123 1786 2160 his
1810 2124 1948 2161 sciatur
1974 2125 2124 2162 veritas.
2159 2126 2314 2164 Habent
2341 2127 2442 2164 enim

1377 2177 1474 2214 haec
1509 2176 1752 2225 quaestiones
1794 2178 1933 2214 multas
1971 2185 2007 2214 et
2052 2179 2304 2216 rationabiles.
2344 2180 2444 2227 Quia

1378 2230 1410 2267 si
1446 2230 1638 2278 generatio
1672 2230 1763 2267 nihil
1797 2237 1853 2267 est
1885 2230 1987 2268 aliud
2023 2243 2141 2279 quam
2177 2233 2415 2281 congregatio
2433 2262 2442 2280 ,

1378 2283 1497 2320 multa
1525 2282 1775 2331 impossibilia
1803 2283 2035 2331 contingunt,
2056 2292 2098 2321 ut
2124 2285 2220 2322 infra
2237 2285 2258 2307 ‘¹‘
2284 2286 2442 2335 patebit:

1365 2348 1424 2374 ex
1453 2335 1631 2385 opposito
1660 2343 1789 2373 autem
1816 2336 2062 2374 inveniuntur
2089 2338 2183 2374 aliae
2210 2343 2228 2364 χ
2255 2339 2417 2376 rationes
2433 2369 2442 2387 ,

1379 2401 1480 2438 quae
1506 2389 1685 2426 videntur
1704 2397 1882 2438 cogentes
1903 2397 1939 2427 et
1966 2403 2044 2428 non
2065 2390 2112 2428 de
2136 2391 2233 2428 facili
2253 2392 2442 2440 solubiles,

1379 2442 1517 2491 quibus
1559 2442 1769 2479 ostenditur
1797 2443 1903 2491 quod
1931 2455 2010 2480 non
2052 2444 2232 2492 contingit
2267 2445 2371 2481 aliter
2403 2458 2444 2482 se

1378 2495 1520 2532 habere
1549 2507 1666 2544 quam
1694 2495 1801 2544 quod
1827 2496 2020 2544 generatio
2040 2497 2087 2534 sit
2106 2498 2362 2545 congregatio;
2395 2498 2445 2535 ita

1377 2548 1519 2586 scilicet
1546 2548 1664 2597 quod,
1685 2548 1716 2585 si
1735 2549 1927 2597 generatio
1956 2562 2036 2586 non
2064 2550 2110 2587 sit
2138 2551 2376 2598 congregatio
2405 2550 2442 2598 Ψ,

1377 2602 1440 2640 vel
1470 2601 1630 2639 omnino
1659 2614 1739 2639 non
1767 2602 1812 2639 sit
1840 2602 2054 2651 generatio,
2083 2604 2146 2640 vel
2175 2603 2205 2640 si
2234 2611 2309 2652 est,
2339 2605 2444 2652 quod

1376 2763 1442 2790 tato,
1458 2765 1483 2785 et
1496 2767 1545 2792 pro
1564 2759 1678 2789 videtur,
1693 2759 1895 2788 uniuersalitem·
1914 2767 1982 2792 quos
1997 2766 2099 2784 errores
2111 2759 2145 2784 ita
2159 2759 2262 2792 corrigit
2275 2760 2308 2785 C:
2328 2761 2443 2786 medium

1375 2795 1447 2828 quod
1465 2795 1629 2827 supervenit,
1649 2795 1717 2820 sicut
1735 2797 1762 2819 et
1780 2795 1969 2819 universaliter
1987 2794 2090 2819 dicetur
2104 2795 2176 2826 quod
2189 2798 2368 2820 transmutato
2390 2804 2442 2821 uno

1329 2834 1338 2843 ·
1376 2830 1576 2855 indivisibilium
1600 2837 1761 2862 corporum,
1789 2833 1903 2862 apparet
1926 2829 2001 2854 aliud
2019 2833 2045 2854 et
2062 2830 2138 2854 aliud
2142 2837 2152 2858 ‚¹
2174 2831 2251 2854 etiam
2270 2831 2284 2855 b
2303 2831 2365 2863 legit
2377 2838 2442 2863 per-

1376 2869 1565 2895 transmutato,
1584 2866 1605 2889 B
1624 2866 1765 2890 translato.

1429 2901 1456 2934 σ)
1475 2901 1508 2925 de
1527 2901 1604 2925 rebus
1624 2901 1741 2925 urbanis.
1752 2914 1772 2919 -
1785 2900 1818 2925 de
1836 2900 1914 2925 rebus
1932 2898 2021 2924 retim?
2038 2900 2068 2930 Β,
2083 2899 2116 2924 de
2136 2900 2284 2924 rationibus
2298 2901 2441 2926 rusticanis

1376 2937 1423 2967 Ca,
1443 2936 1477 2961 de
1495 2936 1573 2961 rebus
1591 2936 1734 2961 rusticanis
1753 2936 1794 2960 ed.
1814 2935 1829 2960 b
1834 2943 1844 2965 ;
1863 2935 2004 2959 dolendum
2023 2939 2063 2959 est
2081 2935 2151 2966 quod
2169 2935 2193 2958 A
2211 2942 2264 2959 om.
2276 2936 2440 2960 homoteleu-

1376 2976 1422 2996 ton
1441 2971 1551 2996 urbanis
1571 2970 1622 3003 (vel
1642 2970 1846 3003 rusticanis)
1866 2970 1899 2995 de
1918 2970 1994 2994 rebus
2000 2978 2008 3001 ς
2021 2977 2111 3001 margo
2124 2970 2163 2994 A:
2178 2973 2205 2994 et
2218 2970 2359 3002 tragoedia
2373 2978 2440 3002 quae

1376 3010 1416 3032 est
1434 3007 1585 3040 funeribus.
1605 3006 1656 3031 Pro
1674 3006 1707 3031 de
1726 3006 1803 3031 rebus
1821 3005 1933 3033 bellicis,
1954 3005 1986 3029 de
2004 3004 2102 3029 bellicis
2119 3005 2197 3029 rebus
2216 3005 2266 3034 Pb,
2290 3005 2323 3029 de
2342 3005 2439 3030 bellicis

1377 3042 1455 3067 rebus
1467 3042 1666 3074 principiorum
1686 3041 1728 3073 (an
1746 3048 1794 3073 pro
1807 3040 1961 3072 principum
1967 3039 1995 3071 P)
2009 3040 2050 3064 ed.
2064 3046 2091 3069 a,
2104 3040 2137 3064 de
2151 3039 2249 3064 bellicis
2261 3040 2346 3064 rebus.
2360 3041 2439 3065 Prin-

1376 3077 1506 3110 cipiorum
1527 3077 1623 3110 (igitur
1640 3077 1679 3101 sic
1696 3076 1755 3109 etc.)
1776 3076 1805 3100 C.
1823 3076 1844 3099 B
1863 3083 1916 3099 om.
1936 3075 2037 3107 Igitur.
2049 3092 2073 3099 ..
2092 3074 2208 3099 causari.

1430 3113 1455 3145 τ)
1463 3119 1534 3144 pene
1548 3112 1662 3137 abolitis.
1675 3125 1694 3130 -
1705 3111 1811 3135 abolitis
1823 3111 1853 3139 A,
1862 3116 1931 3141 pene
1943 3109 1976 3133 ab
1988 3109 2108 3133 omnibus
2123 3109 2170 3133 Ca.
2183 3123 2202 3127 -
2215 3109 2267 3134 Pro
2276 3110 2438 3141 primorum,

1371 3148 1498 3180 priorum
1517 3147 1609 3177 PCab,·
1627 3154 1674 3179 pro
1692 3149 1719 3171 et
1736 3145 1930 3173 alterationem,
1949 3147 1975 3169 et
1992 3144 2188 3176 corruptionem
2204 3144 2234 3174 Β,
2248 3147 2275 3169 et
2287 3145 2439 3177 corruptio-

1377 3190 1436 3208 nem
1455 3186 1482 3207 et
1499 3182 1684 3207 alterationem
1705 3181 1788 3205 PCab.

1430 3218 1456 3250 υ)
1476 3221 1538 3242 tunc
1557 3216 1691 3248 temporis.
1703 3229 1722 3234 -
1740 3222 1795 3240 esse
1812 3214 1938 3246 temporis
1957 3214 1997 3238 ed.
2015 3220 2047 3242 a‚·
2065 3214 2152 3238 nostri
2170 3214 2296 3246 temporis
2315 3215 2335 3240 C
2354 3216 2438 3246 male,

1375 3261 1437 3278 nam
1455 3258 1559 3285 tempus
1578 3251 1723 3276 Aristotelis
1742 3250 1863 3275 innuitur.
1880 3262 1900 3268 -
1918 3248 1993 3273 PCab
2011 3256 2065 3273 om.
2083 3252 2110 3273 et
2127 3250 2275 3281 corruptio.

1430 3287 1457 3321 φ)
1472 3287 1622 3318 aliquorum
1671 3285 1817 3317 passiones.
1829 3298 1849 3303 —
1859 3284 1980 3315 aliqua...
1991 3284 2130 3315 passiones
2144 3285 2174 3314 B,
2184 3285 2334 3316 aliquorum
2348 3288 2438 3310 trans-

1376 3323 1488 3347 lationes
1507 3322 1608 3346 divisae
1616 3321 1763 3352 positiones
1777 3320 1817 3344 ed.
1830 3326 1862 3348 a,·
1880 3319 1951 3350 quod
1968 3323 1998 3343 ut
2010 3319 2145 3351 corrigant,
2160 3319 2181 3343 C
2193 3319 2268 3352 legit:
2286 3320 2437 3352 aliquorum

1376 3357 1565 3382 translationes
1579 3356 1680 3380 divisae
1693 3355 1748 3380 sint
1756 3354 1934 3387 passionibus,
1950 3354 1991 3378 ed.
2004 3354 2019 3378 b
2032 3361 2108 3378 vero:
2117 3361 2170 3386 per
2183 3354 2334 3386 aliquorum
2348 3359 2437 3380 trans-

1376 3393 1488 3417 lationes
1506 3391 1627 3415 diversae
1643 3390 1719 3423 fiunt
1738 3389 1901 3421 positiones:
1924 3393 1949 3413 et
1967 3388 2017 3413 hoc
2036 3389 2138 3421 corrigit
2156 3389 2190 3415 P:
2211 3397 2263 3421 per
2286 3390 2437 3423 aliquorum

1376 3426 1614 3452 transmutationes
1633 3426 1754 3450 diversae
1765 3424 1840 3457 fiunt
1854 3424 2002 3455 passiones.

1477 3461 1648 3486 inveniuntur
1659 3460 1737 3484 aliae.
1751 3473 1769 3478 -
1783 3459 1882 3484 multae
1896 3459 2068 3484 inveniuntur
2080 3459 2172 3488 PCab;
2190 3460 2222 3484 cf.
2234 3464 2341 3485 textum.
2354 3474 2374 3479 -
2387 3461 2437 3485 Pro

1375 3497 1533 3526 ostenditur,
1543 3495 1718 3524 concluditur,
1729 3499 1755 3519 et
1767 3494 1961 3527 transponendo
1975 3494 2149 3527 congregatio
2159 3495 2195 3520 sit
2203 3496 2342 3528 generatio
2352 3496 2437 3520 PCab.

1429 3530 1457 3564 ψ)
1478 3531 1516 3555 ita
1534 3530 1669 3555 scilicet...
1681 3529 1864 3562 congregatio.
1888 3530 1945 3554 Hoc
1963 3529 2173 3561 homoteleuton,
2195 3531 2322 3555 omissum
2347 3530 2373 3555 in
2392 3531 2436 3555 AC

1375 3571 1401 3591 et
1419 3567 1486 3595 edd„
1505 3565 1665 3590 restituimus
1685 3572 1715 3589 ex
1733 3565 1767 3594 Β,
1787 3563 1832 3597 qui
1850 3569 1936 3589 tamen
1955 3565 2091 3590 transilivit
2108 3565 2132 3590 si
2136 3573 2145 3594 ;
2163 3565 2195 3590 cf.
2214 3570 2320 3591 textum.
2337 3579 2356 3585 —
2374 3566 2438 3590 Post

1375 3601 1483 3626 omnino
1501 3608 1563 3630 non,
1583 3601 1641 3625 edd.
1660 3608 1714 3625 om.
1732 3600 1781 3629 sit,·
1800 3605 1859 3633 post
1878 3600 1918 3625 vel
1930 3600 1954 3625 si
1967 3603 2013 3630 est,
2033 3601 2054 3625 B
2074 3601 2132 3625 add.
2150 3601 2283 3633 sequitur5
2301 3602 2370 3626 idem
2388 3608 2436 3633 pro

1375 3636 1497 3661 debemus
1516 3638 1627 3666 tentare,
1647 3638 1784 3661 tentemus.

2227 3687 2257 3711 35

2464 703 2472 712 '¹
2487 706 2592 731 apparet
2602 711 2625 727 Α.

2489 1131 2513 1151 et
2525 1136 2547 1151 Β.

2466 1554 2475 1563 ·
2485 1552 2543 1574 dicit
2549 1558 2572 1582 4,
2576 1553 2647 1580 ponit
2653 1557 2677 1573 n.

2465 1659 2477 1670 ⁴
2491 1658 2563 1680 Num.
2578 1664 2627 1686 seq.

2472 2297 2481 2306 ·
2495 2296 2560 2318 Lect.
2574 2303 2597 2318 v.
