2782 4134
118 680 129 690 ⁸
144 679 283 706 reflexiones
297 684 320 700 Δ.

119 787 126 795 ”
141 785 178 806 hic
192 790 239 806 om.
254 791 276 806 Ρ.

117 891 126 899 ·
140 889 175 910 ita
190 895 237 911 om.
251 895 273 910 Ρ.

116 942 127 952 ⁸
142 941 189 963 hae
202 941 270 963 codd.

118 1050 127 1059 *
139 1049 197 1076 Cap.
206 1055 235 1076 1¹3
250 1048 328 1071 S.Th.

117 1076 168 1097 lect.
179 1081 203 1096 ιι.

116 1153 324 1201 εῆἕὲἰῑιὲἑῐὲᾖη.

361 276 432 312 160

358 354 671 392 circumferuntur
699 353 908 391 secundum
928 359 1078 388 motum
1098 351 1201 397 caeli,
1222 356 1308 386 sunt
1332 348 1416 384 cali-

358 408 481 446 diora:
503 407 712 444 secundum
731 413 859 443 autem
879 404 983 453 quod
1003 416 1047 440 ex
1066 403 1207 440 lumine
1226 402 1415 438 stellarum

359 467 532 498 causatur
551 460 663 506 calor,
683 467 769 496 sunt
788 458 964 495 calidiora
985 468 1029 492 ea
1049 467 1144 503 quae
1164 462 1250 490 sunt
1268 453 1414 511 infima,

357 513 446 561 quia
472 512 511 550 in
539 512 792 561 superioribus
820 509 1042 547 reflexiones
1074 507 1267 544 radiorum
1296 516 1415 552 magls

358 566 630 614 disperguntur.
652 566 700 601 Et
718 564 807 601 inde
827 570 882 599 est
901 561 1012 598 etiam
1032 559 1135 607 quod
1160 558 1257 595 circa
1275 565 1415 616 terram

356 619 483 667 plures
501 617 645 666 species
665 628 790 654 rerum
815 620 1039 662 generantur
1063 624 1107 648 ex
1134 611 1271 648 virtute
1290 611 1414 647 radio-

357 683 442 708 rum
461 670 549 707 solis
564 677 601 706 et
614 670 815 714 stellarum,
832 678 927 715 quae
941 677 1010 714 per
1028 664 1272 701 reflexionem
1282 663 1302 684 *
1317 663 1415 700 circa

356 731 494 760 terram
529 722 827 771 multiplicantur.

416 776 472 812 13.
493 776 626 812 Movet
644 782 770 811 autern
788 772 850 808 hic
866 773 885 792 '¹‘
900 769 1162 820 quaestionem
1180 768 1411 806 Alexander:

357 828 388 866 si
416 840 575 876 corpora
603 825 774 864 caelestia
801 836 871 861 suo
900 831 1008 860 motu
1037 828 1236 860 conterunt
1263 833 1410 869 aerem,

332 873 503 919 'videtur
529 879 634 928 sequi
661 877 766 927 quod
791 877 863 914 sint
889 875 1099 924 tangibilia3
1129 882 1165 911 et
1192 875 1241 911 ita
1262 875 1282 895 ²⁸
1305 874 1412 911 vide-

355 941 414 970 tur
433 933 538 982 sequi
557 931 661 980 quod
688 931 760 968 sint
779 929 898 967 calida
922 937 959 966 et
977 928 1124 976 frigida;
1145 928 1239 964 haec
1265 927 1285 948 *
1308 927 1410 964 enim

356 993 441 1023 sunt
467 985 611 1034 primae
639 983 834 1031 tangibiles
862 982 1069 1031 qualitates,
1097 988 1139 1017 ut
1168 980 1301 1017 dicitur
1318 979 1357 1017 in
1377 981 1409 1016 II

354 1039 399 1075 de
430 1038 599 1075 Generat.
622 1038 641 1058 *

407 1091 484 1128 Sed
516 1090 564 1127 ad
592 1090 666 1126 hoc
699 1088 745 1125 de
774 1087 872 1124 facili
905 1094 1008 1136 patet
1040 1085 1236 1135 responsio
1269 1097 1338 1134 per
1369 1085 1409 1122 id

296 1158 324 1180 9³
354 1143 455 1191 quod
483 1142 736 1191 Philosophus
763 1140 851 1177 dicit
875 1140 947 1177 inI
976 1140 1022 1176 de
1044 1140 1218 1176 Generat.
1239 1138 1272 1185 ²⁸⁸,
1302 1138 1408 1187 quod

351 1195 412 1232 illa
431 1207 527 1244 quae
555 1202 641 1232 sunt
668 1201 756 1231 nata
775 1205 885 1241 agere
906 1200 943 1230 et
960 1192 1037 1242 pati
1057 1192 1106 1229 ad
1123 1191 1302 1239 invicem,
1327 1198 1408 1228 tan-

402 1351 432 1387 π)
451 1352 488 1377 ad
506 1352 625 1380 invicem,
639 1354 754 1384 tangunt
767 1358 794 1376 se
807 1351 845 1376 ad
861 1350 970 1375 invicem
975 1358 985 1380 ,·
997 1353 1024 1375 et
1036 1350 1166 1375 taluam.-
1177 1350 1213 1375 lta
1227 1350 1338 1383 codices,
1353 1358 1407 1376 exc.

350 1388 420 1421 quod
433 1388 456 1412 A
470 1395 522 1412 om.
539 1387 647 1411 alterurn
661 1387 698 1411 ad
711 1386 831 1411 invicem.
845 1386 864 1410 P
879 1393 933 1410 om.
946 1388 1062 1419 tangunt
1073 1393 1101 1410 se
1114 1385 1151 1410 ad
1164 1385 1274 1411 invicem
1287 1389 1328 1417 εκ
1341 1394 1408 1419 quae

349 1428 435 1448 tamen
449 1422 567 1447 codicum
583 1421 731 1447 auctoritate
744 1421 911 1451 restituimus,
927 1428 958 1445 eo
973 1421 1043 1453 quod
1058 1429 1110 1445 non
1122 1429 1214 1454 parum
1230 1421 1365 1447 conferunt
1378 1422 1411 1446 ad

349 1457 565 1491 perspicuitatem,
580 1462 606 1482 et
619 1457 695 1482 etiam
714 1457 746 1481 ad
765 1457 935 1489 integritatem
954 1457 1107 1481 sententiae:
1124 1466 1137 1479 ‹
1149 1464 1240 1481 verum
1259 1464 1290 1482 ea
1304 1462 1411 1490 tangere

1051 272 1121 309 DE
1151 270 1325 308 CAELO
1355 269 1426 306 ET
1454 265 1649 304 MUNDO
1679 265 1773 301 LIB.
1805 265 1837 300 11

1471 352 1564 394 gunt
1591 357 1631 381 se
1661 344 1708 381 ad
1738 343 1926 391 invicem3
1957 351 1993 381 et
2021 343 2154 381 talium
2183 350 2202 366 ⁷²
2231 345 2429 394 qualitates
2457 355 2544 384 sunt

1472 397 1635 435 calidum
1652 403 1688 433 et
1702 396 1892 444 frigidum.
1906 398 2082 446 Corpora
2097 404 2227 435 autem
2238 399 2413 437 caelestia
2428 408 2544 448 agunt

1472 458 1507 487 et
1525 462 1604 487 non
1622 449 1832 498 patiuntur:
1859 450 1963 487 unde
1988 458 2147 498 tangunt
2166 458 2203 488 et
2221 463 2302 488 non
2324 459 2542 500 tanguntur.

1469 502 1580 541 Unde
1600 502 1639 539 in
1655 502 1879 551 corporibus
1900 504 2124 541 caelestibus
2139 516 2219 541 non
2239 512 2327 542 sunt
2345 505 2543 554 qualitates

1469 555 1665 604 tangibiles
1696 567 1766 604 per
1799 556 1963 594 modum
1997 570 2076 607 quo
2112 565 2199 595 sunt
2229 557 2270 595 in
2302 558 2543 597 inferioribus

1470 608 1708 658 corporibus,
1738 609 1808 646 sed
1834 622 1904 658 per
1927 611 2091 648 modum
2120 611 2426 659 eminentiorem,
2447 612 2543 650 sicut

1469 662 1507 699 in
1527 674 1642 699 causa
1661 661 1796 700 activa.
1818 663 1912 700 Non
1931 671 1988 701 est
2007 663 2110 702 enim
2130 664 2182 701 ibi
2212 664 2377 702 calidum
2395 666 2459 703 vel
2479 665 2542 703 fri-

1468 715 1618 763 gidum,
1646 715 1850 753 humidum
1866 716 1930 754 vel
1953 716 2109 765 siccum,
2139 718 2207 755 sed
2225 718 2347 756 virtus
2367 730 2467 768 quae
2486 725 2543 757 est

1467 769 1608 805 horum
1638 768 1843 806 causativa.
1878 769 2058 808 Similiter
2085 783 2166 808 non
2196 778 2252 809 est
2278 771 2331 809 ibi
2358 783 2476 820 grave
2505 780 2542 810 et

1467 821 1571 868 leve;
1598 821 1667 858 sed
1694 821 1780 858 loco
1810 822 1951 860 horum
1980 831 2036 861 est
2063 823 2115 861 ibi
2133 825 2154 846 *
2177 825 2350 874 aptitudo
2379 825 2430 863 ad
2456 837 2540 863 mo-

1466 881 1548 911 tum
1577 873 1811 912 circularem.
1842 876 1989 913 Rarum
2017 884 2146 915 autem
2175 886 2212 916 et
2239 878 2404 916 densum
2432 879 2540 917 inve-

1466 927 1567 964 nitur
1594 926 1633 964 in
1661 927 1887 976 corporibus
1916 929 2157 978 caelestibus,
2187 932 2403 970 secundum
2433 933 2539 982 quod

1466 987 1565 1017 astra
1594 987 1681 1017 sunt
1699 980 1880 1030 spissiora
1899 989 1936 1020 et
1959 983 2080 1031 magis
2104 992 2362 1022 commassata
2380 991 2396 1016 Ρ
2419 998 2539 1035 quam

1465 1033 1651 1081 sphaerae
1679 1046 1832 1071 eorum:
1857 1047 1938 1073 non
1962 1043 2093 1074 tamen
2112 1037 2328 1076 secundum
2362 1038 2540 1077 differen-

1463 1086 1554 1123 tiam
1582 1087 1867 1136 contrarietatis,
1892 1088 1961 1126 sed
1989 1090 2116 1127 solum
2141 1091 2357 1129 secundum
2376 1092 2540 1130 additio-

1463 1151 1555 1176 nem
1575 1147 1612 1176 et
1626 1139 1931 1178 deminutionem
1945 1141 2103 1191 virtutis,
2120 1145 2334 1182 seeundum
2349 1145 2539 1184 maiorem

1464 1199 1501 1229 et
1528 1192 1717 1231 minorem
1747 1194 2082 1243 congregationem
2110 1197 2288 1246 partium.

1462 1356 1514 1383 est,
1536 1352 1648 1378 alterum
1662 1353 1771 1383 mobile.
1792 1353 1872 1386 idque
1890 1353 2021 1385 vicissim,
2039 1354 2136 1387 quibus
2156 1362 2234 1388 agere
2251 1360 2332 1389 atque
2347 1356 2399 1389 pati
2417 1357 2542 1391 οοιιιραὴ

1462 1386 1518 1420 (De
1539 1389 1665 1413 Gener-at.
1685 1389 1734 1414 loc.
1747 1389 1789 1413 cit.
1808 1389 1834 1413 in
1853 1388 1956 1422 marg.).
1969 1398 1982 1412 ι

1517 1422 1543 1457 ρ)
1562 1427 1750 1458 commuta.
1763 1437 1783 1443 —
1796 1427 1916 1450 massata
1935 1424 2010 1450 codd.
2025 1432 2079 1450 exc·
2093 1426 2125 1450 Α.
2138 1439 2157 1445 -
2171 1425 2200 1451 In
2217 1423 2270 1452 fine
2288 1434 2362 1452 num.
2380 1434 2430 1460 pro
2447 1433 2541 1454 seeun-

1465 1457 1530 1483 dum
1549 1459 1688 1489 maiorem,
1703 1463 1730 1485 et
1741 1460 1887 1485 secundum
1902 1460 2031 1486 maiorem
2045 1461 2170 1493 BCDFG,
2189 1461 2256 1488 forte
2275 1467 2398 1496 corrupte
2409 1470 2459 1496 pro
2471 1463 2541 1490 idest

351 1493 527 1518 universaliter
542 1492 703 1522 definiuntur,
713 1500 779 1525 quae
792 1493 870 1517 situm
881 1491 983 1521 habent,
997 1496 1023 1516 et
1037 1499 1149 1524 quorum
1160 1492 1269 1517 alterum
1281 1493 1410 1518 motivum
1465 1492 1611 1519 secundum
1625 1494 1762 1526 maiorem,
1778 1495 1850 1528 quod
1865 1495 1927 1529 legit
1939 1495 1974 1527 E;
1990 1495 2022 1521 cf.
2035 1504 2108 1522 num.
2126 1496 2139 1522 3
2158 1504 2252 1523 versus
2271 1496 2360 1524 finem.

2570 832 2580 842 ·
2595 834 2634 854 est
2644 832 2678 855 n'ln'
2685 838 2735 856 om.
2743 839 2782 857 ω-

2571 858 2645 881 dices.
