<?xml version="1.0" encoding="UTF-8"?>
<!DOCTYPE html PUBLIC "-//W3C//DTD XHTML 1.0 Transitional//EN"
    "http://www.w3.org/TR/xhtml1/DTD/xhtml1-transitional.dtd">
<html xmlns="http://www.w3.org/1999/xhtml" xml:lang="en" lang="en">
 <head>
  <title>
</title>
<meta http-equiv="Content-Type" content="text/html;charset=utf-8" />
  <meta name='ocr-system' content='tesseract 3.04.00' />
  <meta name='ocr-capabilities' content='ocr_page ocr_carea ocr_par ocr_line ocrx_word'/>
</head>
<body>
  <div class='ocr_page' id='page_1' title='image "./operaomniaiussui03thom_0041.png"; bbox 0 0 2554 4062; ppageno 0'>
   <div class='ocr_carea' id='block_1_1' title="bbox 2250 283 2372 310">
    <p class='ocr_par' dir='ltr' id='par_1_1' title="bbox 2250 283 2372 310">
     <span class='ocr_line' id='line_1_1' title="bbox 2250 283 2372 310; baseline 0.016 -2"><span class='ocrx_word' id='word_1_1' title='bbox 2250 283 2372 310; x_wconf 80' lang='lat' dir='ltr'><strong>XXXVII</strong></span> 
     </span>
    </p>
   </div>
   <div class='ocr_carea' id='block_1_2' title="bbox 74 343 2371 3712">
    <p class='ocr_par' dir='ltr' id='par_1_2' title="bbox 86 343 2371 1090">
     <span class='ocr_line' id='line_1_2' title="bbox 159 343 2371 400; baseline 0.003 -11"><span class='ocrx_word' id='word_1_2' title='bbox 159 346 309 389; x_wconf 91' lang='lat' dir='ltr'>codice</span> <span class='ocrx_word' id='word_1_3' title='bbox 343 347 596 388; x_wconf 89' lang='lat' dir='ltr'>Navarraeo</span> <span class='ocrx_word' id='word_1_4' title='bbox 631 358 761 400; x_wconf 88' lang='lat' dir='ltr'>supra</span> <span class='ocrx_word' id='word_1_5' title='bbox 793 343 969 385; x_wconf 89' lang='lat' dir='ltr'>laudato</span> <span class='ocrx_word' id='word_1_6' title='bbox 1003 343 1057 384; x_wconf 78' lang='lat' dir='ltr'>de</span> <span class='ocrx_word' id='word_1_7' title='bbox 1095 343 1222 384; x_wconf 81' lang='lat' dir='ltr'>Caelo</span> <span class='ocrx_word' id='word_1_8' title='bbox 1244 347 1289 385; x_wconf 85' lang='lat' dir='ltr'>et</span> <span class='ocrx_word' id='word_1_9' title='bbox 1306 344 1474 386; x_wconf 85' lang='lat' dir='ltr'>Mundo</span> <span class='ocrx_word' id='word_1_10' title='bbox 1497 351 1599 386; x_wconf 89' lang='lat' dir='ltr'>sunt</span> <span class='ocrx_word' id='word_1_11' title='bbox 1621 348 1917 389; x_wconf 88' lang='lat' dir='ltr'>commentarii</span> <span class='ocrx_word' id='word_1_12' title='bbox 1941 350 2055 391; x_wconf 89' lang='lat' dir='ltr'>Petri</span> <span class='ocrx_word' id='word_1_13' title='bbox 2081 350 2134 392; x_wconf 93' lang='lat' dir='ltr'>de</span> <span class='ocrx_word' id='word_1_14' title='bbox 2160 353 2371 395; x_wconf 87' lang='lat' dir='ltr'>Alvernia</span> 
     </span>
     <span class='ocr_line' id='line_1_3' title="bbox 159 405 2367 466; baseline 0.003 -15"><span class='ocrx_word' id='word_1_15' title='bbox 159 410 202 451; x_wconf 90' lang='lat' dir='ltr'>in</span> <span class='ocrx_word' id='word_1_16' title='bbox 236 415 425 466; x_wconf 90' lang='lat' dir='ltr'>quatuor</span> <span class='ocrx_word' id='word_1_17' title='bbox 457 410 751 451; x_wconf 80' lang='lat' dir='ltr'>Meteororum</span> <span class='ocrx_word' id='word_1_18' title='bbox 784 405 932 455; x_wconf 84' lang='lat' dir='ltr'>librOS,</span> <span class='ocrx_word' id='word_1_19' title='bbox 970 412 1012 447; x_wconf 91' lang='lat' dir='ltr'>et</span> <span class='ocrx_word' id='word_1_20' title='bbox 1044 406 1086 447; x_wconf 91' lang='lat' dir='ltr'>in</span> <span class='ocrx_word' id='word_1_21' title='bbox 1120 406 1307 462; x_wconf 92' lang='lat' dir='ltr'>primurn</span> <span class='ocrx_word' id='word_1_22' title='bbox 1330 421 1379 448; x_wconf 92' lang='lat' dir='ltr'>ac</span> <span class='ocrx_word' id='word_1_23' title='bbox 1402 408 1643 450; x_wconf 90' lang='lat' dir='ltr'>secundum</span> <span class='ocrx_word' id='word_1_24' title='bbox 1667 409 1844 464; x_wconf 91' lang='lat' dir='ltr'>quidem</span> <span class='ocrx_word' id='word_1_25' title='bbox 1868 417 1968 452; x_wconf 88' lang='lat' dir='ltr'>sunt</span> <span class='ocrx_word' id='word_1_26' title='bbox 1991 413 2169 455; x_wconf 91' lang='lat' dir='ltr'>omnino</span> <span class='ocrx_word' id='word_1_27' title='bbox 2196 415 2367 466; x_wconf 91' lang='lat' dir='ltr'>diversi,</span> 
     </span>
     <span class='ocr_line' id='line_1_4' title="bbox 158 469 2367 533; baseline 0.003 -19"><span class='ocrx_word' id='word_1_28' title='bbox 158 473 202 514; x_wconf 91' lang='lat' dir='ltr'>in</span> <span class='ocrx_word' id='word_1_29' title='bbox 235 472 407 514; x_wconf 91' lang='lat' dir='ltr'>tertium</span> <span class='ocrx_word' id='word_1_30' title='bbox 441 478 586 513; x_wconf 91' lang='lat' dir='ltr'>autem</span> <span class='ocrx_word' id='word_1_31' title='bbox 621 476 687 512; x_wconf 90' lang='lat' dir='ltr'>est</span> <span class='ocrx_word' id='word_1_32' title='bbox 719 469 835 510; x_wconf 92' lang='lat' dir='ltr'>idem</span> <span class='ocrx_word' id='word_1_33' title='bbox 870 469 944 524; x_wconf 91' lang='lat' dir='ltr'>qui</span> <span class='ocrx_word' id='word_1_34' title='bbox 979 469 1021 509; x_wconf 93' lang='lat' dir='ltr'>in</span> <span class='ocrx_word' id='word_1_35' title='bbox 1056 469 1122 510; x_wconf 93' lang='lat' dir='ltr'>ed.</span> <span class='ocrx_word' id='word_1_36' title='bbox 1147 470 1290 519; x_wconf 88' lang='lat' dir='ltr'>Rom.,</span> <span class='ocrx_word' id='word_1_37' title='bbox 1316 470 1358 510; x_wconf 93' lang='lat' dir='ltr'>in</span> <span class='ocrx_word' id='word_1_38' title='bbox 1383 477 1583 525; x_wconf 88' lang='lat' dir='ltr'>quartum</span> <span class='ocrx_word' id='word_1_39' title='bbox 1607 484 1713 512; x_wconf 91' lang='lat' dir='ltr'>vero</span> <span class='ocrx_word' id='word_1_40' title='bbox 1739 478 1804 513; x_wconf 91' lang='lat' dir='ltr'>est</span> <span class='ocrx_word' id='word_1_41' title='bbox 1826 473 1946 515; x_wconf 88' lang='lat' dir='ltr'>alius.</span> <span class='ocrx_word' id='word_1_42' title='bbox 1974 492 1988 511; x_wconf 64' lang='lat'>2»</span> <span class='ocrx_word' id='word_1_43' title='bbox 2029 475 2153 517; x_wconf 91' lang='lat' dir='ltr'>Patet</span> <span class='ocrx_word' id='word_1_44' title='bbox 2177 490 2229 518; x_wconf 88' lang='lat' dir='ltr'>ex</span> <span class='ocrx_word' id='word_1_45' title='bbox 2252 492 2367 533; x_wconf 92' lang='lat' dir='ltr'>prae-</span> 
     </span>
     <span class='ocr_line' id='line_1_5' title="bbox 159 531 2367 591; baseline 0.003 -15"><span class='ocrx_word' id='word_1_46' title='bbox 159 535 303 577; x_wconf 83' lang='lat' dir='ltr'>missis</span> <span class='ocrx_word' id='word_1_47' title='bbox 337 534 566 590; x_wconf 91' lang='lat' dir='ltr'>quomodo</span> <span class='ocrx_word' id='word_1_48' title='bbox 600 533 707 574; x_wconf 91' lang='lat' dir='ltr'>haec</span> <span class='ocrx_word' id='word_1_49' title='bbox 742 531 1022 588; x_wconf 91' lang='lat' dir='ltr'>intelligenda</span> <span class='ocrx_word' id='word_1_50' title='bbox 1053 532 1150 573; x_wconf 93' lang='lat' dir='ltr'>sint.</span> <span class='ocrx_word' id='word_1_51' title='bbox 1187 533 1499 574; x_wconf 89' lang='lat' dir='ltr'>Commentarii</span> <span class='ocrx_word' id='word_1_52' title='bbox 1534 546 1690 589; x_wconf 85' lang='lat' dir='ltr'><strong>nempe</strong></span> <span class='ocrx_word' id='word_1_53' title='bbox 1723 535 1838 576; x_wconf 91' lang='lat' dir='ltr'>Petri</span> <span class='ocrx_word' id='word_1_54' title='bbox 1862 536 1905 576; x_wconf 92' lang='lat' dir='ltr'>in</span> <span class='ocrx_word' id='word_1_55' title='bbox 1928 537 2132 591; x_wconf 92' lang='lat' dir='ltr'>primum,</span> <span class='ocrx_word' id='word_1_56' title='bbox 2169 545 2211 580; x_wconf 91' lang='lat' dir='ltr'>et</span> <span class='ocrx_word' id='word_1_57' title='bbox 2234 540 2275 581; x_wconf 91' lang='lat' dir='ltr'>in</span> <span class='ocrx_word' id='word_1_58' title='bbox 2298 555 2367 582; x_wconf 88' lang='lat' dir='ltr'>se-</span> 
     </span>
     <span class='ocr_line' id='line_1_6' title="bbox 159 594 2368 657; baseline 0.002 -18"><span class='ocrx_word' id='word_1_59' title='bbox 159 597 350 639; x_wconf 91' lang='lat' dir='ltr'>cundum</span> <span class='ocrx_word' id='word_1_60' title='bbox 384 610 524 652; x_wconf 88' lang='lat' dir='ltr'>usque</span> <span class='ocrx_word' id='word_1_61' title='bbox 547 595 604 637; x_wconf 92' lang='lat' dir='ltr'>ad</span> <span class='ocrx_word' id='word_1_62' title='bbox 628 595 843 637; x_wconf 85' lang='lat' dir='ltr'>decimam</span> <span class='ocrx_word' id='word_1_63' title='bbox 876 594 1125 644; x_wconf 89' lang='lat' dir='ltr'>lectionem,</span> <span class='ocrx_word' id='word_1_64' title='bbox 1160 601 1262 636; x_wconf 90' lang='lat' dir='ltr'>sunt</span> <span class='ocrx_word' id='word_1_65' title='bbox 1295 596 1473 637; x_wconf 87' lang='lat' dir='ltr'>omnino</span> <span class='ocrx_word' id='word_1_66' title='bbox 1502 596 1680 647; x_wconf 87' lang='lat' dir='ltr'>diversi;</span> <span class='ocrx_word' id='word_1_67' title='bbox 1716 599 2053 641; x_wconf 90' lang='lat' dir='ltr'>commentarius</span> <span class='ocrx_word' id='word_1_68' title='bbox 2082 600 2125 641; x_wconf 92' lang='lat' dir='ltr'>in</span> <span class='ocrx_word' id='word_1_69' title='bbox 2159 602 2368 657; x_wconf 88' lang='lat' dir='ltr'>reliquam</span> 
     </span>
     <span class='ocr_line' id='line_1_7' title="bbox 157 657 2367 716; baseline 0.002 -14"><span class='ocrx_word' id='word_1_70' title='bbox 157 666 324 716; x_wconf 89' lang='lat' dir='ltr'>partem</span> <span class='ocrx_word' id='word_1_71' title='bbox 357 658 550 708; x_wconf 83' lang='lat' dir='ltr'>secundi,</span> <span class='ocrx_word' id='word_1_72' title='bbox 586 664 629 700; x_wconf 89' lang='lat' dir='ltr'>et</span> <span class='ocrx_word' id='word_1_73' title='bbox 650 658 693 699; x_wconf 92' lang='lat' dir='ltr'>in</span> <span class='ocrx_word' id='word_1_74' title='bbox 715 657 873 699; x_wconf 91' lang='lat' dir='ltr'>librum</span> <span class='ocrx_word' id='word_1_75' title='bbox 906 657 1090 706; x_wconf 88' lang='lat' dir='ltr'>tertium,</span> <span class='ocrx_word' id='word_1_76' title='bbox 1121 663 1186 698; x_wconf 89' lang='lat' dir='ltr'>est</span> <span class='ocrx_word' id='word_1_77' title='bbox 1219 657 1443 713; x_wconf 36' lang='lat' dir='ltr'>idequui</span> <span class='ocrx_word' id='word_1_78' title='bbox 1476 659 1519 700; x_wconf 89' lang='lat' dir='ltr'>in</span> <span class='ocrx_word' id='word_1_79' title='bbox 1554 659 1742 701; x_wconf 89' lang='lat' dir='ltr'>editione</span> <span class='ocrx_word' id='word_1_80' title='bbox 1777 661 1997 711; x_wconf 89' lang='lat' dir='ltr'>Romana·;</span> <span class='ocrx_word' id='word_1_81' title='bbox 2034 666 2367 707; x_wconf 89' lang='lat' dir='ltr'>commentarius</span> 
     </span>
     <span class='ocr_line' id='line_1_8' title="bbox 86 719 2368 780; baseline 0.002 -15"><span class='ocrx_word' id='word_1_82' title='bbox 86 748 88 750; x_wconf 97' lang='lat'>-</span> <span class='ocrx_word' id='word_1_83' title='bbox 158 729 304 765; x_wconf 90' lang='lat' dir='ltr'>autem</span> <span class='ocrx_word' id='word_1_84' title='bbox 338 722 381 764; x_wconf 92' lang='lat' dir='ltr'>in</span> <span class='ocrx_word' id='word_1_85' title='bbox 416 727 617 777; x_wconf 90' lang='lat' dir='ltr'>quartum</span> <span class='ocrx_word' id='word_1_86' title='bbox 650 720 760 762; x_wconf 92' lang='lat' dir='ltr'>alius</span> <span class='ocrx_word' id='word_1_87' title='bbox 795 726 871 770; x_wconf 91' lang='lat' dir='ltr'>est,</span> <span class='ocrx_word' id='word_1_88' title='bbox 907 719 1010 775; x_wconf 89' lang='lat' dir='ltr'>quia</span> <span class='ocrx_word' id='word_1_89' title='bbox 1043 733 1132 760; x_wconf 92' lang='lat' dir='ltr'>non</span> <span class='ocrx_word' id='word_1_90' title='bbox 1155 732 1209 761; x_wconf 89' lang='lat' dir='ltr'>ex</span> <span class='ocrx_word' id='word_1_91' title='bbox 1231 721 1328 761; x_wconf 88' lang='lat' dir='ltr'>solo</span> <span class='ocrx_word' id='word_1_92' title='bbox 1362 721 1492 762; x_wconf 92' lang='lat' dir='ltr'>Petro</span> <span class='ocrx_word' id='word_1_93' title='bbox 1529 728 1754 778; x_wconf 88' lang='lat' dir='ltr'>excerptus</span> <span class='ocrx_word' id='word_1_94' title='bbox 1779 730 1855 765; x_wconf 89' lang='lat' dir='ltr'>est.</span> <span class='ocrx_word' id='word_1_95' title='bbox 1881 748 1900 755; x_wconf 93' lang='lat'><em>-</em></span> <span class='ocrx_word' id='word_1_96' title='bbox 1923 725 2137 780; x_wconf 89' lang='lat' dir='ltr'>Exempla</span> <span class='ocrx_word' id='word_1_97' title='bbox 2170 733 2314 769; x_wconf 91' lang='lat' dir='ltr'>autem</span> <span class='ocrx_word' id='word_1_98' title='bbox 2343 742 2368 769; x_wconf 92' lang='lat' dir='ltr'>a</span> 
     </span>
     <span class='ocr_line' id='line_1_9' title="bbox 158 782 2366 840; baseline 0.002 -13"><span class='ocrx_word' id='word_1_99' title='bbox 158 785 287 827; x_wconf 89' lang='lat' dir='ltr'>nobis</span> <span class='ocrx_word' id='word_1_100' title='bbox 321 784 444 834; x_wconf 90' lang='lat' dir='ltr'>data,</span> <span class='ocrx_word' id='word_1_101' title='bbox 480 784 585 825; x_wconf 91' lang='lat' dir='ltr'>dum</span> <span class='ocrx_word' id='word_1_102' title='bbox 618 783 761 839; x_wconf 87' lang='lat' dir='ltr'>palam</span> <span class='ocrx_word' id='word_1_103' title='bbox 794 782 955 824; x_wconf 84' lang='lat' dir='ltr'>faciunt</span> <span class='ocrx_word' id='word_1_104' title='bbox 986 782 1128 823; x_wconf 87' lang='lat' dir='ltr'>sontes</span> <span class='ocrx_word' id='word_1_105' title='bbox 1163 795 1217 823; x_wconf 87' lang='lat' dir='ltr'>ex</span> <span class='ocrx_word' id='word_1_106' title='bbox 1251 782 1410 837; x_wconf 93' lang='lat' dir='ltr'>quibus</span> <span class='ocrx_word' id='word_1_107' title='bbox 1445 784 1660 839; x_wconf 86' lang='lat' dir='ltr'>expositio</span> <span class='ocrx_word' id='word_1_108' title='bbox 1695 799 1721 826; x_wconf 88' lang='lat' dir='ltr'>a</span> <span class='ocrx_word' id='word_1_109' title='bbox 1753 786 1938 828; x_wconf 92' lang='lat' dir='ltr'>lectione</span> <span class='ocrx_word' id='word_1_110' title='bbox 1966 799 2012 828; x_wconf 86' lang='lat' dir='ltr'>x1</span> <span class='ocrx_word' id='word_1_111' title='bbox 2046 788 2224 830; x_wconf 91' lang='lat' dir='ltr'>secundi</span> <span class='ocrx_word' id='word_1_112' title='bbox 2258 790 2366 840; x_wconf 87' lang='lat' dir='ltr'>libri,</span> 
     </span>
     <span class='ocr_line' id='line_1_10' title="bbox 155 845 2365 905; baseline 0.002 -15"><span class='ocrx_word' id='word_1_113' title='bbox 155 861 236 904; x_wconf 91' lang='lat' dir='ltr'>pro</span> <span class='ocrx_word' id='word_1_114' title='bbox 271 847 424 889; x_wconf 88' lang='lat' dir='ltr'>maiori</span> <span class='ocrx_word' id='word_1_115' title='bbox 457 853 578 902; x_wconf 88' lang='lat' dir='ltr'>parte</span> <span class='ocrx_word' id='word_1_116' title='bbox 614 846 873 901; x_wconf 88' lang='lat' dir='ltr'>deprompta</span> <span class='ocrx_word' id='word_1_117' title='bbox 906 850 988 894; x_wconf 92' lang='lat' dir='ltr'>est,</span> <span class='ocrx_word' id='word_1_118' title='bbox 1024 845 1151 886; x_wconf 90' lang='lat' dir='ltr'>simul</span> <span class='ocrx_word' id='word_1_119' title='bbox 1199 845 1498 887; x_wconf 88' lang='lat' dir='ltr'>demonstrant</span> <span class='ocrx_word' id='word_1_120' title='bbox 1546 846 1685 902; x_wconf 89' lang='lat' dir='ltr'>ipsam</span> <span class='ocrx_word' id='word_1_121' title='bbox 1719 849 1951 903; x_wconf 88' lang='lat' dir='ltr'>Aquinatis</span> <span class='ocrx_word' id='word_1_122' title='bbox 1986 863 2098 905; x_wconf 90' lang='lat' dir='ltr'>opus</span> <span class='ocrx_word' id='word_1_123' title='bbox 2133 865 2221 892; x_wconf 92' lang='lat' dir='ltr'>non</span> <span class='ocrx_word' id='word_1_124' title='bbox 2257 866 2365 895; x_wconf 90' lang='lat' dir='ltr'>esse.</span> 
     </span>
     <span class='ocr_line' id='line_1_11' title="bbox 119 908 2366 970; baseline 0.002 -18"><span class='ocrx_word' id='word_1_125' title='bbox 119 950 122 952; x_wconf 85' lang='lat'>.</span> <span class='ocrx_word' id='word_1_126' title='bbox 155 911 228 953; x_wconf 88' lang='lat' dir='ltr'>De</span> <span class='ocrx_word' id='word_1_127' title='bbox 260 916 436 952; x_wconf 89' lang='lat' dir='ltr'>auctore</span> <span class='ocrx_word' id='word_1_128' title='bbox 470 916 616 951; x_wconf 88' lang='lat' dir='ltr'>autem</span> <span class='ocrx_word' id='word_1_129' title='bbox 651 909 725 964; x_wconf 91' lang='lat' dir='ltr'>qui</span> <span class='ocrx_word' id='word_1_130' title='bbox 760 908 843 950; x_wconf 93' lang='lat' dir='ltr'>sibi</span> <span class='ocrx_word' id='word_1_131' title='bbox 878 908 1104 964; x_wconf 90' lang='lat' dir='ltr'>negotium</span> <span class='ocrx_word' id='word_1_132' title='bbox 1138 908 1374 963; x_wconf 84' lang='lat' dir='ltr'>assumpsit</span> <span class='ocrx_word' id='word_1_133' title='bbox 1407 909 1663 951; x_wconf 87' lang='lat' dir='ltr'>conficiendi</span> <span class='ocrx_word' id='word_1_134' title='bbox 1698 924 1751 952; x_wconf 92' lang='lat' dir='ltr'>ex</span> <span class='ocrx_word' id='word_1_135' title='bbox 1784 912 2012 966; x_wconf 89' lang='lat' dir='ltr'>praedictis</span> <span class='ocrx_word' id='word_1_136' title='bbox 2046 912 2239 955; x_wconf 83' lang='lat' dir='ltr'>fontibus</span> <span class='ocrx_word' id='word_1_137' title='bbox 2262 929 2366 970; x_wconf 92' lang='lat' dir='ltr'>sup-</span> 
     </span>
     <span class='ocr_line' id='line_1_12' title="bbox 155 971 2366 1031; baseline 0.002 -16"><span class='ocrx_word' id='word_1_138' title='bbox 155 973 422 1030; x_wconf 89' lang='lat' dir='ltr'>plementum</span> <span class='ocrx_word' id='word_1_139' title='bbox 457 973 512 1014; x_wconf 92' lang='lat' dir='ltr'>ad</span> <span class='ocrx_word' id='word_1_140' title='bbox 547 971 884 1014; x_wconf 85' lang='lat' dir='ltr'>commentarios</span> <span class='ocrx_word' id='word_1_141' title='bbox 918 984 951 1012; x_wconf 90' lang='lat' dir='ltr'>s.</span> <span class='ocrx_word' id='word_1_142' title='bbox 976 971 1193 1020; x_wconf 92' lang='lat' dir='ltr'>Thomae,</span> <span class='ocrx_word' id='word_1_143' title='bbox 1238 971 1341 1012; x_wconf 90' lang='lat' dir='ltr'>nihil</span> <span class='ocrx_word' id='word_1_144' title='bbox 1376 972 1476 1013; x_wconf 93' lang='lat' dir='ltr'>certi</span> <span class='ocrx_word' id='word_1_145' title='bbox 1510 973 1699 1027; x_wconf 87' lang='lat' dir='ltr'>proferre</span> <span class='ocrx_word' id='word_1_146' title='bbox 1735 987 1980 1028; x_wconf 90' lang='lat' dir='ltr'>possumus.</span> <span class='ocrx_word' id='word_1_147' title='bbox 2016 975 2130 1017; x_wconf 90' lang='lat' dir='ltr'>Vide</span> <span class='ocrx_word' id='word_1_148' title='bbox 2165 989 2277 1031; x_wconf 88' lang='lat' dir='ltr'>quae</span> <span class='ocrx_word' id='word_1_149' title='bbox 2312 978 2366 1019; x_wconf 92' lang='lat' dir='ltr'>de</span> 
     </span>
     <span class='ocr_line' id='line_1_13' title="bbox 154 1033 1815 1090; baseline 0 -12"><span class='ocrx_word' id='word_1_150' title='bbox 154 1035 236 1078; x_wconf 90' lang='lat' dir='ltr'>hac</span> <span class='ocrx_word' id='word_1_151' title='bbox 270 1050 315 1078; x_wconf 88' lang='lat' dir='ltr'>re</span> <span class='ocrx_word' id='word_1_152' title='bbox 348 1036 456 1077; x_wconf 87' lang='lat' dir='ltr'>infra</span> <span class='ocrx_word' id='word_1_153' title='bbox 489 1036 695 1084; x_wconf 88' lang='lat' dir='ltr'>dicemus,</span> <span class='ocrx_word' id='word_1_154' title='bbox 732 1035 836 1076; x_wconf 90' lang='lat' dir='ltr'>dum</span> <span class='ocrx_word' id='word_1_155' title='bbox 870 1047 1014 1075; x_wconf 88' lang='lat' dir='ltr'>sermo</span> <span class='ocrx_word' id='word_1_156' title='bbox 1050 1034 1128 1075; x_wconf 92' lang='lat' dir='ltr'>erit</span> <span class='ocrx_word' id='word_1_157' title='bbox 1162 1033 1216 1074; x_wconf 92' lang='lat' dir='ltr'>de</span> <span class='ocrx_word' id='word_1_158' title='bbox 1250 1034 1422 1075; x_wconf 90' lang='lat' dir='ltr'>Veneta</span> <span class='ocrx_word' id='word_1_159' title='bbox 1455 1035 1645 1077; x_wconf 90' lang='lat' dir='ltr'>editione</span> <span class='ocrx_word' id='word_1_160' title='bbox 1688 1035 1815 1090; x_wconf 85' lang='lat'><strong>1537.</strong></span> 
     </span>
    </p>

    <p class='ocr_par' dir='ltr' id='par_1_3' title="bbox 148 1096 2366 2099">
     <span class='ocr_line' id='line_1_14' title="bbox 282 1096 2365 1156; baseline 0.001 -16"><span class='ocrx_word' id='word_1_161' title='bbox 282 1098 575 1141; x_wconf 93' lang='lat' dir='ltr'>Redeundum</span> <span class='ocrx_word' id='word_1_162' title='bbox 610 1097 746 1139; x_wconf 91' lang='lat' dir='ltr'>modo</span> <span class='ocrx_word' id='word_1_163' title='bbox 781 1102 847 1138; x_wconf 91' lang='lat' dir='ltr'>est</span> <span class='ocrx_word' id='word_1_164' title='bbox 879 1096 935 1138; x_wconf 90' lang='lat' dir='ltr'>ad</span> <span class='ocrx_word' id='word_1_165' title='bbox 968 1102 1139 1138; x_wconf 89' lang='lat' dir='ltr'>veteres</span> <span class='ocrx_word' id='word_1_166' title='bbox 1185 1096 1438 1152; x_wconf 85' lang='lat' dir='ltr'>scriptores,</span> <span class='ocrx_word' id='word_1_167' title='bbox 1473 1098 1548 1152; x_wconf 92' lang='lat' dir='ltr'>qui</span> <span class='ocrx_word' id='word_1_168' title='bbox 1582 1098 1795 1140; x_wconf 90' lang='lat' dir='ltr'>affirmant</span> <span class='ocrx_word' id='word_1_169' title='bbox 1828 1113 1860 1140; x_wconf 92' lang='lat' dir='ltr'>s.</span> <span class='ocrx_word' id='word_1_170' title='bbox 1890 1100 2108 1142; x_wconf 90' lang='lat' dir='ltr'>Thomam</span> <span class='ocrx_word' id='word_1_171' title='bbox 2142 1101 2365 1156; x_wconf 88' lang='lat' dir='ltr'>scripsisse</span> 
     </span>
     <span class='ocr_line' id='line_1_15' title="bbox 153 1159 2366 1219; baseline 0 -14"><span class='ocrx_word' id='word_1_172' title='bbox 153 1175 286 1219; x_wconf 88' lang='lat' dir='ltr'>super</span> <span class='ocrx_word' id='word_1_173' title='bbox 306 1162 495 1218; x_wconf 82' lang='lat' dir='ltr'>primum</span> <span class='ocrx_word' id='word_1_174' title='bbox 518 1168 561 1203; x_wconf 86' lang='lat' dir='ltr'>et</span> <span class='ocrx_word' id='word_1_175' title='bbox 594 1159 835 1203; x_wconf 89' lang='lat' dir='ltr'>secundum</span> <span class='ocrx_word' id='word_1_176' title='bbox 858 1159 1300 1214; x_wconf 58' lang='lat' dir='ltr'>Meteorologztorum.</span> <span class='ocrx_word' id='word_1_177' title='bbox 1338 1159 1579 1212; x_wconf 74' lang='lat' dir='ltr'>Quomodo</span> <span class='ocrx_word' id='word_1_178' title='bbox 1624 1161 1875 1216; x_wconf 88' lang='lat' dir='ltr'>accipienda</span> <span class='ocrx_word' id='word_1_179' title='bbox 1911 1169 2011 1203; x_wconf 91' lang='lat' dir='ltr'>sunt</span> <span class='ocrx_word' id='word_1_180' title='bbox 2045 1175 2196 1205; x_wconf 90' lang='lat' dir='ltr'>eorum</span> <span class='ocrx_word' id='word_1_181' title='bbox 2230 1164 2366 1206; x_wconf 89' lang='lat' dir='ltr'>verba</span> 
     </span>
     <span class='ocr_line' id='line_1_16' title="bbox 153 1219 2365 1281; baseline 0 -13"><span class='ocrx_word' id='word_1_182' title='bbox 153 1226 285 1268; x_wconf 69' lang='lat' dir='ltr'>reTate</span> <span class='ocrx_word' id='word_1_183' title='bbox 307 1219 374 1266; x_wconf 62' lang='lat' dir='ltr'>&#39;ad</span> <span class='ocrx_word' id='word_1_184' title='bbox 409 1224 728 1280; x_wconf 85' lang='lat' dir='ltr'>expositionem</span> <span class='ocrx_word' id='word_1_185' title='bbox 763 1223 806 1264; x_wconf 92' lang='lat' dir='ltr'>in</span> <span class='ocrx_word' id='word_1_186' title='bbox 839 1221 1081 1264; x_wconf 86' lang='lat' dir='ltr'>secundum</span> <span class='ocrx_word' id='word_1_187' title='bbox 1114 1222 1300 1263; x_wconf 89' lang='lat' dir='ltr'>librum?</span> <span class='ocrx_word' id='word_1_188' title='bbox 1331 1223 1448 1271; x_wconf 90' lang='lat' dir='ltr'>Duo,</span> <span class='ocrx_word' id='word_1_189' title='bbox 1484 1229 1532 1263; x_wconf 92' lang='lat' dir='ltr'>ut</span> <span class='ocrx_word' id='word_1_190' title='bbox 1563 1223 1765 1273; x_wconf 90' lang='lat' dir='ltr'>vidimus,</span> <span class='ocrx_word' id='word_1_191' title='bbox 1796 1225 1838 1265; x_wconf 92' lang='lat' dir='ltr'>in</span> <span class='ocrx_word' id='word_1_192' title='bbox 1871 1226 2086 1280; x_wconf 83' lang='lat' dir='ltr'>praesenti</span> <span class='ocrx_word' id='word_1_193' title='bbox 2109 1227 2365 1281; x_wconf 85' lang='lat' dir='ltr'>quaestione</span> 
     </span>
     <span class='ocr_line' id='line_1_17' title="bbox 153 1284 2364 1342; baseline 0 -12"><span class='ocrx_word' id='word_1_194' title='bbox 153 1294 272 1331; x_wconf 87' lang='lat' dir='ltr'>certo</span> <span class='ocrx_word' id='word_1_195' title='bbox 307 1288 436 1329; x_wconf 92' lang='lat' dir='ltr'>nobis</span> <span class='ocrx_word' id='word_1_196' title='bbox 472 1293 684 1329; x_wconf 85' lang='lat' dir='ltr'>constant.</span> <span class='ocrx_word' id='word_1_197' title='bbox 727 1286 956 1327; x_wconf 77' lang='lat' dir='ltr'>Primum.-</span> <span class='ocrx_word' id='word_1_198' title='bbox 998 1284 1053 1326; x_wconf 92' lang='lat' dir='ltr'>de</span> <span class='ocrx_word' id='word_1_199' title='bbox 1088 1285 1402 1326; x_wconf 87' lang='lat' dir='ltr'>commentario</span> <span class='ocrx_word' id='word_1_200' title='bbox 1447 1285 1489 1326; x_wconf 90' lang='lat' dir='ltr'>in</span> <span class='ocrx_word' id='word_1_201' title='bbox 1533 1292 1721 1340; x_wconf 90' lang='lat' dir='ltr'>quatuor</span> <span class='ocrx_word' id='word_1_202' title='bbox 1757 1288 2186 1342; x_wconf 80' lang='lat' dir='ltr'>Meteorologicorum</span> <span class='ocrx_word' id='word_1_203' title='bbox 2230 1289 2364 1331; x_wconf 90' lang='lat' dir='ltr'>libros</span> 
     </span>
     <span class='ocr_line' id='line_1_18' title="bbox 153 1347 2365 1407; baseline 0 -14"><span class='ocrx_word' id='word_1_204' title='bbox 153 1350 276 1407; x_wconf 90' lang='lat' dir='ltr'>quod</span> <span class='ocrx_word' id='word_1_205' title='bbox 310 1356 428 1392; x_wconf 87' lang='lat' dir='ltr'>extat</span> <span class='ocrx_word' id='word_1_206' title='bbox 460 1350 503 1391; x_wconf 90' lang='lat' dir='ltr'>in</span> <span class='ocrx_word' id='word_1_207' title='bbox 537 1350 683 1399; x_wconf 89' lang='lat' dir='ltr'>Piana,</span> <span class='ocrx_word' id='word_1_208' title='bbox 707 1354 848 1390; x_wconf 92' lang='lat' dir='ltr'>totum</span> <span class='ocrx_word' id='word_1_209' title='bbox 871 1347 993 1402; x_wconf 92' lang='lat' dir='ltr'>quod</span> <span class='ocrx_word' id='word_1_210' title='bbox 1015 1347 1200 1403; x_wconf 89' lang='lat' dir='ltr'>pertinet</span> <span class='ocrx_word' id='word_1_211' title='bbox 1221 1347 1278 1388; x_wconf 89' lang='lat' dir='ltr'>ad</span> <span class='ocrx_word' id='word_1_212' title='bbox 1301 1348 1488 1402; x_wconf 90' lang='lat' dir='ltr'>primum</span> <span class='ocrx_word' id='word_1_213' title='bbox 1521 1349 1678 1390; x_wconf 92' lang='lat' dir='ltr'>librum</span> <span class='ocrx_word' id='word_1_214' title='bbox 1702 1355 1745 1391; x_wconf 92' lang='lat' dir='ltr'>et</span> <span class='ocrx_word' id='word_1_215' title='bbox 1765 1350 1820 1390; x_wconf 94' lang='lat' dir='ltr'>ad</span> <span class='ocrx_word' id='word_1_216' title='bbox 1845 1351 2036 1405; x_wconf 91' lang='lat' dir='ltr'>quinque</span> <span class='ocrx_word' id='word_1_217' title='bbox 2059 1351 2203 1406; x_wconf 92' lang='lat' dir='ltr'>priora</span> <span class='ocrx_word' id='word_1_218' title='bbox 2226 1352 2365 1407; x_wconf 89' lang='lat' dir='ltr'>capita</span> 
     </span>
     <span class='ocr_line' id='line_1_19' title="bbox 153 1410 2365 1468; baseline 0 -12"><span class='ocrx_word' id='word_1_219' title='bbox 153 1413 356 1463; x_wconf 87' lang='lat' dir='ltr'>secundi,</span> <span class='ocrx_word' id='word_1_220' title='bbox 391 1412 684 1454; x_wconf 88' lang='lat' dir='ltr'>indubitanter</span> <span class='ocrx_word' id='word_1_221' title='bbox 716 1410 967 1452; x_wconf 90' lang='lat' dir='ltr'>habendum</span> <span class='ocrx_word' id='word_1_222' title='bbox 1008 1415 1074 1451; x_wconf 86' lang='lat' dir='ltr'>est</span> <span class='ocrx_word' id='word_1_223' title='bbox 1114 1415 1322 1465; x_wconf 86' lang='lat' dir='ltr'>tanquam</span> <span class='ocrx_word' id='word_1_224' title='bbox 1365 1424 1622 1467; x_wconf 88' lang='lat' dir='ltr'>germanum</span> <span class='ocrx_word' id='word_1_225' title='bbox 1662 1412 1894 1467; x_wconf 90' lang='lat' dir='ltr'>Aquinatis</span> <span class='ocrx_word' id='word_1_226' title='bbox 1934 1426 2057 1468; x_wconf 92' lang='lat' dir='ltr'>opus.</span> <span class='ocrx_word' id='word_1_227' title='bbox 2092 1414 2338 1456; x_wconf 77' lang='lat' dir='ltr'>Secundum</span> <span class='ocrx_word' id='word_1_228' title='bbox 2350 1430 2365 1456; x_wconf 92' lang='grc'>.·</span> 
     </span>
     <span class='ocr_line' id='line_1_20' title="bbox 153 1473 2363 1533; baseline -0 -14"><span class='ocrx_word' id='word_1_229' title='bbox 153 1475 368 1533; x_wconf 92' lang='lat' dir='ltr'>quidquid</span> <span class='ocrx_word' id='word_1_230' title='bbox 400 1481 623 1530; x_wconf 89' lang='lat' dir='ltr'>praeterea</span> <span class='ocrx_word' id='word_1_231' title='bbox 657 1473 943 1530; x_wconf 88' lang='lat' dir='ltr'>expositionis</span> <span class='ocrx_word' id='word_1_232' title='bbox 977 1473 1019 1514; x_wconf 93' lang='lat' dir='ltr'>in</span> <span class='ocrx_word' id='word_1_233' title='bbox 1052 1473 1388 1527; x_wconf 80' lang='lat' dir='ltr'>Meteorologica</span> <span class='ocrx_word' id='word_1_234' title='bbox 1421 1474 1647 1515; x_wconf 89' lang='lat' dir='ltr'>exhibetur</span> <span class='ocrx_word' id='word_1_235' title='bbox 1680 1474 1722 1516; x_wconf 92' lang='lat' dir='ltr'>in</span> <span class='ocrx_word' id='word_1_236' title='bbox 1755 1475 1974 1530; x_wconf 91' lang='lat' dir='ltr'>praedicta</span> <span class='ocrx_word' id='word_1_237' title='bbox 2007 1476 2208 1526; x_wconf 89' lang='lat' dir='ltr'>editione,</span> <span class='ocrx_word' id='word_1_238' title='bbox 2233 1477 2363 1518; x_wconf 89' lang='lat' dir='ltr'>alium</span> 
     </span>
     <span class='ocr_line' id='line_1_21' title="bbox 151 1535 2363 1592; baseline -0.001 -10"><span class='ocrx_word' id='word_1_239' title='bbox 151 1553 180 1582; x_wconf 83' lang='lat' dir='ltr'>a</span> <span class='ocrx_word' id='word_1_240' title='bbox 210 1539 267 1581; x_wconf 93' lang='lat' dir='ltr'>D.</span> <span class='ocrx_word' id='word_1_241' title='bbox 291 1538 466 1580; x_wconf 90' lang='lat' dir='ltr'>Thoma</span> <span class='ocrx_word' id='word_1_242' title='bbox 499 1543 721 1579; x_wconf 87' lang='lat' dir='ltr'>auctorem</span> <span class='ocrx_word' id='word_1_243' title='bbox 755 1536 898 1578; x_wconf 92' lang='lat' dir='ltr'>habet.</span> <span class='ocrx_word' id='word_1_244' title='bbox 934 1535 1026 1578; x_wconf 87' lang='lat' dir='ltr'>Sed</span> <span class='ocrx_word' id='word_1_245' title='bbox 1059 1541 1202 1577; x_wconf 91' lang='lat' dir='ltr'>utrum</span> <span class='ocrx_word' id='word_1_246' title='bbox 1236 1549 1269 1578; x_wconf 89' lang='lat' dir='ltr'>s.</span> <span class='ocrx_word' id='word_1_247' title='bbox 1294 1536 1465 1577; x_wconf 92' lang='lat' dir='ltr'>Doctor</span> <span class='ocrx_word' id='word_1_248' title='bbox 1486 1543 1588 1592; x_wconf 90' lang='lat' dir='ltr'>post</span> <span class='ocrx_word' id='word_1_249' title='bbox 1621 1537 1772 1578; x_wconf 91' lang='lat' dir='ltr'>decem</span> <span class='ocrx_word' id='word_1_250' title='bbox 1806 1538 2014 1579; x_wconf 90' lang='lat' dir='ltr'>lectiones</span> <span class='ocrx_word' id='word_1_251' title='bbox 2048 1539 2091 1579; x_wconf 90' lang='lat' dir='ltr'>in</span> <span class='ocrx_word' id='word_1_252' title='bbox 2124 1539 2363 1580; x_wconf 91' lang='lat' dir='ltr'>secundum</span> 
     </span>
     <span class='ocr_line' id='line_1_22' title="bbox 150 1596 2363 1656; baseline -0 -12"><span class='ocrx_word' id='word_1_253' title='bbox 150 1596 334 1650; x_wconf 85' lang='lat' dir='ltr'>librum,</span> <span class='ocrx_word' id='word_1_254' title='bbox 369 1599 532 1655; x_wconf 88' lang='lat' dir='ltr'>aliquid</span> <span class='ocrx_word' id='word_1_255' title='bbox 566 1605 789 1655; x_wconf 90' lang='lat' dir='ltr'>praeterea</span> <span class='ocrx_word' id='word_1_256' title='bbox 821 1598 1050 1654; x_wconf 89' lang='lat' dir='ltr'>scripserit,</span> <span class='ocrx_word' id='word_1_257' title='bbox 1086 1598 1207 1654; x_wconf 94' lang='lat' dir='ltr'>quod</span> <span class='ocrx_word' id='word_1_258' title='bbox 1241 1598 1297 1640; x_wconf 93' lang='lat' dir='ltr'>ad</span> <span class='ocrx_word' id='word_1_259' title='bbox 1332 1605 1503 1640; x_wconf 90' lang='lat' dir='ltr'>nostras</span> <span class='ocrx_word' id='word_1_260' title='bbox 1537 1613 1690 1640; x_wconf 89' lang='lat' dir='ltr'>manus</span> <span class='ocrx_word' id='word_1_261' title='bbox 1725 1614 1813 1641; x_wconf 91' lang='lat' dir='ltr'>non</span> <span class='ocrx_word' id='word_1_262' title='bbox 1847 1601 2101 1656; x_wconf 90' lang='lat' dir='ltr'>pervenerit,</span> <span class='ocrx_word' id='word_1_263' title='bbox 2138 1615 2217 1643; x_wconf 90' lang='lat' dir='ltr'>nec</span> <span class='ocrx_word' id='word_1_264' title='bbox 2250 1602 2363 1643; x_wconf 87' lang='lat' dir='ltr'>affir-</span> 
     </span>
     <span class='ocr_line' id='line_1_23' title="bbox 151 1661 2362 1719; baseline -0.001 -12"><span class='ocrx_word' id='word_1_265' title='bbox 151 1677 270 1707; x_wconf 86' lang='lat' dir='ltr'>mare</span> <span class='ocrx_word' id='word_1_266' title='bbox 304 1676 384 1706; x_wconf 90' lang='lat' dir='ltr'>nec</span> <span class='ocrx_word' id='word_1_267' title='bbox 418 1676 579 1719; x_wconf 90' lang='lat' dir='ltr'>negare</span> <span class='ocrx_word' id='word_1_268' title='bbox 613 1662 838 1704; x_wconf 89' lang='lat' dir='ltr'>audemus.</span> <span class='ocrx_word' id='word_1_269' title='bbox 873 1663 942 1703; x_wconf 90' lang='lat' dir='ltr'>Ex</span> <span class='ocrx_word' id='word_1_270' title='bbox 977 1661 1203 1703; x_wconf 89' lang='lat' dir='ltr'>codicibus</span> <span class='ocrx_word' id='word_1_271' title='bbox 1238 1661 1352 1703; x_wconf 89' lang='lat' dir='ltr'>enim</span> <span class='ocrx_word' id='word_1_272' title='bbox 1386 1663 1429 1703; x_wconf 92' lang='lat' dir='ltr'><strong>A</strong></span> <span class='ocrx_word' id='word_1_273' title='bbox 1463 1668 1506 1703; x_wconf 93' lang='lat' dir='ltr'>et</span> <span class='ocrx_word' id='word_1_274' title='bbox 1538 1663 1592 1712; x_wconf 89' lang='lat' dir='ltr'>B,</span> <span class='ocrx_word' id='word_1_275' title='bbox 1628 1668 1675 1703; x_wconf 93' lang='lat' dir='ltr'>ut</span> <span class='ocrx_word' id='word_1_276' title='bbox 1708 1676 1838 1718; x_wconf 92' lang='lat' dir='ltr'>supra</span> <span class='ocrx_word' id='word_1_277' title='bbox 1881 1663 2042 1704; x_wconf 92' lang='lat' dir='ltr'>dictum</span> <span class='ocrx_word' id='word_1_278' title='bbox 2077 1669 2162 1712; x_wconf 91' lang='lat' dir='ltr'>est,</span> <span class='ocrx_word' id='word_1_279' title='bbox 2198 1664 2362 1706; x_wconf 88' lang='lat' dir='ltr'>nullum</span> 
     </span>
     <span class='ocr_line' id='line_1_24' title="bbox 151 1724 2362 1783; baseline -0 -14"><span class='ocrx_word' id='word_1_280' title='bbox 151 1733 316 1770; x_wconf 85' lang='lat' dir='ltr'>certum</span> <span class='ocrx_word' id='word_1_281' title='bbox 349 1731 655 1783; x_wconf 86' lang='lat' dir='ltr'>argumentum</span> <span class='ocrx_word' id='word_1_282' title='bbox 688 1725 801 1767; x_wconf 92' lang='lat' dir='ltr'>sumi</span> <span class='ocrx_word' id='word_1_283' title='bbox 835 1730 982 1781; x_wconf 88' lang='lat' dir='ltr'>potest</span> <span class='ocrx_word' id='word_1_284' title='bbox 1013 1724 1069 1766; x_wconf 91' lang='lat' dir='ltr'>ad</span> <span class='ocrx_word' id='word_1_285' title='bbox 1104 1724 1480 1766; x_wconf 89' lang='lat' dir='ltr'>determinandum</span> <span class='ocrx_word' id='word_1_286' title='bbox 1503 1725 1577 1766; x_wconf 94' lang='lat' dir='ltr'>ubi</span> <span class='ocrx_word' id='word_1_287' title='bbox 1600 1725 1792 1780; x_wconf 89' lang='lat' dir='ltr'>praecise</span> <span class='ocrx_word' id='word_1_288' title='bbox 1826 1726 2079 1767; x_wconf 89' lang='lat' dir='ltr'>absolvatur</span> <span class='ocrx_word' id='word_1_289' title='bbox 2105 1740 2139 1767; x_wconf 91' lang='lat' dir='ltr'>s.</span> <span class='ocrx_word' id='word_1_290' title='bbox 2163 1726 2362 1768; x_wconf 91' lang='lat' dir='ltr'>Thomae</span> 
     </span>
     <span class='ocr_line' id='line_1_25' title="bbox 151 1787 2361 1846; baseline -0 -14"><span class='ocrx_word' id='word_1_291' title='bbox 151 1789 382 1846; x_wconf 86' lang='lat' dir='ltr'>expositio.</span> <span class='ocrx_word' id='word_1_292' title='bbox 418 1788 574 1831; x_wconf 90' lang='lat' dir='ltr'>Codex</span> <span class='ocrx_word' id='word_1_293' title='bbox 607 1795 752 1830; x_wconf 91' lang='lat' dir='ltr'>autem</span> <span class='ocrx_word' id='word_1_294' title='bbox 785 1788 924 1829; x_wconf 92' lang='lat' dir='ltr'>Vatic.</span> <span class='ocrx_word' id='word_1_295' title='bbox 953 1799 1072 1842; x_wconf 89' lang='lat'><strong>2072</strong></span> <span class='ocrx_word' id='word_1_296' title='bbox 1097 1787 1270 1829; x_wconf 91' lang='lat' dir='ltr'>videtur</span> <span class='ocrx_word' id='word_1_297' title='bbox 1302 1787 1448 1843; x_wconf 86' lang='lat' dir='ltr'>potius</span> <span class='ocrx_word' id='word_1_298' title='bbox 1483 1788 1699 1830; x_wconf 91' lang='lat' dir='ltr'>insinuare</span> <span class='ocrx_word' id='word_1_299' title='bbox 1734 1788 1855 1843; x_wconf 94' lang='lat' dir='ltr'>quod</span> <span class='ocrx_word' id='word_1_300' title='bbox 1889 1802 1921 1830; x_wconf 92' lang='lat' dir='ltr'>s.</span> <span class='ocrx_word' id='word_1_301' title='bbox 1947 1789 2117 1830; x_wconf 92' lang='lat' dir='ltr'>Doctor</span> <span class='ocrx_word' id='word_1_302' title='bbox 2139 1802 2361 1831; x_wconf 91' lang='lat' dir='ltr'>commen-</span> 
     </span>
     <span class='ocr_line' id='line_1_26' title="bbox 149 1850 2362 1907; baseline -0.001 -12"><span class='ocrx_word' id='word_1_303' title='bbox 149 1853 305 1896; x_wconf 78' lang='lat' dir='ltr'>tarium</span> <span class='ocrx_word' id='word_1_304' title='bbox 339 1865 468 1894; x_wconf 89' lang='lat' dir='ltr'>suum</span> <span class='ocrx_word' id='word_1_305' title='bbox 501 1857 758 1907; x_wconf 89' lang='lat' dir='ltr'>prosecutus</span> <span class='ocrx_word' id='word_1_306' title='bbox 792 1851 847 1892; x_wconf 91' lang='lat' dir='ltr'>sit</span> <span class='ocrx_word' id='word_1_307' title='bbox 878 1864 1020 1906; x_wconf 87' lang='lat' dir='ltr'>usque</span> <span class='ocrx_word' id='word_1_308' title='bbox 1054 1850 1111 1891; x_wconf 91' lang='lat' dir='ltr'>ad</span> <span class='ocrx_word' id='word_1_309' title='bbox 1133 1850 1284 1892; x_wconf 88' lang='lat' dir='ltr'>ultima</span> <span class='ocrx_word' id='word_1_310' title='bbox 1306 1851 1446 1905; x_wconf 90' lang='lat' dir='ltr'>capita</span> <span class='ocrx_word' id='word_1_311' title='bbox 1468 1850 1647 1892; x_wconf 89' lang='lat' dir='ltr'>secundi</span> <span class='ocrx_word' id='word_1_312' title='bbox 1681 1851 1788 1892; x_wconf 88' lang='lat' dir='ltr'>libri.</span> <span class='ocrx_word' id='word_1_313' title='bbox 1823 1852 1864 1892; x_wconf 92' lang='lat' dir='ltr'>Is</span> <span class='ocrx_word' id='word_1_314' title='bbox 1888 1851 2002 1892; x_wconf 91' lang='lat' dir='ltr'>enim</span> <span class='ocrx_word' id='word_1_315' title='bbox 2025 1851 2081 1892; x_wconf 91' lang='lat' dir='ltr'>ad</span> <span class='ocrx_word' id='word_1_316' title='bbox 2103 1852 2239 1893; x_wconf 90' lang='lat' dir='ltr'>verba</span> <span class='ocrx_word' id='word_1_317' title='bbox 2261 1852 2362 1893; x_wconf 91' lang='lat' dir='ltr'>Ari-</span> 
     </span>
     <span class='ocr_line' id='line_1_27' title="bbox 149 1913 2362 1971; baseline -0.001 -13"><span class='ocrx_word' id='word_1_318' title='bbox 149 1915 318 1958; x_wconf 84' lang='lat' dir='ltr'>stotelis</span> <span class='ocrx_word' id='word_1_319' title='bbox 353 1915 467 1971; x_wconf 91' lang='lat' dir='ltr'>(cap.</span> <span class='ocrx_word' id='word_1_320' title='bbox 491 1927 585 1963; x_wconf 88' lang='lat' dir='ltr'>vm,</span> <span class='ocrx_word' id='word_1_321' title='bbox 620 1927 737 1956; x_wconf 88' lang='lat' dir='ltr'>num.</span> <span class='ocrx_word' id='word_1_322' title='bbox 762 1914 843 1969; x_wconf 89' lang='lat'>38)</span> <span class='ocrx_word' id='word_1_323' title='bbox 878 1914 1116 1955; x_wconf 80' lang='lat' dir='ltr'>Praevenit</span> <span class='ocrx_word' id='word_1_324' title='bbox 1144 1916 1291 1955; x_wconf 80' lang='lat' dir='ltr'>aulem</span> <span class='ocrx_word' id='word_1_325' title='bbox 1322 1927 1455 1954; x_wconf 83' lang='lat' dir='ltr'>sonus</span> <span class='ocrx_word' id='word_1_326' title='bbox 1487 1916 1669 1962; x_wconf 83' lang='lat' dir='ltr'>motum,</span> <span class='ocrx_word' id='word_1_327' title='bbox 1706 1914 1810 1968; x_wconf 82' lang='lat' dir='ltr'>quia</span> <span class='ocrx_word' id='word_1_328' title='bbox 1853 1913 2127 1955; x_wconf 78' lang='lat' dir='ltr'>subtiliorum</span> <span class='ocrx_word' id='word_1_329' title='bbox 2159 1915 2362 1969; x_wconf 78' lang='lat' dir='ltr'>partium</span> 
     </span>
     <span class='ocr_line' id='line_1_28' title="bbox 148 1975 2361 2033; baseline -0.001 -12"><span class='ocrx_word' id='word_1_330' title='bbox 148 1981 217 2021; x_wconf 79' lang='lat' dir='ltr'>est</span> <span class='ocrx_word' id='word_1_331' title='bbox 245 1984 338 2028; x_wconf 66' lang='lat' dir='ltr'>etc„</span> <span class='ocrx_word' id='word_1_332' title='bbox 373 1978 479 2019; x_wconf 88' lang='lat' dir='ltr'>haec</span> <span class='ocrx_word' id='word_1_333' title='bbox 513 1983 693 2019; x_wconf 90' lang='lat' dir='ltr'>annotat</span> <span class='ocrx_word' id='word_1_334' title='bbox 726 1977 768 2018; x_wconf 88' lang='lat' dir='ltr'>in</span> <span class='ocrx_word' id='word_1_335' title='bbox 803 1976 1010 2033; x_wconf 86' lang='lat' dir='ltr'>margine,</span> <span class='ocrx_word' id='word_1_336' title='bbox 1045 1976 1116 2018; x_wconf 82' lang='lat' dir='ltr'>sol.</span> <span class='ocrx_word' id='word_1_337' title='bbox 1149 1975 1234 2018; x_wconf 91' lang='lat'>156</span> <span class='ocrx_word' id='word_1_338' title='bbox 1268 1982 1407 2018; x_wconf 88' lang='lat' dir='ltr'>recto:</span> <span class='ocrx_word' id='word_1_339' title='bbox 1450 1994 1464 2013; x_wconf 87' lang='lat'>‹</span> <span class='ocrx_word' id='word_1_340' title='bbox 1496 1976 1633 2030; x_wconf 76' lang='lat' dir='ltr'>Quasi</span> <span class='ocrx_word' id='word_1_341' title='bbox 1668 1976 1781 2018; x_wconf 91' lang='lat' dir='ltr'>dicat</span> <span class='ocrx_word' id='word_1_342' title='bbox 1810 1976 1931 2031; x_wconf 92' lang='lat' dir='ltr'>quod</span> <span class='ocrx_word' id='word_1_343' title='bbox 1966 1977 2067 2032; x_wconf 92' lang='lat' dir='ltr'>quia</span> <span class='ocrx_word' id='word_1_344' title='bbox 2100 1977 2192 2032; x_wconf 90' lang='lat' dir='ltr'>ipse</span> <span class='ocrx_word' id='word_1_345' title='bbox 2225 1990 2361 2019; x_wconf 89' lang='lat' dir='ltr'>sonus</span> 
     </span>
     <span class='ocr_line' id='line_1_29' title="bbox 148 2038 2363 2099; baseline -0.001 -16"><span class='ocrx_word' id='word_1_346' title='bbox 148 2041 291 2099; x_wconf 89' lang='lat' dir='ltr'>magis</span> <span class='ocrx_word' id='word_1_347' title='bbox 314 2041 446 2082; x_wconf 87' lang='lat' dir='ltr'>habet</span> <span class='ocrx_word' id='word_1_348' title='bbox 467 2040 559 2082; x_wconf 88' lang='lat' dir='ltr'>fieri</span> <span class='ocrx_word' id='word_1_349' title='bbox 594 2039 636 2081; x_wconf 90' lang='lat' dir='ltr'>in</span> <span class='ocrx_word' id='word_1_350' title='bbox 669 2039 970 2081; x_wconf 90' lang='lat' dir='ltr'>subtilioribus</span> <span class='ocrx_word' id='word_1_351' title='bbox 1003 2039 1197 2094; x_wconf 88' lang='lat' dir='ltr'>partibus</span> <span class='ocrx_word' id='word_1_352' title='bbox 1231 2038 1366 2094; x_wconf 90' lang='lat' dir='ltr'>ipsius</span> <span class='ocrx_word' id='word_1_353' title='bbox 1402 2039 1685 2080; x_wconf 90' lang='lat' dir='ltr'>exhalationis</span> <span class='ocrx_word' id='word_1_354' title='bbox 1720 2053 1852 2094; x_wconf 90' lang='lat' dir='ltr'>quam</span> <span class='ocrx_word' id='word_1_355' title='bbox 1886 2045 2064 2089; x_wconf 87' lang='lat' dir='ltr'>ventus;</span> <span class='ocrx_word' id='word_1_356' title='bbox 2101 2045 2142 2080; x_wconf 95' lang='lat' dir='ltr'>et</span> <span class='ocrx_word' id='word_1_357' title='bbox 2174 2039 2275 2081; x_wconf 92' lang='lat' dir='ltr'>inde</span> <span class='ocrx_word' id='word_1_358' title='bbox 2298 2046 2363 2081; x_wconf 90' lang='lat' dir='ltr'>est</span> 
     </span>
    </p>

    <p class='ocr_par' dir='ltr' id='par_1_4' title="bbox 74 2101 2365 2913">
     <span class='ocr_line' id='line_1_30' title="bbox 74 2101 2361 2160; baseline -0.001 -14"><span class='ocrx_word' id='word_1_359' title='bbox 74 2101 84 2108; x_wconf 80' lang='grc'><strong><em>’</em></strong></span> <span class='ocrx_word' id='word_1_360' title='bbox 149 2103 436 2160; x_wconf 83' lang='lat' dir='ltr'>quodcitius</span> <span class='ocrx_word' id='word_1_361' title='bbox 479 2102 676 2159; x_wconf 90' lang='lat' dir='ltr'>pervenit</span> <span class='ocrx_word' id='word_1_362' title='bbox 719 2102 776 2144; x_wconf 92' lang='lat' dir='ltr'>ad</span> <span class='ocrx_word' id='word_1_363' title='bbox 810 2102 1006 2144; x_wconf 89' lang='lat' dir='ltr'>auditum</span> <span class='ocrx_word' id='word_1_364' title='bbox 1049 2102 1142 2157; x_wconf 91' lang='lat' dir='ltr'>ipse</span> <span class='ocrx_word' id='word_1_365' title='bbox 1177 2115 1332 2151; x_wconf 90' lang='lat' dir='ltr'>sonus,</span> <span class='ocrx_word' id='word_1_366' title='bbox 1367 2115 1499 2157; x_wconf 92' lang='lat' dir='ltr'>quam</span> <span class='ocrx_word' id='word_1_367' title='bbox 1533 2107 1819 2143; x_wconf 87' lang='lat' dir='ltr'>terraemotus</span> <span class='ocrx_word' id='word_1_368' title='bbox 1859 2102 1924 2143; x_wconf 93' lang='lat' dir='ltr'>sit.</span> <span class='ocrx_word' id='word_1_369' title='bbox 1971 2103 2028 2143; x_wconf 89' lang='lat' dir='ltr'>Et</span> <span class='ocrx_word' id='word_1_370' title='bbox 2059 2108 2235 2157; x_wconf 91' lang='lat' dir='ltr'>propter</span> <span class='ocrx_word' id='word_1_371' title='bbox 2277 2103 2361 2144; x_wconf 93' lang='lat' dir='ltr'>hoc</span> 
     </span>
     <span class='ocr_line' id='line_1_31' title="bbox 149 2164 2361 2221; baseline -0.001 -12"><span class='ocrx_word' id='word_1_372' title='bbox 149 2166 254 2209; x_wconf 89' lang='lat' dir='ltr'>dicit</span> <span class='ocrx_word' id='word_1_373' title='bbox 284 2166 528 2221; x_wconf 81' lang='lat' dir='ltr'>Expositor</span> <span class='ocrx_word' id='word_1_374' title='bbox 562 2164 684 2220; x_wconf 91' lang='lat' dir='ltr'>quod</span> <span class='ocrx_word' id='word_1_375' title='bbox 724 2178 814 2206; x_wconf 92' lang='lat' dir='ltr'>non</span> <span class='ocrx_word' id='word_1_376' title='bbox 849 2171 915 2206; x_wconf 87' lang='lat' dir='ltr'>est</span> <span class='ocrx_word' id='word_1_377' title='bbox 947 2165 1275 2221; x_wconf 91' lang='lat' dir='ltr'>intelligendum</span> <span class='ocrx_word' id='word_1_378' title='bbox 1311 2165 1434 2220; x_wconf 87' lang='lat' dir='ltr'>quasi</span> <span class='ocrx_word' id='word_1_379' title='bbox 1469 2178 1605 2206; x_wconf 92' lang='lat' dir='ltr'>sonus</span> <span class='ocrx_word' id='word_1_380' title='bbox 1639 2165 1694 2206; x_wconf 91' lang='lat' dir='ltr'>sit</span> <span class='ocrx_word' id='word_1_381' title='bbox 1727 2178 1885 2220; x_wconf 90' lang='lat' dir='ltr'>corpus</span> <span class='ocrx_word' id='word_1_382' title='bbox 1918 2171 2060 2220; x_wconf 89' lang='lat' dir='ltr'>partes</span> <span class='ocrx_word' id='word_1_383' title='bbox 2083 2165 2262 2206; x_wconf 91' lang='lat' dir='ltr'>subtiles</span> <span class='ocrx_word' id='word_1_384' title='bbox 2285 2165 2361 2207; x_wconf 92' lang='lat' dir='ltr'>ha-</span> 
     </span>
     <span class='ocr_line' id='line_1_32' title="bbox 150 2227 2362 2283; baseline -0.001 -11"><span class='ocrx_word' id='word_1_385' title='bbox 150 2229 284 2279; x_wconf 85' lang='lat' dir='ltr'>bens;</span> <span class='ocrx_word' id='word_1_386' title='bbox 319 2228 399 2270; x_wconf 91' lang='lat' dir='ltr'>sed</span> <span class='ocrx_word' id='word_1_387' title='bbox 433 2228 535 2283; x_wconf 94' lang='lat' dir='ltr'>quia</span> <span class='ocrx_word' id='word_1_388' title='bbox 569 2228 611 2269; x_wconf 91' lang='lat' dir='ltr'>in</span> <span class='ocrx_word' id='word_1_389' title='bbox 645 2227 859 2268; x_wconf 90' lang='lat' dir='ltr'>subtiliori</span> <span class='ocrx_word' id='word_1_390' title='bbox 893 2240 992 2268; x_wconf 90' lang='lat' dir='ltr'>aere</span> <span class='ocrx_word' id='word_1_391' title='bbox 1025 2234 1171 2282; x_wconf 91' lang='lat' dir='ltr'>potest</span> <span class='ocrx_word' id='word_1_392' title='bbox 1202 2227 1295 2268; x_wconf 89' lang='lat' dir='ltr'>fieri</span> <span class='ocrx_word' id='word_1_393' title='bbox 1328 2241 1465 2268; x_wconf 89' lang='lat' dir='ltr'>sonus</span> <span class='ocrx_word' id='word_1_394' title='bbox 1500 2241 1631 2282; x_wconf 91' lang='lat' dir='ltr'>quam</span> <span class='ocrx_word' id='word_1_395' title='bbox 1665 2234 1833 2277; x_wconf 90' lang='lat' dir='ltr'>ventus,</span> <span class='ocrx_word' id='word_1_396' title='bbox 1858 2227 1958 2268; x_wconf 91' lang='lat' dir='ltr'>ideo</span> <span class='ocrx_word' id='word_1_397' title='bbox 1993 2227 2227 2282; x_wconf 90' lang='lat' dir='ltr'>aliquando</span> <span class='ocrx_word' id='word_1_398' title='bbox 2254 2228 2362 2270; x_wconf 91' lang='lat' dir='ltr'>fiunt</span> 
     </span>
     <span class='ocr_line' id='line_1_33' title="bbox 148 2290 2360 2346; baseline -0.001 -12"><span class='ocrx_word' id='word_1_399' title='bbox 148 2291 400 2334; x_wconf 89' lang='lat' dir='ltr'>huiusmodi</span> <span class='ocrx_word' id='word_1_400' title='bbox 434 2291 532 2332; x_wconf 92' lang='lat' dir='ltr'>soni</span> <span class='ocrx_word' id='word_1_401' title='bbox 554 2290 648 2332; x_wconf 90' lang='lat' dir='ltr'>sine</span> <span class='ocrx_word' id='word_1_402' title='bbox 681 2296 956 2332; x_wconf 89' lang='lat' dir='ltr'>terraemotu.</span> <span class='ocrx_word' id='word_1_403' title='bbox 984 2309 997 2325; x_wconf 67' lang='grc' dir='ltr'><em>υ</em></span> <span class='ocrx_word' id='word_1_404' title='bbox 1029 2291 1152 2331; x_wconf 92' lang='lat' dir='ltr'>Haec</span> <span class='ocrx_word' id='word_1_405' title='bbox 1185 2296 1342 2339; x_wconf 91' lang='lat' dir='ltr'>autem,</span> <span class='ocrx_word' id='word_1_406' title='bbox 1378 2303 1491 2345; x_wconf 94' lang='lat' dir='ltr'>quae</span> <span class='ocrx_word' id='word_1_407' title='bbox 1524 2296 1731 2345; x_wconf 88' lang='lat' dir='ltr'>tanquam</span> <span class='ocrx_word' id='word_1_408' title='bbox 1763 2291 2040 2346; x_wconf 79' lang='lat' dir='ltr'>Exposz&#39;toris</span> <span class='ocrx_word' id='word_1_409' title='bbox 2071 2290 2207 2331; x_wconf 89' lang='lat' dir='ltr'>verba</span> <span class='ocrx_word' id='word_1_410' title='bbox 2241 2291 2360 2332; x_wconf 90' lang='lat' dir='ltr'>exhi-</span> 
     </span>
     <span class='ocr_line' id='line_1_34' title="bbox 147 2353 2359 2409; baseline -0 -13"><span class='ocrx_word' id='word_1_411' title='bbox 147 2355 321 2403; x_wconf 90' lang='lat' dir='ltr'>bentur,</span> <span class='ocrx_word' id='word_1_412' title='bbox 367 2367 456 2396; x_wconf 90' lang='lat' dir='ltr'>non</span> <span class='ocrx_word' id='word_1_413' title='bbox 496 2353 767 2409; x_wconf 89' lang='lat' dir='ltr'>reperiuntur</span> <span class='ocrx_word' id='word_1_414' title='bbox 809 2366 925 2394; x_wconf 90' lang='lat' dir='ltr'>num.</span> <span class='ocrx_word' id='word_1_415' title='bbox 962 2365 986 2394; x_wconf 93' lang='lat'><strong>2</strong></span> <span class='ocrx_word' id='word_1_416' title='bbox 1022 2353 1219 2394; x_wconf 88' lang='lat' dir='ltr'>lectionis</span> <span class='ocrx_word' id='word_1_417' title='bbox 1253 2367 1313 2394; x_wconf 90' lang='lat' dir='ltr'>xv</span> <span class='ocrx_word' id='word_1_418' title='bbox 1346 2353 1389 2393; x_wconf 91' lang='lat' dir='ltr'>in</span> <span class='ocrx_word' id='word_1_419' title='bbox 1429 2353 1668 2394; x_wconf 88' lang='lat' dir='ltr'>secundum</span> <span class='ocrx_word' id='word_1_420' title='bbox 1702 2353 1859 2394; x_wconf 90' lang='lat' dir='ltr'>librum</span> <span class='ocrx_word' id='word_1_421' title='bbox 1900 2353 1975 2407; x_wconf 88' lang='lat' dir='ltr'>(cs.</span> <span class='ocrx_word' id='word_1_422' title='bbox 2010 2353 2250 2408; x_wconf 90' lang='lat' dir='ltr'>Append.),</span> <span class='ocrx_word' id='word_1_423' title='bbox 2286 2354 2359 2395; x_wconf 92' lang='lat' dir='ltr'>ubi</span> 
     </span>
     <span class='ocr_line' id='line_1_35' title="bbox 147 2415 2358 2474; baseline -0.001 -15"><span class='ocrx_word' id='word_1_424' title='bbox 147 2417 369 2474; x_wconf 89' lang='lat' dir='ltr'>praecitati</span> <span class='ocrx_word' id='word_1_425' title='bbox 403 2422 547 2458; x_wconf 91' lang='lat' dir='ltr'>textus</span> <span class='ocrx_word' id='word_1_426' title='bbox 581 2416 687 2458; x_wconf 91' lang='lat' dir='ltr'>haec</span> <span class='ocrx_word' id='word_1_427' title='bbox 722 2415 939 2471; x_wconf 91' lang='lat' dir='ltr'>expositio</span> <span class='ocrx_word' id='word_1_428' title='bbox 975 2415 1121 2457; x_wconf 90' lang='lat' dir='ltr'>datur:</span> <span class='ocrx_word' id='word_1_429' title='bbox 1164 2433 1178 2452; x_wconf 86' lang='lat'><strong>‹</strong></span> <span class='ocrx_word' id='word_1_430' title='bbox 1201 2415 1432 2457; x_wconf 89' lang='lat' dir='ltr'>Praevenit</span> <span class='ocrx_word' id='word_1_431' title='bbox 1464 2421 1608 2457; x_wconf 87' lang='lat' dir='ltr'>autem</span> <span class='ocrx_word' id='word_1_432' title='bbox 1643 2429 1778 2457; x_wconf 90' lang='lat' dir='ltr'>sonus</span> <span class='ocrx_word' id='word_1_433' title='bbox 1802 2422 1982 2464; x_wconf 89' lang='lat' dir='ltr'>motum,</span> <span class='ocrx_word' id='word_1_434' title='bbox 2008 2415 2110 2470; x_wconf 93' lang='lat' dir='ltr'>quia</span> <span class='ocrx_word' id='word_1_435' title='bbox 2144 2415 2358 2457; x_wconf 88' lang='lat' dir='ltr'>exhalatio</span> 
     </span>
     <span class='ocr_line' id='line_1_36' title="bbox 147 2478 2357 2536; baseline -0.001 -14"><span class='ocrx_word' id='word_1_436' title='bbox 147 2480 295 2536; x_wconf 90' lang='lat' dir='ltr'>aliqua</span> <span class='ocrx_word' id='word_1_437' title='bbox 328 2493 442 2535; x_wconf 91' lang='lat' dir='ltr'>quae</span> <span class='ocrx_word' id='word_1_438' title='bbox 477 2485 542 2521; x_wconf 87' lang='lat' dir='ltr'>est</span> <span class='ocrx_word' id='word_1_439' title='bbox 575 2478 851 2520; x_wconf 89' lang='lat' dir='ltr'>subtiliorum</span> <span class='ocrx_word' id='word_1_440' title='bbox 886 2478 1071 2534; x_wconf 89' lang='lat' dir='ltr'>partium</span> <span class='ocrx_word' id='word_1_441' title='bbox 1106 2484 1148 2519; x_wconf 94' lang='lat' dir='ltr'>et</span> <span class='ocrx_word' id='word_1_442' title='bbox 1181 2479 1320 2534; x_wconf 87' lang='lat' dir='ltr'>magis</span> <span class='ocrx_word' id='word_1_443' title='bbox 1354 2478 1652 2533; x_wconf 89' lang='lat' dir='ltr'>penetrabilis,</span> <span class='ocrx_word' id='word_1_444' title='bbox 1689 2478 1812 2520; x_wconf 92' lang='lat' dir='ltr'>citius</span> <span class='ocrx_word' id='word_1_445' title='bbox 1847 2478 1959 2526; x_wconf 91' lang='lat' dir='ltr'>exit,</span> <span class='ocrx_word' id='word_1_446' title='bbox 2005 2483 2046 2518; x_wconf 92' lang='lat' dir='ltr'>et</span> <span class='ocrx_word' id='word_1_447' title='bbox 2079 2491 2167 2519; x_wconf 93' lang='lat' dir='ltr'>non</span> <span class='ocrx_word' id='word_1_448' title='bbox 2201 2484 2357 2534; x_wconf 91' lang='lat' dir='ltr'>potens</span> 
     </span>
     <span class='ocr_line' id='line_1_37' title="bbox 149 2540 2359 2596; baseline -0.001 -11"><span class='ocrx_word' id='word_1_449' title='bbox 149 2556 327 2585; x_wconf 87' lang='lat' dir='ltr'>causare</span> <span class='ocrx_word' id='word_1_450' title='bbox 361 2548 683 2592; x_wconf 88' lang='lat' dir='ltr'>terraemotum,</span> <span class='ocrx_word' id='word_1_451' title='bbox 718 2542 817 2583; x_wconf 84' lang='lat' dir='ltr'>facit</span> <span class='ocrx_word' id='word_1_452' title='bbox 850 2541 1050 2583; x_wconf 89' lang='lat' dir='ltr'>diversos</span> <span class='ocrx_word' id='word_1_453' title='bbox 1084 2554 1242 2591; x_wconf 89' lang='lat' dir='ltr'>sonos;</span> <span class='ocrx_word' id='word_1_454' title='bbox 1279 2547 1321 2582; x_wconf 93' lang='lat' dir='ltr'>et</span> <span class='ocrx_word' id='word_1_455' title='bbox 1354 2541 1477 2582; x_wconf 91' lang='lat' dir='ltr'>citius</span> <span class='ocrx_word' id='word_1_456' title='bbox 1512 2541 1640 2582; x_wconf 90' lang='lat' dir='ltr'>etiam</span> <span class='ocrx_word' id='word_1_457' title='bbox 1663 2555 1690 2582; x_wconf 91' lang='lat' dir='ltr'>a</span> <span class='ocrx_word' id='word_1_458' title='bbox 1712 2541 1840 2582; x_wconf 91' lang='lat' dir='ltr'>nobis</span> <span class='ocrx_word' id='word_1_459' title='bbox 1873 2540 2054 2590; x_wconf 86' lang='lat' dir='ltr'>auditur,</span> <span class='ocrx_word' id='word_1_460' title='bbox 2091 2540 2193 2595; x_wconf 92' lang='lat' dir='ltr'>quia</span> <span class='ocrx_word' id='word_1_461' title='bbox 2226 2554 2359 2596; x_wconf 89' lang='lat' dir='ltr'>pene-</span> 
     </span>
     <span class='ocr_line' id='line_1_38' title="bbox 149 2604 2358 2661; baseline -0.001 -14"><span class='ocrx_word' id='word_1_462' title='bbox 149 2605 343 2648; x_wconf 89' lang='lat' dir='ltr'>trabilior</span> <span class='ocrx_word' id='word_1_463' title='bbox 382 2612 448 2647; x_wconf 90' lang='lat' dir='ltr'>est</span> <span class='ocrx_word' id='word_1_464' title='bbox 487 2618 624 2647; x_wconf 86' lang='lat' dir='ltr'>sonus</span> <span class='ocrx_word' id='word_1_465' title='bbox 665 2610 707 2646; x_wconf 89' lang='lat' dir='ltr'>et</span> <span class='ocrx_word' id='word_1_466' title='bbox 746 2604 887 2661; x_wconf 90' lang='lat' dir='ltr'>magis</span> <span class='ocrx_word' id='word_1_467' title='bbox 926 2604 1144 2645; x_wconf 91' lang='lat' dir='ltr'>sensibilis</span> <span class='ocrx_word' id='word_1_468' title='bbox 1192 2604 1341 2659; x_wconf 91' lang='lat' dir='ltr'>quoad</span> <span class='ocrx_word' id='word_1_469' title='bbox 1375 2617 1477 2653; x_wconf 87' lang='lat' dir='ltr'>nOS,</span> <span class='ocrx_word' id='word_1_470' title='bbox 1521 2617 1653 2659; x_wconf 88' lang='lat' dir='ltr'>quam</span> <span class='ocrx_word' id='word_1_471' title='bbox 1698 2610 1842 2645; x_wconf 88' lang='lat' dir='ltr'>motus</span> <span class='ocrx_word' id='word_1_472' title='bbox 1884 2609 2020 2644; x_wconf 88' lang='lat' dir='ltr'>terrae</span> <span class='ocrx_word' id='word_1_473' title='bbox 2065 2609 2264 2644; x_wconf 88' lang='lat' dir='ltr'>causatus</span> <span class='ocrx_word' id='word_1_474' title='bbox 2303 2604 2358 2645; x_wconf 92' lang='lat' dir='ltr'>ab</span> 
     </span>
     <span class='ocr_line' id='line_1_39' title="bbox 150 2666 2361 2724; baseline -0.002 -14"><span class='ocrx_word' id='word_1_475' title='bbox 150 2668 438 2710; x_wconf 89' lang='lat' dir='ltr'>exhalatione.</span> <span class='ocrx_word' id='word_1_476' title='bbox 465 2686 480 2706; x_wconf 64' lang='lat'>2</span> <span class='ocrx_word' id='word_1_477' title='bbox 519 2668 639 2710; x_wconf 91' lang='lat' dir='ltr'>Num</span> <span class='ocrx_word' id='word_1_478' title='bbox 663 2681 770 2724; x_wconf 90' lang='lat' dir='ltr'>ergo</span> <span class='ocrx_word' id='word_1_479' title='bbox 793 2673 1026 2708; x_wconf 89' lang='lat' dir='ltr'>annotator</span> <span class='ocrx_word' id='word_1_480' title='bbox 1059 2667 1255 2708; x_wconf 90' lang='lat' dir='ltr'>codicem</span> <span class='ocrx_word' id='word_1_481' title='bbox 1289 2667 1489 2716; x_wconf 89' lang='lat' dir='ltr'>habebat,</span> <span class='ocrx_word' id='word_1_482' title='bbox 1524 2667 1566 2708; x_wconf 91' lang='lat' dir='ltr'>in</span> <span class='ocrx_word' id='word_1_483' title='bbox 1592 2680 1681 2722; x_wconf 93' lang='lat' dir='ltr'>quo</span> <span class='ocrx_word' id='word_1_484' title='bbox 1705 2667 2019 2708; x_wconf 89' lang='lat' dir='ltr'>exhibebantur</span> <span class='ocrx_word' id='word_1_485' title='bbox 2052 2666 2361 2707; x_wconf 89' lang='lat' dir='ltr'>commentaria</span> 
     </span>
     <span class='ocr_line' id='line_1_40' title="bbox 149 2729 2365 2786; baseline -0.001 -14"><span class='ocrx_word' id='word_1_486' title='bbox 149 2745 183 2774; x_wconf 87' lang='lat' dir='ltr'>s.</span> <span class='ocrx_word' id='word_1_487' title='bbox 208 2731 408 2778; x_wconf 89' lang='lat' dir='ltr'>Thomae</span> <span class='ocrx_word' id='word_1_488' title='bbox 441 2731 484 2772; x_wconf 88' lang='lat' dir='ltr'>in</span> <span class='ocrx_word' id='word_1_489' title='bbox 519 2737 660 2772; x_wconf 89' lang='lat' dir='ltr'>totum</span> <span class='ocrx_word' id='word_1_490' title='bbox 693 2730 936 2772; x_wconf 92' lang='lat' dir='ltr'>secundum</span> <span class='ocrx_word' id='word_1_491' title='bbox 970 2730 1306 2771; x_wconf 88' lang='lat' dir='ltr'>librum?-Num</span> <span class='ocrx_word' id='word_1_492' title='bbox 1330 2736 1372 2771; x_wconf 90' lang='lat' dir='ltr'>et</span> <span class='ocrx_word' id='word_1_493' title='bbox 1394 2730 1486 2785; x_wconf 91' lang='lat' dir='ltr'>ipse</span> <span class='ocrx_word' id='word_1_494' title='bbox 1521 2730 1728 2786; x_wconf 88' lang='lat' dir='ltr'>deceptus</span> <span class='ocrx_word' id='word_1_495' title='bbox 1763 2735 1845 2778; x_wconf 90' lang='lat' dir='ltr'>est,</span> <span class='ocrx_word' id='word_1_496' title='bbox 1881 2729 2073 2770; x_wconf 89' lang='lat' dir='ltr'>tribuens</span> <span class='ocrx_word' id='word_1_497' title='bbox 2106 2729 2365 2784; x_wconf 76' lang='lat' dir='ltr'>Exposz‘torz’</span> 
     </span>
     <span class='ocr_line' id='line_1_41' title="bbox 150 2791 2359 2849; baseline -0.002 -13"><span class='ocrx_word' id='word_1_498' title='bbox 150 2794 273 2849; x_wconf 93' lang='lat' dir='ltr'>quod</span> <span class='ocrx_word' id='word_1_499' title='bbox 307 2794 481 2836; x_wconf 90' lang='lat' dir='ltr'>alterius</span> <span class='ocrx_word' id='word_1_500' title='bbox 516 2799 607 2835; x_wconf 88' lang='lat' dir='ltr'>erat</span> <span class='ocrx_word' id='word_1_501' title='bbox 630 2793 1011 2834; x_wconf 86' lang='lat' dir='ltr'>commentatoris?</span> <span class='ocrx_word' id='word_1_502' title='bbox 1044 2794 1113 2834; x_wconf 92' lang='lat' dir='ltr'>De</span> <span class='ocrx_word' id='word_1_503' title='bbox 1136 2793 1216 2834; x_wconf 93' lang='lat' dir='ltr'>hac</span> <span class='ocrx_word' id='word_1_504' title='bbox 1240 2806 1284 2834; x_wconf 94' lang='lat' dir='ltr'>re</span> <span class='ocrx_word' id='word_1_505' title='bbox 1315 2793 1416 2834; x_wconf 90' lang='lat' dir='ltr'>nihil</span> <span class='ocrx_word' id='word_1_506' title='bbox 1440 2793 1542 2834; x_wconf 90' lang='lat' dir='ltr'>certi</span> <span class='ocrx_word' id='word_1_507' title='bbox 1564 2799 1752 2834; x_wconf 88' lang='lat' dir='ltr'>statuere</span> <span class='ocrx_word' id='word_1_508' title='bbox 1775 2805 2023 2848; x_wconf 92' lang='lat' dir='ltr'>possumus.</span> <span class='ocrx_word' id='word_1_509' title='bbox 2059 2791 2107 2832; x_wconf 90' lang='lat' dir='ltr'>Si</span> <span class='ocrx_word' id='word_1_510' title='bbox 2141 2804 2218 2846; x_wconf 94' lang='lat' dir='ltr'>per</span> <span class='ocrx_word' id='word_1_511' title='bbox 2250 2792 2359 2832; x_wconf 90' lang='lat' dir='ltr'>ulte-</span> 
     </span>
     <span class='ocr_line' id='line_1_42' title="bbox 149 2853 2358 2913; baseline -0.002 -14"><span class='ocrx_word' id='word_1_512' title='bbox 149 2857 286 2899; x_wconf 90' lang='lat' dir='ltr'>riores</span> <span class='ocrx_word' id='word_1_513' title='bbox 320 2857 549 2913; x_wconf 90' lang='lat' dir='ltr'>indagines</span> <span class='ocrx_word' id='word_1_514' title='bbox 582 2855 746 2911; x_wconf 88' lang='lat' dir='ltr'>aliquid</span> <span class='ocrx_word' id='word_1_515' title='bbox 779 2856 972 2897; x_wconf 91' lang='lat' dir='ltr'>invenire</span> <span class='ocrx_word' id='word_1_516' title='bbox 1006 2855 1240 2912; x_wconf 87' lang='lat' dir='ltr'>continget,</span> <span class='ocrx_word' id='word_1_517' title='bbox 1277 2869 1366 2911; x_wconf 94' lang='lat' dir='ltr'>quo</span> <span class='ocrx_word' id='word_1_518' title='bbox 1402 2862 1444 2896; x_wconf 92' lang='lat' dir='ltr'>et</span> <span class='ocrx_word' id='word_1_519' title='bbox 1475 2856 1581 2897; x_wconf 92' lang='lat' dir='ltr'>haec</span> <span class='ocrx_word' id='word_1_520' title='bbox 1615 2856 1813 2911; x_wconf 90' lang='lat' dir='ltr'>quaestio</span> <span class='ocrx_word' id='word_1_521' title='bbox 1848 2854 1972 2902; x_wconf 89' lang='lat' dir='ltr'>solvi,</span> <span class='ocrx_word' id='word_1_522' title='bbox 1999 2859 2041 2894; x_wconf 87' lang='lat' dir='ltr'>et</span> <span class='ocrx_word' id='word_1_523' title='bbox 2062 2853 2189 2894; x_wconf 89' lang='lat' dir='ltr'>simul</span> <span class='ocrx_word' id='word_1_524' title='bbox 2218 2853 2358 2895; x_wconf 88' lang='lat' dir='ltr'>deter-</span> 
     </span>
    </p>

    <p class='ocr_par' dir='ltr' id='par_1_5' title="bbox 115 2916 2358 3102">
     <span class='ocr_line' id='line_1_43' title="bbox 115 2916 2357 2979; baseline -0.001 -18"><span class='ocrx_word' id='word_1_525' title='bbox 115 2919 302 2979; x_wconf 37' lang='lat' dir='ltr'>lminari</span> <span class='ocrx_word' id='word_1_526' title='bbox 334 2920 476 2975; x_wconf 91' lang='lat' dir='ltr'>possit</span> <span class='ocrx_word' id='word_1_527' title='bbox 508 2918 737 2974; x_wconf 91' lang='lat' dir='ltr'>quomodo</span> <span class='ocrx_word' id='word_1_528' title='bbox 772 2918 1093 2974; x_wconf 90' lang='lat' dir='ltr'>interpretanda</span> <span class='ocrx_word' id='word_1_529' title='bbox 1125 2919 1211 2959; x_wconf 91' lang='lat' dir='ltr'>sint</span> <span class='ocrx_word' id='word_1_530' title='bbox 1243 2925 1441 2959; x_wconf 92' lang='lat' dir='ltr'>veterum</span> <span class='ocrx_word' id='word_1_531' title='bbox 1463 2919 1711 2971; x_wconf 87' lang='lat' dir='ltr'>testimonia</span> <span class='ocrx_word' id='word_1_532' title='bbox 1734 2932 1846 2973; x_wconf 89' lang='lat' dir='ltr'>quae</span> <span class='ocrx_word' id='word_1_533' title='bbox 1869 2922 2065 2958; x_wconf 89' lang='lat' dir='ltr'>astruunt</span> <span class='ocrx_word' id='word_1_534' title='bbox 2086 2930 2118 2957; x_wconf 93' lang='lat' dir='ltr'>s.</span> <span class='ocrx_word' id='word_1_535' title='bbox 2139 2916 2357 2958; x_wconf 90' lang='lat' dir='ltr'>Thomam</span> 
     </span>
     <span class='ocr_line' id='line_1_44' title="bbox 149 2980 2358 3038; baseline -0.001 -16"><span class='ocrx_word' id='word_1_536' title='bbox 149 2981 373 3036; x_wconf 88' lang='lat' dir='ltr'>scripsisse</span> <span class='ocrx_word' id='word_1_537' title='bbox 406 2982 450 3023; x_wconf 94' lang='lat' dir='ltr'>in</span> <span class='ocrx_word' id='word_1_538' title='bbox 482 2982 670 3038; x_wconf 88' lang='lat' dir='ltr'>primum</span> <span class='ocrx_word' id='word_1_539' title='bbox 693 2987 736 3023; x_wconf 91' lang='lat' dir='ltr'>et</span> <span class='ocrx_word' id='word_1_540' title='bbox 757 2981 998 3023; x_wconf 86' lang='lat' dir='ltr'>secundum</span> <span class='ocrx_word' id='word_1_541' title='bbox 1032 2982 1478 3036; x_wconf 80' lang='lat' dir='ltr'>Meteorologz&#39;corum,</span> <span class='ocrx_word' id='word_1_542' title='bbox 1515 2981 1761 3023; x_wconf 90' lang='lat' dir='ltr'>curabimus</span> <span class='ocrx_word' id='word_1_543' title='bbox 1795 2980 2027 3036; x_wconf 70' lang='lat' dir='ltr'>diligenter⁴</span> <span class='ocrx_word' id='word_1_544' title='bbox 2053 2984 2272 3028; x_wconf 88' lang='lat' dir='ltr'>annotare,</span> <span class='ocrx_word' id='word_1_545' title='bbox 2308 2993 2358 3020; x_wconf 91' lang='lat' dir='ltr'>ac</span> 
     </span>
     <span class='ocr_line' id='line_1_45' title="bbox 148 3044 793 3102; baseline 0.003 -18"><span class='ocrx_word' id='word_1_546' title='bbox 148 3057 232 3085; x_wconf 91' lang='lat' dir='ltr'>suo</span> <span class='ocrx_word' id='word_1_547' title='bbox 266 3044 365 3085; x_wconf 92' lang='lat' dir='ltr'>loco</span> <span class='ocrx_word' id='word_1_548' title='bbox 399 3045 451 3102; x_wconf 48' lang='lat' dir='ltr'>in,</span> <span class='ocrx_word' id='word_1_549' title='bbox 475 3045 616 3086; x_wconf 91' lang='lat' dir='ltr'>lucem</span> <span class='ocrx_word' id='word_1_550' title='bbox 651 3044 793 3086; x_wconf 79' lang='lat' dir='ltr'>edere,</span> 
     </span>
    </p>

    <p class='ocr_par' dir='ltr' id='par_1_6' title="bbox 146 3102 2358 3412">
     <span class='ocr_line' id='line_1_46' title="bbox 277 3102 2355 3162; baseline -0.001 -14"><span class='ocrx_word' id='word_1_551' title='bbox 277 3106 664 3161; x_wconf 89' lang='lat' dir='ltr'>Supersedendum</span> <span class='ocrx_word' id='word_1_552' title='bbox 699 3121 928 3148; x_wconf 91' lang='lat' dir='ltr'>censemus</span> <span class='ocrx_word' id='word_1_553' title='bbox 951 3107 1007 3148; x_wconf 92' lang='lat' dir='ltr'>ab</span> <span class='ocrx_word' id='word_1_554' title='bbox 1043 3107 1291 3148; x_wconf 88' lang='lat' dir='ltr'>exhibendo</span> <span class='ocrx_word' id='word_1_555' title='bbox 1326 3107 1561 3162; x_wconf 91' lang='lat' dir='ltr'>specimine</span> <span class='ocrx_word' id='word_1_556' title='bbox 1586 3106 1712 3147; x_wconf 92' lang='lat' dir='ltr'>huius</span> <span class='ocrx_word' id='word_1_557' title='bbox 1747 3103 2054 3146; x_wconf 88' lang='lat' dir='ltr'>commentarii.</span> <span class='ocrx_word' id='word_1_558' title='bbox 2091 3102 2217 3154; x_wconf 80' lang='lat' dir='ltr'>Quae</span> <span class='ocrx_word' id='word_1_559' title='bbox 2241 3104 2355 3145; x_wconf 92' lang='lat' dir='ltr'>enim</span> 
     </span>
     <span class='ocr_line' id='line_1_47' title="bbox 147 3165 2357 3224; baseline -0 -15"><span class='ocrx_word' id='word_1_560' title='bbox 147 3182 279 3223; x_wconf 91' lang='lat' dir='ltr'>supra</span> <span class='ocrx_word' id='word_1_561' title='bbox 314 3168 368 3210; x_wconf 94' lang='lat' dir='ltr'>de</span> <span class='ocrx_word' id='word_1_562' title='bbox 403 3169 677 3224; x_wconf 88' lang='lat' dir='ltr'>expositione</span> <span class='ocrx_word' id='word_1_563' title='bbox 711 3170 754 3211; x_wconf 91' lang='lat' dir='ltr'>in</span> <span class='ocrx_word' id='word_1_564' title='bbox 788 3170 923 3211; x_wconf 90' lang='lat' dir='ltr'>libros</span> <span class='ocrx_word' id='word_1_565' title='bbox 956 3170 1010 3211; x_wconf 80' lang='lat' dir='ltr'>de</span> <span class='ocrx_word' id='word_1_566' title='bbox 1047 3169 1175 3211; x_wconf 82' lang='lat' dir='ltr'>Caelo</span> <span class='ocrx_word' id='word_1_567' title='bbox 1208 3173 1252 3210; x_wconf 83' lang='lat' dir='ltr'>et</span> <span class='ocrx_word' id='word_1_568' title='bbox 1270 3169 1437 3210; x_wconf 84' lang='lat' dir='ltr'>Mundo</span> <span class='ocrx_word' id='word_1_569' title='bbox 1472 3175 1514 3211; x_wconf 93' lang='lat' dir='ltr'>et</span> <span class='ocrx_word' id='word_1_570' title='bbox 1547 3169 1589 3210; x_wconf 92' lang='lat' dir='ltr'>in</span> <span class='ocrx_word' id='word_1_571' title='bbox 1622 3169 1777 3209; x_wconf 92' lang='lat' dir='ltr'>librum</span> <span class='ocrx_word' id='word_1_572' title='bbox 1800 3167 1853 3208; x_wconf 80' lang='lat' dir='ltr'>de</span> <span class='ocrx_word' id='word_1_573' title='bbox 1881 3165 2166 3208; x_wconf 73' lang='lat' dir='ltr'>Generatz&#39;one</span> <span class='ocrx_word' id='word_1_574' title='bbox 2187 3169 2231 3207; x_wconf 82' lang='lat' dir='ltr'>et</span> <span class='ocrx_word' id='word_1_575' title='bbox 2254 3166 2357 3208; x_wconf 79' lang='lat' dir='ltr'>Cor-</span> 
     </span>
     <span class='ocr_line' id='line_1_48' title="bbox 149 3227 2358 3286; baseline -0 -14"><span class='ocrx_word' id='word_1_576' title='bbox 149 3232 348 3286; x_wconf 76' lang='lat' dir='ltr'>ruptione</span> <span class='ocrx_word' id='word_1_577' title='bbox 380 3231 494 3272; x_wconf 91' lang='lat' dir='ltr'>dicta</span> <span class='ocrx_word' id='word_1_578' title='bbox 526 3238 648 3280; x_wconf 91' lang='lat' dir='ltr'>sunt,</span> <span class='ocrx_word' id='word_1_579' title='bbox 684 3245 736 3272; x_wconf 89' lang='lat' dir='ltr'>ea</span> <span class='ocrx_word' id='word_1_580' title='bbox 767 3232 811 3273; x_wconf 94' lang='lat' dir='ltr'>in</span> <span class='ocrx_word' id='word_1_581' title='bbox 844 3233 959 3274; x_wconf 92' lang='lat' dir='ltr'>hunc</span> <span class='ocrx_word' id='word_1_582' title='bbox 993 3232 1122 3274; x_wconf 91' lang='lat' dir='ltr'>etiarn</span> <span class='ocrx_word' id='word_1_583' title='bbox 1157 3232 1515 3273; x_wconf 89' lang='lat' dir='ltr'>commentarium</span> <span class='ocrx_word' id='word_1_584' title='bbox 1550 3231 1784 3286; x_wconf 85' lang='lat' dir='ltr'>quadrant;</span> <span class='ocrx_word' id='word_1_585' title='bbox 1820 3230 2105 3285; x_wconf 89' lang='lat' dir='ltr'>exemplaque</span> <span class='ocrx_word' id='word_1_586' title='bbox 2139 3227 2198 3268; x_wconf 92' lang='lat' dir='ltr'>ibi</span> <span class='ocrx_word' id='word_1_587' title='bbox 2232 3229 2358 3270; x_wconf 88' lang='lat' dir='ltr'>allata</span> 
     </span>
     <span class='ocr_line' id='line_1_49' title="bbox 146 3292 2356 3350; baseline -0.001 -15"><span class='ocrx_word' id='word_1_588' title='bbox 146 3294 387 3335; x_wconf 89' lang='lat' dir='ltr'>ostendunt</span> <span class='ocrx_word' id='word_1_589' title='bbox 420 3294 604 3349; x_wconf 90' lang='lat' dir='ltr'>qualiter</span> <span class='ocrx_word' id='word_1_590' title='bbox 637 3293 691 3335; x_wconf 91' lang='lat' dir='ltr'>de</span> <span class='ocrx_word' id='word_1_591' title='bbox 725 3294 808 3336; x_wconf 92' lang='lat' dir='ltr'>hoc</span> <span class='ocrx_word' id='word_1_592' title='bbox 843 3295 971 3336; x_wconf 90' lang='lat' dir='ltr'>etiam</span> <span class='ocrx_word' id='word_1_593' title='bbox 1005 3296 1239 3350; x_wconf 90' lang='lat' dir='ltr'>Aquinatis</span> <span class='ocrx_word' id='word_1_594' title='bbox 1274 3308 1405 3350; x_wconf 92' lang='lat' dir='ltr'>opere</span> <span class='ocrx_word' id='word_1_595' title='bbox 1439 3295 1494 3335; x_wconf 88' lang='lat' dir='ltr'>sit</span> <span class='ocrx_word' id='word_1_596' title='bbox 1535 3293 1813 3335; x_wconf 92' lang='lat' dir='ltr'>iudicandum</span> <span class='ocrx_word' id='word_1_597' title='bbox 1848 3292 1912 3347; x_wconf 86' lang='lat' dir='ltr'>(cf.</span> <span class='ocrx_word' id='word_1_598' title='bbox 1938 3305 2069 3347; x_wconf 90' lang='lat' dir='ltr'>supra</span> <span class='ocrx_word' id='word_1_599' title='bbox 2099 3303 2162 3331; x_wconf 84' lang='lat' dir='ltr'>DE</span> <span class='ocrx_word' id='word_1_600' title='bbox 2196 3292 2356 3333; x_wconf 80' lang='lat' dir='ltr'>CAELo</span> 
     </span>
     <span class='ocr_line' id='line_1_50' title="bbox 148 3357 522 3412; baseline -0.003 -14"><span class='ocrx_word' id='word_1_601' title='bbox 148 3369 210 3398; x_wconf 87' lang='lat' dir='ltr'>ET</span> <span class='ocrx_word' id='word_1_602' title='bbox 243 3358 417 3398; x_wconf 83' lang='lat' dir='ltr'>MUNDo</span> <span class='ocrx_word' id='word_1_603' title='bbox 452 3357 522 3412; x_wconf 92' lang='lat' dir='ltr'>V).</span> 
     </span>
    </p>

    <p class='ocr_par' dir='ltr' id='par_1_7' title="bbox 146 3416 2356 3523">
     <span class='ocr_line' id='line_1_51' title="bbox 274 3416 2356 3472; baseline -0.002 -11"><span class='ocrx_word' id='word_1_604' title='bbox 274 3420 329 3461; x_wconf 92' lang='lat' dir='ltr'>V.</span> <span class='ocrx_word' id='word_1_605' title='bbox 366 3420 569 3461; x_wconf 81' lang='lat' dir='ltr'>ComcEs</span> <span class='ocrx_word' id='word_1_606' title='bbox 602 3431 662 3460; x_wconf 83' lang='lat' dir='ltr'>ET</span> <span class='ocrx_word' id='word_1_607' title='bbox 695 3431 950 3462; x_wconf 74' lang='lat' dir='ltr'>ED1T10NEs.</span> <span class='ocrx_word' id='word_1_608' title='bbox 975 3444 994 3451; x_wconf 96' lang='lat'><em>-</em></span> <span class='ocrx_word' id='word_1_609' title='bbox 1016 3420 1279 3462; x_wconf 85' lang='lat' dir='ltr'>Recensioni</span> <span class='ocrx_word' id='word_1_610' title='bbox 1313 3420 1439 3460; x_wconf 89' lang='lat' dir='ltr'>huius</span> <span class='ocrx_word' id='word_1_611' title='bbox 1475 3418 1770 3460; x_wconf 89' lang='lat' dir='ltr'>commentarii</span> <span class='ocrx_word' id='word_1_612' title='bbox 1804 3423 2038 3472; x_wconf 88' lang='lat' dir='ltr'>sequentes</span> <span class='ocrx_word' id='word_1_613' title='bbox 2083 3416 2257 3458; x_wconf 90' lang='lat' dir='ltr'>codices</span> <span class='ocrx_word' id='word_1_614' title='bbox 2292 3417 2356 3458; x_wconf 91' lang='lat' dir='ltr'>in-</span> 
     </span>
     <span class='ocr_line' id='line_1_52' title="bbox 146 3482 403 3523; baseline 0.004 -1"><span class='ocrx_word' id='word_1_615' title='bbox 146 3482 403 3523; x_wconf 89' lang='lat' dir='ltr'>servierunt.</span> 
     </span>
    </p>

    <p class='ocr_par' dir='ltr' id='par_1_8' title="bbox 146 3542 2356 3712">
     <span class='ocr_line' id='line_1_53' title="bbox 277 3542 2356 3599; baseline -0.001 -13"><span class='ocrx_word' id='word_1_616' title='bbox 277 3544 334 3599; x_wconf 90' lang='lat' dir='ltr'>A)</span> <span class='ocrx_word' id='word_1_617' title='bbox 369 3545 608 3586; x_wconf 89' lang='lat' dir='ltr'>Vaticanus</span> <span class='ocrx_word' id='word_1_618' title='bbox 643 3546 746 3597; x_wconf 88' lang='lat'>846,</span> <span class='ocrx_word' id='word_1_619' title='bbox 782 3544 895 3586; x_wconf 85' lang='lat' dir='ltr'>foliis</span> <span class='ocrx_word' id='word_1_620' title='bbox 929 3546 1075 3598; x_wconf 88' lang='lat'>69-86</span> <span class='ocrx_word' id='word_1_621' title='bbox 1109 3551 1239 3594; x_wconf 91' lang='lat' dir='ltr'>recto,</span> <span class='ocrx_word' id='word_1_622' title='bbox 1275 3544 1435 3586; x_wconf 90' lang='lat' dir='ltr'>saeculi</span> <span class='ocrx_word' id='word_1_623' title='bbox 1459 3544 1558 3585; x_wconf 94' lang='lat' dir='ltr'>XIII</span> <span class='ocrx_word' id='word_1_624' title='bbox 1592 3544 1662 3584; x_wconf 88' lang='lat' dir='ltr'>vel</span> <span class='ocrx_word' id='word_1_625' title='bbox 1695 3544 1822 3593; x_wconf 86' lang='lat' dir='ltr'>X1V;</span> <span class='ocrx_word' id='word_1_626' title='bbox 1857 3543 1949 3584; x_wconf 92' lang='lat' dir='ltr'>finit</span> <span class='ocrx_word' id='word_1_627' title='bbox 1982 3542 2092 3583; x_wconf 95' lang='lat' dir='ltr'>libro</span> <span class='ocrx_word' id='word_1_628' title='bbox 2122 3543 2171 3592; x_wconf 96' lang='lat' dir='ltr'>II,</span> <span class='ocrx_word' id='word_1_629' title='bbox 2207 3542 2356 3583; x_wconf 90' lang='lat' dir='ltr'>lectio-</span> 
     </span>
     <span class='ocr_line' id='line_1_54' title="bbox 147 3604 2356 3662; baseline -0 -16"><span class='ocrx_word' id='word_1_630' title='bbox 147 3619 204 3647; x_wconf 91' lang='lat' dir='ltr'>ne</span> <span class='ocrx_word' id='word_1_631' title='bbox 236 3620 324 3656; x_wconf 93' lang='lat' dir='ltr'>v111,</span> <span class='ocrx_word' id='word_1_632' title='bbox 361 3621 543 3650; x_wconf 92' lang='lat' dir='ltr'>numero</span> <span class='ocrx_word' id='word_1_633' title='bbox 586 3622 619 3658; x_wconf 91' lang='lat'>1,</span> <span class='ocrx_word' id='word_1_634' title='bbox 656 3621 754 3649; x_wconf 91' lang='lat' dir='ltr'>cum</span> <span class='ocrx_word' id='word_1_635' title='bbox 788 3607 854 3649; x_wconf 91' lang='lat' dir='ltr'>his</span> <span class='ocrx_word' id='word_1_636' title='bbox 887 3608 1052 3649; x_wconf 90' lang='lat' dir='ltr'>verbis:</span> <span class='ocrx_word' id='word_1_637' title='bbox 1088 3607 1141 3648; x_wconf 82' lang='lat' dir='ltr'>de</span> <span class='ocrx_word' id='word_1_638' title='bbox 1171 3608 1388 3662; x_wconf 78' lang='lat' dir='ltr'>principio</span> <span class='ocrx_word' id='word_1_639' title='bbox 1422 3610 1563 3648; x_wconf 82' lang='lat' dir='ltr'>motus</span> <span class='ocrx_word' id='word_1_640' title='bbox 1595 3620 1759 3655; x_wconf 81' lang='lat' dir='ltr'>eorum,</span> <span class='ocrx_word' id='word_1_641' title='bbox 1795 3606 1878 3647; x_wconf 76' lang='lat' dir='ltr'>ibi:</span> <span class='ocrx_word' id='word_1_642' title='bbox 1917 3607 2105 3661; x_wconf 80' lang='lat' dir='ltr'>Propter</span> <span class='ocrx_word' id='word_1_643' title='bbox 2140 3604 2356 3659; x_wconf 82' lang='lat' dir='ltr'>quoddam</span> 
     </span>
     <span class='ocr_line' id='line_1_55' title="bbox 146 3668 435 3712; baseline 0.01 -3"><span class='ocrx_word' id='word_1_644' title='bbox 146 3668 328 3711; x_wconf 81' lang='lat' dir='ltr'>dubium</span> <span class='ocrx_word' id='word_1_645' title='bbox 361 3673 435 3712; x_wconf 83' lang='lat' dir='ltr'>etc.</span> 
     </span>
    </p>
   </div>
  </div>
 </body>
</html>
