2782 4134
1082 290 1194 327 CAP.
1224 290 1331 337 XIV,
1362 290 1513 326 LECT.
1544 290 1669 326 XXVI

131 372 147 397 δ
278 366 507 404 circulariter
526 374 743 413 moventur,
772 366 951 403 videntur
979 379 1062 404 esse
1086 369 1306 405 haesitantia
1322 366 1347 414 δ,

276 420 374 470 idest
400 432 480 456 non
508 431 662 468 semper
688 419 920 456 uniformem
949 420 1062 456 situm
1092 422 1281 468 habentia,
1303 434 1348 458 ex

279 486 325 510 eo
345 473 451 522 quod
474 472 672 521 quodlibet
700 484 836 508 eorum
862 481 1041 509 movetur
1068 474 1238 522 pluribus
1266 487 1348 511 mo-

277 527 378 564 tibus
402 533 439 563 et
467 537 546 562 non
578 537 657 561 uno
691 526 796 571 solo,
831 534 989 573 excepta
1016 527 1141 574 prima
1166 529 1185 547 ²²²
1215 528 1350 575 sphae-

278 592 338 626 ra,
369 591 468 629 quae
497 586 676 615 movetur
703 590 782 614 uno
811 585 921 614 motu
940 579 980 614 *z
1012 587 1048 615 et
1071 580 1187 625 haec,
1217 592 1350 616 secun-

278 635 372 671 dum
404 633 553 682 ipsum,
589 638 646 668 est
677 631 839 680 sphaera
873 632 1064 667 stellarum
1099 632 1273 669 fixarum.
1310 633 1350 668 Si

279 699 368 735 ergo
389 694 488 723 terra
506 686 622 722 habet
642 692 792 721 motum
812 684 1035 721 circularem
1057 685 1087 730 ⁷¹²,
1113 685 1193 721 sive
1214 685 1252 721 in
1272 697 1350 721 me-

279 740 343 778 dio
373 740 535 776 existens
568 739 650 775 sive
689 745 791 774 extra
828 738 1023 783 medium,
1063 745 1213 786 oportet
1245 738 1350 785 quod

278 801 483 830 moveatur
509 791 682 840 pluribus
706 790 886 837 motibus,
907 790 1048 827 scilicet
1076 798 1185 827 motu
1203 790 1349 838 primae

278 847 463 895 sphaerae
491 840 590 882 'circa
609 845 720 893 polos
743 843 1039 892 aequinoctialis,
1069 851 1106 881 et
1129 843 1255 892 aliquo
1271 843 1350 888 ,alio

135 909 146 926 ⁸
277 907 387 936 motu
422 898 580 948 proprio
619 898 718 934 circa
753 898 864 946 polos
902 897 1048 935 zodiaci
1071 903 1093 934 ‘.
1126 897 1243 944 Quod
1272 909 1352 933 non

277 960 403 1002 potest
432 964 532 988 esse:
563 951 651 1000 quia
680 950 711 987 si
748 952 824 987 hoc
853 959 971 997 esset⁷
1002 951 1236 998 contingeret
1268 950 1351 986 fieri

243 1030 250 1036 ·
278 1005 509 1043 mutationes
538 1012 574 1041 et
601 1004 798 1041 versiones
831 1005 1024 1041 stellarum
1052 1004 1215 1041 fixarum
1235 1004 1255 1024 ’³²
1283 1015 1352 1051 per

278 1066 494 1108 respectum
514 1058 564 1095 ad
582 1066 852 1106 terram,.quae
871 1065 1028 1106 propter
1046 1057 1246 1107 proprium
1267 1069 1351 1093 mo-

277 1120 360 1150 tum
389 1124 502 1149 suum
533 1111 724 1157 deficeret,
747 1119 783 1147 et
801 1123 880 1147 non
906 1110 1045 1148 rediret
1063 1112 1112 1148 ad
1132 1110 1236 1147 idem
1255 1122 1351 1159 pun-

131 1170 148 1202 t
278 1173 382 1204 ctum
401 1165 515 1203 simul
531 1177 619 1201 cum
639 1165 745 1201 stella
763 1165 840 1201 fixa
849 1164 874 1210 ἵ,
891 1165 953 1201 vel
972 1163 1055 1212 ipsa
1073 1172 1152 1200 tota
1170 1171 1270 1200 terra
1287 1163 1351 1199 vel

274 1219 512 1270 aliqua‘pars
536 1217 618 1254 eius
642 1218 798 1266 signata,
829 1218 924 1254 sicut
951 1217 1087 1254 accidit
1106 1217 1153 1254 de
1173 1216 1350 1265 planetis;

221 1269 316 1310 'et
346 1272 398 1310 ita
425 1279 649 1320 sequeretur
676 1271 782 1320 quod
810 1272 940 1308 stellae
963 1271 1063 1307 fixae
1091 1282 1170 1307 non
1199 1282 1352 1318 semper

197 1321 206 1328 ’
277 1326 498 1363 viderentur
531 1324 620 1361 oriri
658 1332 694 1361 et
726 1324 900 1362 occidere
934 1323 1147 1361 secundum
1186 1323 1350 1360 eandem

276 1387 426 1429 partem
442 1386 576 1415 terrae.
586 1378 702 1425 Quod
718 1390 797 1414 non
812 1377 957 1424 accidit,
973 1377 1042 1414 sed
1057 1388 1210 1429 semper
1224 1376 1351 1413 oriun-

277 1441 338 1470 tur
366 1440 404 1470 et
431 1431 611 1469 occidunt
629 1431 844 1468 secundum
865 1431 1002 1468 eadem
1030 1430 1115 1466 loca
1143 1430 1349 1478 designata.

278 1487 371 1524 Non
400 1497 490 1533 ergo
518 1493 618 1522 terra
646 1484 873 1521 circulariter
899 1491 1091 1520 movetur.

17 1574 20 1579 .
331 1551 370 1587 4.
396 1538 567 1576 Tertiam
597 1537 784 1574 rationem
819 1537 929 1585 ponit
955 1536 1024 1573 ibi:
1052 1536 1189 1573 Adhuc
1224 1542 1350 1573 autem

23 1595 250 1648 ’ζζξῗηωᾱᾱ-
278 1593 368 1630 latio
394 1599 478 1637 etc.;
499 1603 597 1640 quae
625 1590 784 1639 quidem
812 1590 985 1639 procedit
1013 1602 1059 1626 ex
1087 1597 1196 1626 motu
1217 1591 1237 1610 '⁵
1266 1602 1351 1639 par-

150 1645 165 1659 “
278 1646 375 1684 tium
403 1653 526 1682 terrae
555 1652 591 1681 et
617 1643 743 1680 totius.
773 1643 885 1681 Unde
916 1643 1014 1680 circa
1041 1644 1117 1680 hoc
1144 1643 1214 1680 tria
1242 1644 1350 1680 facit:

277 1699 404 1749 primo
433 1697 615 1747 proponit
641 1697 763 1745 qualis
791 1697 838 1733 sit
866 1705 993 1734 motus
1021 1696 1201 1733 naturalis
1229 1704 1351 1734 terrae

279 1760 317 1790 et
344 1751 508 1802 partium
537 1751 634 1795 eius;
659 1750 829 1787 secundo
851 1750 950 1787 circa
977 1751 1052 1787 hoc
1079 1757 1213 1787 movet
1232 1763 1352 1799 quan-

134 1814 151 1839 '1
211 1798 220 1807 ⁸
279 1805 371 1844 dam
401 1804 678 1842 dubitationem
696 1809 722 1848 η,
743 1804 811 1840 ibi:
831 1805 923 1840 Hoc
941 1804 1040 1840 enim
1070 1804 1198 1852 utique
1218 1805 1237 1825 *
1258 1812 1350 1849 etc.;

147 1845 198 1872 ἠ’
279 1859 389 1897 tertio
418 1857 610 1895 concludit
639 1857 745 1906 quod
774 1857 932 1894 intendit
952 1858 983 1894 ²¹².

333 1911 434 1949 Dicit
462 1923 552 1959 ergo
579 1910 707 1960 primo
736 1910 842 1959 quod
869 1917 998 1947 motus
1026 1910 1191 1959 partium
1216 1918 1350 1956 terrae,

280 1965 494 2003 secundum
523 1976 632 2001 suam
660 1971 848 2009 naturam,
879 1971 935 2000 est
953 1964 1003 2001 ad
1023 1963 1196 2000 medium
1217 1963 1352 2001 mundi

17 2030 51 2067 ⁷,
63 2055 116 2076 m
138 2017 152 2045 ⁰
279 2019 395 2056 totius
422 2016 452 2064 ⁰;
483 2025 520 2054 et
553 2017 740 2064 similiter,
770 2017 802 2054 si
833 2025 912 2054 tota
946 2024 1045 2054 terra
1074 2018 1093 2036 ⁴*
1123 2025 1222 2054 esset
1250 2024 1352 2054 extra

19 2067 25 2081 ³
114 2059 131 2077 ⁶
151 2059 253 2077 mm
280 2071 452 2109 medium
481 2071 636 2117 mundi,
672 2078 895 2107 moveretur
927 2070 975 2107 ad
1008 2069 1182 2107 medium
1217 2070 1352 2107 mundi

250 2128 253 2132 ’
279 2125 494 2163 secundum
524 2136 634 2161 suam
663 2131 859 2170 naturam,
889 2123 979 2173 quia
1005 2124 1110 2161 idem
1139 2131 1196 2160 est
1224 2132 1353 2161 motus

279 2178 458 2216 naturalis
485 2178 600 2214 totius
630 2185 666 2214 et
692 2177 822 2226 partis.

285 2254 288 2255 ν
338 2233 371 2269 5.
402 2231 552 2268 Deinde
591 2243 680 2267 curn
719 2230 823 2267 dicit:
851 2231 943 2267 Hoc
976 2231 1076 2267 enim
1105 2230 1231 2278 utique
1259 2237 1352 2278 etc.,

280 2291 414 2322 movet
433 2284 531 2321 circa
550 2284 626 2320 hoc
645 2283 839 2332 quandam
856 2283 1146 2320 dubitationem.
1165 2284 1213 2320 Et
1226 2283 1352 2332 primo

37 2344 251 2375 'nolon-0⁰⁶⁶·
278 2337 461 2387 proponit
488 2337 627 2386 ipsam:
649 2344 686 2373 et
705 2337 793 2374 dicit
821 2337 927 2386 quod
947 2339 966 2355 '⁵
996 2336 1027 2373 si
1054 2345 1220 2385 ponatur
1247 2338 1353 2387 quod

12 2399 17 2406 ’“
38 2377 127 2396 ‘⁸⁶⁰⁴‘
279 2399 379 2428 terra
407 2390 453 2428 sit
480 2390 518 2427 in
547 2390 841 2428 mediomundi
868 2391 932 2427 vel
962 2398 1104 2436 centro,
1130 2391 1204 2428 hoc
1232 2391 1352 2428 modo

279 2444 386 2494 quod
420 2444 524 2481 idern
561 2444 608 2481 sit
635 2451 809 2480 centrum
847 2443 962 2480 totius
990 2443 1126 2480 mundi
1164 2452 1200 2481 et
1236 2445 1353 2493 ipsius

22 2501 217 2535 st‘m
229 2510 251 2526 ν·
278 2505 412 2543 terrae,
428 2505 554 2546 potest
573 2497 734 2534 dubitari
750 2497 799 2534 ad
819 2497 922 2545 quod
938 2497 1079 2534 horum
1094 2498 1355 2535 moveantur*

22 2557 149 2599 '‘⁶⁰¹³-
162 2564 184 2580 Ρ·
279 2551 492 2589 secundum
513 2558 689 2588 naturam
709 2563 872 2599 corpora
892 2550 1034 2598 gravia,
1051 2558 1088 2587 et
1103 2551 1123 2571 *
1143 2551 1355 2600 specialiter

38 2611 250 2637 ''m‘’
278 2612 406 2654 partes
442 2612 583 2650 terrae;
620 2612 749 2641 utrum
776 2603 954 2640 videlicet
975 2605 994 2626 *
1023 2604 1073 2641 ad
1105 2605 1278 2642 medium
1309 2618 1354 2642 ea

244 2653 250 2659 ⁵
279 2658 426 2695 ratione
453 2670 531 2707 qua
559 2665 616 2694 est
652 2657 826 2694 medium
855 2657 1011 2705 mundi,
1040 2658 1103 2694 vel
1133 2670 1181 2695 ea·
1207 2658 1352 2695 ratione

279 2723 356 2760 qua
385 2719 441 2748 est
468 2710 641 2748 medium
670 2718 804 2748 terrae.

333 2764 513 2801 Secundo
542 2763 611 2800 ibi:
640 2764 805 2801 Necesse
832 2764 957 2812 itaque
985 2771 1074 2811 etc.,
1104 2765 1216 2801 solvit
1245 2765 1352 2802 dubi-

277 2817 474 2862 tationem,
496 2817 625 2854 dicens
654 2817 912 2853 necessarium
943 2829 1024 2854 esse
1055 2819 1159 2867 quod
1189 2831 1352 2867 corpora

27 2877 51 2906 .⁴
62 2877 250 2928 omis-0023:-
278 2871 408 2919 gravia
436 2878 667 2907 moveantur
693 2870 742 2907 ad
771 2870 955 2916 medium,
986 2883 1031 2907 ea
1061 2871 1204 2908 ratione
1234 2884 1310 2921 qua
1331 2873 1351 2893 ’¹‘

36 2932 154 2967 §niocet-
243 2923 249 2934 '
279 2932 336 2961 est
362 2924 534 2961 medium
564 2924 678 2960 totius
707 2923 854 2961 mundi.
885 2924 1016 2960 Motus
1045 2924 1147 2961 enirn
1172 2925 1348 2973 gravium

279 2977 528 3014 contrariatur
549 2977 671 3014 motui
699 2977 864 3023 levium3
894 2977 962 3014 sed
991 2989 1153 3027 corpora
1181 2979 1291 3025 levia,
1314 2987 1351 3015 et

35 539 107 574 'cm
121 543 144 560 P-

40 592 50 602 ¹
60 592 149 612 tantum
163 589 216 611 add.
226 595 249 610 Α.

0 683 7 712 ζ,
38 693 48 703 ·
57 692 163 714 movetur
175 691 250 712 circu-

0 717 13 761 }
29 718 123 757 ‘lar-iter
135 724 158 739 Α.

332 3142 357 3174 ὃ)
372 3143 498 3168 videntur
523 3150 579 3168 esse
603 3143 774 3169 haesitantia.
787 3157 808 3163 —
827 3148 890 3169 sunt
910 3145 1072 3170 haesitantia
1091 3145 1119 3175 Ρ,
1144 3145 1176 3170 cf.
1198 3150 1276 3176 text.;
1295 3153 1351 3171 esse

278 3179 441 3204 haesitantia
452 3178 484 3208 G,
500 3181 606 3211 oportet
618 3186 674 3204 esse
685 3180 848 3205 haesitantia
861 3185 910 3204 cet.
920 3188 975 3205 exc.
985 3181 1029 3205 ΑΕ
1038 3195 1057 3200 -
1071 3181 1121 3205 Pro
1136 3181 1204 3206 idest
1214 3189 1266 3206 non
1282 3189 1350 3206 sem-

273 3221 334 3246 per,
349 3217 376 3239 et
390 3221 442 3239 non
462 3214 482 3238 P
495 3220 521 3239 et
535 3215 608 3239 codd.
623 3222 677 3240 exc.
691 3216 723 3240 A.
735 3229 755 3234 -
767 3216 826 3240 Lin.
838 3223 894 3248 seq.
912 3216 969 3240 loco
987 3223 1088 3243 eorum.
1109 3217 1227 3248 ipsorum
1241 3217 1349 3242 BCDFI.

331 3250 354 3282 ε)
373 3250 446 3274 circa
461 3250 540 3281 polos
563 3250 799 3282 aequinoctialis...
813 3251 926 3283 zodiaci.
939 3252 1008 3276 -lta
1025 3253 1063 3282 A;
1083 3252 1209 3277 homotel.
1223 3253 1349 3284 aequino-

277 3285 397 3310 ctialis...
409 3286 486 3316 polos
505 3293 559 3310 om.
575 3285 593 3309 Ρ
613 3291 639 3309 et
657 3291 705 3310 cet.

331 3320 356 3352 ζ)
369 3321 524 3353 deficeret...
536 3321 613 3346 stella
620 3321 763 3354 fixa-lta
777 3322 813 3352 A;
828 3322 971 3354 deficerent
984 3326 1013 3347 ut
1027 3330 1079 3348 non
1095 3323 1215 3347 redirent
1228 3323 1266 3346 ad
1280 3323 1348 3347 idem

273 3359 404 3388 punctum
423 3356 503 3381 simul
520 3364 579 3381 cum
599 3357 676 3381 stella
694 3357 823 3388 sphaerae
842 3357 874 3386 P:
893 3358 1067 3390 subdeficeret
1085 3361 1115 3383 ut
1133 3365 1185 3382 non
1200 3358 1301 3382 rediret
1313 3358 1350 3382 ad

278 3392 347 3416 idem
370 3394 500 3423 punctum
518 3392 598 3416 simul
621 3399 680 3417 cum
702 3393 778 3417 stella
802 3393 933 3424 sphaerae
961 3394 1110 3425 (sphaerae
1134 3394 1211 3418 stella
1236 3393 1330 3425 CDFpI
1343 3411 1348 3421 ,

277 3427 408 3458 sphaerae
425 3427 564 3452 stellarum
583 3428 619 3459 B)
639 3432 716 3452 cet.-
728 3428 818 3453 Statim
833 3431 892 3453 tota
909 3436 964 3453 om.
980 3429 1007 3458 Ρ,
1022 3429 1083 3460 quia
1097 3429 1172 3453 codd.
1187 3436 1240 3452 exc.
1255 3429 1278 3452 A
1291 3431 1348 3452 tota

278 3465 353 3487 terra
372 3467 542 3494 corrumpunt
561 3463 585 3487 in
599 3463 671 3488 circa
690 3466 830 3488 terram.-
846 3464 896 3487 Pro
909 3467 1064 3496 sequeretur
1082 3469 1107 3487 et
1122 3471 1169 3495 pro
1184 3463 1347 3491 viderentur,

277 3498 398 3529 sequitur
416 3502 442 3521 et
459 3497 586 3523 videntur
605 3498 624 3522 Ρ
643 3504 669 3523 et
687 3499 761 3523 codd.
781 3507 835 3524 exc.
853 3500 885 3523 A.

331 3532 359 3563 η)
377 3533 451 3557 Unde
463 3533 535 3558 circa
549 3533 630 3559 hoc...
645 3534 965 3559 dubitationem.—Codd.
979 3541 1032 3558 exc.
1043 3534 1064 3557 A
1079 3541 1132 3557 om.
1152 3533 1347 3557 homoteleuton

279 3568 333 3592 tria
340 3568 444 3601 facit...
455 3568 527 3593 circa
541 3569 598 3594 hoc.
615 3569 633 3593 Ρ
645 3570 770 3593 mendum
781 3569 884 3602 corrigit
897 3569 1022 3593 mutando
1036 3569 1109 3593 Unde
1122 3569 1147 3592 in
1161 3568 1348 3595 SotammoAm

278 3604 324 3628 sed
344 3608 369 3627 et
388 3603 425 3628 sic
445 3604 564 3634 legendo,
583 3605 715 3629 divisionis
735 3605 867 3636 integritas
887 3612 939 3628 non
959 3609 1088 3632 servatur;
1109 3603 1141 3627 cf.
1159 3603 1302 3634 sequentia.

332 3636 356 3670 0)
372 3639 443 3671 quod
458 3642 544 3664 motus
554 3640 676 3671 partium
692 3643 813 3664 terrae...
827 3640 918 3664 totius.
929 3653 948 3657 -
961 3639 1033 3670 quod
1047 3638 1116 3663 idem
1131 3641 1171 3662 est
1185 3641 1271 3662 motus
1279 3644 1347 3669 par-

1393 2553 1528 2600 'Quod
1565 2553 1721 2602 quidem
1759 2553 1997 2591 concluditur
2026 2556 2045 2576 ’¹‘
2080 2555 2133 2591 sic
2168 2568 2212 2592 ex
2245 2556 2474 2604 praemissis.

2394 303 2468 340 219

1403 369 1616 418 specialiter
1634 369 1740 417 ignis,
1762 377 1969 406 moventur
1997 369 2046 407 ad
2071 377 2280 407 extremum
2302 371 2471 407 caelestis

1405 423 1592 471 corporis;
1621 435 1710 470 ergo
1732 435 1894 471 corpora
1913 423 2054 471 gravia,
2076 431 2111 459 et
2132 423 2341 472 specialiter
2360 431 2469 470 terra,

1404 484 1608 513 moventur
1636 476 1686 513 ad
1719 476 1892 513 medium
1930 475 2076 513 mundi.
2107 477 2183 513 Sed
2212 476 2301 524 quia
2339 477 2473 514 accidit

1405 529 1508 577 quod
1529 529 1630 567 idem
1650 529 1696 566 sit
1713 529 1885 566 medium
1905 537 2026 566 terrae
2055 537 2091 566 et
2118 529 2288 566 medium
2316 530 2470 577 mundi,

1405 594 1644 631 consequens
1665 590 1719 619 est
1738 583 1845 631 quod
1864 590 1989 631 partes
2017 590 2139 619 terrae
2168 590 2396 619 moveantur
2423 584 2471 620 ad

1405 635 1577 671 medium
1598 643 1730 682 terrae,
1752 648 1831 673 non
1845 648 1914 685 per
1929 649 1968 673 se
1989 637 2056 673 sed
2071 648 2140 684 per
2154 636 2343 683 accidens,
2359 644 2473 685 prout

1405 687 1545 724 scilicet
1558 688 1660 725 idem
1678 697 1732 725 est
1747 690 1916 726 subiecto
1933 689 2104 727 medium
2120 697 2241 726 terrae
2253 697 2289 726 et
2299 689 2472 726 medium

1406 741 1539 776 mundi
1558 748 1583 786 ¹3
1604 741 1698 778 sicut
1717 742 1747 778 si
1767 755 1957 790 cognosco
1980 743 2194 790 Coriscum,
2210 755 2279 792 per
2298 742 2472 779 accidens
2603 754 2610 769 ³

1407 805 1598 840 cognosco
1618 795 1851 842 venientem,
1872 796 1960 844 quia
1981 796 2160 833 Coriscus
2181 804 2236 833 est
2254 797 2426 833 veniens.

1461 846 1496 882 6.
1518 846 1649 882 Tertio
1678 847 1746 883 ibi:
1772 849 1958 890 Quoniam
1979 855 2104 886 autem
2121 851 2254 898 fertur
2281 857 2364 895 ete.,
2386 862 2474 898 pro-

1407 900 1470 934 bat
1490 899 1594 947 quod
1614 910 1866 948 supposuerat
1877 902 1908 947 ⁵²,
1926 902 2065 939 scilicet
2085 903 2191 951 quod
2211 914 2374 951 corpora
2392 915 2473 951 gra-

1404 951 1468 988 via
1497 960 1534 988 et
1569 960 1694 1000 partes
1731 961 1850 990 terrae
1888 964 2093 992 moventur
2129 956 2178 993 ad
2206 956 2391 993 medium.
2426 957 2476 992 Et

1407 1004 1495 1041 dicit
1522 1005 1634 1042 huius
1663 1006 1811 1053 signum
1832 1020 1926 1053 esse,
1952 1010 2055 1056 quod
2084 1021 2247 1058 corpora
2273 1009 2404 1057 gravia
2423 1010 2475 1046 fe-

1407 1066 1542 1095 runtur
1570 1059 1787 1096 naturaliter
1813 1072 1948 1097 versus
1971 1062 1989 1082 ‘³‘
2016 1070 2155 1098 terram
2184 1074 2258 1099 non
2288 1063 2394 1099 iuxta
2419 1063 2474 1099 in-

1405 1112 1538 1157 vicem,
1568 1111 1665 1148 idest
1692 1125 1771 1149 non
1791 1113 1810 1133 '⁴⁵
1840 1116 2050 1151 secundum
2079 1128 2200 1163 aeque
2223 1116 2264 1136 *ἧς
2295 1116 2474 1152 distantes

1406 1164 1535 1209 lineas,
1557 1177 1655 1213 quae
1679 1178 1877 1213 nunquam
1907 1176 2147 1214 concurrunt,
2169 1169 2236 1205 sed
2260 1169 2311 1206 ad
2336 1169 2474 1206 similes

1405 1218 1580 1267 angulos,
1601 1218 1697 1255 idest
1725 1219 1774 1256 ad
1803 1228 1924 1256 rectos
1953 1222 2110 1268 angulos
2140 1230 2314 1270 respectu
2329 1233 2472 1271 ·super-

1406 1271 1505 1307 fieiei
1532 1272 1594 1308 vel
1623 1271 1743 1308 lineae
1782 1273 2030 1320 contingentis
2064 1275 2305 1322 superficiem
2333 1283 2472 1322 terrae;

1407 1333 1443 1361 et
1461 1326 1536 1361 hoc
1557 1337 1601 1361 ex
1621 1337 1865 1374 quacumque
1884 1334 1989 1374 parte
2010 1339 2147 1375 corpus
2167 1341 2282 1375 grave
2296 1336 2475 1366 movetur

1406 1390 1528 1427 usque
1549 1378 1598 1414 ad
1619 1379 1639 1399 *
1666 1385 1818 1415 terram.
1849 1380 1897 1415 Et
1916 1379 2028 1416 huius
2048 1381 2196 1428 signum
2218 1390 2272 1418 est
2291 1384 2395 1431 quod
2416 1384 2470 1428 ²³²⁴,
2500 1387 2658 1436 sscsrggssm
2689 1421 2703 1436 Α

1405 1431 1436 1468 si
1476 1432 1657 1468 columna
1694 1431 1732 1468 in
1770 1444 2013 1481 quacumque
2051 1442 2155 1482 parte
2193 1443 2315 1472 terrae
2342 1437 2360 1456 *²
2395 1448 2474 1472 non
2501 1420 2716 1489 qffffrrffg·om'⁴'

1406 1492 1591 1521 statuatur
1618 1486 1831 1522 secundum
1865 1494 1988 1522 rectos
2016 1488 2193 1534 angulos,
2224 1489 2291 1525 sed
2318 1488 2473 1525 inclina·
2664 1483 2669 1488 ⁸
2695 1483 2701 1489 ⁶

1405 1538 1551 1575 tionem
1584 1538 1747 1584 habens,
1782 1538 1891 1575 cadet
1918 1551 2051 1576 versus
2079 1541 2098 1560 '⁵‘
2123 1541 2224 1577 illam
2252 1550 2399 1590 partem
2430 1555 2475 1579 ex
2502 1551 2513 1562 ⁴
2529 1557 2555 1599 ις
2571 1557 2601 1572 ue
2617 1551 2650 1572 ad
2666 1555 2716 1573 vet

1406 1604 1482 1640 qua
1511 1591 1598 1628 facit
1626 1592 1807 1639 angulum
1837 1599 2002 1629 acutum.
2025 1594 2092 1630 Est
2120 1602 2247 1631 autem
2271 1596 2476 1643 probatum
2504 1584 2531 1599 ⁶⁰
2568 1584 2674 1600 '³⁶²⁸'

1407 1645 1445 1682 in
1475 1646 1523 1681 III
1553 1645 1720 1681 Euclidis
1757 1645 1884 1693 quod,
1924 1646 1953 1682 si
1991 1646 2116 1695 aliqua
2154 1647 2253 1684 linea
2287 1649 2478 1696 contingat

1408 1698 1604 1744 circulum,
1631 1706 1667 1734 et
1695 1699 1934 1747 protrahatur
1961 1699 2032 1735 alia
2060 1700 2158 1736 linea
2187 1709 2288 1737 recta
2316 1714 2476 1750 perpen-

1408 1752 1621 1789 diculariter
1636 1764 1751 1800 super
1770 1751 1910 1788 lineam
1931 1753 2208 1801 contingentem
2228 1754 2267 1791 in
2286 1756 2370 1791 loco
2388 1768 2476 1792 con-

1406 1813 1544 1851 tactus,
1576 1817 1733 1842 necesse
1762 1813 1818 1842 est
1845 1805 1984 1842 lineam
2014 1806 2136 1853 illam,
2167 1807 2197 1843 si
2226 1809 2475 1856 protrahatur,

1407 1858 1565 1895 transire
1586 1866 1758 1895 centrum
1779 1858 1907 1895 circuli
1920 1860 1951 1895 *.
1974 1860 2022 1896 Et
2036 1859 2089 1896 sic
2108 1869 2210 1909 patet
2225 1862 2328 1910 quod
2348 1862 2477 1898 omnia
2505 1868 2527 1916 {t
2547 1895 2606 1916 codd
2630 1902 2671 1917 exc
2693 1903 2708 1917 Δ

1408 1924 1571 1960 corpora
1603 1911 1733 1959 gravia
1768 1920 1975 1949 moventur
2002 1925 2136 1950 versus
2158 1915 2177 1935 ³¹⁴
2205 1923 2376 1952 centrum
2406 1923 2477 1952 ter·
2504 1922 2557 1969 {0¹3⁸
2575 1912 2716 1971 ugssgdjeff

1408 1978 1488 2010 rae3
1519 1965 1569 2002 ita
1593 1965 1710 2014 quod,
1736 1965 1765 2002 si
1785 1978 1863 2002 non
1893 1974 1990 2003 esset
2018 1966 2158 2015 aliquid
2187 1967 2410 2016 impediens,
2434 1981 2476 2005 ex
2569 1965 2574 1970 ’
2634 1965 2639 1970 “
2671 1966 2676 1971 ’

1408 2018 1568 2056 diversis
1600 2018 1772 2067 partibus
1802 2027 1908 2056 mota
1937 2029 2205 2057 concurrerent
2232 2021 2252 2042 ²*
2282 2022 2320 2058 in
2349 2031 2477 2059 centro
2506 2028 2677 2076 235?ssssch
2695 2034 2718 2051 et

1409 2081 1548 2117 terrae;
1569 2080 1726 2121 propter
1744 2073 1818 2109 hoc
1839 2074 1944 2120 quod
1964 2074 2162 2122 quodlibet
2191 2087 2325 2111 eorum
2347 2075 2367 2096 *
2395 2088 2478 2112 mo-
2506 2063 2719 2129 ngu}0¹¹'⁶i³t⁴'ea-

1407 2133 1562 2162 veretur
1589 2125 1803 2163 secundum
1824 2126 1964 2163 lineam
1994 2135 2134 2164 rectam
2162 2128 2478 2177 perpendiculari·
2586 2125 2591 2129 ⁸

1407 2186 1463 2216 ter
1491 2178 1693 2216 cadentem
1722 2192 1838 2228 super
1871 2180 2011 2217 lineam
2042 2181 2346 2229 contingentem,
2377 2191 2413 2219 et
2440 2183 2477 2219 in

1408 2234 1494 2269 loco
1516 2233 1536 2254 ¹⁸
1557 2240 1766 2270 contactus.
1797 2234 1846 2269 Et
1874 2233 1926 2270 sic
1947 2242 2096 2282 oportet
2121 2235 2226 2284 quod
2248 2236 2377 2272 omnia
2397 2248 2478 2272 cor·
2505 2244 2515 2255 ⁸
2531 2244 2575 2265 1¹⁰0
2588 2251 2608 2266 ¹>-

1408 2298 1504 2334 pora
1532 2286 1663 2333 gravia
1690 2286 1859 2323 ferantur
1892 2287 1941 2324 ad
1969 2300 2090 2324 unum
2119 2289 2291 2325 medium
2318 2291 2336 2308 ⁴*
2365 2290 2478 2326 totius
2507 2297 2621 2319 'eta-‘11³-
2637 2298 2707 2319 codd-

1407 2339 1541 2376 mundi
1570 2347 1607 2375 et
1634 2347 1768 2376 terrae.

1463 2405 1500 2441 7.
1521 2392 1671 2430 Deinde
1701 2405 1790 2429 cum
1820 2392 1924 2430 dicit:
1952 2394 2202 2443 Manifestum
2240 2396 2356 2445 igitur
2385 2404 2476 2443 etc.,

1410 2446 1603 2483 concludit
1618 2446 1872 2495 propositum.
1894 2447 1944 2483 Et
1958 2447 2068 2484 infert
2087 2443 2475 2486 duas‘conclusiones.

1410 2499 1584 2546 Quarum
1605 2499 1729 2548 prima
1750 2508 1805 2537 est
1823 2500 1928 2548 quod
1948 2508 2046 2538 terra
2066 2501 2110 2538 sit
2125 2502 2162 2538 in
2183 2503 2310 2539 medio
2331 2503 2475 2540 mundi.

2501 912 2511 923 ⁸
2524 912 2595 933 Num.
2610 918 2686 940 praec.

2500 1066 2511 1076 ⁶
2527 1071 2553 1086 us
2571 1072 2599 1086 ue
2613 1066 2647 1086 ad
2666 1072 2678 1087 Ρ
2693 1071 2715 1088 et

2502 1092 2545 1112 cod
2565 1108 2569 1112 .
2586 1099 2635 1113 exc.
2650 1100 2671 1114 Α.

2500 1119 2511 1129 ¹⁸
2527 1119 2630 1143 (Omisso
2642 1118 2714 1144 idest)

2502 1151 2544 1166 nec
2558 1152 2579 1166 P.

2500 1172 2522 1183 ⁸⁸
2536 1172 2669 1199 aequaliter
2683 1179 2705 1194 Α.

2535 1869 2619 1889 circuli
2636 1875 2684 1890 om.
2704 1876 2717 1891 t>

2502 2563 2513 2574 ⁸
2533 2563 2649 2584 concludit
2662 2571 2675 2585 r
2694 2568 2716 2585 et

2504 2590 2572 2611 codd.
2589 2597 2638 2611 exc.
2651 2598 2673 2612 A.

1410 2606 1554 2643 Omnia
1583 2619 1746 2655 corpora
1774 2607 1903 2655 gravia
1933 2616 2138 2645 moventur
2165 2621 2234 2657 per
2261 2622 2301 2646 se
2330 2611 2377 2647 ad
2397 2623 2476 2646 me-

1409 2659 1514 2696 dium
1536 2660 1690 2705 mundi;
1721 2660 1852 2697 omnia
1877 2661 1990 2698 etiam
2010 2670 2216 2699 moventur
2235 2663 2283 2700 ad
2303 2663 2474 2700 medium

1407 2721 1527 2750 terrae
1538 2719 1563 2759 ²²,
1580 2721 1621 2750 ut
1635 2714 1842 2762 probatum
1858 2722 1914 2750 est
1926 2716 1962 2760 ’ὅς
1983 2727 2072 2763 ergo
2093 2716 2264 2753 medium
2284 2724 2405 2753 terrae
2421 2725 2476 2758 est
2501 2753 2512 2764 ⁸
2601 2729 2614 2744 κ

2523 2753 2592 2774 Num.
2606 2755 2714 2781 praeced.

1408 2767 1581 2803 medium
1602 2767 1748 2804 mundi.
1771 2767 1820 2804 Et
1833 2767 1884 2804 ita
1900 2769 1919 2789 ²²
1935 2777 2034 2805 terra
2055 2776 2110 2805 est
2124 2769 2161 2805 in
2177 2769 2306 2806 medio
2327 2770 2472 2807 mundi.
2502 2780 2510 2789 ·
2526 2779 2590 2807 Ergo
2604 2786 2679 2802 nenn-

1462 2820 1640 2857 Secunda
1661 2820 1853 2857 conclusio
1875 2829 1930 2858 est
1949 2822 2054 2870 quod
2069 2830 2167 2858 terra
2191 2822 2236 2858 sit
2255 2822 2471 2859 immobilis.

1407 2873 1526 2919 Quod
1546 2873 1702 2921 quidem
1723 2874 1959 2911 concluditur
1978 2887 2023 2911 ex
2047 2875 2263 2923 praemissis
2283 2875 2346 2912 sic.
2369 2876 2471 2912 Nihil

1405 2934 1584 2963 movetur
1613 2927 1651 2964 in
1679 2927 1764 2963 loco
1794 2927 1842 2963 ad
1876 2940 1991 2976 quem
2027 2928 2241 2964 naturaliter
2274 2937 2468 2974 movetur,

1405 2979 1494 3028 quia
1512 2979 1564 3016 ibi
1589 2980 1805 3016 naturaliter
1833 2980 2007 3029 quiescit3
2037 2981 2103 3017 sed
2132 2988 2229 3017 terra
2257 2981 2471 3018 naturaliter

1403 3146 1469 3170 tium
1489 3149 1578 3171 terrae
1595 3146 1739 3171 secundum
1765 3153 1840 3170 suam
1861 3149 1986 3170 naturam
2005 3145 2042 3169 ad
2060 3146 2174 3170 medium
2195 3147 2288 3171 mundi
2306 3151 2331 3172 et
2350 3148 2431 3173 totius
2441 3150 2469 3179 P,

1404 3183 1464 3213 quia
1490 3190 1583 3213 nempe
1609 3182 1683 3206 codd.
1703 3189 1757 3205 exc.
1777 3181 1845 3205 AsFI
1865 3181 1986 3205 omittunt
2005 3183 2044 3205 est
2066 3186 2124 3205 ante
2146 3181 2183 3205 ad
2202 3182 2332 3212 medium5
2351 3183 2382 3208 cf.
2401 3192 2470 3216 quae

1404 3217 1551 3241 immediate
1571 3222 1725 3248 sequuntur.
1967 3236 1971 3240 .

1458 3253 1475 3283 ι)
1495 3252 1587 3276 Motus
1606 3252 1722 3276 enim...
1735 3254 1761 3276 et
1780 3251 1894 3275 medium
1918 3250 2047 3275 mundi.-
2061 3251 2088 3275 ln
2108 3251 2154 3275 hac
2173 3257 2244 3283 parte
2263 3254 2285 3277 A
2308 3261 2361 3278 om.
2381 3256 2468 3280 omnia

1400 3295 1486 3319 usque
1506 3287 1538 3311 ad
1557 3294 1717 3318 consequens
1736 3290 1776 3311 est
1799 3286 1940 3315 exclusive;
1961 3286 2036 3318 DGpI
2061 3294 2115 3310 om.
2134 3287 2222 3312 omnia
2247 3288 2392 3320 incipiendo
2412 3290 2468 3316 Sed

1402 3322 1465 3354 quia
1472 3330 1481 3351 ,·
1501 3322 1519 3346 Ρ
1539 3327 1564 3346 et
1583 3327 1631 3346 cet.
1650 3322 1736 3345 omnia
1757 3321 1902 3353 incipiendo
1922 3329 1936 3345 a
1959 3328 2120 3353 consequens
2146 3325 2193 3346 est.
2218 3323 2292 3352 Quae
2314 3325 2470 3350 omittuntur

1402 3363 1463 3381 sunt
1482 3357 1669 3385 homoteleuta‚
1689 3357 1784 3388 quibus
1804 3356 1954 3388 compositis
1973 3364 2067 3380 sensus
2086 3355 2193 3382 efficitur
2212 3358 2350 3390 perfectus.
2370 3361 2467 3386 Notan-

1402 3393 1464 3416 dum
1479 3397 1565 3416 tamen
1585 3393 1606 3415 A
1626 3392 1660 3415 ibi
1680 3395 1837 3415 moveantur
1848 3391 1886 3415 ad
1900 3391 2014 3416 medium
2030 3395 2127 3420 terrae,
2146 3394 2265 3418 omittere
2284 3398 2382 3424 terrae,
2396 3398 2467 3428 quod

1402 3428 1520 3451 addimus
1541 3432 1644 3458 propter
1669 3432 1824 3451 contextum.
1843 3440 1862 3445 —
1877 3427 1926 3450 Pro
1941 3434 1993 3458 per
2011 3427 2134 3452 accidens
2152 3435 2282 3461 cognosco
2303 3431 2465 3462 venientem,

1401 3469 1531 3494 cognosco
1546 3469 1598 3492 per
1615 3461 1738 3486 accidens
1757 3462 1902 3486 venientem
1923 3462 1956 3489 F.
1978 3469 2029 3493 per
2046 3463 2169 3488 accidens
2188 3464 2251 3496 quia
2274 3472 2404 3498 cognosco
2424 3475 2466 3493 ve-

1402 3498 1514 3521 nientem
1535 3497 1567 3525 G,
1583 3504 1634 3527 per
1653 3497 1774 3521 accidens
1793 3500 1832 3521 est
1851 3497 1922 3528 quod
1939 3504 2099 3530 cognoscam
2119 3499 2263 3524 venientem
2282 3502 2314 3529 A.
2333 3503 2405 3534 quod
2422 3510 2466 3528 co-

1400 3539 1499 3564 gnosco
1514 3539 1566 3562 per
1584 3532 1705 3556 accidens
1724 3532 1870 3558 venientem
1890 3538 1938 3557 cet.

1455 3568 1480 3598 κ)
1503 3567 1599 3591 Omnia
1617 3574 1763 3598 corpora...
1783 3571 1880 3592 terrae.
1898 3582 1917 3587 —
1938 3567 2022 3593 Terra
2040 3572 2079 3594 est
2097 3569 2123 3593 in
2144 3570 2230 3595 medio
2249 3572 2355 3601 mundi,
2376 3574 2466 3598 omnia

1401 3605 1488 3626 autem
1508 3609 1622 3633 corpora
1641 3602 1739 3635 gravia
1758 3606 1897 3627 moventur
1911 3604 1948 3628 ad
1962 3604 2076 3628 medium
2092 3608 2180 3630 terrae
2195 3606 2228 3636 P,
2248 3608 2307 3639 quia
2322 3609 2397 3633 codd.
2412 3616 2464 3633 exc.

1401 3638 1423 3661 Α
1442 3645 1494 3661 om.
1515 3637 1710 3662 homoteleuton
1725 3645 1777 3669 per
1795 3645 1854 3663 se...
1873 3643 2020 3664 moventur.
