2690 4062
332 255 378 281 cx
1018 231 1606 274 METEOROLOGICORUM
1635 231 1731 267 LIB.
1762 231 1812 266 III

331 331 390 353 seu
414 319 436 352 li
461 318 590 359 uabilia,
607 329 676 351 non
691 317 736 350 ita
750 324 827 349 sunt
844 314 994 354 fusibilia,
1011 312 1101 357 quod
1117 323 1186 344 non
1210 311 1275 342 sint
1295 310 1393 360 etiam

332 331 507 404 ductibllia,
535 362 684 407 quamvis
708 362 742 394 in
765 361 829 393 hoc
854 359 930 392 loco
955 366 1067 391 contra
1091 354 1257 405 ductibilia
1281 353 1393 403 d1stin-

330 416 488 452 guantur:
513 406 571 440 sed
594 406 668 439 ideo
693 405 846 438 dicuntur
873 414 942 436 esse
966 400 1251 450 liquabilia‚·qu·1a
1273 396 1392 430 mellus

331 461 364 485 et
385 451 511 484 facilius
530 451 697 495 liquantur
719 460 818 494 quam
839 447 1008 485 ducantur,
1026 453 1058 478 et
1081 442 1249 493 ductib1lia
1272 454 1290 475 e
1315 452 1392 492 con-

330 507 426 529 verso
450 495 621 535 dicuntur,
646 506 728 538 quae
752 492 878 526 facilius
907 490 1087 529 ducuntur,
1112 498 1262 532 quamws
1294 494 1392 518 etlam

330 539 447 585 liquari
477 548 510 572 et
532 539 624 572 fundi
647 538 792 583 possint,
815 545 851 569 ut
876 534 999 586 ⁸ferrum
1022 542 1055 566 et
1078 543 1141 565 aes,
1304 574 1310 581 ι

385 595 416 627 4.
433 583 560 617 Deinde
584 595 660 616 cum
691 582 784 615 dicit:
807 580 894 614 Fam
920 584 1020 611 autem
1049 577 1118 610 haec
1141 581 1392 626 etc.‚.a.ss1gnat

330 627 468 661 modum
481 636 514 661 et
528 628 639 661 locum
655 625 872 670 generationis
886 621 1138 667 praedictorum.
1149 620 1193 666 ⁴Et
1207 619 1285 652 dicit
1301 617 1392 662 quod

330 671 520 705 huiusmodi
549 679 745 715 generantur
768 681 807 702 ex
837 667 1041 701 exhalatione
1072 675 1235 708 vaporosa
1265 662 1392 714 inclusa

330 717 364 749 in
387 715 531 760 partibus
555 725 668 755 terrae,
684 722 716 747 et
730 713 904 758 praecipue
921 712 954 744 in
977 709 1157 787 lapidibus,
1181 716 1315 753 propter
1331 719 1391 740 Sic-

330 761 459 793 citatem
482 759 627 804 lapidum
654 758 736 791 bene
761 764 979 790 coarctantem
1034 753 1186 787 umidum
1208 763 1391 797 vaporosae

330 804 558 844 exhalationis,
582 812 614 836 et
643 810 778 847 propter
800 800 969 834 fortiorem
993 807 1025 832 et
1048 799 1209 831 maiorem
1237 795 1389 848 coagula-

329 849 453 881 tionem
483 847 600 880 factam
624 858 642 879 a
669 845 787 890 frigido
820 851 1086 878 commensurato
1114 842 1239 876 formae
1267 840 1390 874 metalli

328 893 446 925 virtute
470 891 613 932 caelesti,
637 902 720 935 quae
745 889 862 923 dicitur
890 889 994 921 virtus
1025 886 1210 927 mineralis,
1231 894 1268 919 ut
1291 896 1390 929 supra

329 935 450 969 dictum
467 944 532 968 est:
549 936 633 968 sicut
656 934 695 968 ab
712 933 830 967 eodem
853 932 972 977 frigido
989 940 1187 976 generantur
1206 941 1304 974 supra
1327 938 1390 963 ter-

327 991 396 1013 ram
419 991 472 1013 ros
497 988 529 1012 et
551 979 682 1024 pruina,
703 978 835 1023 quando
852 989 870 1010 a
893 988 1015 1021 vapore
1032 984 1200 1021 segregata
1224 983 1273 1008 est
1296 973 1391 1008 exha-

326 1024 404 1057 latio
428 1023 529 1057 calida
552 1033 584 1057 et
607 1024 708 1064 sicca,
733 1034 816 1067 quae
840 1033 972 1055 sursum
1000 1021 1164 1054 movebat.
1193 1020 1251 1052 Est
1279 1027 1390 1070 tamen

327 1067 506 1101 differentia
529 1068 563 1101 in
586 1068 796 1111 generatione
827 1067 986 1106 istorum,
1007 1067 1083 1110 quia
1115 1066 1149 1098 in
1177 1072 1389 1108 generatione

326 1113 407 1145 roris
431 1121 462 1145 et
485 1113 621 1156 pruinae
644 1113 734 1156 prius
759 1120 948 1155 segregatur
969 1111 1108 1151 siccitas,
1125 1117 1300 1153 antequam
1324 1119 1389 1141 ma-

325 1157 403 1189 teria
419 1156 610 1200 coaguletur
631 1165 663 1189 et
684 1167 738 1191 ros
759 1155 948 1189 descendat:
968 1163 1000 1188 et
1016 1167 1056 1188 ex
1072 1154 1136 1188 hoc
1152 1164 1206 1187 ros
1223 1162 1256 1186 et
1270 1153 1389 1197 pruina

325 1209 401 1233 sunt
423 1200 562 1245 liquida3
590 1200 648 1234 sed
671 1199 802 1234 metalla
830 1208 1027 1244 generantur
1050 1200 1084 1232 in
1111 1197 1257 1243 partibus
1285 1206 1388 1231 terrae

325 1257 363 1278 ex
375 1245 488 1279 eadem
504 1244 719 1286 exhalatione,
732 1253 908 1289 antequam
924 1252 1092 1288 separetur
1104 1244 1249 1276 siccitas:
1266 1251 1299 1275 et
1311 1242 1387 1276 ideo

324 1298 400 1322 sunt
424 1289 513 1330 dura,
531 1293 563 1323 et
586 1298 709 1334 quanto
740 1288 814 1333 plus
839 1297 887 1322 est
912 1289 945 1321 in
969 1289 1016 1321 eis
1045 1287 1085 1322 de
1108 1289 1272 1328 siccitate,
1294 1295 1386 1320 tanto

324 1342 399 1366 sunt
422 1335 525 1378 magis
550 1333 639 1368 dura.
660 1334 701 1367 Et
716 1345 777 1378 pro
803 1342 851 1367 ter
874 1332 939 1366 hoc
957 1344 1073 1366 verum
1092 1341 1142 1366 est
1161 1332 1280 1373 dicere,
1320 1331 1388 1365 uod

322 1377 452 1411 metalla
475 1387 551 1412 sunt
567 1389 650 1423 aqua
666 1389 767 1412 secun
791 1389 848 1411 um
871 1389 975 1411 unum
993 1377 1143 1418 modum,
1168 1377 1244 1422 quia
1264 1377 1310 1410 sci
1326 1377 1388 1410 icet

323 1422 405 1455 fiunt
429 1435 468 1456 ex
490 1434 612 1467 vapore
636 1422 774 1456 humido
800 1434 818 1456 a
842 1422 1002 1463 dominic,
1028 1422 1085 1467 qui
1109 1430 1158 1455 est
1181 1423 1216 1455 in
1239 1422 1388 1466 potentia

323 1478 416 1511 aqua,
433 1475 466 1500 et
488 1476 537 1501 est
559 1468 694 1501 materia
717 1479 837 1512 aquae:
860 1476 892 1500 et
914 1466 1097 1500 secundum
1121 1466 1223 1500 alium
1247 1466 1387 1500 modum

322 1523 389 1544 non
413 1519 490 1545 sunt
513 1524 607 1556 aqua,
628 1513 704 1556 quia
720 1511 843 1545 scilicet
859 1512 985 1545 siccitas
1002 1512 1035 1544 in
1059 1512 1106 1545 eis
1130 1522 1198 1544 non
1215 1519 1265 1544 est
1280 1522 1387 1555 segre-

321 1564 404 1600 gata.
428 1557 467 1589 In
491 1557 584 1590 cuius
613 1557 745 1600 signum
774 1555 904 1590 metalla
935 1557 1124 1600 igniuntur,
1147 1555 1388 1589 comburuntur

321 1609 353 1633 et
372 1600 572 1634 reducuntur
587 1602 621 1634 in
639 1601 809 1645 pulverem
829 1609 861 1634 et
884 1610 1018 1634 terram:
1036 1610 1068 1634 et
1083 1601 1148 1634 hoc
1168 1601 1324 1634 convenit
1340 1601 1386 1634 eis

321 1644 430 1678 solum
453 1654 588 1690 propter
610 1646 730 1679 siccam
754 1645 1005 1686 exhalationem,
1030 1657 1113 1690 quae
1137 1645 1208 1679 sola
1229 1646 1386 1686 exuritur,

322 1689 397 1734 quia
425 1699 473 1723 est
503 1691 637 1723 materia
667 1698 742 1734 apta
772 1690 926 1734 ignitioni
964 1699 1100 1735 propter
1130 1691 1319 1724 siccitatem.
1346 1691 1387 1723 Et

321 1734 390 1778 ipsa
406 1734 503 1767 etiam
519 1743 595 1779 post
611 1735 818 1768 exustionem
834 1734 1038 1768 reducuntur
1054 1735 1088 1768 in
1103 1735 1267 1768 minorem
1284 1746 1386 1780 quan-

321 1779 464 1819 titatem,
492 1788 627 1823 propter
650 1780 890 1823 separationem
915 1779 1052 1813 alicuius
1076 1780 1182 1824 grossi
1207 1788 1239 1813 et
1262 1780 1385 1824 impuri

319 1834 378 1899 per
396 1823 636 1857 exhalationem
658 1823 710 1857 vel
731 1824 999 1868 evaporationem
1019 1823 1147 1858 humidi
1166 1825 1285 1868 grossi,
1300 1835 1384 1869 quae

343 1875 356 1900 t
378 1878 396 1900 a
419 1867 524 1901 calido
552 1877 723 1901 exurente:
751 1868 839 1902 unde
869 1869 968 1902 etiam
991 1877 1069 1913 post
1096 1869 1304 1902 exustionem
1332 1868 1385 1902 vel

319 1911 532 1956 liquationem
555 1912 684 1946 metalla
711 1922 789 1946 sunt
816 1912 964 1954 duriora,
997 1914 1073 1958 quia
1101 1922 1180 1947 tunc
1208 1913 1385 1947 humidum

319 1956 440 1990 metalli
464 1965 512 1990 est
535 1957 638 2001 magis
662 1966 859 2001 separatum.
891 1958 1022 1991 Aurum
1045 1967 1156 1992 autem
1181 1957 1291 1992 solum
1315 1970 1384 1992 non

317 2000 355 2034 fit
378 2001 486 2034 minus
510 2012 570 2035 nec
601 2002 738 2035 minoris
769 2002 925 2046 ponderis
954 2002 1088 2047 quando
1116 2003 1284 2044 exuritur,
1309 2004 1385 2048 quia

1449 317 1498 341 est
1530 308 1679 351 genitum
1711 318 1751 340 ex
1779 307 1868 339 sicco
1900 315 1933 339 et
1955 306 2096 340 humido
2125 306 2366 350 subtilissimis,
2390 318 2423 342 et
2453 321 2523 344 non

1447 351 1643 385 habentibus
1667 350 1791 395 aliquid
1820 351 1991 395 impurum
2022 350 2205 385 admixtum
2264 352 2332 386 uod
2356 364 2415 397 per
2437 354 2523 398 igni-

1446 398 1573 429 tionem
1597 395 1738 440 separari
1754 396 1871 439 possit.
1887 396 2004 439 Ipsum
2023 396 2123 429 etiam
2139 395 2179 430 de
2195 364 2319 430 difficili
2335 397 2475 431 solvitur
2490 408 2524 432 et

1446 440 1600 485 liquatur,
1624 440 1701 473 licet
1723 439 1899 473 reducatur
1922 440 1956 472 in
1980 449 2088 484 partes
2112 441 2278 482 minimas,
2302 443 2380 487 quia
2396 443 2457 476 ini
2483 454 2522 477 so

1446 494 1496 518 est
1527 485 1653 529 optime
1682 485 1902 517 commixtum
1930 485 2056 518 siccum
2090 496 2167 518 cum
2195 484 2354 520 humido:
2382 495 2415 520 et
2446 488 2457 520 i
2481 499 2523 521 eo

1447 540 1507 573 pro
1533 538 1582 562 ter
1615 528 1735 561 fortem
1772 529 2046 562 commixtionem
2081 529 2122 563 de
2161 529 2287 564 difficili
2320 540 2522 576 separantur.

1447 574 1502 607 Un
1527 585 1544 606 e
1568 585 1608 606 ex
1631 573 1682 606 his
1706 581 1814 617 patet,
1843 573 1935 618 quod
1963 585 2081 607 aurum
2100 585 2179 608 -non
2202 574 2313 609 solum
2336 576 2522 610 secundum

1446 618 1640 662 opinionem
1664 617 1852 659 hominum,
1876 617 1934 652 sed
1958 618 2143 652 secundum
2166 629 2318 653 naturam
2341 632 2452 654 rerum
2472 630 2523 655 est

1445 662 1589 695 nobilius
1607 670 1640 695 et
1654 662 1770 706 purius
1791 674 1891 707 qnam
1911 671 2018 696 cetera
2033 662 2174 697 metalla.
2194 664 2299 705 Quod
2316 666 2415 699 etiam
2431 674 2523 710 patet

1446 719 1485 740 ex
1508 707 1628 740 virtute
1657 718 1758 751 quam
1782 706 1897 748 habet,
1922 708 1957 741 in
1981 707 2151 753 operando
2176 709 2341 743 mirabiles
2369 718 2402 743 et
2424 709 2520 744 nobi-

1445 751 1543 785 liores
1557 752 1766 796 operationes
1783 763 1884 796 quam
1900 751 1972 786 alia.
1986 772 2005 778 -
2018 751 2148 787 Deinde
2164 754 2413 799 recapitulando
2429 754 2519 796 dicit,

1468 795 1536 829 uod
1553 796 1775 829 communiter
1798 805 1831 830 et
1852 797 2080 831 universaliter
2099 798 2224 832 dictum
2241 808 2291 833 est
2306 798 2347 833 de
2363 799 2520 833 omnibus

1444 808 1644 874 possibilibus
1668 849 1702 874 et
1724 840 1914 882 metallicis,
1947 842 2120 887 quomodo
2167 852 2343 877 enerentur
2374 852 2408 877 et
2435 855 2520 889 quae

1444 886 1486 918 sit
1509 896 1627 918 eorum
1651 884 1851 926 differentia3
1875 885 1933 920 sed
1957 887 1985 920 si
2013 888 2087 932 quis
2110 855 2190 931 veffit
2216 888 2455 933 particulariter
2477 888 2520 923 de

1444 930 1490 963 eis
1510 929 1691 970 intendere,
1709 938 1742 963 et
1764 930 1973 965 considerare
1997 932 2082 965 circa
2097 933 2365 978 unumquodque
2389 945 2519 976 eorum,

1466 986 1528 1007 uae
1552 974 1676 1008 scilicet
1701 975 1767 1008 sint
1789 975 1895 1019 princi
1920 975 1951 1009 ia
1974 976 2197 1020 generationis
2221 986 2254 1011 et
2282 977 2463 1012 accidentia
2486 987 2520 1013 et

1443 986 1646 1052 differentiae
1663 1030 1792 1060 eorum,
1810 1019 1875 1053 hoc
1904 1031 1997 1054 acere
2014 1020 2148 1055 habebit
2165 1022 2199 1055 in
2215 1033 2257 1055 eo
2274 1023 2331 1067 qui
2347 1022 2389 1056 de
2405 1022 2520 1057 metal-

1442 1063 1514 1097 licis
1534 1063 1731 1105 inscribitur,
1748 1065 1829 1097 etin
1846 1063 1929 1106 aliis,
1941 1065 2025 1098 circa
2042 1077 2126 1111 quae
2143 1065 2399 1111 Theophrastus
2417 1078 2521 1112 nego-

1443 1109 1541 1142 tiatus
1561 1117 1611 1142 est
1633 1108 1819 1142 secundum
1842 1109 2069 1144 Alexandrum
2089 1119 2122 1144 et
2141 1111 2462 1146 Commentatorem.

1497 1153 1786 1187 Considerandum
1814 1162 1864 1187 est
1891 1163 2003 1188 autem
2033 1156 2117 1188 circa
2171 1156 2310 1201 rincipia
2339 1156 2522 1191 materialia

1443 1197 1672 1239 metallorum,
1698 1197 1790 1243 quod
1820 1207 1898 1232 sunt
1924 1199 1959 1232 in
1983 1198 2108 1244 duplici
2131 1167 2331 1234 differentia:
2355 1200 2520 1246 quaedam

1443 1243 1532 1276 enim
1556 1252 1634 1284 sunt
1652 1243 1788 1276 materia
1807 1252 1936 1277 remota
1958 1243 2075 1278 talium
2089 1244 2342 1287 metallicorum‚
2365 1246 2452 1280 sicut
2469 1254 2520 1280 est

1442 1299 1547 1332 vapor
1567 1287 1714 1321 inclusus
1734 1289 1768 1321 in
1791 1287 1874 1321 locis
1897 1287 2056 1333 lapidosis
2080 1297 2202 1331 terrae,
2226 1290 2312 1324 sicut
2339 1301 2440 1336 supra
2462 1290 2520 1326 de-

1443 1331 1600 1366 claratum
1618 1341 1685 1374 est;
1710 1332 1773 1366 alia
1797 1341 1909 1367 autem
1932 1342 2011 1367 sunt
2027 1335 2163 1368 materia
2186 1335 2375 1380 propinqua
2389 1346 2520 1378 eorum,

1443 1385 1476 1410 et
1498 1376 1579 1410 haec
1598 1379 1676 1411 stint
1692 1377 1833 1422 sulphur
1852 1387 1885 1412 et
1908 1387 2082 1422 argentum
2105 1380 2236 1421 vivum,
2262 1380 2348 1414 sicut
2371 1379 2519 1415 alchimi-

1442 1430 1510 1455 stae
1535 1421 1668 1456 dicunt:
1693 1422 1737 1456 ita
1762 1422 1854 1468 quod
1877 1423 1911 1456 in
1935 1423 2108 1468 praedictis
2125 1423 2208 1458 locis
2231 1423 2391 1469 lapidosis
2413 1433 2519 1460 terrae
2557 1435 2564 1438 ·

1441 1477 1501 1511 per
1523 1467 1680 1500 virtutem
1704 1466 1898 1501 mineralem
1921 1469 2030 1519 primo
2054 1477 2231 1513 generatur
2253 1468 2396 1514 sulphur
2416 1477 2451 1504 et
2469 1481 2520 1504 ar—

1441 1519 1581 1555 gentum
1596 1512 1723 1552 vivum,
1737 1511 1856 1546 deinde
1873 1524 1912 1546 ex
1925 1513 2005 1557 ipsis
2018 1522 2218 1558 generantur
2233 1513 2362 1548 diversa
2373 1513 2518 1556 memus,

1442 1555 1626 1590 secundum
1650 1555 1814 1590 diversam
1845 1558 2118 1591 commixtionem
2141 1569 2271 1592 eorum.
2295 1558 2395 1593 Unde
2417 1558 2519 1594 etiam

1441 1601 1451 1634 i
1477 1601 1505 1634 si
1524 1600 1727 1634 alchimistae
1750 1612 1810 1646 per
1834 1612 1948 1635 veram
1971 1610 2076 1636 artem
2103 1601 2276 1637 alchimiae
2300 1603 2382 1649 (sed
2405 1612 2518 1638 nmen

1441 1612 1624 1686 difficilem,
1647 1654 1785 1690 propter
1807 1645 1955 1680 occultas
1979 1647 2190 1691 operationes
2212 1649 2344 1682 virtutis
2367 1647 2518 1684 eoelestis

1465 1701 1526 1724 uae
1549 1689 1716 1724 mineralis
1741 1689 1875 1724 dicitur:
1900 1702 1985 1736 quae
2008 1703 2048 1725 ex
2067 1703 2109 1726 eo
2132 1692 2224 1738 quod
2247 1701 2326 1727 sunt
2348 1692 2518 1735 occultae,

1441 1701 1617 1768 difficulter
1632 1746 1650 1768 a
1666 1734 1763 1768 nobis
1779 1735 1900 1769 imitari
1924 1744 2066 1780 possunt
2078 1747 2138 1781 per
2156 1737 2322 1782 praedicta
2367 1738 2517 1783 rhcipia,

1440 1778 1494 1813 vel
1524 1790 1583 1824 per
1606 1780 1800 1824 principiata
1831 1779 1871 1814 ab
1901 1780 2012 1826 ipsis)
2038 1780 2164 1815 faciunt
2194 1781 2327 1828 aliquan
2351 1793 2386 1816 ο’
2402 1793 2519 1817 veram

1441 1825 1689 1868 generationem
1708 1824 1931 1866 metallorum,
1945 1824 2124 1871 aliquando
2144 1825 2281 1871 quidem
2300 1837 2342 1860 ex
2355 1825 2517 1872 sulphure

1441 1878 1474 1902 et
1497 1880 1532 1902 ar
1555 1877 1634 1902 ento
1663 1869 1839 1914 praedictis
1869 1871 1940 1903 sine
1991 1869 2181 1904 enei’atione
2204 1870 2436 1913 exhalationis,
2460 1871 2519 1906 ali-

1441 1881 1575 1959 quando
1592 1922 1704 1947 autem
1718 1913 1870 1948 faciendo
1886 1926 1965 1948 exsu
1991 1926 2044 1949 are
2058 1915 2259 1968 praedictam
2275 1915 2517 1951 exhalationem

1439 1970 1480 1992 va
1506 1970 1639 1992 orosam
1671 1958 1710 1992 ab
1742 1958 1906 2004 aliquibus
1936 1960 2149 2005 corporibus,
2173 1972 2233 2005 per
2259 1959 2518 2006 applicationem

1441 2014 1477 2037 ca
1493 2002 1612 2037 'ditatis
1636 2004 1906 2048 proportionatae
1923 2016 2007 2050 quae
2031 2013 2081 2039 est
2104 2016 2205 2050 agens
2228 2005 2388 2040 naturale.
