2782 4134
1100 281 1212 318 CAP.
1242 283 1329 331 XII,
1360 282 1513 319 LECT.
1543 282 1690 319 XXVI*

2424 283 2493 319 103

871 499 1175 556 LECTIO
1213 500 1911 557 VIGESIMASEXTA

513 656 757 688 PRAEMISSIS
781 656 1036 695 QUIBUSDAM
1059 656 1485 696 DECLARATIONIBUS,
1510 657 1791 689 OSTENDITUR
1815 658 1939 690 OMNE
1963 658 2274 690 SEMPITERNUM

970 713 1071 745 ESSE
1096 713 1461 745 INCORRUPTIBILE
1485 714 1543 744 ET
1568 714 1813 746 INGENITUM

291 849 516 896 Διωρισμὲνων
542 847 580 883 δὲ
603 850 738 884 τούτων
762 852 906 884 λεκτέον
932 852 973 886 τό
997 851 1127 897 ἑφεξῆς.
1155 855 1194 886 Εἰ
1210 849 1254 891 δή
1272 854 1365 887 ἐστιν
1418 854 1436 873 *
1459 854 1682 885 Determinatis
1715 862 1822 886 autern
1850 856 1919 896 his,
1952 857 2124 889 dicendum
2156 859 2246 900 quod
2279 859 2436 900 deinceps.
2462 859 2495 890 Si

358 895 432 927 ἔνια
456 890 593 928 δυνατοὶ
615 898 675 928 καὶ
700 893 787 928 εἶναι
811 899 869 929 καὶ
895 896 958 942 μή,
984 897 1115 944 ἀνάγκη
1141 898 1261 945 χρόνον
1287 899 1368 932 τινοὶ

356 938 495 984 ὡρίσθαι
528 940 588 973 τόν
624 943 786 973 πλεῖστον
817 943 877 974 καὶ
910 943 972 974 τοῦ
1005 940 1092 975 εἶναι
1124 947 1182 976 καὶ
1208 945 1271 977 τοῦ
1296 943 1364 988 μή,

354 984 446 1031 λέγω
470 980 498 1016 δ’
522 986 557 1018 ὃν
582 981 730 1018 δυνατὸν
749 986 790 1018 τὰ
808 987 952 1034 πρᾶγμα
970 984 1056 1020 εἶναι
1080 991 1139 1020 καὶ
1162 989 1196 1021 ὃν
1217 986 1366 1021 δυνατὸν
1398 1001 1405 1003 s

356 1029 405 1074 μή
431 1026 517 1061 εἶναι
541 1028 617 1062 καθ’
639 1032 824 1063 ὁποιανοῦν
849 1035 1077 1078 κατηγορίαν,
1097 1034 1166 1066 οἷον
1191 1032 1366 1079 ἄνθρωπον

357 1073 379 1111 ἦ
403 1073 522 1106 λευκὸν
540 1073 561 1111 ἦ
580 1077 728 1120 τρίπηχυ
747 1074 768 1112 ἦ
788 1074 864 1108 ἄλλ’
887 1077 1001 1110 ὁτιοῦν
1027 1079 1094 1109 τῶν
1120 1078 1301 1112 τοιούτων.
1328 1079 1366 1109 Εἰ

357 1118 422 1166 γοὶρ
447 1118 496 1164 μή
522 1119 623 1152 ἔσται
648 1119 752 1158 ποσός
779 1132 845 1163 τις7
874 1120 947 1154 ἀλλ’
974 1122 1026 1154 ἀεὶ
1052 1123 1174 1155 πλείων
1201 1123 1263 1156 τοῦ
1287 1134 1368 1168 προ-

358 1163 516 1202 τεθέντος
541 1166 599 1196 uati.
626 1166 686 1197 οὐκ.
712 1164 804 1198 ἔστιν
831 1166 868 1198 οὗ
895 1165 1072 1208 ἔλαττων,
1101 1167 1239 1211 ἄπειρον
1266 1167 1365 1199 ἔσται

403 1208 477 1249 όνον
503 1209 661 1243 τὰάὗτό
686 1206 836 1244 δυνατὸν
868 1208 954 1242 εἶναι
985 1213 1044 1244 καὶ
1070 1212 1117 1256 μή
1143 1209 1230 1244 εἶναι
1262 1211 1366 1244 ἄλλον

339 1252 512 1296 ἀπειρον.
546 1255 659 1287 ’Anca
682 1255 779 1288 τοῦτ’
811 1251 998 1288 ἀδύνατον.

285 1297 392 1344 Ἀρχὴ
413 1298 441 1330 δ’
462 1299 550 1332 ἔστω
569 1298 722 1334 ἐντεῦθεν
735 1313 742 1320 ·
765 1300 807 1333 τὸ
823 1300 888 1347 γάρ
908 1295 1083 1334 ἀδύνατον
1107 1303 1165 1333 καὶ
1183 1300 1225 1334 τό
1245 1297 1365 1344 ψεῦδος

359 1342 398 1375 οὖ
423 1341 538 1376 ταύτὰ
571 1347 741 1390 σημαίνει.
772 1345 872 1378 Ἔστι
896 1339 934 1377 δὲ
959 1345 1000 1378 τὰ
1034 1339 1206 1378 ἀδύνατον
1239 1346 1300 1377 καὶ
1324 1347 1367 1377 τό

358 1382 507 1422 δυνατόν
536 1392 595 1422 καὶ
631 1390 672 1422 τό
706 1385 826 1432 ψεῦδος
857 1391 916 1422 καὶ
941 1389 984 1422 τὸ
1018 1388 1138 1428 ἀληθὲς
1173 1389 1214 1422 τὸ
1245 1389 1305 1434 μὲν
1331 1387 1366 1431 ἐξ

360 1431 551 1472 ὑποθέσεως
578 1433 688 1482 (λέγω
705 1431 752 1476 δ’,
776 1434 845 1466 οἶον
871 1434 913 1467 τό
930 1436 1093 1480 τρίγωνον
1113 1429 1286 1468 ἀδύνατον
1304 1429 1366 1466 δύο

360 1476 460 1519 ὀρθῶς
485 1479 500 1510 ἔ
526 1490 586 1519 ειν,
607 1479 636 1511 εὶ
660 1475 761 1520 τάδε,
779 1480 839 1510 καὶ
863 1480 885 1515 ἦ
911 1474 1092 1524 διάμετρος
1116 1478 1320 1523 σύμμετρος,
1339 1479 1367 1510 εἱ

359 1518 483 1566 τάδε),
501 1490 576 1555 ἔστι
601 1520 630 1556 δ’
653 1524 769 1561 οἱπλῶς
793 1524 854 1555 καὶ
877 1518 1015 1556 δυνατοὶ
1037 1526 1096 1556 καὶ
1123 1519 1284 1557 ἀδύνατα
1307 1525 1368 1556 καὶ

359 1563 466 1610 ψευδῆ
490 1569 550 1600 καὶ
575 1565 698 1606 ἀληθῆ.

361 1611 406 1649 δή
432 1611 566 1645 ταύτόν
592 1614 666 1647 ἔστι
691 1609 812 1658 ψεῦδός
836 1611 877 1646 τέ
903 1625 938 1646 τι
955 1610 1042 1646 εἶναι
1061 1613 1176 1652 ἁπλῶς
1200 1615 1259 1645 καὶ
1287 1607 1369 1646 ἀδύ-

357 1668 463 1689 νατον
491 1658 626 1697 ἁπλῶς·
653 1657 695 1692 τὸ
746 1658 785 1703 α’,ρ
810 1669 847 1690 σε
864 1658 912 1701 μῆ
931 1659 1071 1692 ἑστῶτα
1095 1658 1201 1698 φοίναι
1223 1656 1368 1691 ἑστάναι

359 1697 479 1747 ψεῦδος
497 1701 572 1748 μέν,
593 1703 652 1735 οὐκ
671 1699 845 1737 ἀδυνατον
866 1700 917 1736 δέ.
949 1704 1090 1748 Ὁμοίως
1108 1699 1146 1736 δέ
1169 1704 1228 1735 καὶ
1246 1703 1288 1737 τό
1306 1702 1365 1734 τὸν

358 1745 581 1792 κιθαρίζοντα
606 1748 666 1793 μὲν
691 1748 739 1792 μή
767 1743 901 1790 ᾄδοντα
925 1743 964 1780 δὲ
991 1742 1082 1790 ᾅδειν
1108 1747 1213 1794 φοίναι
1231 1743 1366 1792 ψεῦῧος,

361 1790 438 1824 ἀλλ’
466 1793 527 1824 οὐκ
554 1788 741 1825 ἀδύνατον.
775 1793 822 1825 Τὸ
846 1789 876 1826 δ’
906 1792 979 1838 ἅμα
1005 1792 1150 1826 ἑστάναι
1179 1794 1239 1825 καὶ
1262 1791 1370 1829 καθῆ-

359 1835 453 1878 σθαι,
477 1838 536 1869 καὶ
562 1838 628 1875 τὴν
652 1833 836 1882 διάμετρον
861 1837 1054 1883 σύμμετρον
1080 1835 1180 1879 εἶναι,
1203 1838 1242 1870 οὐ
1266 1836 1367 1882 μόνον

359 1876 480 1959 {efflue
507 1881 599 1915 ἀλλὰ
621 1884 680 1915 καὶ
707 1878 895 1917 ὠδύνατον.

290 1926 339 1958 Οὐ
387 1925 408 1963 ἡ
434 1923 566 1959 ταύτόν
599 1927 692 1960 ἑστιν
725 1926 912 1961 ὑποθέσθαι
941 1923 1062 1972 ψεῦδος
1094 1928 1153 1959 καὶ
1180 1921 1365 1960 ἀδύνατον.

362 1971 545 2016 Συμβαίνει
569 1967 598 2004 δ’
629 1968 803 2005 ἀδύνατον
830 1971 865 2014 ἐξ
892 1967 1077 2005 ἀδυνάτου.

293 2015 360 2048 Τοῦ
385 2015 446 2060 μὲν
471 2014 529 2049 οὗν
559 2015 732 2053 καθῆσθαι
763 2019 822 2049 καὶ
856 2016 1001 2050 ἑστάναι
1029 2016 1101 2061 ἅμα
1128 2016 1198 2062 ἔχει
1222 2015 1287 2052 τήν
1312 2014 1371 2046 δύ’-

359 2070 481 2105 ναμιν,
510 2060 564 2094 ὅτι
590 2061 649 2095 ὅτε
674 2061 746 2107 ἔχει
770 2060 920 2103 ἐκείνην,
946 2064 1003 2094 καὶ
1029 2062 1093 2099 τήν
1123 2060 1261 2104 ἑτέραν·
1291 2060 1364 2092 ἀλλ’

362 2106 428 2151 οὐχ
450 2105 538 2139 ὥστε
565 2105 638 2151 ἅμα
661 2106 835 2143 καθῆσθαι
858 2108 918 2139 καὶ
943 2106 1102 2148 ἑστάναι,
1123 2106 1196 2140 ἀλλ’
1218 2105 1251 2138 ἑν
1279 2105 1369 2146 ἄλλῳ

361 2152 481 2196 χρόνῳ.
1336 2191 1344 2201 .

292 2194 331 2226 Ei.
355 2192 400 2232 δή
427 2207 461 2227 τι
495 2195 631 2240 ἄπειρον
666 2194 786 2240 χρόνον
820 2196 891 2242 ἔχει
917 2194 1080 2228 πλειόνων
1113 2189 1278 2239 δύναμιν,
1309 2205 1369 2226 ουκ

363 2240 455 2273 ἔστιν
481 2240 514 2271 ἐν
542 2239 632 2281 ἄλλῳ
681 2237 776 2284 ρόνῳ,
804 2238 898 2273 &nd
921 2238 1014 2273 τοῦθ’
1044 2238 1128 2283 ἅμα.
1159 2236 1258 2271 ‘Dor'
1281 2240 1311 2270 εἴ
1335 2250 1369 2270 τι

364 2285 501 2329 ἄπειρον
521 2283 642 2330 χρόνον
655 2252 696 2316 ἓν
737 2283 863 2330 θαρτόν
882 2285 969 2326 ἐστι,
987 2279 1131 2326 δύναμιν
1153 2283 1227 2328 ἔχοι
1250 2282 1288 2315 ἂν
1306 2283 1370 2316 τοῦ

361 2330 409 2374 μή
435 2327 534 2361 εἶναι.
573 2330 610 2361 Εἰ
633 2324 678 2365 δή
705 2295 843 2374 ἔπειρον
901 2329 995 2373 ρόνον
1028 2330 1120 2362 ἐστίν
1147 2327 1236 2360 ἔστω
1263 2327 1336 2360 ὑπαί

360 2386 423 2432 χον
449 2375 466 2406 ὃ
490 2370 641 2408 δύναται
665 2373 713 2418 μὴ
735 2371 837 2408 εἶναι.
910 2386 959 2419 μοι
981 2374 1029 2416 ἄρ’
1053 2374 1152 2407 ἔσται
1169 2385 1208 2405 τε
1232 2375 1291 2404 καὶ
1310 2384 1370 2405 ουκ

362 2430 464 2452 ἔσται
487 2420 567 2452 κατ’
589 2419 772 2464 ἐνέργειαν.
809 2416 942 2458 Ψεῦδος
959 2419 1020 2463 μὲν
1041 2416 1098 2452 οὖν
1116 2418 1296 2463 συμβαίνοι
1315 2418 1369 2459 ἄν,

362 2462 417 2497 ὅτι
441 2458 562 2508 ψεῦδος
587 2462 701 2500 ἐτέθη.
736 2462 828 2495 Ἀλλ’
849 2465 878 2496 εἰ
902 2464 950 2508 μή
978 2458 1151 2497 ἀδύνατον
1177 2460 1231 2504 ἦν,
1251 2462 1311 2494 οὐκ
1331 2462 1370 2495 ἄν

360 2510 421 2541 καὶ
448 2503 620 2541 ἀδύνατον
647 2505 686 2546 ἦν
714 2508 756 2541 τό
781 2509 980 2553 συμβαῖνον.
1014 2507 1128 2540 ’Ἂπαν
1156 2508 1221 2553 ἄρα
1247 2507 1288 2540 τό
1319 2505 1371 2540 ἀεὶ

363 2553 399 2586 ὃν
427 2554 541 2591 ἅπλῶς
569 2552 753 2599 ἄφθαρτον.

288 1613 338 1646 Οὐ

289 2639 434 2681 Ὁμοίως
459 2634 498 2670 δὲ
521 2640 581 2670 καὶ
607 2636 794 2684 ἀγένητον·
821 2638 848 2669 εἰ
873 2638 938 2683 γοίρ
963 2634 1121 2683 γενητόν,
1148 2635 1248 2668 ἔσται
1273 2631 1372 2668 δυνα-

364 2684 426 2717 τόν
451 2682 570 2728 χρόνον
605 2683 686 2716 τινοὶ
709 2682 758 2725 μὴ
782 2679 881 2714 εἶναι.
919 2681 1078 2726 Φθαρτόν
1105 2680 1164 2725 μὲν
1197 2680 1264 2726 γοίρ
1297 2681 1372 2713 ἐστι

364 2728 407 2761 τὸ
440 2727 603 2773 πρότερον
636 2727 696 2771 μὲν
730 2728 783 2766 ὅν,
810 2727 867 2758 νῦν
898 2721 936 2758 ’δὲ
968 2727 1016 2771 μή
1043 2724 1077 2758 ὂν
1103 2724 1124 2762 ἦ
1151 2723 1371 2771 ἐνδεχόμενόν

364 2784 451 2806 ποτε
477 2771 617 2814 ὕστερον
642 2772 689 2816 μή
715 2768 820 2803 εἶναι·
838 2771 984 2818 γενητὸν
1002 2766 1040 2803 δέ
1060 2771 1076 2803 ὃ
1095 2765 1274 2817 ἐνδέχεται
1293 2769 1373 2814 πρό-

365 2829 460 2863 τερον
486 2817 534 2862 μή
559 2814 660 2858 εἶναι,
684 2816 757 2849 ἀλλ’
779 2815 838 2848 οὐκ
863 2816 956 2848 ἔστιν
983 2816 1015 2848 ἐν
1043 2815 1067 2858 ᾤ
1091 2815 1198 2860 χρόνῳ
1224 2811 1372 2848 δυνατόν

364 2862 406 2896 τὰ
433 2863 486 2895 ἀεὶ
512 2861 560 2895 ὄν.
594 2860 698 2895 εὭστε
724 2861 772 2906 μή
798 2857 885 2893 εἶναι
912 2860 982 2893 οὔτ’
1006 2860 1145 2904 ἄπειρον
1171 2859 1251 2892 οὔτε
1270 2872 1373 2892 πεπε-

364 2905 548 2952 ρασμένον·
567 2908 626 2939 καὶ
643 2906 709 2952 γοὶρ
728 2906 788 2938 τὸν
807 2904 1062 2950 πεπερασμένον
1084 2904 1204 2950 χρόνον
1221 2900 1372 2937 δύναται

365 2948 470 2992 εἶναι,
504 2953 596 2996 εἴπερ
626 2951 771 2984 καὶτὸν
806 2950 958 2992 ἄπειρον.
993 2950 1061 2982 Οὐκ
1098 2951 1163 2995 ἄρα
1190 2944 1372 3004 ἐνδέχεται

366 2996 408 3029 τό
435 2995 524 3028 αὐτὰ
547 2997 605 3027 καὶ
632 2995 664 3027 ἓν
692 2995 744 3028 ἀεί
769 3007 808 3028 τε
833 2989 1000 3027 δύνασθαι
1021 2991 1108 3027 εἶναι
1132 2997 1190 3026 καὶ
1208 3006 1255 3038 μη
1272 3005 1372 3026 ειναι.
1399 2988 1403 3030 Ι

359 3040 470 3072 ’Δλλοὶ
492 3038 558 3083 μὴν
585 3035 663 3072 οὐδὲ
687 3040 752 3076 τήν
780 3039 967 3084 ἀπόφασιν,
987 3040 1055 3072 οἷον
1078 3039 1171 3086 λέγω
1190 3039 1238 3084 μή
1258 3039 1310 3072 ἀεὶ
1330 3035 1374 3070 εἶ-

366 3095 433 3115 ναι.
465 3078 659 3115 Ἀδύνατον
687 3084 754 3129 ἄρα
783 3085 842 3116 καὶ
869 3082 922 3116 ἀεὶ
946 3084 1005 3128 μέν
1031 3095 1066 3117 τι
1090 3081 1196 3124 εἶναι,
1224 3083 1291 3127 φθοι
1314 3083 1373 3116 τόν

367 3124 395 3160 δ’
425 3124 524 3160 εἶναι.
561 3128 702 3172 Ὁμοίως
725 3123 756 3159 δ’
778 3123 858 3160 οὐδὲ
875 3128 1032 3174 γενητόν.
1070 3129 1166 3160 Δυοῖν
1191 3130 1257 3175 γοὶρ
1285 3130 1372 3171 ὁροιν

367 3173 396 3204 εἱ
422 3167 594 3204 ἀδύνατον
620 3171 662 3203 τὸ
680 3171 819 3217 ὕστερον
842 3171 920 3205 ἄνευ
939 3174 1002 3205 τοῦ
1023 3172 1188 3218 προτέρου
1208 3173 1371 3217 ὑπάρξαι,

369 3216 476 3249 ἐκεῖνο
499 3211 528 3248 δ’
553 3212 726 3249 ἀδύνατον
752 3216 916 3261 ὑπάρξαι,
940 3219 999 3249 καὶ
1024 3218 1066 3250 τὸ
1088 3216 1240 3260 ὕστερον.
1271 3217 1367 3250 ‘'Qu-‘r'

368 3263 396 3294 εἱ
422 3261 463 3294 τὸ
490 3259 542 3294 ἀεὶ
561 3260 596 3292 ὃν
616 3260 664 3304 μή
690 3255 868 3306 ἐνδέχεταί
894 3272 980 3294 ποτε
1006 3262 1054 3306 im)
1079 3258 1178 3303 εἶναι,
1200 3257 1373 3295 ἀδύνατον

365 3308 424 3338 καὶ
449 3306 593 3352 γενητὸν
620 3302 719 3337 εἶναι.

354 3406 504 3433 ΞΥΝοΡςῐε.
521 3420 557 3425 --
579 3413 602 3431 1.
618 3405 832 3440 Argumentum
854 3409 882 3430 et
903 3402 1006 3430 divisio
1020 3408 1124 3430 textus.
1140 3418 1159 3424 -
1173 3410 1201 3431 2.
1217 3403 1295 3438 Quia
1307 3413 1376 3440 pos-

298 3444 384 3474 sibile
405 3444 510 3472 dicitur
529 3444 690 3472 secundum
712 3442 822 3480 aliquid
843 3442 1077 3478 determinatum,
1093 3442 1161 3470 ideo
1182 3451 1250 3471 cum
1271 3443 1376 3471 dicitur

300 3484 411 3522 aliquid
430 3483 570 3521 possibile
591 3493 654 3512 esse
674 3483 719 3511 vel
740 3482 878 3520 possibile
899 3491 961 3510 non
981 3491 1060 3517 esse,
1082 3487 1199 3519 oportet
1218 3488 1376 3520 utrumque

298 3524 420 3562 intelligi
447 3524 609 3552 secundum
637 3523 757 3561 aliquod
783 3522 1008 3551 determinatum
1036 3528 1170 3559 tempus,
1198 3522 1275 3550 ultra
1296 3523 1376 3560 quod

301 3574 364 3594 non
377 3564 471 3602 possit
484 3563 620 3601 ampliori
634 3570 766 3601 tempore
782 3572 843 3591 esse
857 3563 903 3591 vel
916 3572 978 3591 non
993 3571 1063 3591 esse.
1083 3562 1173 3590 Secus
1187 3561 1266 3590 idem
1277 3569 1376 3599 posset

302 3614 365 3634 esse
385 3611 518 3642 ternpore
539 3603 663 3640 infinito,
679 3610 707 3632 et
727 3603 857 3632 similiter
878 3612 939 3631 non
961 3611 1023 3631 esse
1044 3609 1176 3639 ternpore
1195 3601 1326 3638 infinit0;
1349 3609 1377 3631 et

302 3654 371 3674 cum
392 3654 454 3674 non
475 3644 568 3682 possit
589 3653 652 3673 esse
679 3650 708 3672 et
735 3653 797 3672 non
825 3652 887 3672 esse
915 3643 1020 3671 eodem
1049 3649 1199 3679 ternpore,
1229 3649 1376 3679 oporteret

1486 899 1594 939 itaque
1619 905 1694 930 sunt
1708 900 1866 940 quaedam
1889 901 2052 941 possibilia
2075 909 2106 933 et
2128 913 2195 934 esse
2212 909 2244 934 et
2266 913 2344 942 non,
2368 913 2494 934 necesse

1488 943 1618 984 aliquod
1643 950 1770 984 tempus
1803 945 2048 977 determinatum
2072 957 2138 978 esse
2171 947 2349 988 plurimum
2373 954 2404 979 et
2427 948 2494 979 eius

1489 988 1579 1029 quod
1602 994 1648 1019 est
1671 997 1738 1019 esse
1762 995 1793 1019 et
1816 989 1883 1019 eius
1900 990 1988 1030 quod
2005 1001 2082 1022 non.
2106 991 2188 1022 Dico
2211 998 2320 1023 autem
2342 992 2495 1033 possibile

1488 1042 1557 1063 rem
1573 1042 1640 1062 esse
1654 1039 1686 1064 et
1699 1033 1850 1073 possibile
1874 1044 1940 1064 non
1959 1044 2037 1073 esse,
2054 1036 2233 1067 secundum
2255 1046 2495 1078 quamcumque

1487 1076 1776 1117 praedicationem;
1808 1084 1886 1118 puta
1916 1078 2083 1110 hominem
2113 1087 2169 1112 aut
2191 1081 2302 1112 album
2324 1087 2380 1112 aut
2401 1081 2495 1112 tricu-

1489 1120 1592 1151 bitum
1615 1128 1671 1152 aut
1697 1121 1784 1152 aliud
1800 1122 2029 1164 quodcumque
2044 1124 2167 1155 talium.
2192 1124 2225 1156 Si
2249 1125 2335 1156 enim
2354 1135 2422 1156 non
2439 1125 2496 1157 erit

1489 1171 1647 1205 quantum
1670 1165 1813 1207 aliquod,
1837 1167 1892 1197 sed
1916 1177 2041 1208 semper
2064 1169 2136 1209 plus
2159 1169 2349 1210 proposito,
2375 1176 2406 1201 et
2428 1179 2495 1200 non

1489 1215 1536 1240 est
1559 1209 1650 1240 cuius
1664 1209 1782 1249 minus,
1806 1210 1839 1240 in
1858 1210 1982 1242 infinito
1998 1212 2056 1243 erit
2073 1219 2217 1254 tempore
2243 1214 2330 1244 idem
2344 1214 2495 1255 possibile

1489 1263 1568 1292 esse,
1593 1259 1623 1284 et
1645 1264 1713 1284 non
1736 1264 1803 1285 esse
1826 1255 1889 1286 alio
1913 1255 2048 1288 infinito.
2073 1257 2135 1288 Sed
2157 1258 2220 1289 hoc
2242 1258 2449 1299 impossibile.

1422 1295 1437 1312 *
1460 1297 1658 1338 Principium
1690 1306 1798 1330 autem
1821 1299 1861 1331 sit
1887 1299 1976 1331 hinc:
2001 1300 2198 1342 impossibile
2228 1309 2259 1334 et
2289 1303 2405 1334 falsum
2428 1313 2496 1334 non

1488 1342 1576 1373 idem
1599 1342 1785 1383 significant.
1802 1344 1860 1375 Est
1881 1352 1989 1376 autem
2011 1345 2208 1386 impossibile
2229 1354 2260 1378 et
2283 1347 2445 1388 possibile,
2465 1353 2497 1379 et

1490 1386 1607 1417 falsum
1631 1394 1661 1418 et
1683 1398 1813 1427 verum,
1837 1388 1900 1419 hoc
1930 1389 2062 1430 quidem
2085 1401 2122 1421 ex
2150 1391 2372 1432 suppositione
2399 1389 2495 1434 (dico

1489 1437 1597 1462 autem
1616 1438 1653 1462 ut
1667 1439 1745 1472 puta
1759 1432 1923 1473 trigonum
1938 1433 2135 1474 impossibile
2155 1435 2237 1466 duos
2251 1442 2354 1467 rectos
2369 1435 2496 1475 habere,

1489 1475 1515 1506 si
1538 1475 1633 1515 haec;
1657 1482 1688 1507 et
1711 1476 1863 1508 diameter
1891 1479 2203 1518 commensurabilis,
2228 1480 2254 1510 si
2277 1478 2397 1522 haec):
2423 1486 2498 1511 sunt

1490 1527 1599 1551 autem
1622 1520 1806 1561 simpliciter
1829 1529 1860 1553 et
1882 1522 2045 1562 possibilia
2071 1530 2102 1554 et
2124 1523 2344 1564 impossibilia,
2368 1530 2400 1555 et
2419 1524 2498 1555 falsa

1491 1571 1522 1595 et
1544 1574 1628 1596 vera.

1423 1608 1499 1639 Non
1522 1615 1631 1639 autem
1653 1609 1740 1640 idem
1773 1617 1819 1640 est
1846 1610 1964 1641 falsum
1992 1611 2112 1653 aliquid
2145 1622 2213 1643 esse
2241 1612 2444 1653 simpliciter,
2468 1620 2499 1644 et

1490 1653 1689 1694 impossibile
1721 1653 1914 1695 simpliciter.
1944 1656 1992 1686 Te
2023 1656 2109 1687 enim
2131 1666 2199 1687 non
2229 1664 2366 1688 stantem
2397 1657 2498 1688 dicere

1491 1704 1582 1738 stare,
1599 1697 1716 1729 falsum
1740 1698 1883 1739 quidem,
1902 1709 1970 1730 non
1993 1699 2188 1741 impossibile
2204 1708 2332 1740 autem;
2356 1701 2499 1732 similiter

1491 1748 1600 1773 autem
1629 1742 1886 1783 citharizantem,
1910 1754 1977 1775 non
2001 1751 2180 1776 cantantem
2216 1752 2344 1785 autem,
2374 1753 2498 1777 cantare

1491 1786 1606 1826 dicere,
1629 1787 1747 1818 falsum
1770 1788 1826 1818 sed
1846 1798 1913 1819 non
1937 1788 2150 1830 impossibile;
2171 1789 2268 1821 simul
2286 1797 2394 1821 autem
2417 1797 2498 1821 stare

1491 1838 1522 1862 et
1543 1832 1667 1871 sedere,
1691 1839 1722 1863 et
1746 1832 1937 1864 diametrum
1970 1834 2292 1866 commensurabilem
2324 1845 2407 1874 esse,
2430 1844 2498 1866 non

1491 1875 1599 1906 solum
1623 1875 1752 1916 falsum,
1775 1877 1832 1908 sed
1855 1884 1885 1908 et
1907 1877 2114 1918 impossibile.

1423 1920 1499 1951 Non
1514 1920 1621 1962 itaque
1644 1920 1730 1951 idem
1746 1928 1793 1952 est
1815 1922 1956 1962 supponi
1971 1921 2088 1953 falsum
2111 1929 2142 1954 et
2157 1922 2368 1964 impossibile:
2387 1923 2500 1955 accidit

1492 1971 1600 1995 autem
1623 1965 1821 2006 impossibile
1845 1976 1882 1996 ex
1904 1966 2105 2007 impossibili.

1425 2010 1498 2040 Hoc
1521 2009 1653 2050 quidem
1681 2009 1777 2050 igitur
1800 2010 1907 2041 sedere
1931 2017 1962 2042 et
1985 2018 2065 2042 stare
2097 2011 2194 2043 simul
2217 2012 2312 2043 habet
2333 2012 2498 2051 virtutem,

1492 2053 1568 2094 quia
1591 2054 1787 2095 quandoque
1810 2054 1906 2086 habet
1932 2055 2037 2095 illam,
2067 2063 2098 2088 et
2120 2056 2268 2088 alteram:
2294 2057 2349 2088 sed
2371 2067 2438 2088 non
2464 2063 2500 2088 ut

1492 2098 1590 2129 simul
1613 2099 1719 2130 sedeat
1741 2105 1773 2130 et
1795 2105 1866 2139 stet,
1889 2100 1945 2130 sed
1968 2100 2031 2131 alio
2054 2108 2209 2142 tempore.

1425 2193 1443 2212 *
1466 2193 1498 2224 Si
1521 2193 1629 2235 itaque
1653 2193 1775 2236 aliquid
1797 2194 1922 2227 infinito
1945 2202 2090 2237 tempore
2117 2197 2260 2238 plurium
2287 2197 2382 2228 habet
2404 2197 2500 2229 virtu·

1493 2244 1570 2277 tem,
1594 2247 1661 2269 non
1679 2245 1726 2269 est
1747 2238 1781 2270 in
1797 2239 1860 2270 alio
1885 2247 2040 2281 tempore,
2065 2241 2120 2272 sed
2142 2241 2205 2273 hoc
2229 2242 2335 2273 simul.
2355 2242 2500 2283 Quapro-

1493 2289 1563 2323 pter
1586 2282 1611 2313 si
1635 2282 1714 2324 quid
1736 2282 1862 2314 infinito
1885 2290 2029 2325 tempore
2054 2296 2109 2316 ens
2133 2286 2336 2326 corruptibile
2362 2292 2418 2325 est,
2440 2285 2500 2316 vir-

1493 2333 1596 2358 tutem
1618 2326 1747 2358 habebit
1770 2327 1882 2369 utique
1912 2329 1979 2360 eius
2002 2330 2091 2371 quod
2119 2337 2166 2361 est
2188 2340 2254 2361 non
2279 2341 2356 2361 esse.
2385 2330 2418 2361 Si
2445 2330 2501 2361 ita-

1493 2381 1556 2412 que
1579 2371 1617 2402 in-
1642 2371 1768 2402 infinito
1792 2379 1937 2413 tempore
1961 2381 2024 2414 est,
2053 2374 2093 2405 sit
2115 2374 2248 2406 existens
2279 2375 2369 2416 quod
2396 2381 2502 2415 potest

1493 2426 1561 2447 non
1576 2426 1654 2447 esse.
1677 2416 1782 2447 Simul
1794 2416 1890 2457 igitur
1905 2418 1963 2449 erit
1985 2425 2016 2449 et
2029 2428 2096 2450 non
2115 2419 2173 2450 erit
2191 2420 2369 2451 secundum
2383 2426 2500 2450 actum.

1493 2459 1626 2491 Falsum
1648 2460 1780 2502 quidem
1802 2461 1898 2502 igitur
1920 2462 2039 2494 accidet
2062 2462 2185 2505 utique,
2209 2464 2285 2505 quia
2308 2464 2425 2494 falsum
2441 2474 2500 2504 po-

1493 2505 1591 2535 situm
1615 2511 1671 2536 est.
1695 2505 1758 2536 Sed
1774 2505 1800 2536 si
1823 2515 1890 2537 non
1909 2506 2107 2548 impossibile
2126 2515 2202 2548 erat,
2225 2518 2292 2539 non
2313 2508 2424 2549 utique
2442 2507 2501 2538 im-

1494 2549 1645 2589 possibile
1669 2556 1751 2580 esset
1779 2551 1868 2591 quod
1892 2551 2013 2583 accidit.
2038 2551 2146 2583 Omne
2176 2552 2271 2593 igitur
2298 2563 2423 2594 semper
2446 2562 2501 2583 ens

1494 2593 1734 2634 incorruptibile
1757 2594 1942 2635 simpliciter
1964 2603 2020 2627 est.

1427 2637 1578 2669 Similiter
1600 2645 1709 2670 autem
1733 2646 1763 2670 et
1786 2639 1974 2680 ingenitum.
2000 2641 2033 2672 Si
2057 2641 2143 2672 enim
2165 2642 2309 2682 genitum
2338 2649 2400 2681 est,
2421 2649 2501 2673 tem-

1494 2692 1574 2723 pore
1590 2682 1647 2714 erit
1661 2683 1812 2724 possibile
1830 2685 1975 2725 quodam
1997 2696 2065 2717 non
2081 2693 2165 2717 esse:
2181 2686 2199 2706 *
2213 2687 2416 2727 corruptibile
2431 2687 2503 2728 qui-

1495 2727 1570 2758 dem
1594 2727 1680 2758 enim
1696 2734 1743 2759 est
1765 2728 1853 2769 prius
1877 2729 2009 2770 quidem
2029 2740 2095 2770 ens,
2114 2741 2201 2762 nunc
2224 2737 2333 2762 autem
2348 2741 2415 2762 non
2435 2741 2501 2771 enS,

1495 2778 1550 2803 aut
1573 2772 1760 2813 contingens
1776 2773 1972 2816 quandoque
1990 2775 2148 2816 posterius
2167 2785 2233 2806 non
2258 2783 2343 2815 esse;
2359 2776 2503 2816 genitum

1496 2822 1605 2847 autem
1628 2827 1683 2848 ens
1707 2818 1797 2859 quod
1814 2819 1968 2859 contingit
1991 2819 2078 2860 prius
2094 2830 2162 2851 non
2181 2830 2259 2851 esse.
2283 2820 2346 2851 Sed
2369 2831 2435 2852 non
2455 2827 2502 2851 est

1495 2861 1528 2892 in
1552 2871 1619 2902 quo
1643 2869 1789 2903 tempore
1809 2863 1960 2903 possibile
1984 2865 2073 2905 quod
2092 2875 2217 2905 semper
2233 2875 2288 2895 ens
2311 2871 2348 2896 ut
2370 2875 2437 2895 non
2452 2864 2502 2903 sit,

1495 2915 1600 2947 neque
1619 2906 1743 2938 infinito
1758 2913 1903 2948 tempore
1927 2918 2031 2949 neque
2046 2908 2153 2940 finito:
2175 2909 2293 2940 etenim
2311 2908 2402 2940 finito
2422 2915 2501 2940 tem-

1495 2960 1574 2991 pore
1597 2957 1797 2992 potestesse,
1821 2952 1981 2994 siquidem
2004 2959 2035 2984 et
2057 2952 2192 2984 infinito.
2212 2954 2288 2984 Non
2308 2952 2403 2993 igitur
2427 2963 2502 2983 con-

1495 2995 1588 3035 tingit
1601 2995 1689 3026 idem
1708 3002 1739 3027 et
1755 3007 1860 3028 unum
1875 3007 2063 3038 semperque
2086 3007 2181 3039 posse
2200 3007 2267 3028 esse
2287 3004 2318 3028 et
2337 3008 2404 3028 non
2423 3007 2500 3028 esse.

1497 3040 1560 3071 Sed
1578 3047 1609 3070 et
1632 3050 1736 3081 neque
1753 3041 1966 3082 negationem,
1987 3048 2076 3082 puta,
2092 3042 2176 3080 dico,
2192 3052 2259 3072 non
2280 3052 2406 3082 semper
2424 3051 2502 3073 esse.

1497 3084 1696 3125 Impossibile
1719 3085 1815 3126 igitur
1839 3093 1869 3117 et
1891 3096 2017 3126 semper
2038 3086 2171 3126 quidem
2193 3085 2314 3127 aliquid
2337 3096 2415 3125 esse,
2437 3096 2504 3117 cor-

1496 3129 1644 3170 ruptibile
1669 3137 1777 3161 autem
1806 3138 1889 3160 esse:
1915 3130 2057 3161 similiter
2079 3136 2188 3160 autem
2211 3140 2316 3171 neque
2348 3130 2502 3171 genitum.

1495 3174 1633 3204 Duobus
1648 3174 1735 3204 enim
1750 3174 1902 3212 terminis,
1919 3174 1945 3204 si
1963 3174 2162 3214 impossibile
2179 3175 2337 3214 posterius
2357 3175 2424 3206 sine
2440 3175 2503 3216 pri-

1496 3229 1552 3248 mo
1576 3218 1717 3257 existere,
1740 3219 1766 3248 si
1789 3218 1870 3249 illud
1892 3218 2088 3258 impossibile
2112 3218 2258 3258 existere,
2283 3226 2314 3250 et
2336 3220 2427 3260 quod
2445 3230 2503 3260 po-

1495 3262 1618 3293 sterius.
1644 3263 1753 3304 Itaque
1769 3262 1795 3292 si
1818 3272 1943 3303 semper
1967 3272 2021 3293 ens
2040 3272 2107 3293 non
2126 3263 2283 3304 contingit
2307 3264 2503 3305 quandoque

1498 3317 1565 3337 non
1589 3317 1666 3346 esse,
1690 3306 1887 3347 impossibile
1911 3313 1942 3337 et
1964 3306 2108 3347 genitum
2132 3317 2210 3339 esse.

1432 3403 1494 3432 dari
1509 3404 1569 3432 duo
1590 3410 1724 3440 tempora
1745 3403 1866 3438 infinita,
1889 3404 1970 3440 quod
1991 3410 2035 3432 est
2055 3404 2244 3441 impossibile.
2259 3421 2278 3426 -
2295 3405 2321 3433 3.
2336 3405 2503 3434 Subdivisio

1431 3450 1533 3472 textus.
1556 3459 1576 3464 -
1597 3453 1625 3478 4.
1652 3444 1804 3478 Quaedam
1826 3443 1988 3472 necessaria
2008 3445 2046 3472 ad
2073 3444 2257 3482 propositum
2278 3446 2502 3474 ostendendum.

1431 3485 1460 3519 a)
1482 3483 1624 3511 Possibile
1642 3489 1671 3511 et
1685 3482 1873 3520 impossibile,
1888 3493 1990 3512 verum
2012 3490 2040 3512 et
2061 3484 2176 3520 falsum,
2191 3484 2344 3522 dupliciter
2357 3485 2501 3521 dicuntur,

1431 3523 1540 3551 scilicet
1554 3532 1593 3551 ex
1606 3523 1812 3561 suppositione,
1834 3530 1862 3552 et
1882 3523 2055 3562 simpliciter
2076 3534 2127 3553 seu
2148 3525 2281 3554 absolute
2300 3531 2328 3553 et
2342 3526 2503 3554 secundum

1431 3573 1471 3591 se.
1494 3563 1521 3599 b)
1543 3564 1612 3591 Non
1639 3569 1682 3591 est
1709 3562 1787 3592 idem
1816 3563 1926 3601 aliquid
1954 3573 2016 3593 esse
2041 3564 2147 3593 falsum
2172 3565 2356 3602 simpliciter,
2385 3572 2413 3594 et
2441 3575 2503 3594 esse

1430 3602 1612 3640 impossibile
1626 3602 1803 3640 simpliciter.
1825 3605 1851 3639 c)
1873 3605 1950 3641 Ergo
1968 3614 2064 3642 neque
2086 3604 2172 3633 etiam
2188 3612 2231 3633 est
2244 3605 2324 3634 idem
2338 3615 2502 3642 supponere

1430 3643 1543 3678 falsum,
1566 3650 1594 3671 et
1615 3652 1781 3680 supponere
1803 3643 1990 3681 impossibile.
2013 3645 2043 3681 d)
2065 3645 2146 3674 Licet
2166 3645 2277 3683 aliquid
2291 3645 2378 3674 simul
2399 3646 2503 3674 habeat

2523 862 2602 911 {¹5³²
2613 868 2653 884 ιιι.
2667 863 2736 885 Text.

2523 1306 2533 1316 '
2547 1304 2616 1327 Text.
2631 1310 2674 1333 119.

2527 2202 2537 2211 ⁶
2552 2201 2612 2223 Text
2627 2206 2674 2223 120.

2530 2691 2540 2701 '
2555 2690 2623 2712 Text.
2638 2695 2676 2712 121.
