2554 4062
223 275 269 299 XII

347 342 468 394 Quae
502 344 644 379 autem
678 336 731 376 de
764 332 1052 375 astronomica
1084 328 1307 383 disciplina
1340 327 1452 367 dicta
1485 330 1603 374 sunt,
1639 325 1744 366 haec
1786 323 1911 379 plane
1945 321 2158 376 quadrant
2197 320 2325 362 etiarn
2359 320 2402 361 in

225 419 275 446 ea
307 416 416 458 quae
448 400 657 456 pertinent
688 397 743 438 ad
775 395 1006 450 physicam,
1042 398 1088 432 ut
1119 391 1247 438 aiunt,
1281 387 1594 445 geographiam
1619 393 1660 428 et
1681 386 1736 427 ad
1766 383 2138 439 meteorologiam,
2163 382 2218 423 de
2242 383 2402 452 qui-bus

224 466 355 507 multa
386 462 606 504 traduntur
643 460 686 500 in
719 458 826 499 libro
865 456 937 510 qui
970 452 1300 505 Meteorologica
1333 447 1585 491 inscribitur.
1621 449 1720 502 Qua
1762 449 1816 489 de
1850 461 1895 488 re
1937 446 2007 487 adi
2042 450 2400 514 commentarium

224 540 352 582 quern
384 525 520 566 Ideler
551 521 722 576 Lipsiae
754 518 897 565 edidit,
932 528 1045 556 anno
1076 516 1202 565 1834,
1227 526 1356 567 super
1389 518 1575 566 quatuor
1597 510 1731 552 libros
1760 509 2199 562 Meteorologicorum,
2233 521 2277 548 m
2310 521 2400 577 quo

223 586 526 629 commentario
569 587 787 636 comparat
819 580 910 633 ipse
944 576 1169 631 opiniones
1208 574 1505 616 Aristotelicas
1551 586 1649 614 cum
1691 572 1940 614 recentioris
1973 571 2176 612 scientiae
2220 570 2400 624 placitls.

223 651 395 691 Fatetur
427 660 531 688 vero
564 646 667 686 haec
700 643 752 683 de
785 641 928 694 seipso
963 639 1005 679 in
1038 637 1317 686 Praefatione,
1352 650 1450 692 pag.
1473 648 1634 676 XXXVI:
1675 653 1690 672 «ι
1715 635 1832 676 Nulli
1867 632 2400 702 philosophicae-scholae

222 711 323 752 mihi
354 709 524 750 addicto
557 707 712 748 idonea
738 716 824 743 non
848 701 994 742 aderat
1017 713 1157 749 causa,
1183 713 1257 740 cur
1278 705 1351 739 aut
1372 699 1480 739 alios
1503 698 1738 747 Aristoteli,
1762 702 1836 738 aut
1857 696 2137 738 Aristotelem
2159 695 2252 736 alus
2275 707 2398 763 prae-

220 773 382 820 ferrem,
405 782 544 824 neque
577 781 630 808 eo
653 778 789 820 usque
817 763 999 818 ineptiae
1033 768 1105 803 aut
1135 761 1400 816 insipientiae
1434 772 1692 815 progressus
1715 773 1823 809 sum,
1847 765 1895 800 ut
1915 764 2124 807 veterum,
2147 762 2399 812 praesertim

221 832 478 879 Aristotelis,
514 830 623 870 dicta
655 840 703 868 ac
734 826 887 881 placita
919 831 1139 879 tamquam
1177 823 1411 864 Dodonaei
1444 822 1562 863 Iovis
1589 822 1789 876 Pythiive
1822 820 2054 876 Apollonis
2088 820 2261 861 oracula
2302 832 2398 860 esse

219 894 429 936 audienda
451 903 703 933 censerem.»
727 890 767 928 Is
790 893 945 935 autem,
963 892 1009 927 ut
1031 886 1163 926 multa
1184 885 1266 925 alia
1288 884 1686 939 praetermittamus,
1704 884 1746 924 in
1769 884 1925 924 librum
1948 884 1978 932 Ι,
1997 896 2087 937 cap.
2099 895 2157 931 XI,
2174 896 2272 937 pag.
2292 883 2397 934 434,

218 969 402 1010 sequens
434 951 722 994 testimonium
745 949 965 990 Aristoteli
999 947 1159 988 reddit:
1201 963 1216 983 ‹
1239 947 1300 988 Ut
1331 947 1464 986 semel
1499 946 1542 986 id
1566 959 1780 995 moneam,
1800 959 1888 987 non
1910 946 2054 986 solum
2076 945 2160 986 hoc
2182 945 2294 993 loco,
2318 943 2398 985 sed

217 1019 259 1058 in
292 1023 381 1058 tota
412 1009 732 1068 meteorologia,
767 1010 977 1066 quidquid
1011 1009 1227 1050 observati
1260 1007 1376 1062 apud
1409 1008 1691 1049 Aristotelem
1724 1008 1952 1063 reperitur,
1987 1007 2043 1048 ad
2077 1013 2226 1048 nostra
2258 1019 2398 1060 usque

216 1079 383 1120 saecula
414 1077 546 1125 valet;
580 1074 699 1129 quod
730 1087 805 1129 per
826 1071 1083 1127 hypothesin
1117 1070 1388 1112 contenditur
1419 1075 1493 1110 aut
1524 1082 1703 1123 prorsus
1725 1070 1880 1111 salsum
1913 1076 1987 1111 aut
2019 1075 2197 1110 eatenus
2230 1074 2396 1110 tantum

215 1154 363 1181 verum
397 1145 470 1187 est,
504 1143 713 1192 quatenus
746 1141 917 1176 nostrae
950 1133 1155 1188 loquendi
1193 1131 1346 1173 rationi
1379 1131 1610 1186 adaequari
1644 1138 1800 1186 potest.
1827 1150 1842 1170 ›

330 1202 482 1242 Liceat
503 1212 607 1255 ergo
631 1197 768 1246 nobis,
787 1210 866 1252 pro
893 1195 1170 1237 conclusione
1204 1195 1329 1236 huius
1352 1193 1606 1250 argumenti,
1630 1194 1766 1234 verba
1788 1207 1996 1249 usurpare
2017 1206 2130 1250 quae
2154 1193 2196 1234 in
2221 1194 2395 1235 Litteris

214 1262 448 1317 Encyclicis
475 1261 660 1302 Aeterni
677 1260 836 1307 Patris,
863 1258 972 1299 datis
1006 1258 1088 1299 sub
1122 1257 1191 1298 die
1214 1269 1241 1309 4
1266 1256 1455 1312 Augusti
1485 1270 1551 1297 an.
1583 1257 1710 1310 1879,
1743 1255 1874 1297 habet
1907 1255 2251 1310 sapientissimus
2273 1256 2392 1298 Pon-

213 1326 312 1366 tifex
344 1325 436 1365 Leo
469 1324 587 1371 XIII,
624 1322 743 1363 cuius
778 1321 896 1362 iussu
931 1326 973 1363 et
1004 1319 1209 1374 impensis
1249 1319 1376 1359 etiam
1420 1318 1592 1360 tertium
1633 1318 1716 1359 hoc
1748 1319 1956 1360 volumen
2000 1330 2143 1359 novae
2191 1317 2394 1359 editionis

213 1399 389 1441 operum
421 1399 453 1426 s.
478 1385 673 1426 Thomae
706 1384 790 1424 iam
813 1383 854 1424 in
877 1383 1015 1423 lucem
1049 1381 1213 1436 prodit:
1245 1400 1259 1417 ‹
1285 1381 1385 1434 Qua
1406 1381 1448 1421 in
1472 1394 1517 1422 re
1551 1380 1700 1435 (quod
1725 1383 1877 1436 nempe
1899 1381 2111 1436 physicae
2141 1379 2396 1435 disciplinae

211 1461 267 1489 ex
289 1448 482 1488 restituta
511 1450 701 1487 veterum
724 1445 1003 1500 philosophia
1023 1457 1108 1485 non
1130 1443 1254 1485 modo
1285 1442 1403 1484 nihil
1428 1442 1683 1492 detrimenti,
1705 1443 1788 1485 sed
1794 1443 2041 1499 plurimum
2055 1442 2276 1498 praesidii
2290 1445 2399 1486 sunt

210 1510 465 1561 habiturae)
500 1515 541 1550 et
581 1508 683 1549 illud
720 1520 896 1548 monere
932 1507 1067 1556 iuvat,
1112 1505 1283 1547 nonnisi
1316 1518 1394 1560 per
1426 1518 1641 1546 summam
1675 1505 1872 1547 iniuriam
1910 1505 2052 1547 eidem
2089 1505 2392 1560 philosophiae

210 1571 524 1624 (scholasticae)
547 1570 652 1611 vitio
674 1570 794 1619 verti,
819 1568 939 1624 quod
961 1568 1214 1609 naturalium
1237 1567 1511 1609 scientiarum
1534 1568 1743 1623 profectui
1769 1574 1812 1610 et
1832 1569 2099 1610 incremento
2122 1567 2391 1610 adversetur.

211 1634 321 1674 Cum
355 1633 467 1674 enim
509 1632 777 1680 Scholastici,
816 1637 1061 1672 sanctorum
1094 1631 1269 1671 Patrum
1302 1630 1559 1671 sententiam
1590 1631 1743 1680 secuti,
1782 1631 1825 1672 in
1858 1630 2195 1686 anthropologia
2226 1630 2390 1685 passim

208 1695 464 1743 tradiderint,
488 1694 718 1736 humanam
751 1693 1072 1749 intelligentiam
1106 1692 1276 1734 nonnisi
1311 1705 1365 1734 ex
1392 1692 1522 1734 rebus
1555 1693 1833 1734 sensibilibus
1856 1693 1912 1734 ad
1935 1693 2180 1734 noscendas
2203 1706 2271 1734 res
2294 1706 2391 1735 cor-

208 1770 312 1811 pore
341 1756 600 1810 materiaque
633 1764 823 1796 carentes
857 1755 1003 1804 evehi,
1037 1761 1192 1810 sponte
1225 1768 1304 1796 sua
1337 1754 1646 1804 intellexerunt,
1671 1755 1773 1797 nihil
1808 1769 1906 1797 esse
1935 1755 2199 1811 philosopho
2233 1755 2391 1805 utilius,

208 1831 336 1873 quarn
377 1824 550 1859 naturae
583 1831 736 1858 arcana
778 1817 1003 1873 diligenter
1035 1817 1320 1872 investigare,
1356 1823 1398 1858 et
1428 1817 1470 1858 in
1504 1830 1645 1858 rerum
1679 1817 1955 1872 physicarum
1989 1817 2135 1859 studio
2169 1817 2244 1859 diu
2277 1817 2389 1860 mul-

206 1887 382 1934 tumque
413 1879 585 1921 versari.
620 1879 752 1932 Quod
786 1885 828 1920 et
862 1879 974 1920 sacto
997 1892 1078 1921 suo
1112 1879 1439 1920 confirmarunt:
1474 1892 1574 1920 nam
1607 1893 1640 1921 s.
1657 1879 1865 1929 Thomas,
1890 1880 1930 1921 b.
1955 1880 2164 1922 Albertus
2186 1880 2389 1936 Magnus,

205 1942 360 1996 aliique
393 1942 755 1983 Scholasticorum
788 1941 1011 1996 principes,
1041 1955 1128 1982 non
1162 1941 1220 1982 ita
1252 1954 1300 1982 se
1333 1941 1685 1996 contemplationi
1719 1942 2021 1998 philosophiae
2046 1941 2318 1992 dediderunt,
2341 1947 2390 1995 ut

205 2017 292 2044 non
322 2004 447 2044 etiam
480 2004 659 2044 multum
693 2016 849 2058 operae
883 2003 924 2044 in
957 2003 1211 2044 naturalium
1245 2016 1386 2044 rerum
1418 2003 1668 2059 cognitione
1699 2005 1972 2046 collocarint:
2006 2004 2096 2046 imo
2133 2018 2222 2046 non
2250 2017 2391 2060 pauca

204 2071 303 2106 sunt
335 2066 375 2106 in
408 2065 490 2106 hoc
512 2078 671 2122 genere
700 2065 813 2106 dicta
845 2078 994 2106 eorum
1027 2071 1070 2106 et
1101 2065 1218 2114 scita,
1257 2078 1369 2119 quae
1403 2071 1597 2107 recentes
1633 2066 1827 2122 magistri
1859 2067 2065 2122 probent,
2105 2073 2148 2108 et
2175 2080 2273 2110 cum
2309 2080 2389 2110 ve-

203 2127 322 2168 ritate
356 2140 590 2182 congruere
622 2127 841 2168 fateantur.
876 2127 1118 2176 Praeterea,
1153 2127 1232 2168 hac
1265 2127 1358 2182 ipsa
1391 2133 1529 2168 aetate
1562 2129 1706 2183 plures
1738 2129 1854 2183 iique
1882 2129 2077 2186 insignes
2108 2129 2387 2173 scientiarum

203 2189 473 2243 physicarum
506 2188 705 2230 doctores
747 2190 887 2244 palam
921 2195 1152 2244 aperteque
1186 2195 1409 2238 testantur,
1450 2189 1559 2231 inter
1591 2196 1728 2232 certas
1762 2197 1964 2246 ratasque
1994 2192 2244 2234 recentioris
2277 2191 2388 2248 phy-

203 2250 313 2291 sicae
357 2251 676 2300 conclusiones,
713 2256 754 2292 et
796 2251 1094 2306 philosophica
1136 2251 1323 2293 Scholae
1358 2252 1583 2307 principia,
1623 2253 1783 2295 nullam
1821 2254 1912 2295 veri
1959 2254 2149 2296 nominis
2190 2266 2386 2311 pugnam

205 2312 395 2353 existere.
416 2330 430 2350 ›

324 2374 397 2415 VI.
431 2375 505 2415 DE
538 2386 734 2415 GENmNA
767 2375 822 2416 D.
847 2376 1047 2416 THOMAE
1079 2387 1390 2417 EXPOSITIONE.
1415 2399 1434 2407 -
1457 2375 1759 2418 Redeuntibus
1793 2377 1849 2419 ad
1873 2378 2246 2420 Commentarium
2269 2379 2313 2421 in
2335 2379 2387 2422 li-

202 2436 304 2476 bros
336 2436 388 2476 de
425 2435 559 2484 Caelo,
595 2437 872 2478 vehementer
905 2437 1140 2478 dolendum
1174 2443 1241 2479 est
1262 2438 1389 2478 nobis
1412 2437 1534 2493 quod
1556 2438 1866 2494 incompletum
1889 2454 1915 2481 a
1937 2453 1970 2482 s.
1987 2441 2163 2482 Thoma
2190 2441 2386 2484 relictum

201 2497 332 2538 fuerit.
367 2498 436 2538 De
468 2498 551 2538 hoc
593 2511 813 2552 nunquam
857 2498 1099 2540 dubitatum
1138 2505 1225 2548 est,
1269 2512 1348 2541 nec
1395 2500 1540 2541 sinunt
1582 2501 1778 2543 dubitare
1824 2508 1995 2544 veteres
2037 2504 2386 2547 nomenclatores

203 2571 381 2613 operum
403 2559 651 2613 Aquinatis;
685 2559 758 2614 qui
782 2560 909 2601 etiam
932 2560 1089 2602 docent
1111 2561 1208 2615 quis
1230 2561 1354 2603 suerit
1375 2568 1525 2604 auctor
1546 2563 1833 2619 supplementi
1856 2564 1912 2606 ad
1936 2565 2028 2606 eius
2052 2566 2384 2621 expositionem.

198 2620 421 2661 'Laudatus
443 2621 721 2662 Ptolomaeus
743 2622 973 2664 Lucensis:
1015 2640 1030 2659 ι
1054 2623 1233 2679 Scripsit
1256 2623 1395 2674 etiam,
1417 2642 1432 2662 ›
1461 2625 1609 2680 inquit,
1641 2643 1655 2663 ι
1674 2638 1806 2682 super
1827 2627 2160 2683 philosophiam,
2183 2628 2387 2672 videlicet

201 2681 254 2722 de
291 2681 415 2722 Caelo
448 2688 490 2723 et
520 2683 572 2724 de
611 2683 901 2732 Generatione
937 2684 1015 2726 sed
1047 2698 1135 2726 non
1169 2686 1412 2742 complevit,
1443 2693 1485 2728 et
1517 2687 1710 2730 similiter
1741 2689 1987 2740 Politicam;
2021 2690 2101 2732 sed
2134 2691 2217 2733 hos
2249 2691 2385 2734 libros

203 2744 432 2798 complevit
463 2745 669 2800 Magister
700 2746 851 2787 Petrus
885 2746 939 2788 de
973 2747 1190 2796 Alvernia,
1225 2748 1500 2790 fidelissimus
1535 2749 1769 2806 discipulus
1803 2751 1907 2801 eius,
1938 2753 2148 2809 Magister
2170 2753 2213 2795 in
2235 2754 2385 2796 Theo-

201 2805 318 2860 logia
340 2811 381 2846 et
402 2818 583 2861 magnus
606 2806 900 2862 philosophus,
926 2814 968 2850 et
995 2809 1169 2850 demum
1201 2810 1445 2866 Episcopus
1469 2811 1840 2855 claromontensis
1864 2814 1996 2870 (apud
2018 2816 2241 2866 Muratori,
2264 2816 2385 2859 Scri-

191 2869 342 2921 ptores
361 2867 526 2908 Rerum
557 2868 812 2910 Italicarum
845 2871 971 2912 Tom.
995 2872 1056 2912 XI
1079 2895 1098 2902 -
1121 2871 1356 2914 Mediolani
1387 2874 1555 2929 1727).·
1586 2898 1605 2906 —
1628 2875 1835 2918 Nicolaus
1858 2877 2063 2919 Trivetus
2090 2878 2134 2919 in
2161 2878 2383 2929 Chrom‘oo,

200 2928 255 2968 ad
277 2941 434 2970 annum
465 2940 602 2984 1274:
643 2948 658 2967 ‹
681 2931 895 2986 Exposuit
929 2933 1055 2974 etiarn
1089 2934 1221 2975 libros
1243 2935 1542 2991 philosophiae
1571 2938 1791 2992 plurimos,
1815 2945 1920 2994 puta
1941 2940 2227 2993 Physicorum
2249 2941 2384 2984 libros

200 2995 298 3030 octo
334 2991 560 3046 complete,
601 2992 723 3034 Caeli
751 2997 794 3034 et
822 2994 983 3036 Mundi
1011 2995 1206 3050 primum,
1235 2997 1473 3039 secundum
1508 3005 1550 3040 et
1582 3000 1751 3042 tertium
1786 3000 1918 3056 (apud
1948 3002 2176 3058 d'Achery,
2203 3003 2384 3060 Spicile-

195 3052 337 3104 gium,
373 3053 471 3094 Vol.
503 3054 560 3094 III
583 3078 601 3084 -
624 3055 796 3096 Parisiis
838 3057 980 3112 1723).
1007 3075 1022 3094 ›
1061 3058 1419 3102 Bartholomaeus
1459 3061 1514 3102 de
1557 3062 1728 3117 Capua:
1770 3064 1918 3105 «Item
1955 3064 2062 3107 dixit
2104 3066 2220 3108 idem
2262 3065 2384 3111 testis

201 3112 582 3170 (Bartholomaeus)
615 3117 734 3170 quod
757 3117 823 3158 isti
848 3124 948 3160 sunt
980 3119 1074 3161 libri
1107 3133 1220 3175 quos
1254 3121 1372 3163 dedit
1404 3123 1531 3164 frater
1552 3124 1747 3166 Thomas
1781 3125 1837 3167 de
1870 3127 2050 3181 Aquino
2082 3129 2382 3184 praedictus...

200 3187 327 3228 super
358 3176 464 3217 libro
487 3177 539 3218 de
565 3178 691 3219 Caelo
723 3185 808 3220 tres
842 3179 972 3235 (apud
995 3182 1228 3232 Baluzium,
1258 3184 1385 3225 Vitae
1411 3186 1639 3240 Paparum
1671 3187 2048 3238 Avenionensium,
2073 3190 2202 3233 Tom.
2225 3191 2276 3241 11,
2299 3192 2383 3234 Pa-

201 3235 307 3277 risiis
347 3239 481 3290 1693;
516 3245 557 3280 et
589 3253 642 3281 ex
675 3241 823 3283 codice
846 3243 1075 3285 Parisiensi
1107 3245 1280 3287 Nation.
1305 3247 1398 3288 Lat.
1424 3248 1574 3303 3112).
1599 3266 1614 3286 ν
1643 3273 1662 3280 -
1686 3250 1929 3293 Bernardus
1953 3251 2196 3295 Guidonis:
2237 3270 2253 3290 ‹
2275 3254 2383 3296 Item

200 3298 364 3352 scripsit
391 3313 518 3354 super
549 3306 633 3343 tres
655 3302 786 3344 libros
814 3303 867 3345 de
893 3305 1020 3347 Caelo
1051 3309 1096 3347 et
1123 3307 1290 3349 Mundo
1323 3309 1453 3364 (apud
1488 3310 1721 3362 Oudinurn,
1750 3313 1981 3356 Comment.
2004 3314 2059 3356 de
2090 3314 2385 3370 Scnptonbus

199 3359 415 3401 Ecclesiae
446 3363 651 3416 antiquis,
688 3365 814 3413 Tom.
839 3367 895 3407 III
926 3391 947 3414 ,-
982 3368 1155 3423 Lipsiae
1196 3371 1339 3425 1722).
1365 3390 1378 3406 ι
1409 3373 1634 3415 —Ioannes
1673 3374 1728 3416 de
1759 3376 1996 3425 Columna,
2032 3375 2138 3418 Ord.
2162 3377 2381 3420 Praedic.:

206 3437 221 3455 «ε
245 3420 383 3475 Super
403 3428 486 3464 tres
513 3424 645 3466 libros
667 3426 719 3467 de
756 3427 882 3469 Caelo
915 3433 958 3471 et
986 3430 1153 3474 Mundo
1186 3431 1250 3486 (cs.
1275 3434 1343 3474 De
1377 3434 1560 3484 Rubeis,
1594 3437 1935 3480 Dissertationes
1967 3437 2162 3487 Criticae,
2188 3439 2305 3481 Diss.
2330 3440 2379 3489 11,

201 3494 288 3536 cap.
311 3483 351 3537 1).
378 3502 391 3520 »
431 3485 535 3527 Item
568 3487 906 3532 Valleoletanus:
949 3510 962 3527 ‹
989 3493 1130 3548 Super
1161 3499 1246 3535 tres
1280 3495 1412 3537 libros
1439 3497 1492 3538 de
1523 3498 1651 3540 Caelo
1683 3503 1727 3540 et
1744 3499 1939 3547 Mundo:
1971 3499 2074 3554 quia
2096 3507 2232 3542 morte
2256 3515 2381 3557 prae-

198 3549 350 3585 ventus
384 3559 469 3587 non
502 3548 668 3603 scripsit
699 3563 827 3606 super
861 3559 1059 3607 quartum
1093 3555 1302 3609 (Martene
1326 3564 1367 3599 et
1390 3560 1583 3609 Durand,
1624 3562 1828 3602 Veterum
1855 3561 2125 3616 Scriptorum
2157 3566 2201 3605 et
2220 3564 2379 3606 Monu-

199 3609 433 3648 mentorum
465 3610 731 3664 amplissima
765 3613 959 3663 collectio,
996 3617 1122 3659 Tom.
1147 3619 1219 3667 VI,
1244 3621 1322 3661 col.
1349 3620 1431 3662 561
1463 3646 1481 3653 -
1504 3622 1677 3663 Parisiis
1718 3622 1862 3677 1729).
1887 3640 1902 3660 »
1943 3623 2147 3666 Similiter
2183 3639 2215 3667 s.
2236 3626 2378 3668 Anto-
