2782 4134
72 720 82 730 ⁶
87 719 229 747 Lem-praec.
236 725 284 746 n.4.

70 934 284 985 mlum?-

71 1040 161 1070 'Leon
176 1045 243 1067 xxix,
259 1045 282 1061 n.

70 1252 80 1263 ·
93 1251 152 1274 Ibid-
167 1256 191 1273 n.
206 1256 242 1275 1.,

69 1411 255 1433 “atem-noi.

67 1517 79 1528 '¹
91 1516 156 1540 ua.
170 1522 255 1539 xxvm.

75 1892 85 1901 ·
98 1889 159 1912 Ibid-
173 1895 198 1912 ιι.
211 1889 235 1912 6.

71 2045 82 2055 ·
95 2043 167 2067 Num.
181 2049 203 2072 5.

69 2794 80 2804 ³
90 2793 205 2817 dimeter
215 2795 285 2817 codd.

70 2826 120 2843 exc.
135 2827 164 2843 η.

1125 262 1237 299 CAP.
1267 263 1355 310 ΧΠ,
1386 261 1534 299 LECT.
1563 261 1689 299 xxw

311 355 409 392 pora
437 342 559 379 simul.
590 343 677 380 Hoc
706 349 834 379 autem
869 341 1104 390 impossibile
1143 342 1311 390 sequitur
1339 354 1384 378 ex

313 397 389 434 hoc
415 395 521 444 quod
549 395 683 433 dicitur
715 394 819 443 quod
849 393 1028 443 possibile
1058 407 1141 431 esse
1173 396 1236 431 vel
1262 395 1384 444 possi-

313 448 387 486 bile
417 461 496 486 non
525 460 607 485 esse
645 460 724 485 non
759 446 973 495 intelligitur
1006 455 1180 496 respectu
1208 448 1384 485 determi-

314 501 390 539 nati
419 501 622 551 temporis:
646 502 722 538 hoc
741 512 831 548 ergo
861 507 1011 548 oportet
1038 501 1161 549 primo
1192 513 1274 538 esse
1303 514 1383 538 ma-

313 554 492 592 nifestum
507 584 518 601 ,
549 554 654 604 quod
681 553 861 603 possibile
891 565 973 589 esse
1003 553 1136 591 dicitur
1163 560 1174 574 ⁸
1208 563 1383 603 respectu

315 607 553 646 determinati
585 606 789 655 temporis,
821 614 856 643 et
888 605 1058 643 similiter
1088 607 1270 656 possibile
1302 620 1383 644 non

315 673 418 698 esse:
449 661 555 710 quod
583 659 697 697 etiam
727 666 912 696 consonat
938 658 997 696 his
1025 672 1124 708 quae
1158 667 1246 697 sunt
1272 672 1382 708 prae-

314 714 430 751 missa
448 715 468 736 *
497 714 546 750 de
573 711 846 760 significatione
867 712 1067 760 possibilis.

369 768 403 804 3.
441 765 591 804 Deinde
630 777 719 802 cum
757 764 866 803 dicit:
903 765 1137 814 Principium
1174 771 1300 802 autem
1335 766 1384 803 sit

311 819 398 856 hinc
426 826 508 866 etc.,
538 817 668 867 incipit
693 818 950 867 argumentari
977 819 1026 856 ad
1053 818 1304 868 propositum.
1332 820 1382 856 Et

312 871 411 909 circa
437 872 513 909 hoc
542 871 620 908 duo
639 871 741 908 facit:
770 870 896 920 primo
917 879 1201 920 argumentatur
1223 872 1274 909 ad
1292 885 1380 921 pro-

309 924 479 973 positum
500 925 519 945 *
538 936 608 973 per
636 936 865 962 communes
894 925 1079 972 rationes;
1110 926 1279 963 secundo
1312 938 1382 975 per

309 977 505 1026 propriam
544 977 732 1015 rationem
773 977 952 1015 scientiae
993 979 1193 1026 naturalis,
1227 979 1298 1016 ibi:
1331 981 1383 1016 Et

311 1030 533 1068 naturaliter
553 1031 573 1052 *
592 1037 661 1067 etc.
689 1030 800 1068 Circa
818 1030 987 1080 primum
1011 1032 1090 1070 duo
1119 1033 1223 1070 facit:
1252 1032 1379 1082 primo

310 1083 474 1121 ostendit
504 1083 716 1131 veritatem,
738 1083 878 1121 scilicet
900 1086 1006 1133 quod
1031 1085 1314 1135 incorruptibile
1343 1094 1381 1123 et

309 1136 518 1185 ingenitum
547 1149 588 1174 se
617 1145 912 1186 consequuntur,
938 1146 974 1176 et
1002 1138 1171 1176 similiter
1199 1139 1379 1189 corrupti-

309 1189 384 1227 bile
400 1196 436 1227 et
449 1189 634 1238 genitum3
651 1190 821 1228 secundo
836 1190 1029 1240 improbat
1041 1192 1273 1241 positionem
1289 1205 1379 1230 con-

287 1266 300 1274 v
309 1242 474 1291 trariam,
490 1243 558 1280 ibi:
575 1243 713 1280 Dicere
727 1244 852 1293 itaque
866 1245 959 1282 nihil
969 1246 989 1266 ⁸
1001 1253 1070 1283 etc.
1083 1245 1194 1283 Circa
1208 1245 1378 1295 primum

311 1297 388 1334 duo
415 1296 518 1334 facit:
537 1296 665 1346 primo
685 1297 849 1335 ostendit
866 1299 1120 1348 propositum,
1141 1299 1378 1336 ostendendo

311 1349 512 1398 quomodo
532 1362 573 1387 se
591 1350 731 1388 habeat
749 1351 1027 1400 sempiternum
1046 1352 1096 1389 ad
1114 1352 1324 1400 ingenitum
1344 1360 1381 1390 et

310 1401 614 1452 incorruptibile,
648 1405 733 1441 et*
761 1404 813 1442 ad
840 1404 1011 1452 genitum
1045 1412 1082 1442 et
1114 1405 1378 1455 corruptibile;

311 1455 484 1494 secundo
512 1457 713 1504 quomodo
745 1457 815 1494 ista
843 1470 885 1495 se
911 1458 1080 1495 habeant
1112 1458 1160 1495 ad
1188 1459 1378 1507 invicem,

310 1508 379 1547 ibi:
398 1509 534 1547 Palam
552 1515 678 1547 autem
697 1516 734 1547 et
750 1522 801 1547 ex
818 1510 1127 1548 determinatione
1142 1513 1162 1534 ²³⁵
1177 1519 1247 1550 etc.
1269 1513 1381 1550 Circa

310 1562 480 1611 primum
500 1561 570 1600 tria
584 1562 687 1600 facit:
705 1563 832 1612 primo
849 1564 1014 1602 ostendit
1028 1565 1136 1613 quod
1150 1577 1267 1604 omne
1282 1578 1380 1603 sem-

310 1615 504 1664 piternum
524 1623 580 1653 est
602 1615 886 1667 incorruptibile
906 1625 944 1655 et
960 1617 1188 1666 ingenitum3
1208 1620 1380 1658 secundo

312 1668 479 1707 ostendit
509 1670 615 1718 quod
641 1670 788 1709 nullum
822 1670 1099 1721 sempiternum
1127 1680 1184 1710 est
1211 1673 1381 1721 genitum

311 1723 375 1760 vel
403 1722 657 1772 corruptibile,
685 1736 812 1774 neque
829 1736 854 1761 e
875 1737 1076 1773 converso,
1098 1725 1166 1763 ibi.
1191 1727 1380 1769 Quoniam

312 1781 438 1814 autem
453 1777 639 1826 negatio*
653 1784 737 1823 etc.;
766 1778 874 1815 tertio
895 1779 1086 1816 concludit
1104 1779 1119 1806 ς
1137 1780 1245 1828 quod
1263 1792 1382 1818 omne

262 1867 266 1869 .
312 1828 523 1890 ingenitum
552 1837 590 1868 et
609 1830 891 1880 incorruptibile
917 1839 974 1869 est
991 1832 1286 1882 sempiternum,
1312 1834 1381 1871 ibi·

311 1883 438 1932 Igitur
463 1883 498 1919 si
522 1889 559 1920 et
584 1884 793 1934 ingenitum
821 1885 841 1905 ³⁸
869 1893 939 1922 etc.
970 1885 1081 1924 Circa
1108 1886 1278 1936 primurn
1303 1887 1381 1925 duo

311 1935 419 1974 facit:
447 1936 574 1985 primo
601 1937 807 1987 praemittit
835 1938 1027 1987 quaedam
1055 1941 1291 1986 necessaria;
1325 1953 1383 1978 se-

312 1989 440 2027 cundo
460 1998 744 2038 argumentatur
762 1991 812 2029 ad
828 1992 1088 2041 propositum,
1109 1993 1179 2030 ibi:
1200 1995 1243 2031 Si
1259 1995 1384 2043 itaque

311 2042 462 2091 aliquid
482 2045 503 2064 '³
531 2051 602 2081 etc.

363 2107 403 2143 4
423 2095 522 2134 Dicit
545 2109 635 2146 ergo
663 2097 789 2147 primo
818 2098 926 2147 quod
945 2106 1096 2148 oportet
1122 2099 1211 2138 hinc
1230 2113 1383 2138 sumere

310 2148 540 2198 principium
569 2150 619 2188 ad
645 2151 888 2199 propositum
917 2152 1198 2190 ostendendum
1217 2159 1247 2200 η,
1277 2154 1384 2203 quod

311 2201 536 2250 impossibile
565 2211 601 2241 et
614 2203 767 2252 falsum
795 2216 876 2242 non
894 2204 1108 2253 significant
1134 2206 1250 2244 idem.
1272 2207 1383 2244 Circa

311 2255 416 2304 quod
443 2263 608 2304 quatuor
634 2257 754 2305 ponit.
783 2257 962 2304 Quorum
990 2258 1160 2308 primum
1189 2267 1246 2297 est
1277 2260 1384 2309 quod

310 2317 389 2346 tam
407 2308 644 2359 impossibile
663 2322 782 2358 quam
800 2311 992 2360 possibile,
1008 2319 1088 2349 tam
1107 2325 1245 2350 verum
1264 2325 1382 2362 quam

311 2363 459 2411 falsum,
480 2363 656 2400 dicuntur
684 2363 892 2412 dupliciter.
914 2365 1001 2402 Uno
1026 2365 1147 2403 modo
1171 2378 1222 2402 ex
1246 2378 1382 2415 suppo-

309 2416 452 2462 sitione,
473 2417 579 2465 quod
607 2416 747 2454 scilicet
775 2429 931 2455 neeesse
960 2425 1016 2455 est
1044 2430 1126 2456 esse
1154 2431 1291 2457 verum
1319 2421 1383 2457 vel

310 2469 461 2516 falsum,
481 2470 661 2519 possibile
689 2471 753 2508 vel
781 2470 1038 2520 impossibile,
1068 2472 1271 2521 suppositis
1300 2473 1381 2521 qui—

310 2522 493 2560 busdam:
523 2522 618 2560 sicut
645 2523 875 2572 triangulum
909 2525 1122 2562 secundum
1155 2526 1210 2563 rei
1245 2526 1382 2564 verita-

311 2583 390 2613 tem
427 2588 584 2614 necesse
623 2584 679 2614 est
714 2577 858 2615 habere
893 2585 970 2615 tres
1007 2579 1166 2627 angulos
1202 2580 1382 2628 aequales

313 2629 466 2667 duobus
485 2630 608 2677 rectis,
628 2631 695 2668 sed
714 2637 844 2669 tamen
863 2631 939 2668 hoc
963 2639 1020 2668 est
1037 2631 1273 2681 impossibile
1293 2645 1382 2682 sup-

310 2682 444 2731 positis
458 2682 702 2732 quibusdam,
716 2691 810 2732 puta
823 2684 855 2720 si
869 2696 1134 2734 supponamus
1149 2686 1255 2734 quod
1270 2686 1382 2724 trian-

312 2736 422 2783 gulus
438 2735 484 2772 sit
502 2737 742 2784 quadratum,
764 2737 814 2775 ad
842 2737 948 2786 quod
966 2739 1135 2798 sequitur
1153 2739 1382 2788 triangulum

311 2789 454 2826 habere
467 2797 634 2838 quatuor
648 2797 783 2827 rectos.
797 2790 976 2828 Similiter
991 2791 1104 2829 etiam
1121 2792 1350 2830 diametrum
1364 2794 1383 2814 '¹‘

312 2842 485 2901 quadrati
519 2850 700 2892 sequetur
728 2856 810 2880 esse
840 2845 1228 2882 commensurabilem
1255 2846 1381 2895 lateri,

312 2894 343 2932 si
362 2895 554 2944 quaedam
584 2897 779 2945 supposita
798 2896 871 2934 sint
888 2910 999 2946 vera,
1028 2906 1120 2947 puta
1139 2894 1169 2935 si
1188 2911 1381 2947 ponamus

311 2948 419 2995 quod
455 2949 684 2998 quadratum
714 2949 887 2988 diametri
925 2951 971 2988 sit
998 2951 1256 3001 quadruplum
1289 2965 1381 3002 qua-

313 3000 407 3037 drati
435 3001 578 3039 lateris:
606 3003 660 3043 sic
697 3003 800 3040 enim
835 3011 1015 3053 sequetur
1047 3005 1154 3064 quod
1180 3006 1380 3055 proportio

313 3052 486 3091 diametri
513 3054 564 3092 ad
591 3055 687 3092 latus
724 3057 771 3094 sit
799 3056 894 3094 sicut
919 3058 1118 3107 proportio
1156 3059 1379 3107 numeralis,

364 3220 386 3256 ε)
401 3221 528 3253 possibile
542 3227 597 3246 esse
611 3221 750 3246 dicitur.-
730 3223 885 3253 -possibile
903 3227 942 3249 est
960 3230 1015 3249 esse
1028 3225 1055 3255 P,
1070 3225 1130 3257 quia
1149 3226 1224 3250 codd.
1239 3233 1292 3250 exc.
1307 3225 1379 3250 AsEl

310 3264 364 3281 orn.
377 3256 519 3281 dicitur.-
533 3256 590 3281 Lin.
605 3264 662 3288 seq.
677 3259 703 3281 et
720 3264 775 3282 om.
789 3256 819 3282 P.

363 3291 389 3326 ζ)
410 3292 489 3317 tertio
508 3291 682 3317 concludite-
695 3291 714 3316 P
733 3299 787 3317 om.
799 3293 948 3323 concludit;
967 3294 998 3319 cf.
1014 3295 1063 3319 loc.
1076 3295 1118 3319 cit.
1129 3296 1220 3327 primo
1245 3295 1380 3321 concludit

309 3327 359 3352 hoc
377 3334 414 3352 ex
432 3327 633 3359 praemissis—
614 3327 704 3351 —Lin.
719 3335 776 3360 seq.
791 3328 866 3353 codd.
879 3336 933 3354 exc.
947 3329 983 3353 sE
1001 3330 1123 3355 omittunt
1141 3331 1177 3356 ibi
1183 3338 1192 3354 :
1210 3331 1299 3363 Igitur
1312 3331 1336 3356 si
1354 3333 1381 3355 et

310 3363 459 3395 ingenitum
478 3366 527 3388 etc.

363 3397 391 3431 η)
411 3405 516 3423 sumere
535 3398 700 3430 principium
719 3398 756 3423 ad
769 3399 939 3431 propositum
958 3400 1159 3425 ostendendum.
1176 3414 1195 3422 -η
1213 3401 1241 3432 P,
1261 3409 1291 3426 ex
1309 3401 1377 3426 osci-

310 3433 387 3458 tantia
406 3433 472 3458 forte
490 3438 608 3467 typogr.:
627 3441 731 3459 sumere
753 3434 922 3466 propositum
941 3435 978 3460 ad
991 3435 1156 3467 principium
1176 3437 1377 3461 ostendendum.

364 3467 389 3502 θ)
405 3468 477 3500 quod
489 3469 659 3494 concluditur
672 3476 710 3494 ex
719 3470 910 3501 praemissis...
923 3470 1043 3503 sequitur
1055 3471 1223 3502 impossibile.
1235 3485 1254 3490 —
1267 3472 1286 3496 P
1301 3471 1377 3504 legit.

313 3504 454 3529 Concludit
473 3511 510 3529 ex
523 3505 689 3536 praemissis,
704 3513 764 3530 cum
784 3505 853 3530 idem
873 3513 925 3530 non
941 3506 977 3530 sit
987 3506 1091 3539 salsum
1110 3509 1137 3530 et
1156 3506 1323 3538 impossibile,
1337 3514 1379 3531 se-

309 3539 402 3572 quitur
420 3539 493 3572 quod
515 3547 567 3565 non
586 3540 623 3565 sit
642 3540 710 3565 idem
735 3548 882 3573 supponere
899 3541 1004 3574 salsum
1024 3545 1050 3566 et
1068 3541 1240 3573 impossibile5
1258 3549 1320 3567 nam
1339 3549 1378 3566 ex

302 3575 378 3608 falso
397 3575 516 3607 sequitur
528 3575 646 3609 falsum,
666 3576 713 3601 sed
731 3583 769 3601 ex
788 3576 943 3609 impossibili
961 3577 1080 3609 sequitur
1097 3577 1268 3609 impossibile,
1289 3577 1376 3602 minus

309 3615 378 3635 recte
397 3618 475 3643 quam
495 3611 603 3641 codices,
621 3616 650 3635 ut
668 3617 747 3644 patet.

453 3665 522 3698 Opp.
542 3666 573 3689 D.
588 3665 703 3690 Tnoimr.
723 3666 754 3690 T.
775 3667 813 3691 111.

2435 267 2503 303 105

1440 354 1539 390 quae
1570 349 1626 379 est
1644 341 1739 379 ratio
1761 342 2128 379 commensurabilis.
2144 363 2168 370 -
2188 343 2274 379 Alio
2304 344 2423 381 modo
2453 345 2506 382 di-

1440 403 1575 433 cuntur
1602 395 1726 445 aliqua
1752 395 1988 444 simpliciter,
2018 395 2159 432 scilicet
2187 397 2358 433 absolute
2387 405 2423 434 et
2451 410 2507 434 se-

1440 449 1610 486 cundum
1630 461 1671 486 se
1689 448 1885 498 possibilia
1905 456 1941 485 et
1959 448 2219 497 impossibilia,
2236 449 2328 486 falsa
2348 457 2384 486 et
2402 462 2505 488 vera.

1493 502 1714 539 Secundum
1739 501 1848 551 ponit
1871 502 1940 539 ibi:
1966 502 2058 539 Non
2083 507 2208 538 autem
2234 502 2330 539 idem
2360 510 2428 539 etc.
2459 505 2508 540 Et

1440 555 1528 592 dicit
1556 555 1663 604 quod
1691 568 1770 592 non
1796 562 1853 592 est
1871 555 1975 592 idem
1995 555 2138 604 aliquid
2159 567 2240 591 esse
2261 555 2399 592 falsum
2419 557 2507 592 sim-

1432 608 1592 655 pliciter,
1615 608 1712 645 idest
1740 609 1925 655 absolute,
1955 615 1992 645 et
2020 620 2103 645 esse
2132 608 2367 657 impossibile
2397 609 2507 646 abso-

1437 661 1525 698 lute.
1557 662 1597 698 Si
1627 661 1730 699 enim
1760 661 1886 699 dicam
1914 669 1950 699 te
1978 669 2098 708 stare,
2128 661 2194 710 qui
2227 674 2307 698 non
2335 669 2409 699 stas
2439 663 2507 699 sed

1437 714 1559 760 sedes,
1590 715 1727 751 falsum
1757 715 1825 751 erit
1852 715 1960 764 quod
1988 715 2140 762 dicitur,
2168 727 2247 751 non
2280 722 2409 752 autem
2438 715 2507 752 im-

1435 767 1633 815 possibile;
1664 775 1700 804 et
1721 769 1740 789 ³⁴
1765 768 1935 805 similiter
1961 769 2099 805 falsum
2119 768 2188 805 erit
2206 775 2244 804 et
2261 780 2342 805 non
2364 768 2507 817 impos·
2536 779 2545 789 ⁸

1436 819 1563 867 sibile,
1593 820 1623 857 si
1652 820 1736 869 quis
1774 821 1874 858 dicat
1902 829 2052 859 cantare
2091 833 2182 858 eum
2220 821 2285 870 qui
2318 821 2509 859 citharizat

1436 873 1505 910 sed
1532 885 1612 911 non
1647 881 1789 919 cantat3
1820 875 1888 911 sed
1916 875 2021 924 quod
2060 874 2192 923 aliquis
2221 874 2334 911 simul
2372 882 2443 912 stet
2473 883 2508 912 et

1435 926 1586 974 sedeat,
1615 927 1678 964 vel
1706 927 1812 976 quod
1850 927 2034 965 diameter
2071 928 2116 965 sit
2154 928 2508 965 commensurabilis

1435 980 1551 1028 lateri,
1572 992 1651 1017 non
1679 981 1805 1017 solum
1835 988 1891 1017 est
1910 982 2059 1028 falsum,
2081 981 2150 1018 sed
2170 989 2206 1018 et
2221 984 2241 1003 ‘³
2260 981 2506 1030 impossibile.

1493 1033 1669 1071 Tertium
1705 1033 1814 1082 ponit
1854 1033 1928 1070 ibi:
1966 1035 2057 1071 Non
2101 1035 2226 1083 itaque
2267 1041 2358 1072 etc.:
2402 1035 2508 1084 quod

1435 1086 1673 1124 concluditur
1701 1099 1746 1123 ex
1772 1087 2003 1135 praemissis.
2034 1088 2134 1124 Cum
2163 1088 2267 1125 enim
2296 1100 2376 1125 non
2403 1087 2507 1126 idem

1434 1140 1480 1176 sit
1507 1140 1644 1177 falsum
1673 1147 1710 1177 et
1737 1139 1989 1189 impossibile,
2015 1141 2184 1189 sequitur
2215 1141 2322 1189 quod
2354 1153 2433 1178 non
2462 1142 2508 1178 sit

1434 1193 1538 1230 idem
1571 1205 1789 1244 supponere
1822 1193 1959 1230 falsum
1994 1202 2030 1230 et
2058 1194 2311 1243 impossibiloe
2341 1206 2432 1232 narn
2462 1207 2507 1232 ex

1434 1246 1529 1287 falso
1550 1259 1630 1283 non
1658 1246 1828 1295 sequitur
1852 1246 2103 1296 impossibile,
2124 1248 2192 1285 sed
2217 1260 2262 1284 ex
2281 1247 2507 1297 impossibili

1435 1299 1605 1348 sequitur
1633 1299 1876 1349 impossibile·
1887 1298 1911 1337 ⁰.

1489 1353 1682 1400 Quartum
1709 1353 1818 1403 ponit
1844 1353 1914 1390 ibi‘:
1934 1354 2025 1390 Hoc
2052 1354 2200 1402 quidem
2221 1355 2338 1404 igitur
2366 1362 2436 1392 etc.
2458 1355 2508 1392 Et

1435 1405 1524 1455 quia
1553 1406 1696 1444 dictum
1726 1414 1783 1443 est
1809 1407 1915 1455 quod
1951 1406 2063 1444 simul
2092 1414 2190 1444 stare
2220 1415 2256 1444 et
2288 1407 2421 1445 sedere
2451 1415 2507 1445 est

1434 1459 1690 1508 impossibile,
1721 1460 1913 1497 concludit
1940 1460 2067 1509 quod,
2101 1460 2186 1497 licet
2220 1460 2362 1510 aliquid
2394 1461 2508 1498 simul

1434 1513 1574 1550 habeat
1609 1513 1788 1551 virtutem
1817 1513 1865 1550 ad
1894 1513 2070 1562 opposita
2098 1516 2209 1562 (puta
2236 1514 2286 1551 ad
2314 1514 2447 1551 sedere
2466 1516 2509 1551 'et

1435 1568 1566 1613 stare),
1586 1566 1651 1604 tali
1670 1566 1827 1613 ratione,
1855 1566 1944 1614 quia
1972 1566 2206 1616 quandoque
2233 1579 2312 1604 una
2339 1567 2508 1616 potentia

1436 1619 1628 1657 reducitur
1645 1619 1684 1656 in
1704 1627 1846 1679 actum,
1866 1621 2099 1669 quandoque
2120 1621 2252 1666 altera3
2272 1620 2363 1657 nihil
2377 1628 2508 1658 tamen

1435 1674 1535 1711 hanc
1562 1673 1678 1711 habet
1704 1672 1916 1722 potentiam
1950 1681 1991 1710 ut
2018 1673 2131 1710 simul
2158 1673 2299 1711 habeat
2332 1673 2509 1723 opposita

1436 1729 1543 1776 (puta
1570 1734 1612 1764 ut
1639 1726 1752 1764 simul
1778 1726 1917 1764 sedeat
1949 1734 1986 1764 et
2014 1729 2129 1775 stet),
2159 1726 2227 1764 sed
2256 1734 2416 1782 oportet
2433 1728 2508 1764 hoc

1436 1780 1475 1817 in
1503 1779 1577 1818 alio
1608 1787 1644 1817 et
1672 1780 1744 1817 alio
1773 1787 1948 1829 tempore
1978 1792 2072 1817 esse.

1495 1834 1527 1871 5.
1558 1833 1708 1871 Deinde
1748 1845 1836 1870 cum
1875 1833 1980 1871 dicit:
2010 1834 2052 1870 Si
2078 1834 2203 1882 itaque
2236 1801 2379 1882 aliquid
2414 1841 2507 1881 etc.,

1438 1886 1603 1924 ostendit
1629 1887 1891 1946 propositum,
1923 1886 2063 1924 scilicet
2090 1887 2196 1946 quod
2225 1899 2342 1924 omne
2369 1887 2509 1946 sempi—

1438 1948 1590 1978 ternum
1618 1940 1664 1977 sit
1692 1940 1976 1989 incorruptibile
2000 1947 2038 1977 et
2065 1940 2286 1988 ingenitum.
2308 1941 2357 1977 Et
2383 1940 2508 1989 primo

1439 1993 1603 2031 ostendit
1630 1993 1737 2042 quod
1765 2005 1882 2030 omne
1911 1993 2187 2042 sempiternum
2213 1994 2259 2030 sit
2286 1993 2509 2042 incorrupti-

1438 2047 1530 2093 bile;
1560 2046 1731 2084 secundo
1760 2046 1867 2095 quod
1896 2059 2012 2084 omne
2033 2046 2310 2096 sempiternum
2339 2046 2385 2084 sit
2408 2047 2510 2095 inge-

1438 2100 1580 2147 nitum,
1611 2100 1678 2138 ibi:
1708 2100 1888 2137 Similiter
1921 2105 2046 2137 autem
2081 2106 2118 2137 et
2152 2100 2360 2150 ingenitum
2390 2101 2409 2120 '¹‘
2439 2107 2507 2137 etc.

1491 2153 1592 2191 Dicit
1619 2165 1709 2201 ergo
1738 2153 1877 2202 primo,
1899 2153 2132 2191 concludens
2162 2165 2207 2190 ex
2233 2153 2451 2202 praemissis
2467 2155 2508 2201 ³⁵,

1436 2207 1476 2244 in
1495 2206 1634 2256 quibus
1654 2206 1797 2244 dictum
1827 2214 1882 2244 est
1900 2206 2079 2255 possibile
2109 2206 2351 2244 determinari
2377 2207 2424 2244 ad
2445 2207 2508 2244 ali-

1439 2260 1543 2309 quod
1562 2268 1731 2309 tempus,
1751 2260 1858 2308 quod
1875 2261 1895 2281 ’¹‘
1915 2260 1946 2297 si
1965 2259 2108 2309 aliquid
2126 2261 2242 2297 habet
2258 2260 2439 2298 virtutem
2459 2261 2508 2298 ad

1436 2314 1547 2362 plura
1565 2320 1740 2362 tempore
1760 2312 1907 2351 infinito
1922 2320 1947 2359 ¹,
1964 2326 2043 2350 non
2061 2320 2187 2362 potest
2206 2313 2280 2351 dici
2296 2314 2401 2362 quod
2419 2327 2508 2363 pos-

1438 2366 1484 2403 sit
1503 2366 1644 2414 aliquid
1664 2378 1799 2403 eorum
1820 2374 1994 2415 respectu
2012 2366 2125 2403 unius
2143 2367 2339 2416 temporis,
2357 2375 2393 2404 et
2407 2367 2508 2406 aliud

1438 2427 1614 2469 respectu
1641 2419 1792 2457 alterius
1820 2420 2021 2469 temporis;
2051 2419 2120 2457 sed
2148 2420 2334 2469 quidquid
2361 2428 2506 2469 potest,

1436 2480 1563 2522 potest
1590 2480 1765 2521 respectu
1791 2472 1905 2510 huius
1933 2473 2128 2523 temporis,
2149 2473 2239 2522 quia
2262 2486 2342 2511 non
2371 2481 2426 2511 est
2444 2474 2508 2511 ali-

1438 2527 1543 2576 quod
1570 2533 1724 2575 tempus
1744 2533 1848 2563 extra
1874 2534 2027 2575 tempus
2046 2526 2246 2564 infinitum.
2269 2527 2309 2564 Si
2330 2539 2419 2576 ergo
2438 2540 2508 2577 po-

1437 2591 1576 2617 namus
1605 2579 1710 2628 quod
1734 2579 1876 2628 aliquid
1905 2579 2065 2617 existens
2093 2580 2133 2617 in
2160 2580 2308 2617 infinito
2333 2589 2508 2630 tempore

1437 2633 1483 2670 sit
1511 2627 1766 2682 corruptibile,
1787 2633 1957 2682 sequitur
1985 2645 2030 2670 ex
2058 2634 2133 2670 hoc
2161 2633 2268 2682 quod
2296 2641 2352 2671 est
2380 2646 2507 2671 corru-

1435 2686 1578 2736 ptibile,
1599 2686 1706 2735 quod
1723 2686 1864 2724 habeat
1890 2686 2070 2724 virtutem
2091 2687 2140 2724 ad
2167 2687 2242 2724 hoc
2262 2687 2367 2736 quod
2388 2700 2507 2736 quan-

1437 2739 1567 2788 doque
1595 2752 1676 2777 non
1703 2739 1766 2786 sit3
1790 2740 1896 2789 quod
1923 2739 2081 2789 quidem
2101 2748 2252 2789 oportet
2279 2740 2431 2789 intelligi
2452 2754 2507 2778 re-

1437 2801 1571 2842 spectu
1599 2793 1772 2830 eiusdem
1800 2793 1985 2842 temporis
2013 2793 2148 2830 infiniti
2177 2793 2215 2830 in
2243 2806 2320 2842 quo
2351 2802 2415 2841 est,
2445 2795 2507 2832 vel

1436 2853 1611 2895 respectu
1648 2846 1804 2883 alicuius
1832 2846 1947 2896 partis
1987 2846 2077 2884 eius.
2114 2846 2215 2893 Quia
2253 2859 2341 2895 ergo
2381 2855 2435 2884 est
2467 2847 2506 2884 in

1435 2899 1583 2937 infinito
1611 2907 1807 2949 tempore,
1838 2907 1874 2937 et
1906 2907 2036 2937 tamen
2064 2900 2217 2949 ponitur
2253 2907 2389 2948 potens
2426 2913 2505 2937 non

1437 2966 1532 3000 esse,
1562 2965 1609 2990 eo
1638 2953 1743 3002 quod
1774 2961 1828 2990 est
1857 2953 2115 3002 corruptibile,
2144 2953 2191 2990 sit
2217 2954 2377 2990 existens
2405 2954 2507 3001 quod

1428 3012 1552 3055 potest
1578 3018 1653 3043 non
1683 3019 1761 3043 esse
1779 3012 1810 3053 ²,
1840 3006 1937 3043 idest
1963 3013 2128 3055 ponatur
2155 3017 2235 3042 non
2255 3018 2336 3043 esse
2359 3018 2403 3043 ex
2424 3018 2512 3054 quo⁴

1436 3059 1527 3097 dicis
1556 3059 1661 3108 quod
1688 3067 1814 3109 potest
1841 3072 1920 3096 non
1949 3071 2042 3096 esse.
2073 3060 2122 3096 Et
2150 3059 2239 3108 quia
2256 3066 2406 3108 poterat
2425 3072 2504 3097 non

1490 3225 1508 3260 ι)
1529 3226 1634 3251 Deinde
1652 3233 1711 3251 cum
1732 3226 1829 3251 dicit...
1844 3225 1882 3250 ad
1894 3226 1979 3257 plura
1998 3228 2114 3257 tempore
2134 3226 2247 3259 infinito.
2260 3240 2279 3244 —
2292 3226 2323 3256 A,
2335 3227 2436 3252 omisso
2451 3228 2505 3253 De-

1436 3261 1497 3286 inde
1506 3268 1566 3286 cum
1581 3261 1654 3290 dicit,
1665 3262 1702 3285 sic
1716 3261 1896 3294 prosequitur:
1917 3261 1948 3285 Si
1960 3260 2057 3293 itaque,
2067 3261 2105 3285 ad
2113 3261 2283 3293 propositum
2296 3266 2505 3295 argumentatur

1434 3300 1461 3321 et
1474 3297 1567 3328 primo
1585 3296 1692 3321 ratione
1710 3299 1818 3327 sumpta
1836 3303 1874 3320 ex
1886 3298 1969 3328 parte
1987 3297 2168 3328 corruptibilis
2182 3300 2209 3321 et
2227 3297 2436 3329 incorruptibilis
2441 3306 2450 3327 ‚¹
2464 3306 2504 3324 se-

1434 3332 1522 3356 cundo
1541 3339 1578 3356 ex
1591 3334 1674 3363 parte
1691 3331 1777 3364 geniti
1787 3334 1814 3356 et
1828 3331 1949 3364 ingeniti,
1965 3331 2016 3356 ibi:
2036 3332 2167 3356 Similiter
2180 3336 2270 3357 autem
2283 3336 2332 3358 etc.
2352 3333 2426 3358 Dicit
2439 3341 2504 3367 ergo

1434 3367 1506 3398 quod
1524 3367 1573 3391 hoc
1592 3367 1777 3391 inconveniens
1796 3367 1868 3398 quod
1881 3367 1981 3391 dictum
1996 3370 2043 3396 est,
2058 3368 2178 3400 sequitur
2189 3368 2213 3392 si
2225 3368 2323 3400 aliquis
2332 3372 2420 3400 ponat
2433 3370 2505 3402 quod

1434 3402 1536 3434 aliquid
1560 3409 1665 3433 semper
1689 3409 1735 3427 ens
1754 3402 1842 3433 possit
1866 3409 1918 3427 non
1937 3403 2094 3435 esse:qu1'a
2112 3403 2135 3428 si
2153 3403 2256 3435 aliquid
2274 3403 2351 3429 habet
2378 3405 2504 3430 virtutem

1434 3444 1501 3469 quae
1515 3437 1673 3462 attendatur
1687 3437 1830 3462 secundum
1843 3438 1991 3469 plurimum
2006 3441 2109 3470 tempus
2124 3441 2153 3463 ut
2167 3439 2203 3463 sit
2216 3439 2241 3463 in
2257 3443 2375 3471 tempore
2390 3440 2502 3472 infinito.

1487 3471 1512 3506 κ)
1532 3472 1567 3497 sit
1585 3472 1705 3497 existens
1723 3472 1796 3505 quod
1808 3476 1899 3505 potest
1917 3480 1970 3498 non
1985 3480 2049 3499 esse.
2062 3474 2146 3498 —Pro
2160 3474 2203 3503 sit,
2218 3475 2256 3500 sic
2275 3475 2294 3499 P
2310 3480 2335 3499 et
2350 3475 2425 3500 codd.
2438 3476 2503 3501 forte

1432 3515 1540 3538 omnes;
1560 3513 1620 3540 post
1639 3511 1730 3539 potest
1747 3509 1770 3532 A
1789 3508 1859 3533 addit
1883 3509 1996 3538 scilicet‚·
2021 3517 2136 3542 sequens
2156 3510 2250 3535 idest..
2252 3513 2359 3542 ,potest
2378 3519 2429 3536 non
2448 3519 2504 3537 esse

1432 3551 1486 3568 om.
1501 3543 1520 3567 P
1534 3548 1559 3567 et
1577 3543 1654 3568 codd.
1667 3551 1720 3568 exc.
1735 3544 1766 3573 A,
1782 3543 1871 3576 utique
1886 3545 1947 3576 quia
1960 3543 2170 3576 homoteleuton3
2190 3554 2250 3570 nam
2265 3546 2376 3579 supponi
2390 3555 2441 3571 non
2455 3555 2502 3579 po-

1433 3583 1483 3603 test
1503 3586 1525 3603 s,
1535 3578 1666 3603 Thomam
1680 3578 1854 3611 graecismum
1868 3580 1947 3604 istum
1961 3580 2081 3613 antiquae
2093 3581 2221 3606 versionis
2236 3582 2415 3614 inexplicatum
2428 3590 2501 3614 prae-

1432 3614 1541 3639 teriisse.

2294 3679 2323 3702 14

2560 779 2604 800 sed
2615 786 2627 800 Ρ
2642 783 2663 800 et
2678 780 2746 801 codd.

2536 811 2586 827 exc.
2599 812 2621 827 Α.

2535 990 2545 1000 “
2561 992 2583 1011 et
2597 996 2646 1012 om.
2659 996 2748 1013 enarer.

2538 2113 2546 2121 ·
2562 2111 2632 2133 Num.
2647 2118 2668 2139 7.

2537 2166 2545 2175 ·
2562 2165 2631 2187 Num.
2647 2171 2667 2187 2.

2537 2272 2546 2281 ·
2561 2271 2625 2299 quod
2638 2277 2686 2294 om.
2700 2278 2722 2293 P.
