2782 4134
91 1069 100 1078 '
113 1067 227 1094 infinitum
240 1073 261 1088 Ρ.

89 1331 98 1340 ·
113 1329 182 1351 Num.
196 1334 268 1356 praec.

88 1357 109 1366 ⁰
119 1358 206 1383 tempus
213 1361 259 1376 om.
269 1361 294 1380 1²3

89 1382 118 1403 cf.
128 1385 183 1403 text.

88 1436 97 1444 ·
111 1434 149 1455 sui
160 1435 234 1455 motus
248 1438 294 1454 om.

87 1467 109 1482 P.

87 1648 96 1657 '¹
110 1651 182 1674 neque
195 1651 242 1667 om.
256 1651 278 1666 Ρ.

86 1748 95 1757 ·
111 1746 146 1768 Cf.
161 1751 222 1767 num.
232 1751 253 1767 2.

85 1852 95 1861 ·
109 1850 145 1872 hic
159 1857 206 1872 om.
220 1857 241 1872 Ρ.

334 242 379 279 58

331 326 386 356 est
409 317 516 368 ,qnod
543 322 741 355 moveatur
768 313 815 350 ab
834 313 869 348 A
888 311 926 347 in
955 310 1024 346 GD
1055 315 1246 354 ternpore:
1266 315 1378 351 opor-

329 379 380 408 tet
417 370 516 407 enim
552 379 764 417 supponere
798 364 901 414 quod
939 363 986 399 ab
1023 360 1160 417 eodem
1198 362 1377 414 movente

329 430 529 461 moveatur
564 421 685 458 maius
714 427 749 455 et
776 417 900 454 minus
935 413 1074 451 mobile
1107 423 1144 447 1n
1179 420 1313 468 {Quom
1342 414 1378 465 et

329 475 466 513 minori
493 482 682 522 tempore,
711 472 761 508 ita
788 469 891 519 quod
928 465 1060 504 divisio
1096 463 1314 520 m⁰b¹i¹u¹3².
1332 466 1378 495 Slt

328 528 537 566 secundum
564 524 848 575 proportionem
884 528 1107 577 tempo-rum.
1138 515 1238 561 Quia
1264 519 1377 572 igitur

327 580 519 630 proportio
547 579 642 616 illius
661 576 753 614 finiti
781 576 827 612 ad
852 574 895 619 Ε,
917 579 971 608 est
989 576 1083 606 slcut
1104 573 1299 625 proportio
1319 572 1374 623 to-

327 634 399 670 tius
426 631 605 681 temporis
634 631 703 667 GD
732 629 779 665 ad
798 627 841 673 D,
863 631 1010 673 oportet
1038 626 1300 677 commutatim
1321 617 1375 654 d1-

329 699 411 723 cere
439 686 542 735 quod
560 682 752 732 proportio
772 679 881 716 totius
909 674 1089 724 temporis
1109 674 1179 732 GD
1210 672 1259 709 ad
1285 671 1375 707 1llud

327 738 467 776 mobile
494 737 639 775 finitum
665 733 794 779 maius,
816 731 861 768 sit
888 730 982 766 sicut
1005 733 1374 776 proportio-tempo-

328 792 376 828 ris
395 792 429 827 D
450 791 498 828 ad
525 789 663 826 mobile
688 787 731 823 E.
754 785 829 822 Sed
849 784 880 819 E
901 788 1078 819 movetur
1105 780 1152 816 ab
1172 781 1206 815 A
1225 778 1263 815 in
1282 786 1374 814 tem-

325 856 419 893 pore
446 845 498 880 D:
529 854 614 889 ergo
642 839 730 876 illud
757 837 906 874 finitum
935 835 1057 872 maius
1085 832 1301 870 movebitur
1327 831 1373 867 ab

326 899 360 933 A
397 897 435 933 in
471 903 636 943 tempore
673 893 760 928 GD:
796 898 831 926 et
868 889 919 926 sic
951 888 989 924 in
1027 887 1165 924 eodem
1203 893 1374 933 tempore

326 948 540 986 movebitur
566 946 713 983 finitum
741 951 777 980 et
804 942 1004 987 infinitum,
1026 941 1128 989 quod
1151 946 1205 975 est
1232 938 1373 986 impos-

325 1001 439 1038 sibile.
462 1001 510 1037 Et
535 999 635 1036 idem
663 995 932 1033 inconveniens
961 993 1138 1042 sequitur,
1164 992 1374 1050 quodcum-

325 1066 398 1103 que
429 1061 576 1101 tempus
603 1050 751 1087 finitum
774 1050 794 1070 *
822 1048 1033 1097 accipiatur.
1065 1045 1126 1083 Sic
1162 1051 1271 1103 1g1tur
1304 1056 1373 1102 im-

323 1106 497 1156 possibile
526 1111 579 1141 est
597 1103 699 1152 quod
727 1102 916 1140 infinitum
940 1106 1141 1137 moveatur
1159 1098 1206 1134 ab
1226 1097 1372 1134 infinito

323 1160 362 1196 in
389 1167 557 1206 tempore
585 1156 702 1193 finito.

375 1210 607 1258 Relinquitur
627 1209 746 1257 igitur,
767 1207 797 1244 si
816 1213 1027 1252 moveatur,
1048 1204 1153 1253 quod
1173 1210 1374 1240 moveatur

322 1265 359 1301 in
386 1263 529 1300 infinito
558 1270 741 1311 tempore.
772 1261 847 1297 Sed
876 1260 949 1296 hoc
977 1266 1033 1295 est
1059 1257 1302 1306 impossibile,
1332 1264 1374 1293 ut

322 1329 432 1366 supra
454 1317 474 1337 '¹‘
500 1324 692 1353 ostensum
722 1320 795 1360 est,
826 1313 914 1362 quia
941 1311 1129 1348 infinitum
1158 1318 1308 1358 tempus
1329 1310 1372 1331 *ss

321 1382 397 1406 non
424 1369 536 1405 habet
567 1369 704 1414 finem,
735 1378 850 1403 omne
884 1373 1011 1402 autem
1040 1364 1144 1413 quod
1181 1370 1370 1410 movetur,

319 1423 432 1460 habet
458 1422 574 1459 finem
603 1421 660 1458 sui
687 1427 813 1457 motus
838 1420 873 1454 *ε
903 1418 991 1466 quia
1021 1417 1087 1454 etsi
1115 1424 1215 1454 totus
1243 1424 1370 1453 motus

321 1475 412 1512 caeli
443 1487 520 1511 non
553 1475 708 1511 haberet
743 1473 882 1519 finem,
911 1484 988 1508 una
1016 1478 1143 1508 tamen
1181 1470 1369 1507 circulatio

319 1529 432 1565 habet
458 1528 586 1564 finem.

374 1580 435 1618 Sic
462 1580 569 1628 igitur
590 1579 831 1616 manifestum
860 1584 915 1614 est
943 1576 1046 1626 quod
1074 1576 1262 1614 infinitum
1292 1589 1370 1613 non

319 1634 432 1671 habet
450 1646 571 1682 neque
593 1634 612 1654 ’¹‘
635 1632 811 1669 virtutem
830 1631 991 1668 activam
1011 1642 1135 1679 neque
1162 1630 1366 1679 passivam.

372 1699 406 1735 7.
435 1686 582 1724 Deinde
611 1698 698 1722 cum
727 1685 830 1722 dicit:
859 1684 902 1720 Si
926 1684 1042 1733 igitur
1069 1691 1150 1730 etc.,
1176 1691 1369 1732 assumpta

319 1740 463 1787 minori,
483 1739 591 1776 infert
619 1738 896 1775 conclusionem
918 1738 953 1773 *z
984 1737 1109 1774 dicens
1128 1737 1232 1785 quod
1253 1749 1368 1773 omne

320 1805 454 1842 corpus
481 1792 652 1830 sensibile
679 1792 792 1828 habet
810 1790 986 1828 virtutem
1007 1790 1167 1827 activam
1193 1798 1257 1827 aut
1284 1802 1369 1838 pas-

320 1845 440 1883 sivam
468 1852 531 1882 aut
557 1853 766 1893 utramque.
796 1843 938 1881 Dicitur
965 1850 1091 1880 autern
1119 1843 1179 1880 hic
1195 1845 1214 1865 *
1230 1855 1368 1892 corpus

317 1899 486 1936 sensibile
504 1898 552 1935 ad
571 1898 818 1935 differentiam
839 1896 1005 1946 corporis
1024 1897 1291 1934 mathematici:
1319 1897 1368 1934 ita

320 1951 423 1999 quod
442 1964 577 2001 corpus
605 1951 777 1988 sensibile
797 1950 939 1988 dicatur
958 1962 1073 1987 omne
1097 1963 1233 2000 corpus
1261 1958 1368 1987 natu-

319 2005 407 2052 rale,
427 2005 531 2053 quod
558 2004 779 2053 inquantum
807 2003 1036 2049 huiusmodi,
1061 2011 1190 2040 natum
1211 2011 1267 2040 est
1285 2016 1368 2041 mo-

319 2069 408 2094 vere
437 2064 472 2094 et
489 2057 645 2095 moveri.
676 2057 738 2094 Sic
757 2069 844 2105 ergo
866 2057 1052 2094 concludit
1065 2057 1174 2105 *quod
1193 2057 1367 2106 impossi-

319 2110 390 2147 bile
423 2118 477 2147 est
503 2110 654 2159 aliquod
682 2123 818 2160 corpus
855 2110 1028 2147 sensibile
1057 2123 1137 2148 esse
1166 2110 1365 2148 infinitum.

373 2164 407 2200 8.
428 2164 575 2201 Deinde
604 2176 690 2201 cum
719 2163 821 2201 dicit:
851 2164 925 2200 Sed
955 2170 1077 2201 tamen
1105 2170 1140 2201 et
1166 2176 1366 2213 quaecum-

320 2228 390 2264 que
404 2223 484 2263 etc„
502 2217 660 2254 excludit
675 2218 864 2266 quandam
880 2217 1156 2255 obviationem:
1177 2218 1265 2266 quia
1279 2230 1367 2267 pos-

320 2277 375 2306 set
401 2269 531 2318 aliquis
559 2270 682 2308 dicere
709 2270 814 2319 quod
841 2270 887 2307 sit
913 2270 1065 2319 aliquod
1099 2284 1237 2320 corpus
1266 2279 1369 2309 extra

371 2416 397 2451 κ)
417 2417 528 2442 immo...
547 2421 627 2443 extra
649 2418 757 2443 caelum.
775 2431 794 2438 —-
811 2419 894 2449 Haec,
919 2427 986 2452 quae
1010 2419 1042 2444 ab
1067 2419 1214 2444 immediate
1237 2421 1368 2453 sequenti-

319 2451 368 2476 bus
386 2453 557 2484 postulantur,
575 2453 726 2478 omittuntur
744 2461 758 2478 a
776 2453 853 2484 PBF;
880 2454 968 2479 confer
987 2459 1096 2486 textum;
1117 2463 1164 2487 pro
1184 2455 1262 2480 immo
1281 2463 1368 2481 coi-ru-

319 2492 362 2519 pte
385 2495 492 2512 numero
515 2488 624 2514 CDEGI.
641 2503 659 2508 -
677 2490 755 2513 Linea
780 2490 898 2522 sequenti
921 2490 962 2515 vel
987 2497 1066 2523 usque
1090 2491 1127 2515 ad
1149 2491 1252 2523 aliquid
1275 2492 1370 2516 omittit

321 2522 360 2547 ed.
383 2521 447 2547 1516
466 2521 570 2556 (confer
587 2528 683 2549 textum
701 2523 852 2558 graecum);
871 2525 890 2549 P
909 2533 957 2558 pro
976 2533 1070 2558 usque,
1097 2533 1171 2551 usum
1191 2534 1276 2552 errore
1295 2532 1369 2561 typo·
1423 2535 1478 2553 om.

321 2556 449 2590 graphico-

1027 230 1097 266 DE
1127 225 1300 264 CAELO
1329 224 1400 261 ET
1428 220 1622 259 MUNDO
1651 219 1745 255 LIB.
1776 218 1790 253 Ι

1434 301 1580 336 caelum
1610 294 1848 345 intelligibile,
1870 293 1977 343 quod
2005 294 2052 330 sit
2079 294 2284 332 infinitum.
2301 315 2325 323 —
2346 296 2396 332 Et
2415 295 2504 333 dicit

1432 351 1536 400 quod
1551 349 1681 386 omnia
1701 360 1863 396 corpora
1878 359 1976 397 quae
1997 354 2084 384 sunt
2098 347 2137 384 in
2156 347 2242 384 loco
2259 349 2291 395 ³¹⁵,
2312 355 2400 385 sunt
2417 361 2502 386 sen-

1431 404 1560 441 sibilia.
1585 403 1676 438 Non
1696 401 1797 437 enim
1817 408 1906 438 sunt
1925 413 2089 450 corpora
2107 401 2391 450 mathematica,
2413 402 2504 452 quia

1430 457 1570 499 talibus,
1593 467 1672 491 non
1702 454 1864 491 debetur
1897 454 2004 491 locus
2039 454 2111 491 nisi
2139 454 2355 492 secundum
2383 462 2503 493 meta—

1429 511 1604 558 phoram,
1631 515 1672 544 ut
1692 507 1827 544 dicitur
1845 507 1884 544 in
1905 509 1918 544 Ι
1939 508 1985 544 de
2007 508 2183 545 Generat.
2205 509 2242 552 ⁴¹:
2271 508 2380 545 locus
2400 509 2503 546 enim
2535 514 2563 561 '-

1430 574 1508 599 non
1537 560 1728 610 quaeritur
1756 560 1827 597 nisi
1854 569 2012 610 propter
2041 569 2204 608 motum,
2231 568 2273 598 ut
2301 561 2439 599 dicitur
2465 562 2505 599 in

1431 616 1482 652 IV
1508 614 1657 662 Physic.
1679 613 1718 659 *;

1430 729 1590 758 motum.
1613 719 1676 756 Sic
1699 719 1811 767 igitur
1829 720 2075 758 manifestum
2095 729 2152 759 est
2170 722 2275 771 quod
2295 735 2506 771 quaecum-

1430 787 1506 823 que
1535 785 1698 822 corpora
1726 781 1814 810 sunt
1841 773 1880 810 in
1908 774 2007 822 loco,
2034 782 2121 812 sunt
2149 775 2352 813 sensibilia.
2379 777 2429 813 Et
2458 788 2505 813 ex

1429 829 1503 864 hoc
1524 826 1714 863 concludit
1733 826 1839 874 quod
1859 839 2000 876 corpus
2019 827 2212 866 infinitum
2231 842 2311 867 non
2336 829 2383 867 sit
2402 837 2507 867 extra

1430 881 1599 926 caelum}
1618 880 1739 916 immo
1759 880 2025 928 universalius,
2055 882 2162 930 quod
2190 883 2337 920 nullum
2366 895 2506 933 corpus

1429 934 1475 970 sit
1494 941 1597 970 extra
1616 934 1767 971 caelum
1782 939 1806 979 ¹⁸,
1823 945 1944 983 neque
1961 935 2189 983 simpliciter,
2207 936 2347 973 scilicet
2364 948 2505 986 corpus

1428 987 1632 1033 infinitum,
1654 998 1775 1035 neque
1791 988 1998 1025 secundum
2018 989 2110 1036 quid
2127 989 2208 1036 (vel
2228 1001 2346 1039 usque
2368 990 2421 1027 ad
2437 990 2506 1028 ali—

1428 1041 1547 1089 quid),
1560 1040 1656 1076 idest
1671 1052 1810 1089 corpus
1825 1040 1992 1087 finitum;
2007 1053 2096 1078 cum
2112 1042 2216 1079 enim
2233 1055 2372 1092 corpus
2388 1055 2504 1081 omne

1428 1094 1474 1130 sit
1501 1093 1651 1130 finitum
1679 1095 1742 1130 vel
1770 1093 1977 1141 infinitum,
2008 1095 2178 1144 sequitur
2212 1096 2319 1145 quod
2357 1097 2506 1134 nullum

1428 1147 1585 1184 omnino
1608 1158 1747 1195 corpus
1775 1146 1823 1183 sit
1851 1155 1955 1184 extra
1984 1149 2146 1186 caelum.
2177 1149 2280 1196 Quia
2308 1150 2339 1187 si
2359 1150 2464 1188 dicas
2482 1150 2504 1172 *
2533 1155 2542 1165 ·

1427 1200 1533 1248 quod
1562 1200 1606 1237 sit
1625 1199 1888 1248 intellectuale,
1919 1208 2100 1250 sequetur
2128 1202 2233 1251 quod
2262 1202 2309 1240 sit
2336 1203 2375 1240 in
2403 1204 2503 1252 loco,

1428 1266 1472 1290 ex
1501 1266 1578 1302 quo
1598 1253 1755 1302 ponitur
1775 1261 1879 1291 extra
1898 1255 2067 1292 caelum:
2087 1261 2198 1293 extra
2218 1256 2322 1293 enim
2343 1264 2380 1294 et
2403 1257 2504 1295 intra

1426 1307 1639 1355 significant
1657 1308 1798 1345 locum.
1822 1307 1885 1344 Sic
1903 1307 2015 1357 igitur
2033 1309 2204 1358 sequitur
2217 1310 2238 1331 ³
2258 1309 2377 1358 quod,
2394 1310 2424 1347 si
2440 1310 2505 1348 ali-
2530 1314 2543 1325 ⁶

1426 1361 1532 1409 quod
1553 1373 1693 1410 corpus
1721 1361 1768 1398 sit
1795 1369 1898 1398 extra
1927 1363 2090 1408 caelum,
2112 1362 2266 1400 finitum
2285 1364 2348 1401 vel
2377 1363 2504 1402 infini-

1425 1423 1524 1462 tum,
1545 1414 1652 1463 quod
1672 1414 1719 1451 sit
1746 1414 1942 1462 sensibile;
1964 1427 2011 1453 eo
2031 1416 2138 1465 quod
2158 1417 2305 1454 nullum
2325 1417 2503 1455 sensibile

1426 1480 1566 1517 corpus
1581 1475 1648 1515 est,
1661 1467 1768 1517 quod
1783 1481 1863 1506 non
1882 1468 1929 1506 sit
1942 1468 1981 1506 in
1996 1470 2083 1506 loco
2099 1470 2205 1518 (quia
2220 1470 2335 1508 etiam
2352 1471 2503 1509 caelum

1425 1522 1717 1571 quodammodo
1734 1529 1790 1559 est
1809 1521 1847 1559 in
1866 1523 1965 1570 loco,
1983 1531 2025 1560 ut
2043 1531 2147 1572 patet
2166 1523 2204 1561 in
2220 1524 2273 1561 IV
2286 1525 2500 1573 szsic.*).
2531 1527 2541 1537 '

1479 1574 1727 1612 Manifestum
1754 1582 1810 1612 est
1835 1583 1964 1613 autem
1990 1577 2204 1615 secundum
2229 1578 2325 1615 haec
2350 1578 2471 1616 verba
2488 1575 2503 1600 ²
2548 1595 2555 1602 ·

1425 1628 1528 1678 quod
1558 1629 1706 1666 nullum
1742 1641 1882 1678 corpus
1911 1629 2162 1679 intelligibile,
2192 1643 2320 1680 neque
2344 1630 2500 1682 *finitum

1424 1694 1550 1731 neque
1579 1682 1783 1729 infinitum,
1805 1690 1862 1720 est
1889 1690 1993 1720 extra
2013 1685 2180 1730 caelum;
2205 1684 2295 1734 quia
2323 1690 2434 1723 extra
2452 1684 2502 1723 si·

1423 1735 1578 1784 gnificat
1595 1736 1739 1783 locum,
1761 1735 1852 1773 nihil
1873 1745 2003 1774 autem
2023 1746 2080 1775 est
2098 1738 2137 1775 in
2157 1739 2245 1775 loco
2265 1738 2336 1775 nisi
2358 1748 2500 1788 corpus

1423 1789 1612 1826 sensibile.
1634 1789 1883 1827 Manifestum
1903 1797 1960 1827 est
1979 1790 2094 1828 etiam
2114 1791 2221 1841 quod
2250 1791 2398 1829 nullum
2417 1802 2501 1829 cor-

1423 1855 1496 1892 pus
1524 1842 1715 1880 infinitum
1745 1843 1923 1881 sensibile
1952 1851 2008 1881 est
2035 1852 2141 1882 extra
2175 1845 2345 1882 caelum:
2375 1851 2502 1883 osten-

1424 1908 1511 1933 sum
1540 1904 1597 1934 est
1625 1896 1728 1934 enim
1757 1909 1873 1946 supra
1895 1898 1915 1919 *
1943 1899 2049 1947 quod
2077 1898 2224 1935 nullum
2245 1910 2386 1948 corpus
2403 1900 2500 1941 *sen-v

1424 1949 1530 1986 sibile
1561 1957 1616 1987 est
1643 1949 1846 1988 infinitum.
1877 1951 1995 1998 Quod
2024 1959 2154 1989 autern
2183 1952 2331 1989 nullum
2361 1962 2501 2002 corpus

1424 2002 1601 2040 sensibile
1629 2003 1782 2041 finitum
1811 2003 1859 2041 sit
1876 2010 1896 2031 Ι·
1915 2012 2019 2042 extra
2048 2005 2210 2053 caelum,
2240 2017 2319 2043 non
2345 2005 2502 2043 videtur

1424 2056 1486 2094 hic
1505 2057 1672 2106 probari,
1685 2057 1753 2095 sed
1768 2057 1935 2107 supponi
1952 2058 1989 2095 *ε
2009 2058 2080 2096 nisi
2101 2059 2197 2096 forte
2215 2071 2285 2108 per
2302 2059 2379 2096 hoc
2393 2057 2500 2109 quod
2528 2067 2538 2078 ·

1424 2122 1540 2148 omne
1569 2122 1708 2159 corpus
1737 2110 1913 2148 sensibile
1943 2119 1999 2149 est
2023 2111 2063 2149 in
2082 2112 2187 2160 loco,
2217 2111 2350 2159 omnia
2369 2119 2500 2151 autem

1423 2164 1509 2201 loca
1529 2164 1770 2202 continentur
1787 2164 1882 2202 infra
1901 2165 2063 2212 caelum,
2081 2177 2179 2215 quae
2199 2165 2503 2204 determinantur

1424 2218 1740 2257 tribusfmotibus
1768 2218 1955 2256 localibus
1982 2231 2098 2268 supra
2122 2219 2142 2241 ’
2170 2219 2325 2269 positis,
2361 2218 2503 2258 scilicet
2528 2227 2538 2238 ·

1423 2271 1487 2321 qui
1508 2279 1595 2308 sunt
1615 2271 1714 2308 circa
1733 2271 1919 2320 medium,
1940 2284 1963 2310 a
1982 2272 2124 2320 medio,
2147 2280 2184 2310 et
2202 2273 2253 2311 ad
2272 2273 2457 2311 medium.

1475 2419 1504 2454 λ)
1522 2421 1668 2446 secundum
1687 2421 1752 2446 haec
1770 2421 1859 2447 verba.
1871 2433 1891 2441 —
1902 2421 2047 2447 secundum
2062 2421 2127 2448 haec
2145 2411 2286 2448 naturalia
2301 2421 2335 2453 C,
2353 2421 2504 2449 secundun

1423 2456 1472 2482 hoc
1491 2456 1679 2482 universaliter
1696 2456 1725 2481 P.

1477 2491 1891 2553 “iess‘ssffzfflssJ‘zffi'}
1897 2491 2372 2555 .¹⁶'”‘:r”.;‘tz:ffltzt.?zzffi
2384 2491 2500 2554 {im-”3

1423 2570 1519 2596 corpus
1537 2546 1658 2589 sens'ibfre
1669 2545 1786 2597 finitum·
1802 2571 1854 2589 non
1876 2546 1936 2589 sit.r
1999 2536 2016 2562 p
2048 2536 2065 2562 p
2432 2533 2500 2562 ‘aa‘

1747 626 1828 651 non
1855 621 1985 651 autem
2006 623 2213 652 moventur
2240 614 2311 652 nisi
2341 627 2506 664 corpora
2535 618 2548 630 ⁸

1429 667 1618 705 sensibilia
1635 674 1671 703 et
1685 667 1881 714 naturalia,
1898 680 1989 704 nam
2009 668 2279 706 mathematica
2294 676 2381 706 sunt
2401 675 2506 706 extra
2554 688 2561 694 ·

2532 354 2626 403 {5⁶5⁰
2641 359 2752 388 ‘mv
