2782 4134
355 289 428 325 306
854 289 925 325 DE
955 287 1342 326 GENERATIONE
1371 287 1443 324 ET
1473 285 1855 324 CORRUPTIONE
1885 287 1980 324 LIB.
2011 288 2025 323 I

403 378 440 414 4.
461 367 610 404 Deinde
629 379 718 404 cum
738 366 842 404 dicit:
870 367 1012 404 Melius
1035 379 1128 416 ergo
1149 374 1232 414 etc„
1262 366 1413 403 conclu·
1469 373 1505 402 et
1524 365 1661 403 eadem
1681 378 1844 403 nurnero
1863 366 1910 403 sit
1929 365 2088 403 materia
2103 365 2290 414 omnium,
2310 373 2347 404 et
2361 366 2533 404 differat*
2661 380 2675 397 κ

350 419 403 457 dit
419 420 635 458 veritatem:
657 420 785 457 dicens
805 420 910 469 quod
929 420 1064 456 melius
1084 426 1138 456 est
1162 419 1287 456 dicere
1308 418 1412 466 quod
1467 419 1592 455 solum
1619 419 1783 467 ratione,
1813 419 1909 456 sicut
1936 431 2052 468 supra
2078 419 2099 441 ²¹⁸
2127 418 2272 456 dictum
2301 426 2367 457 est.
2397 421 2447 457 Et
2474 432 2533 457 se·
2560 432 2695 460 mecum,
2710 439 2734 455 n.
2749 432 2774 455 6.

113 485 123 495 ”
138 483 200 511 sicr,
212 483 322 506 ummah·
349 473 507 511 materia
533 473 584 510 ita
606 473 626 495 ‘¹‘
652 473 739 510 insit
767 473 957 520 omnibus,
979 471 1083 521 quod
1110 484 1190 508 non
1218 478 1413 520 separetur
1467 471 1636 508 cundum
1655 472 1731 509 hoc
1749 484 1829 509 non
1849 472 1917 509 erit
1935 479 2109 521 separata
2127 484 2150 508 a
2167 471 2444 521 magnitudine,
2464 473 2534 510 sed

350 527 398 563 ab
414 526 479 575 eis,
490 534 672 575 tanquam
686 526 777 563 nihil
793 537 926 579 <porum
943 525 1120 570 existens3
1137 523 1204 561 sed
1215 524 1320 572 quod
1335 536 1412 561 una
1466 523 1504 560 in
1531 536 1768 573 unoquoque
1796 532 1883 562 actu
1910 524 2160 573 magnitudini
2188 525 2370 563 subiecta.

398 685 423 718 κ)
436 685 497 710 sit...
512 684 628 718 differat.
639 698 658 703 —
669 684 704 709 sit
717 690 786 716 pars
800 682 917 708 omm‘um
932 686 959 708 et
971 682 1100 716 differunt
1111 683 1149 714 A;
1162 682 1198 708 sit
1206 689 1274 715 pars
1289 682 1407 707 omnium
1462 687 1503 707 est
1514 687 1632 716 separata
1646 683 1677 708 ab
1691 683 1729 708 eis
1743 683 1837 716 quibus
1847 683 1928 716 inest3
1942 691 2030 717 neque
2044 684 2121 709 etiam
2131 692 2146 709 a
2159 684 2334 714 conclusione.
2350 692 2445 717 nempe
2459 685 2530 718 quod

349 728 402 745 non
421 720 547 745 discordat
564 727 649 752 neque
668 719 699 744 ab
713 719 750 743 eis
766 726 832 751 quae
851 718 1014 751 praecedunt,
1031 718 1128 743 scilicet
1146 718 1217 751 quod
1237 717 1343 743 materia
1355 725 1408 742 non
1463 723 1503 743 est
1517 718 1543 743 in
1558 725 1714 751 unoquoque
1725 722 1787 744 actu
1800 719 1982 753 magnitudini
1994 719 2120 745 subiecta.
2130 718 2223 745 Cf.fin.
2233 727 2259 746 n.
2271 727 2292 751 1,
2307 724 2333 745 et
2345 720 2455 753 princip.
2469 728 2494 746 n.
2506 720 2532 746 3.
