<?xml version="1.0" encoding="UTF-8"?>
<!DOCTYPE html PUBLIC "-//W3C//DTD XHTML 1.0 Transitional//EN"
    "http://www.w3.org/TR/xhtml1/DTD/xhtml1-transitional.dtd">
<html xmlns="http://www.w3.org/1999/xhtml" xml:lang="en" lang="en">
 <head>
  <title>
</title>
<meta http-equiv="Content-Type" content="text/html;charset=utf-8" />
  <meta name='ocr-system' content='tesseract 3.04.00' />
  <meta name='ocr-capabilities' content='ocr_page ocr_carea ocr_par ocr_line ocrx_word'/>
</head>
<body>
  <div class='ocr_page' id='page_1' title='image "./operaomniaiussui03thom/operaomniaiussui03thom_0286.png"; bbox 0 0 2782 4134; ppageno 0'>
   <div class='ocr_carea' id='block_1_1' title="bbox 333 282 1826 331">
    <p class='ocr_par' dir='ltr' id='par_1_1' title="bbox 333 282 1826 331">
     <span class='ocr_line' id='line_1_1' title="bbox 333 282 1826 331; baseline -0.002 -9"><span class='ocrx_word' id='word_1_1' title='bbox 333 296 407 331; x_wconf 90' lang='lat'>242</span> <span class='ocrx_word' id='word_1_2' title='bbox 797 293 801 295; x_wconf 71' lang='grc'><strong><em>’</em></strong></span> <span class='ocrx_word' id='word_1_3' title='bbox 1021 284 1091 320; x_wconf 92' lang='lat' dir='ltr'>DE</span> <span class='ocrx_word' id='word_1_4' title='bbox 1122 282 1296 319; x_wconf 88' lang='lat' dir='ltr'>CAELO</span> <span class='ocrx_word' id='word_1_5' title='bbox 1326 283 1397 319; x_wconf 92' lang='lat' dir='ltr'>ET</span> <span class='ocrx_word' id='word_1_6' title='bbox 1426 282 1620 319; x_wconf 93' lang='lat' dir='ltr'><strong>MUNDO</strong></span> <span class='ocrx_word' id='word_1_7' title='bbox 1651 282 1745 319; x_wconf 89' lang='lat' dir='ltr'>LIB.</span> <span class='ocrx_word' id='word_1_8' title='bbox 1776 283 1826 319; x_wconf 92' lang='lat'>111</span> 
     </span>
    </p>
   </div>
   <div class='ocr_carea' id='block_1_2' title="bbox 1097 492 1743 569">
    <p class='ocr_par' dir='ltr' id='par_1_2' title="bbox 1097 492 1743 569">
     <span class='ocr_line' id='line_1_2' title="bbox 1097 492 1743 569; baseline 0.002 -22"><span class='ocrx_word' id='word_1_9' title='bbox 1097 492 1394 548; x_wconf 81' lang='lat' dir='ltr'>LECTIo</span> <span class='ocrx_word' id='word_1_10' title='bbox 1434 492 1743 569; x_wconf 80' lang='lat' dir='ltr'><strong>QUINTA</strong></span> 
     </span>
    </p>
   </div>
   <div class='ocr_carea' id='block_1_3' title="bbox 506 644 2333 743">
    <p class='ocr_par' dir='ltr' id='par_1_3' title="bbox 506 644 2333 743">
     <span class='ocr_line' id='line_1_3' title="bbox 506 644 2333 686; baseline -0.001 -6"><span class='ocrx_word' id='word_1_11' title='bbox 506 648 773 680; x_wconf 87' lang='lat' dir='ltr'>CORPORIBUS</span> <span class='ocrx_word' id='word_1_12' title='bbox 796 645 1097 677; x_wconf 86' lang='lat' dir='ltr'>NATURALIBUS</span> <span class='ocrx_word' id='word_1_13' title='bbox 1120 645 1318 682; x_wconf 87' lang='lat' dir='ltr'>AL1QUEM</span> <span class='ocrx_word' id='word_1_14' title='bbox 1341 644 1504 675; x_wconf 93' lang='lat' dir='ltr'>MOTUM</span> <span class='ocrx_word' id='word_1_15' title='bbox 1527 645 1800 676; x_wconf 88' lang='lat' dir='ltr'><strong>NATURALEM</strong></span> <span class='ocrx_word' id='word_1_16' title='bbox 1825 646 1987 686; x_wconf 86' lang='lat' dir='ltr'>INESSE,</span> <span class='ocrx_word' id='word_1_17' title='bbox 2017 647 2298 679; x_wconf 89' lang='lat' dir='ltr'>OSTENDITUR</span> <span class='ocrx_word' id='word_1_18' title='bbox 2315 665 2333 671; x_wconf 91' lang='lat'>-</span> 
     </span>
     <span class='ocr_line' id='line_1_4' title="bbox 556 701 2274 743; baseline 0 -7"><span class='ocrx_word' id='word_1_19' title='bbox 556 707 614 736; x_wconf 86' lang='lat' dir='ltr'>EX</span> <span class='ocrx_word' id='word_1_20' title='bbox 637 705 728 743; x_wconf 94' lang='lat' dir='ltr'>QUO</span> <span class='ocrx_word' id='word_1_21' title='bbox 753 702 1095 734; x_wconf 87' lang='lat' dir='ltr'>INSUFFICIENTIA</span> <span class='ocrx_word' id='word_1_22' title='bbox 1117 702 1357 733; x_wconf 88' lang='lat' dir='ltr'>POSITlONIS</span> <span class='ocrx_word' id='word_1_23' title='bbox 1382 701 1577 732; x_wconf 84' lang='lat' dir='ltr'>LEUCIPPI</span> <span class='ocrx_word' id='word_1_24' title='bbox 1606 702 1665 732; x_wconf 93' lang='lat' dir='ltr'>ET</span> <span class='ocrx_word' id='word_1_25' title='bbox 1688 702 1932 734; x_wconf 88' lang='lat' dir='ltr'><strong>DEMOCRITI</strong></span> <span class='ocrx_word' id='word_1_26' title='bbox 1957 704 2274 736; x_wconf 87' lang='lat' dir='ltr'>CONCLUDITUR</span> 
     </span>
    </p>
   </div>
   <div class='ocr_carea' id='block_1_4' title="bbox 318 824 2512 964">
    <p class='ocr_par' dir='ltr' id='par_1_4' title="bbox 318 824 2512 964">
     <span class='ocr_line' id='line_1_5' title="bbox 318 824 2512 874; baseline 0.001 -13"><span class='ocrx_word' id='word_1_27' title='bbox 318 830 394 863; x_wconf 85' lang='grc' dir='ltr'>Ὅτι</span> <span class='ocrx_word' id='word_1_28' title='bbox 419 825 448 861; x_wconf 72' lang='grc' dir='ltr'>δ’</span> <span class='ocrx_word' id='word_1_29' title='bbox 471 829 655 874; x_wconf 77' lang='grc' dir='ltr'>ἀναγκαῖον</span> <span class='ocrx_word' id='word_1_30' title='bbox 682 825 845 870; x_wconf 81' lang='grc' dir='ltr'>ύποίρχειν</span> <span class='ocrx_word' id='word_1_31' title='bbox 870 827 997 861; x_wconf 82' lang='grc' dir='ltr'>κίνησιν</span> <span class='ocrx_word' id='word_1_32' title='bbox 1020 828 1090 861; x_wconf 83' lang='grc' dir='ltr'>τοῖς</span> <span class='ocrx_word' id='word_1_33' title='bbox 1114 825 1233 862; x_wconf 75' lang='grc' dir='ltr'>ἁπλοῖς</span> <span class='ocrx_word' id='word_1_34' title='bbox 1254 824 1386 869; x_wconf 76' lang='grc' dir='ltr'>σώμασι</span> <span class='ocrx_word' id='word_1_35' title='bbox 1440 827 1456 845; x_wconf 91' lang='grc'>*</span> <span class='ocrx_word' id='word_1_36' title='bbox 1474 827 1571 864; x_wconf 87' lang='lat' dir='ltr'>Quod</span> <span class='ocrx_word' id='word_1_37' title='bbox 1601 834 1709 858; x_wconf 89' lang='lat' dir='ltr'>autern</span> <span class='ocrx_word' id='word_1_38' title='bbox 1740 828 1952 859; x_wconf 86' lang='lat' dir='ltr'>necessarium</span> <span class='ocrx_word' id='word_1_39' title='bbox 1987 830 2115 860; x_wconf 84' lang='lat' dir='ltr'>existere</span> <span class='ocrx_word' id='word_1_40' title='bbox 2150 838 2279 862; x_wconf 85' lang='lat' dir='ltr'>motum</span> <span class='ocrx_word' id='word_1_41' title='bbox 2313 831 2512 872; x_wconf 85' lang='lat' dir='ltr'>simplicibus</span> 
     </span>
     <span class='ocr_line' id='line_1_6' title="bbox 392 864 2510 919; baseline 0.001 -14"><span class='ocrx_word' id='word_1_42' title='bbox 392 874 485 919; x_wconf 82' lang='grc' dir='ltr'>φύσει</span> <span class='ocrx_word' id='word_1_43' title='bbox 511 872 589 905; x_wconf 70' lang='grc' dir='ltr'>τιναῖ</span> <span class='ocrx_word' id='word_1_44' title='bbox 613 871 732 911; x_wconf 80' lang='grc' dir='ltr'>πᾶσιν,</span> <span class='ocrx_word' id='word_1_45' title='bbox 761 870 796 902; x_wconf 81' lang='grc' dir='ltr'>ἑκ</span> <span class='ocrx_word' id='word_1_46' title='bbox 821 864 926 901; x_wconf 78' lang='grc' dir='ltr'>τῶνδε</span> <span class='ocrx_word' id='word_1_47' title='bbox 952 864 1069 905; x_wconf 72' lang='grc' dir='ltr'>δῆλον.</span> <span class='ocrx_word' id='word_1_48' title='bbox 1508 872 1693 912; x_wconf 87' lang='lat' dir='ltr'>corporibus</span> <span class='ocrx_word' id='word_1_49' title='bbox 1709 879 1821 903; x_wconf 83' lang='lat' dir='ltr'>natura</span> <span class='ocrx_word' id='word_1_50' title='bbox 1839 873 1980 919; x_wconf 79' lang='lat' dir='ltr'>aliquem</span> <span class='ocrx_word' id='word_1_51' title='bbox 1996 874 2157 914; x_wconf 87' lang='lat' dir='ltr'>omnibus,</span> <span class='ocrx_word' id='word_1_52' title='bbox 2174 885 2211 906; x_wconf 84' lang='lat' dir='ltr'>ex</span> <span class='ocrx_word' id='word_1_53' title='bbox 2226 875 2275 906; x_wconf 91' lang='lat' dir='ltr'>his</span> <span class='ocrx_word' id='word_1_54' title='bbox 2294 875 2510 908; x_wconf 77' lang='lat' dir='ltr'>manifestum.</span> 
     </span>
     <span class='ocr_line' id='line_1_7' title="bbox 319 910 2510 964; baseline 0 -14"><span class='ocrx_word' id='word_1_55' title='bbox 319 920 414 951; x_wconf 85' lang='grc' dir='ltr'>Ἐπεὶ</span> <span class='ocrx_word' id='word_1_56' title='bbox 439 917 503 964; x_wconf 83' lang='grc' dir='ltr'>γοὶρ</span> <span class='ocrx_word' id='word_1_57' title='bbox 527 915 706 959; x_wconf 75' lang='grc' dir='ltr'>κινούμενα</span> <span class='ocrx_word' id='word_1_58' title='bbox 760 916 915 955; x_wconf 81' lang='grc' dir='ltr'>αίνεται,</span> <span class='ocrx_word' id='word_1_59' title='bbox 946 912 1108 944; x_wconf 84' lang='grc' dir='ltr'>κινεῖσθαί</span> <span class='ocrx_word' id='word_1_60' title='bbox 1133 925 1170 958; x_wconf 80' lang='grc' dir='ltr'>γε</span> <span class='ocrx_word' id='word_1_61' title='bbox 1199 910 1385 958; x_wconf 75' lang='grc' dir='ltr'>ἀναγκαῖον</span> <span class='ocrx_word' id='word_1_62' title='bbox 1442 916 1605 954; x_wconf 89' lang='lat' dir='ltr'><strong>Quoniam</strong></span> <span class='ocrx_word' id='word_1_63' title='bbox 1616 916 1702 946; x_wconf 90' lang='lat' dir='ltr'>enim</span> <span class='ocrx_word' id='word_1_64' title='bbox 1714 923 1803 947; x_wconf 88' lang='lat' dir='ltr'>mota</span> <span class='ocrx_word' id='word_1_65' title='bbox 1818 917 1976 956; x_wconf 88' lang='lat' dir='ltr'>videntur,</span> <span class='ocrx_word' id='word_1_66' title='bbox 1989 919 2110 948; x_wconf 89' lang='lat' dir='ltr'>moveri</span> <span class='ocrx_word' id='word_1_67' title='bbox 2124 926 2232 950; x_wconf 89' lang='lat' dir='ltr'>autem</span> <span class='ocrx_word' id='word_1_68' title='bbox 2244 920 2457 951; x_wconf 85' lang='lat' dir='ltr'>necessarium</span> <span class='ocrx_word' id='word_1_69' title='bbox 2468 921 2510 960; x_wconf 90' lang='lat' dir='ltr'>vi,</span> 
     </span>
    </p>
   </div>
   <div class='ocr_carea' id='block_1_5' title="bbox 1412 825 1415 918">
    <p class='ocr_par' dir='ltr' id='par_1_5' title="bbox 1412 825 1415 918">
     <span class='ocr_line' id='line_1_8' title="bbox 1412 825 1415 918; baseline 0 3216"><span class='ocrx_word' id='word_1_70' title='bbox 1412 825 1415 918; x_wconf 95' lang='lat' dir='ltr'> </span> 
     </span>
    </p>
   </div>
   <div class='ocr_carea' id='block_1_6' title="bbox 386 955 2511 1224">
    <p class='ocr_par' dir='ltr' id='par_1_6' title="bbox 386 955 2511 1224">
     <span class='ocr_line' id='line_1_9' title="bbox 390 955 2511 1005; baseline 0.001 -11"><span class='ocrx_word' id='word_1_71' title='bbox 390 964 461 1004; x_wconf 94' lang='grc' dir='ltr'>βίᾳ,</span> <span class='ocrx_word' id='word_1_72' title='bbox 481 962 508 993; x_wconf 86' lang='grc' dir='ltr'>εὶ</span> <span class='ocrx_word' id='word_1_73' title='bbox 525 959 571 1004; x_wconf 72' lang='grc' dir='ltr'>μή</span> <span class='ocrx_word' id='word_1_74' title='bbox 593 961 714 991; x_wconf 76' lang='grc' dir='ltr'>οἰκείαν</span> <span class='ocrx_word' id='word_1_75' title='bbox 743 970 812 1005; x_wconf 84' lang='grc' dir='ltr'>εχει</span> <span class='ocrx_word' id='word_1_76' title='bbox 835 961 980 995; x_wconf 79' lang='grc' dir='ltr'>κίνησιν·</span> <span class='ocrx_word' id='word_1_77' title='bbox 1008 958 1049 990; x_wconf 79' lang='grc' dir='ltr'>τὸ</span> <span class='ocrx_word' id='word_1_78' title='bbox 1075 955 1111 989; x_wconf 78' lang='grc' dir='ltr'>δὲ</span> <span class='ocrx_word' id='word_1_79' title='bbox 1134 960 1190 998; x_wconf 80' lang='grc' dir='ltr'>βίᾳ</span> <span class='ocrx_word' id='word_1_80' title='bbox 1214 960 1271 989; x_wconf 85' lang='grc' dir='ltr'>καὶ</span> <span class='ocrx_word' id='word_1_81' title='bbox 1291 957 1387 1000; x_wconf 76' lang='grc' dir='ltr'>παραὶ</span> <span class='ocrx_word' id='word_1_82' title='bbox 1507 960 1532 990; x_wconf 89' lang='lat' dir='ltr'>si</span> <span class='ocrx_word' id='word_1_83' title='bbox 1545 971 1611 990; x_wconf 91' lang='lat' dir='ltr'>non</span> <span class='ocrx_word' id='word_1_84' title='bbox 1626 961 1794 1001; x_wconf 90' lang='lat' dir='ltr'>proprium</span> <span class='ocrx_word' id='word_1_85' title='bbox 1809 961 1926 992; x_wconf 87' lang='lat' dir='ltr'>habent</span> <span class='ocrx_word' id='word_1_86' title='bbox 1941 969 2078 993; x_wconf 88' lang='lat' dir='ltr'>motum.</span> <span class='ocrx_word' id='word_1_87' title='bbox 2094 963 2254 994; x_wconf 90' lang='lat' dir='ltr'>Violentia</span> <span class='ocrx_word' id='word_1_88' title='bbox 2265 971 2373 995; x_wconf 86' lang='lat' dir='ltr'>autem</span> <span class='ocrx_word' id='word_1_89' title='bbox 2389 965 2511 995; x_wconf 84' lang='lat' dir='ltr'>moveri</span> 
     </span>
     <span class='ocr_line' id='line_1_10' title="bbox 389 1001 2511 1050; baseline 0.001 -12"><span class='ocrx_word' id='word_1_90' title='bbox 389 1007 483 1050; x_wconf 82' lang='grc' dir='ltr'>φύσιν</span> <span class='ocrx_word' id='word_1_91' title='bbox 509 1003 652 1038; x_wconf 80' lang='grc' dir='ltr'>ταύτόν.</span> <span class='ocrx_word' id='word_1_92' title='bbox 685 1004 793 1035; x_wconf 74' lang='grc' dir='ltr'>Ἀλλά.</span> <span class='ocrx_word' id='word_1_93' title='bbox 817 1002 882 1047; x_wconf 68' lang='grc' dir='ltr'>μὴν</span> <span class='ocrx_word' id='word_1_94' title='bbox 904 1003 932 1033; x_wconf 83' lang='grc' dir='ltr'>εἰ</span> <span class='ocrx_word' id='word_1_95' title='bbox 949 1003 1044 1046; x_wconf 70' lang='grc' dir='ltr'>παρὰ</span> <span class='ocrx_word' id='word_1_96' title='bbox 1061 1001 1154 1046; x_wconf 77' lang='grc' dir='ltr'>φύσιν</span> <span class='ocrx_word' id='word_1_97' title='bbox 1177 1003 1249 1033; x_wconf 78' lang='grc' dir='ltr'>ἐστί</span> <span class='ocrx_word' id='word_1_98' title='bbox 1268 1014 1319 1040; x_wconf 89' lang='grc' dir='ltr'>τις</span> <span class='ocrx_word' id='word_1_99' title='bbox 1338 1004 1385 1033; x_wconf 84' lang='grc' dir='ltr'>κί-</span> <span class='ocrx_word' id='word_1_100' title='bbox 1507 1011 1538 1035; x_wconf 92' lang='lat' dir='ltr'>et</span> <span class='ocrx_word' id='word_1_101' title='bbox 1560 1011 1682 1045; x_wconf 90' lang='lat' dir='ltr'>praeter</span> <span class='ocrx_word' id='word_1_102' title='bbox 1705 1012 1851 1036; x_wconf 86' lang='lat' dir='ltr'>naturam</span> <span class='ocrx_word' id='word_1_103' title='bbox 1874 1006 1969 1036; x_wconf 90' lang='lat' dir='ltr'>idem.</span> <span class='ocrx_word' id='word_1_104' title='bbox 1995 1006 2057 1037; x_wconf 90' lang='lat' dir='ltr'>Sed</span> <span class='ocrx_word' id='word_1_105' title='bbox 2072 1014 2103 1038; x_wconf 93' lang='lat' dir='ltr'>et</span> <span class='ocrx_word' id='word_1_106' title='bbox 2121 1007 2146 1038; x_wconf 89' lang='lat' dir='ltr'>si</span> <span class='ocrx_word' id='word_1_107' title='bbox 2161 1015 2283 1048; x_wconf 89' lang='lat' dir='ltr'>praeter</span> <span class='ocrx_word' id='word_1_108' title='bbox 2298 1015 2445 1039; x_wconf 86' lang='lat' dir='ltr'>naturam</span> <span class='ocrx_word' id='word_1_109' title='bbox 2464 1016 2511 1040; x_wconf 89' lang='lat' dir='ltr'>est</span> 
     </span>
     <span class='ocr_line' id='line_1_11' title="bbox 389 1044 2511 1094; baseline 0.002 -14"><span class='ocrx_word' id='word_1_110' title='bbox 389 1063 491 1090; x_wconf 83' lang='grc' dir='ltr'>νησις,</span> <span class='ocrx_word' id='word_1_111' title='bbox 513 1048 642 1094; x_wconf 73' lang='grc' dir='ltr'>ἀνάγκη</span> <span class='ocrx_word' id='word_1_112' title='bbox 668 1045 753 1080; x_wconf 81' lang='grc' dir='ltr'>εἶναι</span> <span class='ocrx_word' id='word_1_113' title='bbox 777 1049 836 1079; x_wconf 74' lang='grc' dir='ltr'>καὶ</span> <span class='ocrx_word' id='word_1_114' title='bbox 859 1047 956 1079; x_wconf 65' lang='lat' dir='ltr'>neerei</span> <span class='ocrx_word' id='word_1_115' title='bbox 979 1047 1088 1091; x_wconf 73' lang='grc' dir='ltr'>φύσιν,</span> <span class='ocrx_word' id='word_1_116' title='bbox 1108 1044 1188 1089; x_wconf 79' lang='grc' dir='ltr'>παρ’</span> <span class='ocrx_word' id='word_1_117' title='bbox 1209 1047 1248 1083; x_wconf 78' lang='grc' dir='ltr'>ἦν</span> <span class='ocrx_word' id='word_1_118' title='bbox 1276 1045 1384 1083; x_wconf 79' lang='grc' dir='ltr'>αὕτη·</span> <span class='ocrx_word' id='word_1_119' title='bbox 1507 1049 1620 1090; x_wconf 86' lang='lat' dir='ltr'>aliquis</span> <span class='ocrx_word' id='word_1_120' title='bbox 1643 1056 1763 1088; x_wconf 89' lang='lat' dir='ltr'>motus,</span> <span class='ocrx_word' id='word_1_121' title='bbox 1787 1060 1914 1081; x_wconf 88' lang='lat' dir='ltr'>necesse</span> <span class='ocrx_word' id='word_1_122' title='bbox 1937 1057 1984 1081; x_wconf 91' lang='lat' dir='ltr'>est</span> <span class='ocrx_word' id='word_1_123' title='bbox 2008 1060 2074 1081; x_wconf 89' lang='lat' dir='ltr'>esse</span> <span class='ocrx_word' id='word_1_124' title='bbox 2098 1058 2129 1082; x_wconf 91' lang='lat' dir='ltr'>et</span> <span class='ocrx_word' id='word_1_125' title='bbox 2151 1053 2329 1083; x_wconf 89' lang='lat' dir='ltr'>secundum</span> <span class='ocrx_word' id='word_1_126' title='bbox 2351 1060 2511 1093; x_wconf 75' lang='lat' dir='ltr'>naturam,</span> 
     </span>
     <span class='ocr_line' id='line_1_12' title="bbox 387 1091 2510 1137; baseline 0.001 -10"><span class='ocrx_word' id='word_1_127' title='bbox 387 1098 444 1127; x_wconf 77' lang='grc' dir='ltr'>καὶ</span> <span class='ocrx_word' id='word_1_128' title='bbox 469 1096 496 1125; x_wconf 87' lang='grc' dir='ltr'>εἰ</span> <span class='ocrx_word' id='word_1_129' title='bbox 522 1095 645 1126; x_wconf 79' lang='grc' dir='ltr'>πολλαὶ</span> <span class='ocrx_word' id='word_1_130' title='bbox 673 1095 707 1124; x_wconf 86' lang='grc' dir='ltr'>αἱ</span> <span class='ocrx_word' id='word_1_131' title='bbox 733 1093 828 1137; x_wconf 76' lang='grc' dir='ltr'>παραὶ</span> <span class='ocrx_word' id='word_1_132' title='bbox 844 1091 952 1135; x_wconf 79' lang='grc' dir='ltr'>φύσιν,</span> <span class='ocrx_word' id='word_1_133' title='bbox 973 1091 1036 1127; x_wconf 75' lang='grc' dir='ltr'>τήν</span> <span class='ocrx_word' id='word_1_134' title='bbox 1061 1092 1156 1124; x_wconf 80' lang='grc' dir='ltr'>κατοὶ</span> <span class='ocrx_word' id='word_1_135' title='bbox 1172 1091 1266 1133; x_wconf 81' lang='grc' dir='ltr'>φύσιν</span> <span class='ocrx_word' id='word_1_136' title='bbox 1285 1094 1382 1135; x_wconf 81' lang='grc' dir='ltr'>μίαν·</span> <span class='ocrx_word' id='word_1_137' title='bbox 1506 1101 1628 1134; x_wconf 85' lang='lat' dir='ltr'>praeter</span> <span class='ocrx_word' id='word_1_138' title='bbox 1644 1104 1741 1135; x_wconf 90' lang='lat' dir='ltr'>quem</span> <span class='ocrx_word' id='word_1_139' title='bbox 1758 1094 1808 1125; x_wconf 89' lang='lat' dir='ltr'>hic</span> <span class='ocrx_word' id='word_1_140' title='bbox 1824 1101 1880 1125; x_wconf 85' lang='lat' dir='ltr'>est.</span> <span class='ocrx_word' id='word_1_141' title='bbox 1897 1095 1939 1125; x_wconf 88' lang='lat' dir='ltr'>Et</span> <span class='ocrx_word' id='word_1_142' title='bbox 1954 1094 1979 1125; x_wconf 92' lang='lat' dir='ltr'>si</span> <span class='ocrx_word' id='word_1_143' title='bbox 1995 1095 2088 1126; x_wconf 88' lang='lat' dir='ltr'>multi</span> <span class='ocrx_word' id='word_1_144' title='bbox 2107 1103 2230 1136; x_wconf 84' lang='lat' dir='ltr'>praeter</span> <span class='ocrx_word' id='word_1_145' title='bbox 2252 1104 2409 1136; x_wconf 84' lang='lat' dir='ltr'>naturam,</span> <span class='ocrx_word' id='word_1_146' title='bbox 2433 1107 2510 1130; x_wconf 85' lang='lat' dir='ltr'>eum</span> 
     </span>
     <span class='ocr_line' id='line_1_13' title="bbox 386 1131 2509 1184; baseline 0.001 -13"><span class='ocrx_word' id='word_1_147' title='bbox 386 1139 482 1172; x_wconf 81' lang='grc' dir='ltr'>κατοὶ</span> <span class='ocrx_word' id='word_1_148' title='bbox 505 1137 598 1183; x_wconf 78' lang='grc' dir='ltr'>φύσιν</span> <span class='ocrx_word' id='word_1_149' title='bbox 625 1136 683 1181; x_wconf 78' lang='grc' dir='ltr'>μὲν</span> <span class='ocrx_word' id='word_1_150' title='bbox 707 1138 772 1183; x_wconf 82' lang='grc' dir='ltr'>γοὶρ</span> <span class='ocrx_word' id='word_1_151' title='bbox 794 1137 921 1177; x_wconf 83' lang='grc' dir='ltr'>οἱπλῶς,</span> <span class='ocrx_word' id='word_1_152' title='bbox 941 1136 1037 1179; x_wconf 76' lang='grc' dir='ltr'>παραὶ</span> <span class='ocrx_word' id='word_1_153' title='bbox 1053 1135 1147 1180; x_wconf 79' lang='grc' dir='ltr'>φύσιν</span> <span class='ocrx_word' id='word_1_154' title='bbox 1165 1131 1194 1168; x_wconf 80' lang='grc' dir='ltr'>δ’</span> <span class='ocrx_word' id='word_1_155' title='bbox 1218 1136 1286 1181; x_wconf 85' lang='grc' dir='ltr'>ἐ’χει</span> <span class='ocrx_word' id='word_1_156' title='bbox 1304 1137 1386 1168; x_wconf 83' lang='grc' dir='ltr'>πολ·</span> <span class='ocrx_word' id='word_1_157' title='bbox 1506 1138 1562 1179; x_wconf 91' lang='lat' dir='ltr'>qui</span> <span class='ocrx_word' id='word_1_158' title='bbox 1586 1139 1763 1169; x_wconf 91' lang='lat' dir='ltr'>secundum</span> <span class='ocrx_word' id='word_1_159' title='bbox 1779 1145 1926 1169; x_wconf 81' lang='lat' dir='ltr'>naturam</span> <span class='ocrx_word' id='word_1_160' title='bbox 1942 1147 2059 1171; x_wconf 85' lang='lat' dir='ltr'>unum:</span> <span class='ocrx_word' id='word_1_161' title='bbox 2082 1140 2259 1171; x_wconf 86' lang='lat' dir='ltr'>secundum</span> <span class='ocrx_word' id='word_1_162' title='bbox 2275 1148 2423 1172; x_wconf 87' lang='lat' dir='ltr'>naturam</span> <span class='ocrx_word' id='word_1_163' title='bbox 2437 1142 2509 1184; x_wconf 80' lang='lat' dir='ltr'>qui-</span> 
     </span>
     <span class='ocr_line' id='line_1_14' title="bbox 386 1182 2511 1224; baseline 0.001 -9"><span class='ocrx_word' id='word_1_164' title='bbox 386 1185 447 1222; x_wconf 79' lang='grc' dir='ltr'>λοὶς</span> <span class='ocrx_word' id='word_1_165' title='bbox 474 1182 631 1215; x_wconf 80' lang='grc' dir='ltr'>ἕκαστον.</span> <span class='ocrx_word' id='word_1_166' title='bbox 1508 1183 1580 1213; x_wconf 88' lang='lat' dir='ltr'>dem</span> <span class='ocrx_word' id='word_1_167' title='bbox 1605 1183 1690 1213; x_wconf 89' lang='lat' dir='ltr'>enim</span> <span class='ocrx_word' id='word_1_168' title='bbox 1715 1182 1914 1224; x_wconf 88' lang='lat' dir='ltr'>simpliciter,</span> <span class='ocrx_word' id='word_1_169' title='bbox 1945 1190 2068 1224; x_wconf 88' lang='lat' dir='ltr'>praeter</span> <span class='ocrx_word' id='word_1_170' title='bbox 2098 1191 2244 1215; x_wconf 88' lang='lat' dir='ltr'>naturam</span> <span class='ocrx_word' id='word_1_171' title='bbox 2277 1191 2386 1216; x_wconf 86' lang='lat' dir='ltr'>autem</span> <span class='ocrx_word' id='word_1_172' title='bbox 2415 1185 2511 1217; x_wconf 85' lang='lat' dir='ltr'>habet</span> 
     </span>
    </p>
   </div>
   <div class='ocr_carea' id='block_1_7' title="bbox 1507 1227 1910 1268">
    <p class='ocr_par' dir='ltr' id='par_1_7' title="bbox 1507 1227 1910 1268">
     <span class='ocr_line' id='line_1_15' title="bbox 1507 1227 1910 1268; baseline 0.002 -11"><span class='ocrx_word' id='word_1_173' title='bbox 1507 1227 1626 1258; x_wconf 86' lang='lat' dir='ltr'>multos</span> <span class='ocrx_word' id='word_1_174' title='bbox 1642 1227 1910 1268; x_wconf 89' lang='lat' dir='ltr'>unumquodque.</span> 
     </span>
    </p>
   </div>
   <div class='ocr_carea' id='block_1_8' title="bbox 2539 836 2740 885">
    <p class='ocr_par' dir='ltr' id='par_1_8' title="bbox 2539 836 2740 885">
     <span class='ocr_line' id='line_1_16' title="bbox 2539 836 2740 885; baseline 0 -24"><span class='ocrx_word' id='word_1_175' title='bbox 2539 836 2624 885; x_wconf 49' lang='lat'>:85⁸2</span> <span class='ocrx_word' id='word_1_176' title='bbox 2630 842 2655 860; x_wconf 83' lang='lat' dir='ltr'>u.</span> <span class='ocrx_word' id='word_1_177' title='bbox 2669 837 2740 861; x_wconf 79' lang='lat' dir='ltr'>Text.</span> 
     </span>
    </p>
   </div>
   <div class='ocr_carea' id='block_1_9' title="bbox 2535 1276 2733 1309">
    <p class='ocr_par' dir='ltr' id='par_1_9' title="bbox 2535 1276 2733 1309">
     <span class='ocr_line' id='line_1_17' title="bbox 2535 1276 2733 1309; baseline 0 -8"><span class='ocrx_word' id='word_1_178' title='bbox 2535 1279 2546 1289; x_wconf 77' lang='grc'><em>·</em></span> <span class='ocrx_word' id='word_1_179' title='bbox 2560 1277 2630 1301; x_wconf 79' lang='lat' dir='ltr'>Text.</span> <span class='ocrx_word' id='word_1_180' title='bbox 2644 1285 2678 1309; x_wconf 82' lang='lat'>¹9·</span> <span class='ocrx_word' id='word_1_181' title='bbox 2715 1276 2733 1289; x_wconf 83' lang='grc'>·”</span> 
     </span>
    </p>
   </div>
   <div class='ocr_carea' id='block_1_10' title="bbox 2532 2032 2678 2057">
    <p class='ocr_par' dir='ltr' id='par_1_10' title="bbox 2532 2032 2678 2057">
     <span class='ocr_line' id='line_1_18' title="bbox 2532 2032 2678 2057; baseline 0.007 -1"><span class='ocrx_word' id='word_1_182' title='bbox 2532 2034 2541 2043; x_wconf 91' lang='grc'><em>·</em></span> <span class='ocrx_word' id='word_1_183' title='bbox 2555 2032 2625 2056; x_wconf 66' lang='lat' dir='ltr'>Ten.</span> <span class='ocrx_word' id='word_1_184' title='bbox 2638 2039 2678 2057; x_wconf 74' lang='lat' dir='ltr'>ao.</span> 
     </span>
    </p>
   </div>
   <div class='ocr_carea' id='block_1_11' title="bbox 312 1263 2562 2159">
    <p class='ocr_par' dir='ltr' id='par_1_11' title="bbox 312 1263 2562 1982">
     <span class='ocr_line' id='line_1_19' title="bbox 312 1263 2510 1325; baseline 0 -21"><span class='ocrx_word' id='word_1_185' title='bbox 312 1273 389 1305; x_wconf 84' lang='grc' dir='ltr'>Ἔτι</span> <span class='ocrx_word' id='word_1_186' title='bbox 406 1267 444 1303; x_wconf 76' lang='grc' dir='ltr'>δὲ</span> <span class='ocrx_word' id='word_1_187' title='bbox 462 1273 520 1303; x_wconf 82' lang='grc' dir='ltr'>καὶ</span> <span class='ocrx_word' id='word_1_188' title='bbox 536 1271 573 1302; x_wconf 79' lang='grc' dir='ltr'>ἐκ</span> <span class='ocrx_word' id='word_1_189' title='bbox 591 1270 653 1307; x_wconf 62' lang='lat' dir='ltr'>viic</span> <span class='ocrx_word' id='word_1_190' title='bbox 671 1269 809 1314; x_wconf 74' lang='grc' dir='ltr'>ἠρεμίας</span> <span class='ocrx_word' id='word_1_191' title='bbox 827 1265 949 1306; x_wconf 63' lang='grc' dir='ltr'>δῆλον·</span> <span class='ocrx_word' id='word_1_192' title='bbox 971 1269 1029 1300; x_wconf 70' lang='grc' dir='ltr'>καὶ</span> <span class='ocrx_word' id='word_1_193' title='bbox 1046 1268 1110 1325; x_wconf 62' lang='lat' dir='ltr'>*scip</span> <span class='ocrx_word' id='word_1_194' title='bbox 1128 1268 1261 1312; x_wconf 78' lang='grc' dir='ltr'>ἠρεμεῖν</span> <span class='ocrx_word' id='word_1_195' title='bbox 1281 1263 1387 1313; x_wconf 72' lang='grc' dir='ltr'>ἀνάγ-</span> <span class='ocrx_word' id='word_1_196' title='bbox 1439 1271 1456 1291; x_wconf 91' lang='grc'><strong>*</strong></span> <span class='ocrx_word' id='word_1_197' title='bbox 1471 1272 1586 1302; x_wconf 83' lang='lat' dir='ltr'>Adhuc</span> <span class='ocrx_word' id='word_1_198' title='bbox 1610 1279 1716 1302; x_wconf 81' lang='lat' dir='ltr'>autem</span> <span class='ocrx_word' id='word_1_199' title='bbox 1739 1279 1770 1303; x_wconf 92' lang='lat' dir='ltr'>et</span> <span class='ocrx_word' id='word_1_200' title='bbox 1784 1282 1821 1302; x_wconf 81' lang='lat' dir='ltr'>ex</span> <span class='ocrx_word' id='word_1_201' title='bbox 1837 1272 1942 1313; x_wconf 92' lang='lat' dir='ltr'>quiete</span> <span class='ocrx_word' id='word_1_202' title='bbox 1961 1271 2178 1303; x_wconf 86' lang='lat' dir='ltr'>manifestum.</span> <span class='ocrx_word' id='word_1_203' title='bbox 2202 1272 2330 1303; x_wconf 85' lang='lat' dir='ltr'>Etenim</span> <span class='ocrx_word' id='word_1_204' title='bbox 2348 1273 2510 1314; x_wconf 76' lang='lat' dir='ltr'>quiescere</span> 
     </span>
     <span class='ocr_line' id='line_1_20' title="bbox 385 1307 2510 1357; baseline 0 -9"><span class='ocrx_word' id='word_1_205' title='bbox 385 1320 481 1348; x_wconf 86' lang='grc' dir='ltr'>καῖον</span> <span class='ocrx_word' id='word_1_206' title='bbox 507 1313 527 1351; x_wconf 79' lang='grc' dir='ltr'>ἦ</span> <span class='ocrx_word' id='word_1_207' title='bbox 554 1315 611 1355; x_wconf 71' lang='grc' dir='ltr'>βίᾳ</span> <span class='ocrx_word' id='word_1_208' title='bbox 637 1313 657 1351; x_wconf 78' lang='grc' dir='ltr'>ἦ</span> <span class='ocrx_word' id='word_1_209' title='bbox 682 1313 778 1346; x_wconf 64' lang='grc' dir='ltr'>κατὰ</span> <span class='ocrx_word' id='word_1_210' title='bbox 801 1313 912 1357; x_wconf 80' lang='grc' dir='ltr'>φύσιν·</span> <span class='ocrx_word' id='word_1_211' title='bbox 941 1314 999 1353; x_wconf 85' lang='grc' dir='ltr'>βίᾳ</span> <span class='ocrx_word' id='word_1_212' title='bbox 1025 1307 1062 1344; x_wconf 79' lang='grc' dir='ltr'>δε</span> <span class='ocrx_word' id='word_1_213' title='bbox 1079 1312 1170 1355; x_wconf 81' lang='grc' dir='ltr'>μένει</span> <span class='ocrx_word' id='word_1_214' title='bbox 1195 1312 1232 1344; x_wconf 82' lang='grc' dir='ltr'>οὗ</span> <span class='ocrx_word' id='word_1_215' title='bbox 1255 1314 1314 1344; x_wconf 80' lang='grc' dir='ltr'>καὶ</span> <span class='ocrx_word' id='word_1_216' title='bbox 1331 1312 1386 1355; x_wconf 84' lang='grc' dir='ltr'>φέ-</span> <span class='ocrx_word' id='word_1_217' title='bbox 1506 1316 1717 1347; x_wconf 86' lang='lat' dir='ltr'>necessarium</span> <span class='ocrx_word' id='word_1_218' title='bbox 1744 1323 1799 1347; x_wconf 87' lang='lat' dir='ltr'>aut</span> <span class='ocrx_word' id='word_1_219' title='bbox 1823 1316 1855 1347; x_wconf 89' lang='lat' dir='ltr'>vi</span> <span class='ocrx_word' id='word_1_220' title='bbox 1878 1323 1933 1348; x_wconf 80' lang='lat' dir='ltr'>aut</span> <span class='ocrx_word' id='word_1_221' title='bbox 1956 1317 2134 1347; x_wconf 89' lang='lat' dir='ltr'>secundum</span> <span class='ocrx_word' id='word_1_222' title='bbox 2159 1323 2321 1348; x_wconf 83' lang='lat' dir='ltr'>naturam:</span> <span class='ocrx_word' id='word_1_223' title='bbox 2345 1317 2377 1348; x_wconf 81' lang='lat' dir='ltr'>vi</span> <span class='ocrx_word' id='word_1_224' title='bbox 2401 1323 2510 1349; x_wconf 75' lang='lat' dir='ltr'>autem</span> 
     </span>
     <span class='ocr_line' id='line_1_21' title="bbox 386 1357 2509 1404; baseline 0 -12"><span class='ocrx_word' id='word_1_225' title='bbox 386 1371 481 1404; x_wconf 82' lang='grc' dir='ltr'>ρεται</span> <span class='ocrx_word' id='word_1_226' title='bbox 506 1359 584 1400; x_wconf 84' lang='grc' dir='ltr'>βίᾳ,</span> <span class='ocrx_word' id='word_1_227' title='bbox 617 1360 676 1390; x_wconf 79' lang='grc' dir='ltr'>καὶ</span> <span class='ocrx_word' id='word_1_228' title='bbox 708 1357 805 1391; x_wconf 76' lang='grc' dir='ltr'>κατὰ,</span> <span class='ocrx_word' id='word_1_229' title='bbox 828 1358 922 1401; x_wconf 74' lang='grc' dir='ltr'>φύσιν</span> <span class='ocrx_word' id='word_1_230' title='bbox 955 1357 992 1389; x_wconf 77' lang='grc' dir='ltr'>οὗ</span> <span class='ocrx_word' id='word_1_231' title='bbox 1026 1358 1122 1390; x_wconf 79' lang='grc' dir='ltr'>κατοὲ</span> <span class='ocrx_word' id='word_1_232' title='bbox 1146 1357 1253 1402; x_wconf 77' lang='grc' dir='ltr'>φύσιν.</span> <span class='ocrx_word' id='word_1_233' title='bbox 1287 1357 1384 1389; x_wconf 87' lang='grc' dir='ltr'>Ἐπεὶ</span> <span class='ocrx_word' id='word_1_234' title='bbox 1506 1368 1614 1391; x_wconf 87' lang='lat' dir='ltr'>manet</span> <span class='ocrx_word' id='word_1_235' title='bbox 1637 1361 1691 1391; x_wconf 92' lang='lat' dir='ltr'>ubi</span> <span class='ocrx_word' id='word_1_236' title='bbox 1715 1367 1746 1391; x_wconf 90' lang='lat' dir='ltr'>et</span> <span class='ocrx_word' id='word_1_237' title='bbox 1768 1360 1866 1391; x_wconf 85' lang='lat' dir='ltr'>fertur</span> <span class='ocrx_word' id='word_1_238' title='bbox 1888 1361 1937 1398; x_wconf 88' lang='lat' dir='ltr'>vi;</span> <span class='ocrx_word' id='word_1_239' title='bbox 1963 1368 1993 1391; x_wconf 87' lang='lat' dir='ltr'>et</span> <span class='ocrx_word' id='word_1_240' title='bbox 2015 1361 2192 1391; x_wconf 89' lang='lat' dir='ltr'>secundum</span> <span class='ocrx_word' id='word_1_241' title='bbox 2216 1368 2374 1400; x_wconf 84' lang='lat' dir='ltr'>naturam,</span> <span class='ocrx_word' id='word_1_242' title='bbox 2389 1361 2509 1401; x_wconf 73' lang='lat' dir='ltr'>ubi‘se-</span> 
     </span>
     <span class='ocr_line' id='line_1_22' title="bbox 387 1401 2562 1448; baseline 0.001 -13"><span class='ocrx_word' id='word_1_243' title='bbox 387 1403 442 1437; x_wconf 79' lang='grc' dir='ltr'>οὖν</span> <span class='ocrx_word' id='word_1_244' title='bbox 467 1406 626 1448; x_wconf 77' lang='grc' dir='ltr'>φαίνεταί</span> <span class='ocrx_word' id='word_1_245' title='bbox 652 1414 686 1435; x_wconf 87' lang='grc' dir='ltr'>τι</span> <span class='ocrx_word' id='word_1_246' title='bbox 711 1402 809 1447; x_wconf 90' lang='grc' dir='ltr'>με’νον</span> <span class='ocrx_word' id='word_1_247' title='bbox 837 1403 892 1435; x_wconf 75' lang='grc' dir='ltr'>ἐπὶ</span> <span class='ocrx_word' id='word_1_248' title='bbox 917 1403 980 1434; x_wconf 81' lang='grc' dir='ltr'>τοῦ</span> <span class='ocrx_word' id='word_1_249' title='bbox 1005 1401 1127 1444; x_wconf 86' lang='grc' dir='ltr'>μέσου,</span> <span class='ocrx_word' id='word_1_250' title='bbox 1154 1403 1181 1433; x_wconf 88' lang='grc' dir='ltr'>εἱ</span> <span class='ocrx_word' id='word_1_251' title='bbox 1205 1402 1265 1444; x_wconf 77' lang='grc' dir='ltr'>μὲν</span> <span class='ocrx_word' id='word_1_252' title='bbox 1289 1401 1386 1434; x_wconf 59' lang='lat' dir='ltr'>aar&amp;</span> <span class='ocrx_word' id='word_1_253' title='bbox 1507 1405 1650 1436; x_wconf 91' lang='lat' dir='ltr'>cundum</span> <span class='ocrx_word' id='word_1_254' title='bbox 1673 1412 1829 1437; x_wconf 86' lang='lat' dir='ltr'>naturam.</span> <span class='ocrx_word' id='word_1_255' title='bbox 1856 1405 2019 1442; x_wconf 86' lang='lat' dir='ltr'>Quoniam</span> <span class='ocrx_word' id='word_1_256' title='bbox 2042 1405 2138 1445; x_wconf 90' lang='lat' dir='ltr'>igitur</span> <span class='ocrx_word' id='word_1_257' title='bbox 2160 1405 2284 1436; x_wconf 88' lang='lat' dir='ltr'>videtur</span> <span class='ocrx_word' id='word_1_258' title='bbox 2299 1405 2422 1447; x_wconf 86' lang='lat' dir='ltr'>aliquid</span> <span class='ocrx_word' id='word_1_259' title='bbox 2444 1415 2511 1445; x_wconf 56' lang='lat' dir='ltr'>m&amp;</span> <span class='ocrx_word' id='word_1_260' title='bbox 2559 1436 2562 1437; x_wconf 21' lang='lat'><em>⁷</em></span> 
     </span>
     <span class='ocr_line' id='line_1_23' title="bbox 385 1443 2511 1494; baseline -0 -13"><span class='ocrx_word' id='word_1_261' title='bbox 385 1449 492 1494; x_wconf 77' lang='grc' dir='ltr'>φύσιν,</span> <span class='ocrx_word' id='word_1_262' title='bbox 518 1443 621 1483; x_wconf 76' lang='grc' dir='ltr'>δῆλον</span> <span class='ocrx_word' id='word_1_263' title='bbox 649 1447 702 1480; x_wconf 79' lang='grc' dir='ltr'>ὅτι</span> <span class='ocrx_word' id='word_1_264' title='bbox 726 1448 784 1479; x_wconf 85' lang='grc' dir='ltr'>καὶ</span> <span class='ocrx_word' id='word_1_265' title='bbox 810 1448 830 1484; x_wconf 77' lang='grc' dir='ltr'>ἡ</span> <span class='ocrx_word' id='word_1_266' title='bbox 857 1447 942 1492; x_wconf 75' lang='grc' dir='ltr'>φορά.</span> <span class='ocrx_word' id='word_1_267' title='bbox 959 1448 979 1484; x_wconf 77' lang='grc' dir='ltr'>ἡ</span> <span class='ocrx_word' id='word_1_268' title='bbox 999 1446 1149 1479; x_wconf 78' lang='grc' dir='ltr'>ἐνταῦθα</span> <span class='ocrx_word' id='word_1_269' title='bbox 1173 1446 1269 1479; x_wconf 79' lang='grc' dir='ltr'>κᾳτσὶ</span> <span class='ocrx_word' id='word_1_270' title='bbox 1288 1445 1383 1484; x_wconf 78' lang='grc' dir='ltr'>φύσιν</span> <span class='ocrx_word' id='word_1_271' title='bbox 1506 1460 1584 1480; x_wconf 90' lang='lat' dir='ltr'>nens</span> <span class='ocrx_word' id='word_1_272' title='bbox 1607 1449 1640 1479; x_wconf 90' lang='lat' dir='ltr'>in</span> <span class='ocrx_word' id='word_1_273' title='bbox 1664 1449 1790 1487; x_wconf 90' lang='lat' dir='ltr'>medio,</span> <span class='ocrx_word' id='word_1_274' title='bbox 1815 1449 1841 1479; x_wconf 86' lang='lat' dir='ltr'>si</span> <span class='ocrx_word' id='word_1_275' title='bbox 1864 1449 1995 1490; x_wconf 91' lang='lat' dir='ltr'>quidem</span> <span class='ocrx_word' id='word_1_276' title='bbox 2015 1449 2193 1480; x_wconf 87' lang='lat' dir='ltr'>secundum</span> <span class='ocrx_word' id='word_1_277' title='bbox 2216 1456 2377 1489; x_wconf 82' lang='lat' dir='ltr'>naturam,</span> <span class='ocrx_word' id='word_1_278' title='bbox 2401 1446 2511 1491; x_wconf 81' lang='lat' dir='ltr'>p&#39;alam</span> 
     </span>
     <span class='ocr_line' id='line_1_24' title="bbox 386 1487 2509 1536; baseline 0.002 -15"><span class='ocrx_word' id='word_1_279' title='bbox 386 1492 497 1535; x_wconf 67' lang='grc' dir='ltr'>αὐτῷ·</span> <span class='ocrx_word' id='word_1_280' title='bbox 525 1493 552 1524; x_wconf 76' lang='grc' dir='ltr'>εἰ</span> <span class='ocrx_word' id='word_1_281' title='bbox 577 1487 614 1523; x_wconf 75' lang='grc' dir='ltr'>δὲ</span> <span class='ocrx_word' id='word_1_282' title='bbox 646 1492 723 1533; x_wconf 84' lang='grc' dir='ltr'>βίᾳ,</span> <span class='ocrx_word' id='word_1_283' title='bbox 759 1493 792 1523; x_wconf 87' lang='grc' dir='ltr'>τί</span> <span class='ocrx_word' id='word_1_284' title='bbox 823 1491 863 1523; x_wconf 74' lang='grc' dir='ltr'>τὰ</span> <span class='ocrx_word' id='word_1_285' title='bbox 897 1491 1051 1536; x_wconf 81' lang='grc' dir='ltr'>φέρεσθαι</span> <span class='ocrx_word' id='word_1_286' title='bbox 1081 1492 1232 1530; x_wconf 81' lang='grc' dir='ltr'>κωλῦον;</span> <span class='ocrx_word' id='word_1_287' title='bbox 1264 1491 1291 1522; x_wconf 81' lang='grc' dir='ltr'>εἰ</span> <span class='ocrx_word' id='word_1_288' title='bbox 1324 1490 1382 1534; x_wconf 79' lang='grc' dir='ltr'>μὲν</span> <span class='ocrx_word' id='word_1_289' title='bbox 1506 1494 1581 1534; x_wconf 86' lang='lat' dir='ltr'>quia</span> <span class='ocrx_word' id='word_1_290' title='bbox 1604 1500 1635 1524; x_wconf 91' lang='lat' dir='ltr'>et</span> <span class='ocrx_word' id='word_1_291' title='bbox 1657 1493 1733 1524; x_wconf 89' lang='lat' dir='ltr'>latio</span> <span class='ocrx_word' id='word_1_292' title='bbox 1757 1503 1839 1534; x_wconf 89' lang='lat' dir='ltr'>quae</span> <span class='ocrx_word' id='word_1_293' title='bbox 1862 1494 1913 1524; x_wconf 87' lang='lat' dir='ltr'>hic</span> <span class='ocrx_word' id='word_1_294' title='bbox 1937 1494 2113 1524; x_wconf 86' lang='lat' dir='ltr'>secundum</span> <span class='ocrx_word' id='word_1_295' title='bbox 2132 1501 2278 1525; x_wconf 85' lang='lat' dir='ltr'>naturam</span> <span class='ocrx_word' id='word_1_296' title='bbox 2301 1494 2457 1534; x_wconf 81' lang='lat' dir='ltr'>ipsorum.</span> <span class='ocrx_word' id='word_1_297' title='bbox 2474 1492 2509 1526; x_wconf 74' lang='lat' dir='ltr'>Si</span> 
     </span>
     <span class='ocr_line' id='line_1_25' title="bbox 384 1534 2509 1584; baseline -0 -14"><span class='ocrx_word' id='word_1_298' title='bbox 384 1539 540 1584; x_wconf 84' lang='grc' dir='ltr'>ἠρεμοῦν,</span> <span class='ocrx_word' id='word_1_299' title='bbox 560 1535 619 1569; x_wconf 83' lang='grc' dir='ltr'>τὸν</span> <span class='ocrx_word' id='word_1_300' title='bbox 646 1536 752 1568; x_wconf 75' lang='grc' dir='ltr'>αὐτόν</span> <span class='ocrx_word' id='word_1_301' title='bbox 777 1535 988 1580; x_wconf 73' lang='grc' dir='ltr'>κυκλήσομεν</span> <span class='ocrx_word' id='word_1_302' title='bbox 1012 1534 1132 1581; x_wconf 82' lang='grc' dir='ltr'>λόγον·</span> <span class='ocrx_word' id='word_1_303' title='bbox 1161 1536 1292 1581; x_wconf 71' lang='grc' dir='ltr'>ἀνάγκη</span> <span class='ocrx_word' id='word_1_304' title='bbox 1317 1535 1383 1581; x_wconf 77' lang='grc' dir='ltr'>γοὶρ</span> <span class='ocrx_word' id='word_1_305' title='bbox 1505 1545 1613 1569; x_wconf 85' lang='lat' dir='ltr'>autern</span> <span class='ocrx_word' id='word_1_306' title='bbox 1628 1538 1670 1577; x_wconf 89' lang='lat' dir='ltr'>vi,</span> <span class='ocrx_word' id='word_1_307' title='bbox 1687 1538 1809 1579; x_wconf 83' lang='lat' dir='ltr'>aliquid</span> <span class='ocrx_word' id='word_1_308' title='bbox 1825 1538 1897 1568; x_wconf 86' lang='lat' dir='ltr'>ferri</span> <span class='ocrx_word' id='word_1_309' title='bbox 1912 1538 2093 1578; x_wconf 87' lang='lat' dir='ltr'>prohibens.</span> <span class='ocrx_word' id='word_1_310' title='bbox 2119 1538 2152 1569; x_wconf 92' lang='lat' dir='ltr'>Si</span> <span class='ocrx_word' id='word_1_311' title='bbox 2175 1538 2307 1579; x_wconf 88' lang='lat' dir='ltr'>quidem</span> <span class='ocrx_word' id='word_1_312' title='bbox 2329 1538 2509 1579; x_wconf 69' lang='lat' dir='ltr'>quiescens,</span> 
     </span>
     <span class='ocr_line' id='line_1_26' title="bbox 385 1578 2507 1625; baseline 0 -11"><span class='ocrx_word' id='word_1_313' title='bbox 385 1583 405 1620; x_wconf 78' lang='grc' dir='ltr'>ἦ</span> <span class='ocrx_word' id='word_1_314' title='bbox 430 1581 524 1615; x_wconf 72' lang='grc' dir='ltr'>κατὰ</span> <span class='ocrx_word' id='word_1_315' title='bbox 548 1580 642 1625; x_wconf 75' lang='grc' dir='ltr'>φύσιν</span> <span class='ocrx_word' id='word_1_316' title='bbox 665 1578 750 1612; x_wconf 85' lang='grc' dir='ltr'>εἶναι</span> <span class='ocrx_word' id='word_1_317' title='bbox 772 1581 811 1613; x_wconf 74' lang='grc' dir='ltr'>τό</span> <span class='ocrx_word' id='word_1_318' title='bbox 831 1582 962 1624; x_wconf 83' lang='grc' dir='ltr'>πρῶτον</span> <span class='ocrx_word' id='word_1_319' title='bbox 981 1578 1124 1624; x_wconf 75' lang='grc' dir='ltr'>ἠρεμοῦν</span> <span class='ocrx_word' id='word_1_320' title='bbox 1143 1579 1163 1616; x_wconf 80' lang='grc' dir='ltr'>ἦ</span> <span class='ocrx_word' id='word_1_321' title='bbox 1182 1580 1226 1617; x_wconf 81' lang='grc' dir='ltr'>εἰς</span> <span class='ocrx_word' id='word_1_322' title='bbox 1247 1580 1382 1624; x_wconf 80' lang='grc' dir='ltr'>ἄπειρον</span> <span class='ocrx_word' id='word_1_323' title='bbox 1505 1584 1644 1614; x_wconf 89' lang='lat' dir='ltr'>eundem</span> <span class='ocrx_word' id='word_1_324' title='bbox 1668 1583 1897 1613; x_wconf 89' lang='lat' dir='ltr'>concludemus</span> <span class='ocrx_word' id='word_1_325' title='bbox 1921 1590 2120 1613; x_wconf 87' lang='lat' dir='ltr'>sermonem:</span> <span class='ocrx_word' id='word_1_326' title='bbox 2145 1593 2271 1614; x_wconf 90' lang='lat' dir='ltr'>necesse</span> <span class='ocrx_word' id='word_1_327' title='bbox 2288 1583 2374 1613; x_wconf 88' lang='lat' dir='ltr'>enim</span> <span class='ocrx_word' id='word_1_328' title='bbox 2389 1589 2444 1614; x_wconf 90' lang='lat' dir='ltr'>aut</span> <span class='ocrx_word' id='word_1_329' title='bbox 2459 1593 2507 1614; x_wconf 89' lang='lat' dir='ltr'>se-</span> 
     </span>
     <span class='ocr_line' id='line_1_27' title="bbox 385 1621 2508 1669; baseline -0.001 -9"><span class='ocrx_word' id='word_1_330' title='bbox 385 1627 490 1666; x_wconf 83' lang='grc' dir='ltr'>ἱέναι,</span> <span class='ocrx_word' id='word_1_331' title='bbox 517 1624 596 1669; x_wconf 80' lang='grc' dir='ltr'>ὅπερ</span> <span class='ocrx_word' id='word_1_332' title='bbox 624 1622 814 1657; x_wconf 58' lang='grc' dir='ltr'>ἀῖύνατον·</span> <span class='ocrx_word' id='word_1_333' title='bbox 840 1627 868 1657; x_wconf 81' lang='grc' dir='ltr'>εἰ</span> <span class='ocrx_word' id='word_1_334' title='bbox 893 1621 930 1656; x_wconf 67' lang='grc' dir='ltr'>δὲ</span> <span class='ocrx_word' id='word_1_335' title='bbox 961 1623 1155 1668; x_wconf 78' lang='grc' dir='ltr'>κινούμενον</span> <span class='ocrx_word' id='word_1_336' title='bbox 1182 1624 1223 1657; x_wconf 77' lang='grc' dir='ltr'>τὸ</span> <span class='ocrx_word' id='word_1_337' title='bbox 1253 1625 1382 1656; x_wconf 81' lang='grc' dir='ltr'>κωλῦον</span> <span class='ocrx_word' id='word_1_338' title='bbox 1505 1627 1648 1658; x_wconf 89' lang='lat' dir='ltr'>cundum</span> <span class='ocrx_word' id='word_1_339' title='bbox 1659 1634 1804 1658; x_wconf 86' lang='lat' dir='ltr'>naturam</span> <span class='ocrx_word' id='word_1_340' title='bbox 1815 1626 2032 1667; x_wconf 84' lang='lat' dir='ltr'>esseprimum</span> <span class='ocrx_word' id='word_1_341' title='bbox 2044 1627 2220 1668; x_wconf 83' lang='lat' dir='ltr'>quiescens,</span> <span class='ocrx_word' id='word_1_342' title='bbox 2237 1627 2334 1658; x_wconf 87' lang='lat' dir='ltr'>autin</span> <span class='ocrx_word' id='word_1_343' title='bbox 2346 1627 2508 1659; x_wconf 85' lang='lat' dir='ltr'>infinitum</span> 
     </span>
     <span class='ocr_line' id='line_1_28' title="bbox 384 1665 2506 1716; baseline -0 -12"><span class='ocrx_word' id='word_1_344' title='bbox 384 1669 553 1716; x_wconf 80' lang='grc' dir='ltr'>φέρεσθαι,</span> <span class='ocrx_word' id='word_1_345' title='bbox 579 1669 733 1711; x_wconf 75' lang='grc' dir='ltr'>καθάπερ</span> <span class='ocrx_word' id='word_1_346' title='bbox 759 1671 855 1712; x_wconf 85' lang='grc' dir='ltr'>φησὶν</span> <span class='ocrx_word' id='word_1_347' title='bbox 875 1665 1110 1713; x_wconf 72' lang='grc' dir='ltr'>Ἐμπεδοκλῆς</span> <span class='ocrx_word' id='word_1_348' title='bbox 1136 1669 1199 1705; x_wconf 73' lang='grc' dir='ltr'>τήν</span> <span class='ocrx_word' id='word_1_349' title='bbox 1226 1669 1289 1714; x_wconf 80' lang='grc' dir='ltr'>γῆν</span> <span class='ocrx_word' id='word_1_350' title='bbox 1317 1668 1383 1701; x_wconf 63' lang='lat' dir='ltr'>cve&amp;</span> <span class='ocrx_word' id='word_1_351' title='bbox 1504 1672 1560 1710; x_wconf 88' lang='lat' dir='ltr'>ire,</span> <span class='ocrx_word' id='word_1_352' title='bbox 1584 1672 1673 1712; x_wconf 91' lang='lat' dir='ltr'>quod</span> <span class='ocrx_word' id='word_1_353' title='bbox 1696 1671 1828 1712; x_wconf 88' lang='lat' dir='ltr'>quidem</span> <span class='ocrx_word' id='word_1_354' title='bbox 1850 1671 2057 1712; x_wconf 89' lang='lat' dir='ltr'>impossibile.</span> <span class='ocrx_word' id='word_1_355' title='bbox 2082 1671 2116 1703; x_wconf 90' lang='lat' dir='ltr'>Si</span> <span class='ocrx_word' id='word_1_356' title='bbox 2131 1678 2240 1709; x_wconf 77' lang='lat' dir='ltr'>autem</span> <span class='ocrx_word' id='word_1_357' title='bbox 2254 1672 2343 1712; x_wconf 92' lang='lat' dir='ltr'>quod</span> <span class='ocrx_word' id='word_1_358' title='bbox 2357 1678 2506 1704; x_wconf 81' lang='lat' dir='ltr'>movetur</span> 
     </span>
     <span class='ocr_line' id='line_1_29' title="bbox 385 1709 2508 1759; baseline 0 -13"><span class='ocrx_word' id='word_1_359' title='bbox 385 1718 447 1754; x_wconf 78' lang='grc' dir='ltr'>τῆς</span> <span class='ocrx_word' id='word_1_360' title='bbox 472 1711 562 1751; x_wconf 78' lang='grc' dir='ltr'>δίνης</span> <span class='ocrx_word' id='word_1_361' title='bbox 588 1714 733 1759; x_wconf 78' lang='grc' dir='ltr'>ἠρεμεῖν,</span> <span class='ocrx_word' id='word_1_362' title='bbox 753 1715 818 1746; x_wconf 83' lang='grc' dir='ltr'>ποῦ</span> <span class='ocrx_word' id='word_1_363' title='bbox 842 1713 879 1746; x_wconf 75' lang='grc' dir='ltr'>ἂν</span> <span class='ocrx_word' id='word_1_364' title='bbox 907 1713 1058 1758; x_wconf 77' lang='grc' dir='ltr'>ἐφέρετο,</span> <span class='ocrx_word' id='word_1_365' title='bbox 1078 1709 1197 1750; x_wconf 71' lang='grc' dir='ltr'>ἐπειδή</span> <span class='ocrx_word' id='word_1_366' title='bbox 1219 1715 1263 1752; x_wconf 84' lang='grc' dir='ltr'>εἰς</span> <span class='ocrx_word' id='word_1_367' title='bbox 1288 1713 1384 1745; x_wconf 81' lang='grc' dir='ltr'>ἄπει·</span> <span class='ocrx_word' id='word_1_368' title='bbox 1505 1716 1652 1756; x_wconf 89' lang='lat' dir='ltr'>prohibet</span> <span class='ocrx_word' id='word_1_369' title='bbox 1664 1716 1746 1754; x_wconf 88' lang='lat' dir='ltr'>ferri,</span> <span class='ocrx_word' id='word_1_370' title='bbox 1758 1716 2035 1756; x_wconf 85' lang='lat' dir='ltr'>quemadmodum</span> <span class='ocrx_word' id='word_1_371' title='bbox 2047 1715 2258 1756; x_wconf 86' lang='lat' dir='ltr'>Empedocles</span> <span class='ocrx_word' id='word_1_372' title='bbox 2273 1715 2378 1757; x_wconf 91' lang='lat' dir='ltr'>inquit</span> <span class='ocrx_word' id='word_1_373' title='bbox 2390 1723 2508 1747; x_wconf 79' lang='lat' dir='ltr'>terram</span> 
     </span>
     <span class='ocr_line' id='line_1_30' title="bbox 384 1752 2509 1805; baseline -0.001 -12"><span class='ocrx_word' id='word_1_374' title='bbox 384 1773 438 1804; x_wconf 89' lang='grc' dir='ltr'>ρον</span> <span class='ocrx_word' id='word_1_375' title='bbox 467 1755 655 1793; x_wconf 78' lang='grc' dir='ltr'>ἀδύνατον·</span> <span class='ocrx_word' id='word_1_376' title='bbox 684 1758 778 1791; x_wconf 77' lang='grc' dir='ltr'>οὐθὲν</span> <span class='ocrx_word' id='word_1_377' title='bbox 803 1759 867 1805; x_wconf 72' lang='grc' dir='ltr'>γάρ</span> <span class='ocrx_word' id='word_1_378' title='bbox 893 1762 1049 1805; x_wconf 81' lang='grc' dir='ltr'>γίγνεται</span> <span class='ocrx_word' id='word_1_379' title='bbox 1076 1752 1262 1797; x_wconf 68' lang='grc' dir='ltr'>ἀδύνατον,</span> <span class='ocrx_word' id='word_1_380' title='bbox 1283 1758 1324 1791; x_wconf 71' lang='grc' dir='ltr'>τό</span> <span class='ocrx_word' id='word_1_381' title='bbox 1349 1753 1377 1788; x_wconf 73' lang='grc' dir='ltr'>δ’</span> <span class='ocrx_word' id='word_1_382' title='bbox 1504 1771 1522 1790; x_wconf 87' lang='lat' dir='ltr'>a</span> <span class='ocrx_word' id='word_1_383' title='bbox 1538 1760 1701 1801; x_wconf 85' lang='lat' dir='ltr'>gyratione</span> <span class='ocrx_word' id='word_1_384' title='bbox 1717 1760 1889 1800; x_wconf 87' lang='lat' dir='ltr'>quiescere,</span> <span class='ocrx_word' id='word_1_385' title='bbox 1906 1759 2021 1790; x_wconf 84' lang='lat' dir='ltr'>alicubi</span> <span class='ocrx_word' id='word_1_386' title='bbox 2036 1759 2148 1800; x_wconf 89' lang='lat' dir='ltr'>utique</span> <span class='ocrx_word' id='word_1_387' title='bbox 2164 1760 2295 1790; x_wconf 88' lang='lat' dir='ltr'>feretur:</span> <span class='ocrx_word' id='word_1_388' title='bbox 2318 1759 2442 1800; x_wconf 83' lang='lat' dir='ltr'>quiain</span> <span class='ocrx_word' id='word_1_389' title='bbox 2457 1759 2509 1791; x_wconf 81' lang='lat' dir='ltr'>i‘n·</span> 
     </span>
     <span class='ocr_line' id='line_1_31' title="bbox 386 1798 2506 1849; baseline -0.002 -11"><span class='ocrx_word' id='word_1_390' title='bbox 386 1807 520 1849; x_wconf 82' lang='grc' dir='ltr'>ἄπειρον</span> <span class='ocrx_word' id='word_1_391' title='bbox 540 1799 679 1835; x_wconf 70' lang='grc' dir='ltr'>διελθεῖν</span> <span class='ocrx_word' id='word_1_392' title='bbox 701 1798 882 1836; x_wconf 69' lang='grc' dir='ltr'>ἀδύνατον.</span> <span class='ocrx_word' id='word_1_393' title='bbox 904 1803 998 1835; x_wconf 69' lang='lat' dir='ltr'>‘&#39;Qu-‘r&#39;</span> <span class='ocrx_word' id='word_1_394' title='bbox 1023 1802 1153 1846; x_wconf 72' lang='grc' dir='ltr'>ἀνάγκη</span> <span class='ocrx_word' id='word_1_395' title='bbox 1173 1803 1298 1839; x_wconf 81' lang='grc' dir='ltr'>στῆναί</span> <span class='ocrx_word' id='word_1_396' title='bbox 1317 1814 1382 1834; x_wconf 85' lang='grc' dir='ltr'>που</span> <span class='ocrx_word' id='word_1_397' title='bbox 1503 1804 1860 1844; x_wconf 66' lang='lat' dir='ltr'>finitum‘impossibile3</span> <span class='ocrx_word' id='word_1_398' title='bbox 1881 1804 2007 1834; x_wconf 88' lang='lat' dir='ltr'>nullum</span> <span class='ocrx_word' id='word_1_399' title='bbox 2025 1803 2110 1834; x_wconf 89' lang='lat' dir='ltr'>enim</span> <span class='ocrx_word' id='word_1_400' title='bbox 2129 1803 2165 1834; x_wconf 86' lang='lat' dir='ltr'>fit</span> <span class='ocrx_word' id='word_1_401' title='bbox 2177 1804 2385 1844; x_wconf 87' lang='lat' dir='ltr'>impossibile,</span> <span class='ocrx_word' id='word_1_402' title='bbox 2401 1803 2506 1845; x_wconf 59' lang='grc' dir='ltr'>ἰιιξίζιὶ-ι</span> 
     </span>
     <span class='ocr_line' id='line_1_32' title="bbox 383 1846 2506 1893; baseline -0.001 -11"><span class='ocrx_word' id='word_1_403' title='bbox 383 1850 424 1883; x_wconf 79' lang='grc' dir='ltr'>τὸ</span> <span class='ocrx_word' id='word_1_404' title='bbox 449 1848 524 1893; x_wconf 83' lang='grc' dir='ltr'>φερό</span> <span class='ocrx_word' id='word_1_405' title='bbox 555 1859 646 1889; x_wconf 87' lang='grc' dir='ltr'>ενον,</span> <span class='ocrx_word' id='word_1_406' title='bbox 671 1848 770 1880; x_wconf 84' lang='grc' dir='ltr'>κάκεῖ</span> <span class='ocrx_word' id='word_1_407' title='bbox 794 1848 839 1891; x_wconf 75' lang='grc' dir='ltr'>μή</span> <span class='ocrx_word' id='word_1_408' title='bbox 866 1848 923 1888; x_wconf 83' lang='grc' dir='ltr'>βίᾳ</span> <span class='ocrx_word' id='word_1_409' title='bbox 948 1847 1056 1891; x_wconf 82' lang='grc' dir='ltr'>μένειν</span> <span class='ocrx_word' id='word_1_410' title='bbox 1084 1847 1173 1881; x_wconf 71' lang='grc' dir='ltr'>ἀλλά</span> <span class='ocrx_word' id='word_1_411' title='bbox 1204 1847 1300 1879; x_wconf 68' lang='grc' dir='ltr'>κατὰ</span> <span class='ocrx_word' id='word_1_412' title='bbox 1325 1846 1381 1891; x_wconf 81' lang='grc' dir='ltr'>φύ-</span> <span class='ocrx_word' id='word_1_413' title='bbox 1503 1856 1574 1880; x_wconf 89' lang='lat' dir='ltr'>tum</span> <span class='ocrx_word' id='word_1_414' title='bbox 1590 1856 1697 1879; x_wconf 89' lang='lat' dir='ltr'>autem</span> <span class='ocrx_word' id='word_1_415' title='bbox 1714 1848 1899 1888; x_wconf 85' lang='lat' dir='ltr'>pertransire</span> <span class='ocrx_word' id='word_1_416' title='bbox 1915 1847 2122 1888; x_wconf 88' lang='lat' dir='ltr'>impossibile.</span> <span class='ocrx_word' id='word_1_417' title='bbox 2147 1847 2259 1888; x_wconf 84' lang='lat' dir='ltr'>Itaque</span> <span class='ocrx_word' id='word_1_418' title='bbox 2280 1858 2406 1879; x_wconf 88' lang='lat' dir='ltr'>necesse</span> <span class='ocrx_word' id='word_1_419' title='bbox 2425 1854 2506 1880; x_wconf 76' lang='lat' dir='ltr'>stare</span> 
     </span>
     <span class='ocr_line' id='line_1_33' title="bbox 382 1891 2506 1937; baseline -0.001 -12"><span class='ocrx_word' id='word_1_420' title='bbox 382 1906 444 1926; x_wconf 91' lang='grc' dir='ltr'>σιν.</span> <span class='ocrx_word' id='word_1_421' title='bbox 473 1895 508 1925; x_wconf 83' lang='lat' dir='ltr'>Ei.</span> <span class='ocrx_word' id='word_1_422' title='bbox 526 1895 553 1927; x_wconf 72' lang='grc' dir='ltr'>ὸ·</span> <span class='ocrx_word' id='word_1_423' title='bbox 577 1891 668 1925; x_wconf 82' lang='grc' dir='ltr'>ἐστὶν</span> <span class='ocrx_word' id='word_1_424' title='bbox 694 1892 816 1937; x_wconf 80' lang='grc' dir='ltr'>ἠρεμία</span> <span class='ocrx_word' id='word_1_425' title='bbox 840 1893 937 1925; x_wconf 78' lang='grc' dir='ltr'>κατοὶ</span> <span class='ocrx_word' id='word_1_426' title='bbox 956 1891 1065 1936; x_wconf 74' lang='grc' dir='ltr'>φύσιν,</span> <span class='ocrx_word' id='word_1_427' title='bbox 1085 1893 1158 1925; x_wconf 82' lang='grc' dir='ltr'>ἔστι</span> <span class='ocrx_word' id='word_1_428' title='bbox 1177 1894 1234 1923; x_wconf 80' lang='grc' dir='ltr'>καὶ</span> <span class='ocrx_word' id='word_1_429' title='bbox 1255 1893 1380 1930; x_wconf 85' lang='grc' dir='ltr'>κίνησις</span> <span class='ocrx_word' id='word_1_430' title='bbox 1503 1893 1619 1924; x_wconf 89' lang='lat' dir='ltr'>alicubi</span> <span class='ocrx_word' id='word_1_431' title='bbox 1635 1893 1725 1934; x_wconf 93' lang='lat' dir='ltr'>quod</span> <span class='ocrx_word' id='word_1_432' title='bbox 1740 1892 1847 1930; x_wconf 89' lang='lat' dir='ltr'>fertur,</span> <span class='ocrx_word' id='word_1_433' title='bbox 1865 1899 1895 1923; x_wconf 91' lang='lat' dir='ltr'>et</span> <span class='ocrx_word' id='word_1_434' title='bbox 1910 1892 1954 1922; x_wconf 92' lang='lat' dir='ltr'>ibi</span> <span class='ocrx_word' id='word_1_435' title='bbox 1970 1902 2036 1922; x_wconf 92' lang='lat' dir='ltr'>non</span> <span class='ocrx_word' id='word_1_436' title='bbox 2052 1892 2083 1922; x_wconf 86' lang='lat' dir='ltr'>vi</span> <span class='ocrx_word' id='word_1_437' title='bbox 2100 1902 2238 1931; x_wconf 81' lang='lat' dir='ltr'>manere,</span> <span class='ocrx_word' id='word_1_438' title='bbox 2255 1892 2311 1922; x_wconf 88' lang='lat' dir='ltr'>sed</span> <span class='ocrx_word' id='word_1_439' title='bbox 2327 1892 2506 1924; x_wconf 86' lang='lat' dir='ltr'>secundum</span> 
     </span>
     <span class='ocr_line' id='line_1_34' title="bbox 382 1935 2507 1982; baseline -0 -12"><span class='ocrx_word' id='word_1_440' title='bbox 382 1938 477 1972; x_wconf 82' lang='grc' dir='ltr'>κατοὶ</span> <span class='ocrx_word' id='word_1_441' title='bbox 501 1939 595 1982; x_wconf 80' lang='grc' dir='ltr'>φύσιν</span> <span class='ocrx_word' id='word_1_442' title='bbox 622 1938 642 1974; x_wconf 75' lang='grc' dir='ltr'>ἡ</span> <span class='ocrx_word' id='word_1_443' title='bbox 669 1937 713 1975; x_wconf 82' lang='grc' dir='ltr'>εἰς</span> <span class='ocrx_word' id='word_1_444' title='bbox 739 1938 865 1969; x_wconf 83' lang='grc' dir='ltr'>τοῦτον</span> <span class='ocrx_word' id='word_1_445' title='bbox 891 1937 950 1969; x_wconf 74' lang='grc' dir='ltr'>τὸν</span> <span class='ocrx_word' id='word_1_446' title='bbox 978 1935 1085 1968; x_wconf 84' lang='grc' dir='ltr'>τόπον</span> <span class='ocrx_word' id='word_1_447' title='bbox 1111 1939 1208 1982; x_wconf 82' lang='grc' dir='ltr'>φορά.</span> <span class='ocrx_word' id='word_1_448' title='bbox 1502 1945 1658 1968; x_wconf 82' lang='lat' dir='ltr'>naturam.</span> <span class='ocrx_word' id='word_1_449' title='bbox 1680 1937 1712 1968; x_wconf 89' lang='lat' dir='ltr'>Si</span> <span class='ocrx_word' id='word_1_450' title='bbox 1731 1943 1839 1967; x_wconf 88' lang='lat' dir='ltr'>autern</span> <span class='ocrx_word' id='word_1_451' title='bbox 1859 1943 1905 1967; x_wconf 88' lang='lat' dir='ltr'>est</span> <span class='ocrx_word' id='word_1_452' title='bbox 1923 1936 2013 1977; x_wconf 85' lang='lat' dir='ltr'>quies</span> <span class='ocrx_word' id='word_1_453' title='bbox 2030 1937 2207 1967; x_wconf 88' lang='lat' dir='ltr'>secundum</span> <span class='ocrx_word' id='word_1_454' title='bbox 2231 1943 2388 1974; x_wconf 82' lang='lat' dir='ltr'>naturam,</span> <span class='ocrx_word' id='word_1_455' title='bbox 2410 1943 2456 1968; x_wconf 84' lang='lat' dir='ltr'>est</span> <span class='ocrx_word' id='word_1_456' title='bbox 2475 1943 2507 1969; x_wconf 86' lang='lat' dir='ltr'>et</span> 
     </span>
    </p>

    <p class='ocr_par' dir='ltr' id='par_1_12' title="bbox 1502 1980 2458 2023">
     <span class='ocr_line' id='line_1_35' title="bbox 1502 1980 2458 2023; baseline 0 -11"><span class='ocrx_word' id='word_1_457' title='bbox 1502 1989 1610 2012; x_wconf 90' lang='lat' dir='ltr'>motus</span> <span class='ocrx_word' id='word_1_458' title='bbox 1634 1981 1811 2012; x_wconf 88' lang='lat' dir='ltr'>secundum</span> <span class='ocrx_word' id='word_1_459' title='bbox 1834 1988 1979 2011; x_wconf 88' lang='lat' dir='ltr'>naturam</span> <span class='ocrx_word' id='word_1_460' title='bbox 2004 1981 2060 2023; x_wconf 94' lang='lat' dir='ltr'>qui</span> <span class='ocrx_word' id='word_1_461' title='bbox 2079 1981 2111 2011; x_wconf 90' lang='lat' dir='ltr'>in</span> <span class='ocrx_word' id='word_1_462' title='bbox 2132 1981 2217 2011; x_wconf 88' lang='lat' dir='ltr'>hunc</span> <span class='ocrx_word' id='word_1_463' title='bbox 2239 1980 2349 2011; x_wconf 90' lang='lat' dir='ltr'>locum</span> <span class='ocrx_word' id='word_1_464' title='bbox 2372 1980 2458 2012; x_wconf 85' lang='lat' dir='ltr'>latio.</span> 
     </span>
    </p>

    <p class='ocr_par' dir='ltr' id='par_1_13' title="bbox 316 2024 2506 2159">
     <span class='ocr_line' id='line_1_36' title="bbox 316 2024 2506 2071; baseline -0.002 -12"><span class='ocrx_word' id='word_1_465' title='bbox 316 2027 372 2059; x_wconf 83' lang='grc' dir='ltr'>Διό</span> <span class='ocrx_word' id='word_1_466' title='bbox 402 2028 461 2058; x_wconf 79' lang='grc' dir='ltr'>καὶ</span> <span class='ocrx_word' id='word_1_467' title='bbox 486 2028 666 2066; x_wconf 82' lang='grc' dir='ltr'>Λευκίππῳ</span> <span class='ocrx_word' id='word_1_468' title='bbox 700 2026 758 2056; x_wconf 84' lang='grc' dir='ltr'>καὶ</span> <span class='ocrx_word' id='word_1_469' title='bbox 789 2027 983 2070; x_wconf 83' lang='grc' dir='ltr'>Δημοκρίτῳ</span> <span class='ocrx_word' id='word_1_470' title='bbox 995 2049 1004 2065; x_wconf 91' lang='grc'>,</span> <span class='ocrx_word' id='word_1_471' title='bbox 1039 2030 1106 2063; x_wconf 89' lang='grc' dir='ltr'>τοῖς</span> <span class='ocrx_word' id='word_1_472' title='bbox 1138 2024 1293 2071; x_wconf 77' lang='grc' dir='ltr'>λέγουσιν</span> <span class='ocrx_word' id='word_1_473' title='bbox 1329 2025 1380 2056; x_wconf 81' lang='grc' dir='ltr'>ἀεὶ</span> <span class='ocrx_word' id='word_1_474' title='bbox 1435 2025 1450 2041; x_wconf 91' lang='grc'>*</span> <span class='ocrx_word' id='word_1_475' title='bbox 1463 2027 1595 2066; x_wconf 88' lang='lat' dir='ltr'>Propter</span> <span class='ocrx_word' id='word_1_476' title='bbox 1607 2026 1696 2067; x_wconf 93' lang='lat' dir='ltr'>quod</span> <span class='ocrx_word' id='word_1_477' title='bbox 1709 2032 1739 2056; x_wconf 93' lang='lat' dir='ltr'>et</span> <span class='ocrx_word' id='word_1_478' title='bbox 1752 2025 1917 2066; x_wconf 90' lang='lat' dir='ltr'>Leucippo</span> <span class='ocrx_word' id='word_1_479' title='bbox 1931 2032 1961 2056; x_wconf 88' lang='lat' dir='ltr'>et</span> <span class='ocrx_word' id='word_1_480' title='bbox 1975 2025 2172 2062; x_wconf 87' lang='lat' dir='ltr'>Democrito,</span> <span class='ocrx_word' id='word_1_481' title='bbox 2186 2024 2364 2055; x_wconf 87' lang='lat' dir='ltr'>dicentibus</span> <span class='ocrx_word' id='word_1_482' title='bbox 2379 2034 2506 2067; x_wconf 83' lang='lat' dir='ltr'>semper</span> 
     </span>
     <span class='ocr_line' id='line_1_37' title="bbox 380 2068 2505 2114; baseline -0.001 -12"><span class='ocrx_word' id='word_1_483' title='bbox 380 2070 542 2103; x_wconf 82' lang='grc' dir='ltr'>κινεῖσθαι</span> <span class='ocrx_word' id='word_1_484' title='bbox 574 2069 622 2102; x_wconf 63' lang='grc' dir='ltr'>ταὶ</span> <span class='ocrx_word' id='word_1_485' title='bbox 654 2071 774 2113; x_wconf 79' lang='grc' dir='ltr'>πρῶτα,</span> <span class='ocrx_word' id='word_1_486' title='bbox 807 2069 954 2114; x_wconf 78' lang='grc' dir='ltr'>σώματα</span> <span class='ocrx_word' id='word_1_487' title='bbox 990 2070 1021 2101; x_wconf 75' lang='grc' dir='ltr'>ἐν</span> <span class='ocrx_word' id='word_1_488' title='bbox 1053 2072 1099 2112; x_wconf 77' lang='grc' dir='ltr'>τῷ</span> <span class='ocrx_word' id='word_1_489' title='bbox 1131 2070 1214 2111; x_wconf 80' lang='grc' dir='ltr'>κενῷ</span> <span class='ocrx_word' id='word_1_490' title='bbox 1248 2071 1306 2101; x_wconf 85' lang='grc' dir='ltr'>καὶ</span> <span class='ocrx_word' id='word_1_491' title='bbox 1332 2070 1380 2110; x_wconf 82' lang='grc' dir='ltr'>τῷ</span> <span class='ocrx_word' id='word_1_492' title='bbox 1502 2071 1622 2101; x_wconf 90' lang='lat' dir='ltr'>moveri</span> <span class='ocrx_word' id='word_1_493' title='bbox 1646 2070 1749 2110; x_wconf 86' lang='lat' dir='ltr'>prima</span> <span class='ocrx_word' id='word_1_494' title='bbox 1773 2079 1906 2110; x_wconf 85' lang='lat' dir='ltr'>corpora</span> <span class='ocrx_word' id='word_1_495' title='bbox 1924 2069 1957 2100; x_wconf 93' lang='lat' dir='ltr'>in</span> <span class='ocrx_word' id='word_1_496' title='bbox 1979 2079 2081 2100; x_wconf 90' lang='lat' dir='ltr'>vacuo</span> <span class='ocrx_word' id='word_1_497' title='bbox 2106 2076 2136 2100; x_wconf 91' lang='lat' dir='ltr'>et</span> <span class='ocrx_word' id='word_1_498' title='bbox 2167 2068 2308 2108; x_wconf 86' lang='lat' dir='ltr'>infinito,</span> <span class='ocrx_word' id='word_1_499' title='bbox 2332 2069 2505 2101; x_wconf 86' lang='lat' dir='ltr'>dicendum</span> 
     </span>
     <span class='ocr_line' id='line_1_38' title="bbox 384 2113 2503 2159; baseline -0 -11"><span class='ocrx_word' id='word_1_500' title='bbox 384 2117 519 2159; x_wconf 83' lang='grc' dir='ltr'>ἀπείρῳ,</span> <span class='ocrx_word' id='word_1_501' title='bbox 538 2113 677 2146; x_wconf 85' lang='grc' dir='ltr'>λεκτέον</span> <span class='ocrx_word' id='word_1_502' title='bbox 704 2116 782 2146; x_wconf 84' lang='grc' dir='ltr'>τίνα</span> <span class='ocrx_word' id='word_1_503' title='bbox 806 2117 933 2151; x_wconf 80' lang='grc' dir='ltr'>κίνησιν</span> <span class='ocrx_word' id='word_1_504' title='bbox 957 2116 1014 2146; x_wconf 79' lang='grc' dir='ltr'>καὶ</span> <span class='ocrx_word' id='word_1_505' title='bbox 1042 2117 1092 2152; x_wconf 84' lang='grc' dir='ltr'>τίς</span> <span class='ocrx_word' id='word_1_506' title='bbox 1119 2115 1139 2152; x_wconf 81' lang='grc' dir='ltr'>ἡ</span> <span class='ocrx_word' id='word_1_507' title='bbox 1164 2114 1261 2146; x_wconf 84' lang='grc' dir='ltr'>κατοὶ</span> <span class='ocrx_word' id='word_1_508' title='bbox 1285 2113 1379 2158; x_wconf 79' lang='grc' dir='ltr'>φύσιν</span> <span class='ocrx_word' id='word_1_509' title='bbox 1501 2125 1568 2156; x_wconf 92' lang='lat' dir='ltr'>quo</span> <span class='ocrx_word' id='word_1_510' title='bbox 1592 2122 1695 2153; x_wconf 90' lang='lat' dir='ltr'>motu,</span> <span class='ocrx_word' id='word_1_511' title='bbox 1713 2121 1744 2145; x_wconf 94' lang='lat' dir='ltr'>et</span> <span class='ocrx_word' id='word_1_512' title='bbox 1763 2114 1834 2156; x_wconf 91' lang='lat' dir='ltr'>quis</span> <span class='ocrx_word' id='word_1_513' title='bbox 1858 2114 2036 2145; x_wconf 91' lang='lat' dir='ltr'>secundum</span> <span class='ocrx_word' id='word_1_514' title='bbox 2059 2121 2207 2145; x_wconf 83' lang='lat' dir='ltr'>naturam</span> <span class='ocrx_word' id='word_1_515' title='bbox 2221 2114 2368 2154; x_wconf 87' lang='lat' dir='ltr'>ipsorum</span> <span class='ocrx_word' id='word_1_516' title='bbox 2384 2120 2503 2147; x_wconf 78' lang='lat' dir='ltr'>motus.</span> 
     </span>
    </p>
   </div>
   <div class='ocr_carea' id='block_1_12' title="bbox 381 2158 657 2196">
    <p class='ocr_par' dir='ltr' id='par_1_14' title="bbox 381 2158 657 2196">
     <span class='ocr_line' id='line_1_39' title="bbox 381 2158 657 2196; baseline -0.011 -4"><span class='ocrx_word' id='word_1_517' title='bbox 381 2158 495 2192; x_wconf 75' lang='grc' dir='ltr'>αὐτῶν</span> <span class='ocrx_word' id='word_1_518' title='bbox 519 2161 644 2196; x_wconf 79' lang='grc' dir='ltr'>κίνησις</span> <span class='ocrx_word' id='word_1_519' title='bbox 651 2182 657 2189; x_wconf 97' lang='grc'><strong><em>.</em></strong></span> 
     </span>
    </p>
   </div>
   <div class='ocr_carea' id='block_1_13' title="bbox 313 2202 2515 2250">
    <p class='ocr_par' dir='ltr' id='par_1_15' title="bbox 313 2202 2515 2250">
     <span class='ocr_line' id='line_1_40' title="bbox 313 2202 2515 2250; baseline -0.001 -14"><span class='ocrx_word' id='word_1_520' title='bbox 313 2205 349 2236; x_wconf 79' lang='grc' dir='ltr'>Εἰ</span> <span class='ocrx_word' id='word_1_521' title='bbox 378 2204 442 2250; x_wconf 82' lang='grc' dir='ltr'>γοὶρ</span> <span class='ocrx_word' id='word_1_522' title='bbox 477 2204 559 2236; x_wconf 78' lang='grc' dir='ltr'>ἄλλο</span> <span class='ocrx_word' id='word_1_523' title='bbox 594 2203 650 2234; x_wconf 74' lang='grc' dir='ltr'>ὑπ’</span> <span class='ocrx_word' id='word_1_524' title='bbox 681 2202 784 2235; x_wconf 84' lang='grc' dir='ltr'>ἄλλου</span> <span class='ocrx_word' id='word_1_525' title='bbox 816 2202 975 2234; x_wconf 72' lang='grc' dir='ltr'>κινεῖται</span> <span class='ocrx_word' id='word_1_526' title='bbox 997 2203 1053 2243; x_wconf 88' lang='grc' dir='ltr'>βίᾳ</span> <span class='ocrx_word' id='word_1_527' title='bbox 1087 2203 1152 2235; x_wconf 79' lang='grc' dir='ltr'>τῶν</span> <span class='ocrx_word' id='word_1_528' title='bbox 1184 2204 1377 2247; x_wconf 78' lang='grc' dir='ltr'>στοιχείων,</span> <span class='ocrx_word' id='word_1_529' title='bbox 1435 2203 1467 2233; x_wconf 91' lang='lat' dir='ltr'>Si</span> <span class='ocrx_word' id='word_1_530' title='bbox 1491 2203 1577 2234; x_wconf 89' lang='lat' dir='ltr'>enim</span> <span class='ocrx_word' id='word_1_531' title='bbox 1600 2203 1686 2234; x_wconf 89' lang='lat' dir='ltr'>aliud</span> <span class='ocrx_word' id='word_1_532' title='bbox 1703 2203 1741 2233; x_wconf 85' lang='lat' dir='ltr'>ab</span> <span class='ocrx_word' id='word_1_533' title='bbox 1758 2202 1820 2233; x_wconf 85' lang='lat' dir='ltr'>alio</span> <span class='ocrx_word' id='word_1_534' title='bbox 1844 2210 1994 2234; x_wconf 81' lang='lat' dir='ltr'>movetur</span> <span class='ocrx_word' id='word_1_535' title='bbox 2014 2202 2164 2234; x_wconf 88' lang='lat' dir='ltr'>violentia</span> <span class='ocrx_word' id='word_1_536' title='bbox 2188 2202 2432 2242; x_wconf 87' lang='lat' dir='ltr'>elementorum,</span> <span class='ocrx_word' id='word_1_537' title='bbox 2447 2202 2515 2234; x_wconf 45' lang='lat' dir='ltr'>sed*</span> 
     </span>
    </p>
   </div>
   <div class='ocr_carea' id='block_1_14' title="bbox 350 2243 2505 2470">
    <p class='ocr_par' dir='ltr' id='par_1_16' title="bbox 350 2243 2505 2470">
     <span class='ocr_line' id='line_1_41' title="bbox 382 2243 2504 2292; baseline -0.001 -11"><span class='ocrx_word' id='word_1_538' title='bbox 382 2248 472 2281; x_wconf 76' lang='grc' dir='ltr'>ἀλλά</span> <span class='ocrx_word' id='word_1_539' title='bbox 505 2250 563 2279; x_wconf 81' lang='grc' dir='ltr'>καὶ</span> <span class='ocrx_word' id='word_1_540' title='bbox 594 2247 691 2281; x_wconf 80' lang='grc' dir='ltr'>κατοί</span> <span class='ocrx_word' id='word_1_541' title='bbox 722 2246 816 2291; x_wconf 79' lang='grc' dir='ltr'>φύσιν</span> <span class='ocrx_word' id='word_1_542' title='bbox 851 2246 982 2292; x_wconf 74' lang='grc' dir='ltr'>ἀνάγκη</span> <span class='ocrx_word' id='word_1_543' title='bbox 1017 2247 1095 2279; x_wconf 78' lang='grc' dir='ltr'>τινοὶ</span> <span class='ocrx_word' id='word_1_544' title='bbox 1130 2243 1215 2278; x_wconf 81' lang='grc' dir='ltr'>εἶναι</span> <span class='ocrx_word' id='word_1_545' title='bbox 1251 2249 1378 2283; x_wconf 80' lang='grc' dir='ltr'>κίνησιν</span> <span class='ocrx_word' id='word_1_546' title='bbox 1501 2255 1531 2278; x_wconf 91' lang='lat' dir='ltr'>et</span> <span class='ocrx_word' id='word_1_547' title='bbox 1555 2247 1732 2278; x_wconf 87' lang='lat' dir='ltr'>secundum</span> <span class='ocrx_word' id='word_1_548' title='bbox 1763 2254 1909 2277; x_wconf 84' lang='lat' dir='ltr'>naturam</span> <span class='ocrx_word' id='word_1_549' title='bbox 1933 2257 2059 2278; x_wconf 87' lang='lat' dir='ltr'>necesse</span> <span class='ocrx_word' id='word_1_550' title='bbox 2090 2247 2252 2288; x_wconf 83' lang='lat' dir='ltr'>quendam</span> <span class='ocrx_word' id='word_1_551' title='bbox 2285 2257 2351 2278; x_wconf 89' lang='lat' dir='ltr'>esse</span> <span class='ocrx_word' id='word_1_552' title='bbox 2374 2253 2504 2278; x_wconf 86' lang='lat' dir='ltr'>motum</span> 
     </span>
     <span class='ocr_line' id='line_1_42' title="bbox 379 2286 2505 2337; baseline -0.001 -12"><span class='ocrx_word' id='word_1_553' title='bbox 379 2292 540 2333; x_wconf 72' lang='grc' dir='ltr'>ἑκάστου,</span> <span class='ocrx_word' id='word_1_554' title='bbox 560 2295 638 2337; x_wconf 77' lang='grc' dir='ltr'>παρ’</span> <span class='ocrx_word' id='word_1_555' title='bbox 661 2292 700 2328; x_wconf 78' lang='grc' dir='ltr'>ἦν</span> <span class='ocrx_word' id='word_1_556' title='bbox 727 2292 747 2328; x_wconf 77' lang='grc' dir='ltr'>ἡ</span> <span class='ocrx_word' id='word_1_557' title='bbox 774 2290 883 2331; x_wconf 84' lang='grc' dir='ltr'>βίαιός</span> <span class='ocrx_word' id='word_1_558' title='bbox 910 2292 1018 2323; x_wconf 79' lang='grc' dir='ltr'>ἐστιν·</span> <span class='ocrx_word' id='word_1_559' title='bbox 1044 2293 1102 2323; x_wconf 86' lang='grc' dir='ltr'>καὶ</span> <span class='ocrx_word' id='word_1_560' title='bbox 1128 2286 1180 2322; x_wconf 80' lang='grc' dir='ltr'>δεῖ</span> <span class='ocrx_word' id='word_1_561' title='bbox 1203 2290 1267 2327; x_wconf 67' lang='grc' dir='ltr'>τήν</span> <span class='ocrx_word' id='word_1_562' title='bbox 1293 2290 1380 2335; x_wconf 83' lang='grc' dir='ltr'>πρώ-</span> <span class='ocrx_word' id='word_1_563' title='bbox 1500 2292 1762 2332; x_wconf 89' lang='lat' dir='ltr'>uniuscuiusque,</span> <span class='ocrx_word' id='word_1_564' title='bbox 1786 2298 1908 2332; x_wconf 87' lang='lat' dir='ltr'>praeter</span> <span class='ocrx_word' id='word_1_565' title='bbox 1931 2301 2029 2332; x_wconf 91' lang='lat' dir='ltr'>quem</span> <span class='ocrx_word' id='word_1_566' title='bbox 2052 2291 2211 2322; x_wconf 87' lang='lat' dir='ltr'>violentus</span> <span class='ocrx_word' id='word_1_567' title='bbox 2235 2298 2290 2322; x_wconf 90' lang='lat' dir='ltr'>est.</span> <span class='ocrx_word' id='word_1_568' title='bbox 2316 2291 2357 2322; x_wconf 91' lang='lat' dir='ltr'>Et</span> <span class='ocrx_word' id='word_1_569' title='bbox 2378 2297 2505 2332; x_wconf 89' lang='lat' dir='ltr'>oportet</span> 
     </span>
     <span class='ocr_line' id='line_1_43' title="bbox 378 2333 2504 2380; baseline -0.001 -11"><span class='ocrx_word' id='word_1_570' title='bbox 378 2349 439 2375; x_wconf 85' lang='grc' dir='ltr'>την</span> <span class='ocrx_word' id='word_1_571' title='bbox 463 2337 621 2370; x_wconf 84' lang='grc' dir='ltr'>κινοῦσαν</span> <span class='ocrx_word' id='word_1_572' title='bbox 673 2337 694 2373; x_wconf 70' lang='grc' dir='ltr'>’ἠ</span> <span class='ocrx_word' id='word_1_573' title='bbox 720 2336 777 2377; x_wconf 87' lang='grc' dir='ltr'>βίᾳ</span> <span class='ocrx_word' id='word_1_574' title='bbox 801 2340 922 2377; x_wconf 84' lang='grc' dir='ltr'>κινεῖν,</span> <span class='ocrx_word' id='word_1_575' title='bbox 951 2333 1040 2368; x_wconf 59' lang='lat' dir='ltr'>&amp;noe</span> <span class='ocrx_word' id='word_1_576' title='bbox 1070 2336 1166 2368; x_wconf 77' lang='grc' dir='ltr'>κατοί</span> <span class='ocrx_word' id='word_1_577' title='bbox 1191 2334 1306 2380; x_wconf 74' lang='grc' dir='ltr'>φύσιν·</span> <span class='ocrx_word' id='word_1_578' title='bbox 1333 2336 1378 2373; x_wconf 82' lang='grc' dir='ltr'>εἰς</span> <span class='ocrx_word' id='word_1_579' title='bbox 1499 2336 1639 2376; x_wconf 87' lang='lat' dir='ltr'>primum</span> <span class='ocrx_word' id='word_1_580' title='bbox 1663 2342 1846 2366; x_wconf 86' lang='lat' dir='ltr'>moventem</span> <span class='ocrx_word' id='word_1_581' title='bbox 1870 2346 1936 2366; x_wconf 91' lang='lat' dir='ltr'>non</span> <span class='ocrx_word' id='word_1_582' title='bbox 1959 2335 1990 2366; x_wconf 88' lang='lat' dir='ltr'>vi</span> <span class='ocrx_word' id='word_1_583' title='bbox 2014 2345 2154 2374; x_wconf 88' lang='lat' dir='ltr'>movere,</span> <span class='ocrx_word' id='word_1_584' title='bbox 2178 2335 2232 2366; x_wconf 89' lang='lat' dir='ltr'>sed</span> <span class='ocrx_word' id='word_1_585' title='bbox 2256 2336 2433 2367; x_wconf 89' lang='lat' dir='ltr'>secundum</span> <span class='ocrx_word' id='word_1_586' title='bbox 2449 2345 2504 2367; x_wconf 81' lang='lat' dir='ltr'>na-</span> 
     </span>
     <span class='ocr_line' id='line_1_44' title="bbox 350 2379 2504 2427; baseline -0.001 -13"><span class='ocrx_word' id='word_1_587' title='bbox 350 2381 353 2383; x_wconf 73' lang='grc'><strong>’</strong></span> <span class='ocrx_word' id='word_1_588' title='bbox 379 2382 514 2427; x_wconf 83' lang='grc' dir='ltr'>ἄπειρον</span> <span class='ocrx_word' id='word_1_589' title='bbox 539 2383 603 2426; x_wconf 77' lang='grc' dir='ltr'>γοὶρ</span> <span class='ocrx_word' id='word_1_590' title='bbox 629 2393 710 2414; x_wconf 84' lang='grc' dir='ltr'>εισιν</span> <span class='ocrx_word' id='word_1_591' title='bbox 725 2405 733 2421; x_wconf 86' lang='grc'>,</span> <span class='ocrx_word' id='word_1_592' title='bbox 767 2381 794 2411; x_wconf 86' lang='grc' dir='ltr'>εἰ</span> <span class='ocrx_word' id='word_1_593' title='bbox 819 2379 866 2424; x_wconf 77' lang='grc' dir='ltr'>μή</span> <span class='ocrx_word' id='word_1_594' title='bbox 891 2392 926 2413; x_wconf 82' lang='grc' dir='ltr'>τι</span> <span class='ocrx_word' id='word_1_595' title='bbox 953 2380 1051 2413; x_wconf 81' lang='grc' dir='ltr'>ἔσται</span> <span class='ocrx_word' id='word_1_596' title='bbox 1082 2380 1179 2412; x_wconf 83' lang='grc' dir='ltr'>κατοὶ</span> <span class='ocrx_word' id='word_1_597' title='bbox 1209 2379 1304 2423; x_wconf 78' lang='grc' dir='ltr'>φύσιν</span> <span class='ocrx_word' id='word_1_598' title='bbox 1329 2391 1377 2411; x_wconf 90' lang='grc' dir='ltr'>κι-</span> <span class='ocrx_word' id='word_1_599' title='bbox 1499 2388 1619 2411; x_wconf 85' lang='lat' dir='ltr'>turam:</span> <span class='ocrx_word' id='word_1_600' title='bbox 1644 2380 1676 2410; x_wconf 92' lang='lat' dir='ltr'>in</span> <span class='ocrx_word' id='word_1_601' title='bbox 1692 2379 1853 2411; x_wconf 87' lang='lat' dir='ltr'>infinitum</span> <span class='ocrx_word' id='word_1_602' title='bbox 1873 2380 1958 2410; x_wconf 88' lang='lat' dir='ltr'>enim</span> <span class='ocrx_word' id='word_1_603' title='bbox 1978 2388 2035 2419; x_wconf 90' lang='lat' dir='ltr'>est,</span> <span class='ocrx_word' id='word_1_604' title='bbox 2055 2380 2163 2411; x_wconf 88' lang='lat' dir='ltr'>sinon</span> <span class='ocrx_word' id='word_1_605' title='bbox 2182 2379 2302 2421; x_wconf 89' lang='lat' dir='ltr'>aliquid</span> <span class='ocrx_word' id='word_1_606' title='bbox 2321 2380 2504 2417; x_wconf 79' lang='lat' dir='ltr'>eritsecun-</span> 
     </span>
     <span class='ocr_line' id='line_1_45' title="bbox 375 2420 2502 2470; baseline -0.001 -12"><span class='ocrx_word' id='word_1_607' title='bbox 375 2427 451 2458; x_wconf 85' lang='grc' dir='ltr'>νοῦν</span> <span class='ocrx_word' id='word_1_608' title='bbox 478 2428 631 2470; x_wconf 84' lang='grc' dir='ltr'>πρῶτον,</span> <span class='ocrx_word' id='word_1_609' title='bbox 661 2426 734 2459; x_wconf 83' lang='grc' dir='ltr'>ἀλλ’</span> <span class='ocrx_word' id='word_1_610' title='bbox 766 2425 817 2457; x_wconf 82' lang='grc' dir='ltr'>ἀεὶ</span> <span class='ocrx_word' id='word_1_611' title='bbox 842 2424 883 2458; x_wconf 73' lang='grc' dir='ltr'>τὸ</span> <span class='ocrx_word' id='word_1_612' title='bbox 910 2424 1072 2469; x_wconf 85' lang='grc' dir='ltr'>πρότερον</span> <span class='ocrx_word' id='word_1_613' title='bbox 1099 2425 1157 2465; x_wconf 83' lang='grc' dir='ltr'>βίᾳ</span> <span class='ocrx_word' id='word_1_614' title='bbox 1182 2423 1376 2468; x_wconf 79' lang='grc' dir='ltr'>κινούμενον</span> <span class='ocrx_word' id='word_1_615' title='bbox 1499 2425 1577 2455; x_wconf 91' lang='lat' dir='ltr'>dum</span> <span class='ocrx_word' id='word_1_616' title='bbox 1601 2432 1747 2455; x_wconf 86' lang='lat' dir='ltr'>naturam</span> <span class='ocrx_word' id='word_1_617' title='bbox 1770 2434 1903 2455; x_wconf 88' lang='lat' dir='ltr'>movens</span> <span class='ocrx_word' id='word_1_618' title='bbox 1927 2424 2079 2465; x_wconf 89' lang='lat' dir='ltr'>primum,</span> <span class='ocrx_word' id='word_1_619' title='bbox 2097 2425 2152 2455; x_wconf 88' lang='lat' dir='ltr'>sed</span> <span class='ocrx_word' id='word_1_620' title='bbox 2175 2434 2301 2465; x_wconf 87' lang='lat' dir='ltr'>semper</span> <span class='ocrx_word' id='word_1_621' title='bbox 2323 2420 2411 2465; x_wconf 79' lang='lat' dir='ltr'>prius</span> <span class='ocrx_word' id='word_1_622' title='bbox 2431 2434 2502 2456; x_wconf 90' lang='lat' dir='ltr'>mo-</span> 
     </span>
    </p>
   </div>
   <div class='ocr_carea' id='block_1_15' title="bbox 374 2468 1796 2507">
    <p class='ocr_par' dir='ltr' id='par_1_17' title="bbox 374 2468 1796 2507">
     <span class='ocr_line' id='line_1_46' title="bbox 374 2468 1796 2507; baseline -0.002 -6"><span class='ocrx_word' id='word_1_623' title='bbox 374 2469 515 2507; x_wconf 75' lang='grc' dir='ltr'>κινήσει.</span> <span class='ocrx_word' id='word_1_624' title='bbox 1498 2476 1569 2499; x_wconf 88' lang='lat' dir='ltr'>turn</span> <span class='ocrx_word' id='word_1_625' title='bbox 1592 2469 1622 2499; x_wconf 91' lang='lat' dir='ltr'>vi</span> <span class='ocrx_word' id='word_1_626' title='bbox 1646 2468 1796 2499; x_wconf 88' lang='lat' dir='ltr'>movebit.</span> 
     </span>
    </p>
   </div>
   <div class='ocr_carea' id='block_1_16' title="bbox 305 2563 2500 3278">
    <p class='ocr_par' dir='ltr' id='par_1_18' title="bbox 305 2563 2500 3278">
     <span class='ocr_line' id='line_1_47' title="bbox 363 2563 2500 2603; baseline -0.001 -9"><span class='ocrx_word' id='word_1_627' title='bbox 363 2567 511 2595; x_wconf 69' lang='lat' dir='ltr'>Smopsm.</span> <span class='ocrx_word' id='word_1_628' title='bbox 526 2583 560 2587; x_wconf 98' lang='lat'><strong>—</strong></span> <span class='ocrx_word' id='word_1_629' title='bbox 578 2575 601 2594; x_wconf 87' lang='lat'>1.</span> <span class='ocrx_word' id='word_1_630' title='bbox 617 2566 828 2603; x_wconf 81' lang='lat' dir='ltr'>Argumentum</span> <span class='ocrx_word' id='word_1_631' title='bbox 844 2572 871 2593; x_wconf 91' lang='lat' dir='ltr'>et</span> <span class='ocrx_word' id='word_1_632' title='bbox 885 2565 988 2593; x_wconf 81' lang='lat' dir='ltr'>divisio</span> <span class='ocrx_word' id='word_1_633' title='bbox 1003 2572 1135 2593; x_wconf 87' lang='lat' dir='ltr'>textus.—</span> <span class='ocrx_word' id='word_1_634' title='bbox 1153 2565 1294 2593; x_wconf 86' lang='lat' dir='ltr'>Omnibus</span> <span class='ocrx_word' id='word_1_635' title='bbox 1310 2574 1375 2593; x_wconf 85' lang='lat' dir='ltr'>cor·</span> <span class='ocrx_word' id='word_1_636' title='bbox 1429 2564 1500 2593; x_wconf 91' lang='lat' dir='ltr'>illud</span> <span class='ocrx_word' id='word_1_637' title='bbox 1524 2563 1683 2601; x_wconf 88' lang='lat' dir='ltr'>prohibens</span> <span class='ocrx_word' id='word_1_638' title='bbox 1707 2564 1752 2592; x_wconf 90' lang='lat' dir='ltr'>vel</span> <span class='ocrx_word' id='word_1_639' title='bbox 1776 2570 1909 2592; x_wconf 86' lang='lat' dir='ltr'>movetur</span> <span class='ocrx_word' id='word_1_640' title='bbox 1935 2563 1980 2592; x_wconf 91' lang='lat' dir='ltr'>vel</span> <span class='ocrx_word' id='word_1_641' title='bbox 2003 2563 2133 2601; x_wconf 84' lang='lat' dir='ltr'>quiescit.</span> <span class='ocrx_word' id='word_1_642' title='bbox 2161 2563 2191 2592; x_wconf 88' lang='lat' dir='ltr'>Si</span> <span class='ocrx_word' id='word_1_643' title='bbox 2212 2563 2342 2601; x_wconf 82' lang='lat' dir='ltr'>quiescit,</span> <span class='ocrx_word' id='word_1_644' title='bbox 2364 2573 2433 2602; x_wconf 81' lang='lat' dir='ltr'>ergo</span> <span class='ocrx_word' id='word_1_645' title='bbox 2454 2563 2500 2593; x_wconf 84' lang='lat' dir='ltr'>vel</span> 
     </span>
     <span class='ocr_line' id='line_1_48' title="bbox 305 2603 2500 2644; baseline -0 -10"><span class='ocrx_word' id='word_1_646' title='bbox 305 2606 428 2644; x_wconf 78' lang='lat' dir='ltr'>poribus</span> <span class='ocrx_word' id='word_1_647' title='bbox 449 2606 627 2644; x_wconf 83' lang='lat' dir='ltr'>simplicibus</span> <span class='ocrx_word' id='word_1_648' title='bbox 648 2606 722 2633; x_wconf 80' lang='lat' dir='ltr'>inest</span> <span class='ocrx_word' id='word_1_649' title='bbox 742 2605 847 2643; x_wconf 84' lang='lat' dir='ltr'>aliquis</span> <span class='ocrx_word' id='word_1_650' title='bbox 869 2611 963 2633; x_wconf 85' lang='lat' dir='ltr'>motus</span> <span class='ocrx_word' id='word_1_651' title='bbox 978 2605 1129 2632; x_wconf 82' lang='lat' dir='ltr'>naturalis.</span> <span class='ocrx_word' id='word_1_652' title='bbox 1143 2621 1163 2625; x_wconf 87' lang='lat'><em>-</em></span> <span class='ocrx_word' id='word_1_653' title='bbox 1178 2612 1205 2632; x_wconf 89' lang='lat'>2.</span> <span class='ocrx_word' id='word_1_654' title='bbox 1220 2605 1373 2633; x_wconf 84' lang='lat' dir='ltr'>Probatur.</span> <span class='ocrx_word' id='word_1_655' title='bbox 1429 2603 1569 2632; x_wconf 89' lang='lat' dir='ltr'>violenter</span> <span class='ocrx_word' id='word_1_656' title='bbox 1589 2604 1633 2632; x_wconf 92' lang='lat' dir='ltr'>vel</span> <span class='ocrx_word' id='word_1_657' title='bbox 1654 2603 1821 2632; x_wconf 85' lang='lat' dir='ltr'>naturaliter</span> <span class='ocrx_word' id='word_1_658' title='bbox 1842 2603 1977 2641; x_wconf 85' lang='lat' dir='ltr'>quiescit:</span> <span class='ocrx_word' id='word_1_659' title='bbox 2000 2603 2024 2632; x_wconf 91' lang='lat' dir='ltr'>si</span> <span class='ocrx_word' id='word_1_660' title='bbox 2045 2603 2220 2639; x_wconf 80' lang='lat' dir='ltr'>naturaliter,</span> <span class='ocrx_word' id='word_1_661' title='bbox 2235 2613 2305 2641; x_wconf 83' lang='lat' dir='ltr'>ergo</span> <span class='ocrx_word' id='word_1_662' title='bbox 2322 2610 2365 2632; x_wconf 87' lang='lat' dir='ltr'>est</span> <span class='ocrx_word' id='word_1_663' title='bbox 2385 2610 2414 2632; x_wconf 87' lang='lat' dir='ltr'>et</span> <span class='ocrx_word' id='word_1_664' title='bbox 2434 2613 2500 2633; x_wconf 88' lang='lat' dir='ltr'>mo-</span> 
     </span>
     <span class='ocr_line' id='line_1_49' title="bbox 309 2643 2500 2683; baseline -0 -9"><span class='ocrx_word' id='word_1_665' title='bbox 309 2648 337 2681; x_wconf 87' lang='lat' dir='ltr'>a)</span> <span class='ocrx_word' id='word_1_666' title='bbox 353 2647 403 2674; x_wconf 89' lang='lat' dir='ltr'>Ex</span> <span class='ocrx_word' id='word_1_667' title='bbox 419 2652 506 2683; x_wconf 82' lang='lat' dir='ltr'>parte</span> <span class='ocrx_word' id='word_1_668' title='bbox 528 2651 629 2673; x_wconf 78' lang='lat' dir='ltr'>motus.</span> <span class='ocrx_word' id='word_1_669' title='bbox 660 2646 752 2673; x_wconf 87' lang='lat' dir='ltr'>Sensu</span> <span class='ocrx_word' id='word_1_670' title='bbox 773 2645 904 2673; x_wconf 89' lang='lat' dir='ltr'>videmus</span> <span class='ocrx_word' id='word_1_671' title='bbox 928 2654 1052 2681; x_wconf 90' lang='lat' dir='ltr'>corpora</span> <span class='ocrx_word' id='word_1_672' title='bbox 1080 2644 1222 2681; x_wconf 86' lang='lat' dir='ltr'>simplicia</span> <span class='ocrx_word' id='word_1_673' title='bbox 1248 2643 1375 2672; x_wconf 88' lang='lat' dir='ltr'>moveri:</span> <span class='ocrx_word' id='word_1_674' title='bbox 1429 2650 1475 2674; x_wconf 86' lang='lat' dir='ltr'>tus</span> <span class='ocrx_word' id='word_1_675' title='bbox 1493 2643 1648 2679; x_wconf 89' lang='lat' dir='ltr'>naturalis;</span> <span class='ocrx_word' id='word_1_676' title='bbox 1669 2643 1693 2672; x_wconf 92' lang='lat' dir='ltr'>si</span> <span class='ocrx_word' id='word_1_677' title='bbox 1707 2643 1856 2679; x_wconf 83' lang='lat' dir='ltr'>violenter,</span> <span class='ocrx_word' id='word_1_678' title='bbox 1877 2643 1981 2672; x_wconf 88' lang='lat' dir='ltr'>redibit</span> <span class='ocrx_word' id='word_1_679' title='bbox 2003 2645 2104 2672; x_wconf 84' lang='lat' dir='ltr'>eadem</span> <span class='ocrx_word' id='word_1_680' title='bbox 2119 2643 2260 2681; x_wconf 83' lang='lat' dir='ltr'>quaestio.</span> <span class='ocrx_word' id='word_1_681' title='bbox 2283 2644 2341 2672; x_wconf 88' lang='lat' dir='ltr'>Sed</span> <span class='ocrx_word' id='word_1_682' title='bbox 2355 2653 2416 2672; x_wconf 89' lang='lat' dir='ltr'>non</span> <span class='ocrx_word' id='word_1_683' title='bbox 2430 2653 2500 2680; x_wconf 86' lang='lat' dir='ltr'>pro-</span> 
     </span>
     <span class='ocr_line' id='line_1_50' title="bbox 310 2682 2498 2723; baseline 0 -10"><span class='ocrx_word' id='word_1_684' title='bbox 310 2685 333 2714; x_wconf 89' lang='lat' dir='ltr'>si</span> <span class='ocrx_word' id='word_1_685' title='bbox 348 2695 416 2723; x_wconf 86' lang='lat' dir='ltr'>ergo</span> <span class='ocrx_word' id='word_1_686' title='bbox 438 2692 533 2714; x_wconf 88' lang='lat' dir='ltr'>motus</span> <span class='ocrx_word' id='word_1_687' title='bbox 555 2685 606 2713; x_wconf 88' lang='lat' dir='ltr'>iste</span> <span class='ocrx_word' id='word_1_688' title='bbox 628 2694 689 2713; x_wconf 93' lang='lat' dir='ltr'>non</span> <span class='ocrx_word' id='word_1_689' title='bbox 710 2685 747 2713; x_wconf 89' lang='lat' dir='ltr'>sit</span> <span class='ocrx_word' id='word_1_690' title='bbox 767 2685 920 2720; x_wconf 84' lang='lat' dir='ltr'>naturalis,</span> <span class='ocrx_word' id='word_1_691' title='bbox 945 2685 997 2712; x_wconf 90' lang='lat' dir='ltr'>erit</span> <span class='ocrx_word' id='word_1_692' title='bbox 1018 2684 1169 2712; x_wconf 85' lang='lat' dir='ltr'>violentus.</span> <span class='ocrx_word' id='word_1_693' title='bbox 1191 2685 1246 2713; x_wconf 85' lang='lat' dir='ltr'>Per</span> <span class='ocrx_word' id='word_1_694' title='bbox 1266 2684 1376 2712; x_wconf 90' lang='lat' dir='ltr'>violen-</span> <span class='ocrx_word' id='word_1_695' title='bbox 1430 2684 1592 2712; x_wconf 88' lang='lat' dir='ltr'>cedendum</span> <span class='ocrx_word' id='word_1_696' title='bbox 1608 2683 1637 2711; x_wconf 90' lang='lat' dir='ltr'>in</span> <span class='ocrx_word' id='word_1_697' title='bbox 1652 2682 1812 2712; x_wconf 83' lang='lat' dir='ltr'>infinitum:</span> <span class='ocrx_word' id='word_1_698' title='bbox 1829 2692 1899 2720; x_wconf 87' lang='lat' dir='ltr'>ergo</span> <span class='ocrx_word' id='word_1_699' title='bbox 1914 2683 2125 2712; x_wconf 88' lang='lat' dir='ltr'>deveniendum</span> <span class='ocrx_word' id='word_1_700' title='bbox 2144 2684 2181 2712; x_wconf 91' lang='lat' dir='ltr'>ad</span> <span class='ocrx_word' id='word_1_701' title='bbox 2195 2683 2306 2720; x_wconf 87' lang='lat' dir='ltr'>aliquid</span> <span class='ocrx_word' id='word_1_702' title='bbox 2321 2684 2401 2721; x_wconf 89' lang='lat' dir='ltr'>quod</span> <span class='ocrx_word' id='word_1_703' title='bbox 2417 2683 2498 2721; x_wconf 88' lang='lat' dir='ltr'>quie-</span> 
     </span>
     <span class='ocr_line' id='line_1_51' title="bbox 309 2723 2497 2760; baseline 0 -7"><span class='ocrx_word' id='word_1_704' title='bbox 309 2725 379 2753; x_wconf 89' lang='lat' dir='ltr'>tiam</span> <span class='ocrx_word' id='word_1_705' title='bbox 401 2731 497 2753; x_wconf 88' lang='lat' dir='ltr'>autem</span> <span class='ocrx_word' id='word_1_706' title='bbox 519 2725 628 2753; x_wconf 90' lang='lat' dir='ltr'>moveri</span> <span class='ocrx_word' id='word_1_707' title='bbox 649 2731 692 2753; x_wconf 90' lang='lat' dir='ltr'>est</span> <span class='ocrx_word' id='word_1_708' title='bbox 712 2725 789 2752; x_wconf 89' lang='lat' dir='ltr'>idem</span> <span class='ocrx_word' id='word_1_709' title='bbox 807 2734 840 2753; x_wconf 89' lang='lat' dir='ltr'>ac</span> <span class='ocrx_word' id='word_1_710' title='bbox 857 2724 966 2753; x_wconf 89' lang='lat' dir='ltr'>moveri</span> <span class='ocrx_word' id='word_1_711' title='bbox 988 2731 1100 2760; x_wconf 90' lang='lat' dir='ltr'>praeter</span> <span class='ocrx_word' id='word_1_712' title='bbox 1116 2730 1265 2759; x_wconf 80' lang='lat' dir='ltr'>naturam3</span> <span class='ocrx_word' id='word_1_713' title='bbox 1287 2724 1338 2752; x_wconf 89' lang='lat' dir='ltr'>sed</span> <span class='ocrx_word' id='word_1_714' title='bbox 1352 2723 1375 2752; x_wconf 91' lang='lat' dir='ltr'>si</span> <span class='ocrx_word' id='word_1_715' title='bbox 1430 2723 1482 2752; x_wconf 88' lang='lat' dir='ltr'>scit</span> <span class='ocrx_word' id='word_1_716' title='bbox 1503 2724 1664 2752; x_wconf 90' lang='lat' dir='ltr'>secundum</span> <span class='ocrx_word' id='word_1_717' title='bbox 1686 2730 1828 2751; x_wconf 87' lang='lat' dir='ltr'>naturam.</span> <span class='ocrx_word' id='word_1_718' title='bbox 1844 2723 1874 2751; x_wconf 89' lang='lat' dir='ltr'>Si</span> <span class='ocrx_word' id='word_1_719' title='bbox 1889 2729 1986 2751; x_wconf 88' lang='lat' dir='ltr'>autem</span> <span class='ocrx_word' id='word_1_720' title='bbox 2002 2730 2135 2752; x_wconf 90' lang='lat' dir='ltr'>movetur</span> <span class='ocrx_word' id='word_1_721' title='bbox 2149 2723 2218 2751; x_wconf 93' lang='lat' dir='ltr'>illud</span> <span class='ocrx_word' id='word_1_722' title='bbox 2233 2723 2400 2760; x_wconf 88' lang='lat' dir='ltr'>prohibens,</span> <span class='ocrx_word' id='word_1_723' title='bbox 2418 2729 2497 2760; x_wconf 87' lang='lat' dir='ltr'>tunc,</span> 
     </span>
     <span class='ocr_line' id='line_1_52' title="bbox 309 2763 2499 2801; baseline -0 -8"><span class='ocrx_word' id='word_1_724' title='bbox 309 2771 351 2793; x_wconf 89' lang='lat' dir='ltr'>est</span> <span class='ocrx_word' id='word_1_725' title='bbox 365 2772 462 2793; x_wconf 89' lang='lat' dir='ltr'>motus</span> <span class='ocrx_word' id='word_1_726' title='bbox 483 2771 594 2801; x_wconf 88' lang='lat' dir='ltr'>praeter</span> <span class='ocrx_word' id='word_1_727' title='bbox 615 2771 756 2799; x_wconf 83' lang='lat' dir='ltr'>naturam,</span> <span class='ocrx_word' id='word_1_728' title='bbox 772 2771 815 2793; x_wconf 90' lang='lat' dir='ltr'>est</span> <span class='ocrx_word' id='word_1_729' title='bbox 829 2764 915 2793; x_wconf 89' lang='lat' dir='ltr'>etiam</span> <span class='ocrx_word' id='word_1_730' title='bbox 938 2771 1034 2792; x_wconf 89' lang='lat' dir='ltr'>motus</span> <span class='ocrx_word' id='word_1_731' title='bbox 1051 2765 1210 2792; x_wconf 89' lang='lat' dir='ltr'>secundum</span> <span class='ocrx_word' id='word_1_732' title='bbox 1225 2770 1375 2799; x_wconf 78' lang='lat' dir='ltr'>naturam3</span> <span class='ocrx_word' id='word_1_733' title='bbox 1429 2772 1536 2800; x_wconf 82' lang='lat' dir='ltr'>corpus</span> <span class='ocrx_word' id='word_1_734' title='bbox 1558 2763 1751 2799; x_wconf 89' lang='lat' dir='ltr'>prohibitum,</span> <span class='ocrx_word' id='word_1_735' title='bbox 1774 2770 1888 2791; x_wconf 89' lang='lat' dir='ltr'>remoto</span> <span class='ocrx_word' id='word_1_736' title='bbox 1910 2763 2095 2800; x_wconf 89' lang='lat' dir='ltr'>prohibente,</span> <span class='ocrx_word' id='word_1_737' title='bbox 2117 2764 2155 2791; x_wconf 88' lang='lat' dir='ltr'>ad</span> <span class='ocrx_word' id='word_1_738' title='bbox 2175 2763 2302 2800; x_wconf 83' lang='lat' dir='ltr'>aliquem</span> <span class='ocrx_word' id='word_1_739' title='bbox 2328 2763 2425 2792; x_wconf 88' lang='lat' dir='ltr'>locum</span> <span class='ocrx_word' id='word_1_740' title='bbox 2447 2764 2499 2792; x_wconf 85' lang='lat' dir='ltr'>de·</span> 
     </span>
     <span class='ocr_line' id='line_1_53' title="bbox 310 2802 2496 2841; baseline 0 -9"><span class='ocrx_word' id='word_1_741' title='bbox 310 2814 378 2841; x_wconf 88' lang='lat' dir='ltr'>ergo</span> <span class='ocrx_word' id='word_1_742' title='bbox 402 2814 526 2841; x_wconf 87' lang='lat' dir='ltr'>corpora</span> <span class='ocrx_word' id='word_1_743' title='bbox 553 2804 694 2841; x_wconf 88' lang='lat' dir='ltr'>simplicia</span> <span class='ocrx_word' id='word_1_744' title='bbox 714 2804 821 2832; x_wconf 88' lang='lat' dir='ltr'>habent</span> <span class='ocrx_word' id='word_1_745' title='bbox 842 2811 955 2832; x_wconf 89' lang='lat' dir='ltr'>motum</span> <span class='ocrx_word' id='word_1_746' title='bbox 977 2804 1146 2832; x_wconf 84' lang='lat' dir='ltr'>naturalem.</span> <span class='ocrx_word' id='word_1_747' title='bbox 1177 2803 1235 2838; x_wconf 90' lang='lat' dir='ltr'>Qui</span> <span class='ocrx_word' id='word_1_748' title='bbox 1257 2803 1375 2840; x_wconf 91' lang='lat' dir='ltr'>quidem</span> <span class='ocrx_word' id='word_1_749' title='bbox 1429 2802 1615 2832; x_wconf 85' lang='lat' dir='ltr'>terminatum</span> <span class='ocrx_word' id='word_1_750' title='bbox 1637 2803 1751 2837; x_wconf 85' lang='lat' dir='ltr'>feretur,</span> <span class='ocrx_word' id='word_1_751' title='bbox 1767 2809 1795 2831; x_wconf 92' lang='lat' dir='ltr'>et</span> <span class='ocrx_word' id='word_1_752' title='bbox 1811 2812 1877 2831; x_wconf 89' lang='lat' dir='ltr'>cum</span> <span class='ocrx_word' id='word_1_753' title='bbox 1899 2802 1966 2831; x_wconf 92' lang='lat' dir='ltr'>illuc</span> <span class='ocrx_word' id='word_1_754' title='bbox 1987 2802 2158 2840; x_wconf 84' lang='lat' dir='ltr'>pervenerit,</span> <span class='ocrx_word' id='word_1_755' title='bbox 2173 2803 2300 2840; x_wconf 89' lang='lat' dir='ltr'>quiescet</span> <span class='ocrx_word' id='word_1_756' title='bbox 2320 2803 2496 2832; x_wconf 78' lang='lat' dir='ltr'>naturaliter.</span> 
     </span>
     <span class='ocr_line' id='line_1_54' title="bbox 310 2842 2497 2880; baseline -0 -8"><span class='ocrx_word' id='word_1_757' title='bbox 310 2851 406 2872; x_wconf 85' lang='lat' dir='ltr'>motus</span> <span class='ocrx_word' id='word_1_758' title='bbox 428 2851 469 2872; x_wconf 90' lang='lat' dir='ltr'>est</span> <span class='ocrx_word' id='word_1_759' title='bbox 486 2854 561 2872; x_wconf 86' lang='lat' dir='ltr'>unus</span> <span class='ocrx_word' id='word_1_760' title='bbox 574 2844 660 2872; x_wconf 90' lang='lat' dir='ltr'>unius</span> <span class='ocrx_word' id='word_1_761' title='bbox 682 2844 821 2880; x_wconf 89' lang='lat' dir='ltr'>corporis,</span> <span class='ocrx_word' id='word_1_762' title='bbox 844 2843 975 2880; x_wconf 87' lang='lat' dir='ltr'>quamvis</span> <span class='ocrx_word' id='word_1_763' title='bbox 997 2843 1026 2871; x_wconf 89' lang='lat' dir='ltr'>in</span> <span class='ocrx_word' id='word_1_764' title='bbox 1046 2853 1105 2872; x_wconf 90' lang='lat' dir='ltr'>uno</span> <span class='ocrx_word' id='word_1_765' title='bbox 1121 2852 1243 2880; x_wconf 89' lang='lat' dir='ltr'>corpore</span> <span class='ocrx_word' id='word_1_766' title='bbox 1263 2843 1376 2879; x_wconf 88' lang='lat' dir='ltr'>possint</span> <span class='ocrx_word' id='word_1_767' title='bbox 1430 2843 1487 2871; x_wconf 88' lang='lat' dir='ltr'>Sed</span> <span class='ocrx_word' id='word_1_768' title='bbox 1509 2842 1532 2871; x_wconf 87' lang='lat' dir='ltr'>si</span> <span class='ocrx_word' id='word_1_769' title='bbox 1554 2843 1720 2871; x_wconf 87' lang='lat' dir='ltr'>naturaliter</span> <span class='ocrx_word' id='word_1_770' title='bbox 1740 2842 1779 2871; x_wconf 91' lang='lat' dir='ltr'>ibi</span> <span class='ocrx_word' id='word_1_771' title='bbox 1798 2842 1927 2880; x_wconf 88' lang='lat' dir='ltr'>quiescit,</span> <span class='ocrx_word' id='word_1_772' title='bbox 1950 2850 2083 2871; x_wconf 88' lang='lat' dir='ltr'>movetur</span> <span class='ocrx_word' id='word_1_773' title='bbox 2103 2843 2170 2872; x_wconf 90' lang='lat' dir='ltr'>illuc</span> <span class='ocrx_word' id='word_1_774' title='bbox 2184 2842 2359 2871; x_wconf 85' lang='lat' dir='ltr'>naturaliter.</span> <span class='ocrx_word' id='word_1_775' title='bbox 2374 2844 2462 2880; x_wconf 78' lang='lat' dir='ltr'>Ergo.</span> <span class='ocrx_word' id='word_1_776' title='bbox 2476 2859 2497 2864; x_wconf 90' lang='lat'>—-</span> 
     </span>
     <span class='ocr_line' id='line_1_55' title="bbox 310 2881 2496 2920; baseline -0 -8"><span class='ocrx_word' id='word_1_777' title='bbox 310 2893 371 2912; x_wconf 89' lang='lat' dir='ltr'>esse</span> <span class='ocrx_word' id='word_1_778' title='bbox 393 2884 474 2912; x_wconf 89' lang='lat' dir='ltr'>multi</span> <span class='ocrx_word' id='word_1_779' title='bbox 496 2890 593 2912; x_wconf 88' lang='lat' dir='ltr'>motus</span> <span class='ocrx_word' id='word_1_780' title='bbox 614 2890 727 2920; x_wconf 90' lang='lat' dir='ltr'>praeter</span> <span class='ocrx_word' id='word_1_781' title='bbox 747 2891 888 2912; x_wconf 82' lang='lat' dir='ltr'>naturam.</span> <span class='ocrx_word' id='word_1_782' title='bbox 903 2900 923 2905; x_wconf 47' lang='grc' dir='ltr'>ν</span> <span class='ocrx_word' id='word_1_783' title='bbox 939 2883 1106 2911; x_wconf 83' lang='lat' dir='ltr'>Excluditur</span> <span class='ocrx_word' id='word_1_784' title='bbox 1127 2883 1252 2911; x_wconf 90' lang='lat' dir='ltr'>obiectio</span> <span class='ocrx_word' id='word_1_785' title='bbox 1274 2890 1375 2911; x_wconf 90' lang='lat' dir='ltr'>contra</span> <span class='ocrx_word' id='word_1_786' title='bbox 1428 2892 1456 2918; x_wconf 86' lang='lat'>4.</span> <span class='ocrx_word' id='word_1_787' title='bbox 1479 2882 1643 2911; x_wconf 93' lang='lat' dir='ltr'>Subdivisio</span> <span class='ocrx_word' id='word_1_788' title='bbox 1665 2889 1767 2911; x_wconf 89' lang='lat' dir='ltr'>textus.</span> <span class='ocrx_word' id='word_1_789' title='bbox 1783 2898 1803 2903; x_wconf 90' lang='lat'>—</span> <span class='ocrx_word' id='word_1_790' title='bbox 1824 2883 1962 2919; x_wconf 88' lang='lat' dir='ltr'>Leucippi</span> <span class='ocrx_word' id='word_1_791' title='bbox 1983 2889 2011 2911; x_wconf 90' lang='lat' dir='ltr'>et</span> <span class='ocrx_word' id='word_1_792' title='bbox 2032 2882 2204 2917; x_wconf 87' lang='lat' dir='ltr'>Democriti,</span> <span class='ocrx_word' id='word_1_793' title='bbox 2226 2882 2399 2920; x_wconf 86' lang='lat' dir='ltr'>ponentium</span> <span class='ocrx_word' id='word_1_794' title='bbox 2420 2881 2496 2911; x_wconf 87' lang='lat' dir='ltr'>indi-</span> 
     </span>
     <span class='ocr_line' id='line_1_56' title="bbox 310 2922 2494 2960; baseline 0 -9"><span class='ocrx_word' id='word_1_795' title='bbox 310 2923 366 2952; x_wconf 86' lang='lat' dir='ltr'>hoc</span> <span class='ocrx_word' id='word_1_796' title='bbox 387 2925 467 2960; x_wconf 93' lang='lat' dir='ltr'>quod</span> <span class='ocrx_word' id='word_1_797' title='bbox 488 2924 599 2958; x_wconf 91' lang='lat' dir='ltr'>dicitur,</span> <span class='ocrx_word' id='word_1_798' title='bbox 621 2923 707 2951; x_wconf 88' lang='lat' dir='ltr'>unius</span> <span class='ocrx_word' id='word_1_799' title='bbox 729 2923 859 2960; x_wconf 91' lang='lat' dir='ltr'>corporis</span> <span class='ocrx_word' id='word_1_800' title='bbox 883 2933 944 2951; x_wconf 89' lang='lat' dir='ltr'>esse</span> <span class='ocrx_word' id='word_1_801' title='bbox 966 2933 1058 2951; x_wconf 93' lang='lat' dir='ltr'>unum</span> <span class='ocrx_word' id='word_1_802' title='bbox 1080 2930 1192 2951; x_wconf 91' lang='lat' dir='ltr'>motum</span> <span class='ocrx_word' id='word_1_803' title='bbox 1215 2924 1374 2951; x_wconf 88' lang='lat' dir='ltr'>secundum</span> <span class='ocrx_word' id='word_1_804' title='bbox 1429 2922 1551 2950; x_wconf 87' lang='lat' dir='ltr'>visibilia</span> <span class='ocrx_word' id='word_1_805' title='bbox 1581 2931 1705 2959; x_wconf 88' lang='lat' dir='ltr'>corpora</span> <span class='ocrx_word' id='word_1_806' title='bbox 1734 2931 1847 2959; x_wconf 86' lang='lat' dir='ltr'>semper</span> <span class='ocrx_word' id='word_1_807' title='bbox 1875 2922 1985 2951; x_wconf 91' lang='lat' dir='ltr'>moveri</span> <span class='ocrx_word' id='word_1_808' title='bbox 2014 2922 2043 2950; x_wconf 91' lang='lat' dir='ltr'>in</span> <span class='ocrx_word' id='word_1_809' title='bbox 2071 2922 2165 2959; x_wconf 83' lang='lat' dir='ltr'>spatio</span> <span class='ocrx_word' id='word_1_810' title='bbox 2188 2922 2302 2951; x_wconf 85' lang='lat' dir='ltr'>infinito</span> <span class='ocrx_word' id='word_1_811' title='bbox 2330 2929 2359 2951; x_wconf 89' lang='lat' dir='ltr'>et</span> <span class='ocrx_word' id='word_1_812' title='bbox 2385 2931 2494 2959; x_wconf 80' lang='lat' dir='ltr'>vacuo,</span> 
     </span>
     <span class='ocr_line' id='line_1_57' title="bbox 310 2960 2496 3000; baseline 0 -9"><span class='ocrx_word' id='word_1_813' title='bbox 310 2970 451 2998; x_wconf 82' lang='lat' dir='ltr'>naturam,</span> <span class='ocrx_word' id='word_1_814' title='bbox 467 2963 598 3000; x_wconf 89' lang='lat' dir='ltr'>quamvis</span> <span class='ocrx_word' id='word_1_815' title='bbox 619 2963 676 2991; x_wconf 90' lang='lat' dir='ltr'>sint</span> <span class='ocrx_word' id='word_1_816' title='bbox 690 2962 772 2991; x_wconf 88' lang='lat' dir='ltr'>multi</span> <span class='ocrx_word' id='word_1_817' title='bbox 794 2970 891 2991; x_wconf 84' lang='lat' dir='ltr'>motus</span> <span class='ocrx_word' id='word_1_818' title='bbox 912 2969 1024 2999; x_wconf 89' lang='lat' dir='ltr'>praeter</span> <span class='ocrx_word' id='word_1_819' title='bbox 1041 2969 1182 2991; x_wconf 88' lang='lat' dir='ltr'>naturam.</span> <span class='ocrx_word' id='word_1_820' title='bbox 1198 2978 1217 2983; x_wconf 82' lang='lat'>—-</span> <span class='ocrx_word' id='word_1_821' title='bbox 1234 2963 1259 2990; x_wconf 87' lang='lat'>3.</span> <span class='ocrx_word' id='word_1_822' title='bbox 1282 2963 1309 2998; x_wconf 90' lang='lat' dir='ltr'>b)</span> <span class='ocrx_word' id='word_1_823' title='bbox 1324 2963 1375 2991; x_wconf 87' lang='lat' dir='ltr'>Ex</span> <span class='ocrx_word' id='word_1_824' title='bbox 1429 2960 1606 2991; x_wconf 87' lang='lat' dir='ltr'>insufficiens</span> <span class='ocrx_word' id='word_1_825' title='bbox 1634 2962 1687 2990; x_wconf 86' lang='lat' dir='ltr'>fuit</span> <span class='ocrx_word' id='word_1_826' title='bbox 1714 2962 1830 2999; x_wconf 88' lang='lat' dir='ltr'>positio.</span> <span class='ocrx_word' id='word_1_827' title='bbox 1860 2963 1935 2991; x_wconf 89' lang='lat' dir='ltr'>Cum</span> <span class='ocrx_word' id='word_1_828' title='bbox 1964 2962 2041 2991; x_wconf 90' lang='lat' dir='ltr'>enim</span> <span class='ocrx_word' id='word_1_829' title='bbox 2070 2962 2246 2999; x_wconf 86' lang='lat' dir='ltr'>simplicium</span> <span class='ocrx_word' id='word_1_830' title='bbox 2273 2971 2431 3000; x_wconf 86' lang='lat' dir='ltr'>corporum</span> <span class='ocrx_word' id='word_1_831' title='bbox 2459 2962 2496 2992; x_wconf 78' lang='lat' dir='ltr'>sit</span> 
     </span>
     <span class='ocr_line' id='line_1_58' title="bbox 306 3002 2495 3040; baseline 0 -10"><span class='ocrx_word' id='word_1_832' title='bbox 306 3008 392 3040; x_wconf 79' lang='lat' dir='ltr'>parte</span> <span class='ocrx_word' id='word_1_833' title='bbox 421 3003 530 3040; x_wconf 79' lang='lat' dir='ltr'>quietis.</span> <span class='ocrx_word' id='word_1_834' title='bbox 554 3005 619 3031; x_wconf 93' lang='lat' dir='ltr'>Duo</span> <span class='ocrx_word' id='word_1_835' title='bbox 641 3003 874 3039; x_wconf 83' lang='lat' dir='ltr'>praesupposita:</span> <span class='ocrx_word' id='word_1_836' title='bbox 903 3004 931 3038; x_wconf 85' lang='lat' dir='ltr'>a)</span> <span class='ocrx_word' id='word_1_837' title='bbox 954 3012 1041 3030; x_wconf 90' lang='lat' dir='ltr'>omne</span> <span class='ocrx_word' id='word_1_838' title='bbox 1065 3003 1146 3039; x_wconf 92' lang='lat' dir='ltr'>quod</span> <span class='ocrx_word' id='word_1_839' title='bbox 1167 3002 1303 3039; x_wconf 82' lang='lat' dir='ltr'>quiescit,</span> <span class='ocrx_word' id='word_1_840' title='bbox 1325 3009 1375 3030; x_wconf 85' lang='lat' dir='ltr'>aut</span> <span class='ocrx_word' id='word_1_841' title='bbox 1428 3002 1531 3039; x_wconf 85' lang='lat' dir='ltr'>aliquis</span> <span class='ocrx_word' id='word_1_842' title='bbox 1553 3009 1650 3030; x_wconf 86' lang='lat' dir='ltr'>motus</span> <span class='ocrx_word' id='word_1_843' title='bbox 1671 3002 1818 3038; x_wconf 84' lang='lat' dir='ltr'>naturalis,</span> <span class='ocrx_word' id='word_1_844' title='bbox 1841 3002 2032 3030; x_wconf 88' lang='lat' dir='ltr'>determinare</span> <span class='ocrx_word' id='word_1_845' title='bbox 2047 3003 2190 3031; x_wconf 88' lang='lat' dir='ltr'>debebant</span> <span class='ocrx_word' id='word_1_846' title='bbox 2212 3011 2270 3039; x_wconf 86' lang='lat' dir='ltr'>qua</span> <span class='ocrx_word' id='word_1_847' title='bbox 2288 3002 2383 3039; x_wconf 81' lang='lat' dir='ltr'>specie</span> <span class='ocrx_word' id='word_1_848' title='bbox 2397 3008 2495 3031; x_wconf 80' lang='lat' dir='ltr'>motus</span> 
     </span>
     <span class='ocr_line' id='line_1_59' title="bbox 310 3041 2492 3079; baseline 0 -9"><span class='ocrx_word' id='word_1_849' title='bbox 310 3042 448 3070; x_wconf 89' lang='lat' dir='ltr'>violenter</span> <span class='ocrx_word' id='word_1_850' title='bbox 461 3049 510 3071; x_wconf 90' lang='lat' dir='ltr'>aut</span> <span class='ocrx_word' id='word_1_851' title='bbox 528 3044 687 3071; x_wconf 89' lang='lat' dir='ltr'>secundum</span> <span class='ocrx_word' id='word_1_852' title='bbox 709 3049 841 3071; x_wconf 86' lang='lat' dir='ltr'>naturam</span> <span class='ocrx_word' id='word_1_853' title='bbox 863 3042 998 3079; x_wconf 81' lang='lat' dir='ltr'>quiescit;</span> <span class='ocrx_word' id='word_1_854' title='bbox 1021 3043 1048 3078; x_wconf 90' lang='lat' dir='ltr'>b)</span> <span class='ocrx_word' id='word_1_855' title='bbox 1070 3042 1109 3070; x_wconf 92' lang='lat' dir='ltr'>ibi</span> <span class='ocrx_word' id='word_1_856' title='bbox 1132 3042 1251 3079; x_wconf 91' lang='lat' dir='ltr'>quiescit</span> <span class='ocrx_word' id='word_1_857' title='bbox 1265 3042 1373 3079; x_wconf 88' lang='lat' dir='ltr'>aliquid</span> <span class='ocrx_word' id='word_1_858' title='bbox 1428 3041 1595 3070; x_wconf 86' lang='lat' dir='ltr'>huiusmodi</span> <span class='ocrx_word' id='word_1_859' title='bbox 1610 3051 1733 3078; x_wconf 89' lang='lat' dir='ltr'>corpora</span> <span class='ocrx_word' id='word_1_860' title='bbox 1747 3049 1927 3077; x_wconf 89' lang='lat' dir='ltr'>moveantur,</span> <span class='ocrx_word' id='word_1_861' title='bbox 1943 3049 1971 3070; x_wconf 90' lang='lat' dir='ltr'>et</span> <span class='ocrx_word' id='word_1_862' title='bbox 1986 3042 2050 3079; x_wconf 87' lang='lat' dir='ltr'>quis</span> <span class='ocrx_word' id='word_1_863' title='bbox 2066 3042 2101 3070; x_wconf 88' lang='lat' dir='ltr'>sit</span> <span class='ocrx_word' id='word_1_864' title='bbox 2116 3049 2213 3070; x_wconf 89' lang='lat' dir='ltr'>motus</span> <span class='ocrx_word' id='word_1_865' title='bbox 2228 3042 2366 3071; x_wconf 86' lang='lat' dir='ltr'>naturalis</span> <span class='ocrx_word' id='word_1_866' title='bbox 2380 3051 2492 3071; x_wconf 88' lang='lat' dir='ltr'>eorum.</span> 
     </span>
     <span class='ocr_line' id='line_1_60' title="bbox 311 3082 2493 3119; baseline 0 -9"><span class='ocrx_word' id='word_1_867' title='bbox 311 3091 362 3118; x_wconf 90' lang='lat' dir='ltr'>per</span> <span class='ocrx_word' id='word_1_868' title='bbox 381 3082 547 3110; x_wconf 82' lang='lat' dir='ltr'>violentiam</span> <span class='ocrx_word' id='word_1_869' title='bbox 568 3090 616 3111; x_wconf 89' lang='lat' dir='ltr'>aut</span> <span class='ocrx_word' id='word_1_870' title='bbox 638 3083 798 3110; x_wconf 88' lang='lat' dir='ltr'>secundum</span> <span class='ocrx_word' id='word_1_871' title='bbox 819 3089 962 3117; x_wconf 86' lang='lat' dir='ltr'>naturam,</span> <span class='ocrx_word' id='word_1_872' title='bbox 985 3091 1044 3119; x_wconf 91' lang='lat' dir='ltr'>quo</span> <span class='ocrx_word' id='word_1_873' title='bbox 1066 3082 1205 3110; x_wconf 88' lang='lat' dir='ltr'>violenter</span> <span class='ocrx_word' id='word_1_874' title='bbox 1225 3088 1275 3110; x_wconf 92' lang='lat' dir='ltr'>aut</span> <span class='ocrx_word' id='word_1_875' title='bbox 1289 3088 1373 3110; x_wconf 87' lang='lat' dir='ltr'>natu·</span> <span class='ocrx_word' id='word_1_876' title='bbox 1427 3098 1447 3102; x_wconf 92' lang='lat'><em>-</em></span> <span class='ocrx_word' id='word_1_877' title='bbox 1463 3082 1488 3110; x_wconf 91' lang='grc'>5.</span> <span class='ocrx_word' id='word_1_878' title='bbox 1505 3083 1564 3110; x_wconf 88' lang='lat' dir='ltr'>Nec</span> <span class='ocrx_word' id='word_1_879' title='bbox 1586 3082 1761 3118; x_wconf 90' lang='lat' dir='ltr'>respondere</span> <span class='ocrx_word' id='word_1_880' title='bbox 1783 3088 1917 3118; x_wconf 87' lang='lat' dir='ltr'>poterant</span> <span class='ocrx_word' id='word_1_881' title='bbox 1938 3083 2018 3119; x_wconf 88' lang='lat' dir='ltr'>quod</span> <span class='ocrx_word' id='word_1_882' title='bbox 2039 3091 2130 3110; x_wconf 89' lang='lat' dir='ltr'>unum</span> <span class='ocrx_word' id='word_1_883' title='bbox 2147 3082 2268 3110; x_wconf 89' lang='lat' dir='ltr'>istorum</span> <span class='ocrx_word' id='word_1_884' title='bbox 2283 3091 2442 3119; x_wconf 87' lang='lat' dir='ltr'>corporum</span> <span class='ocrx_word' id='word_1_885' title='bbox 2456 3083 2493 3111; x_wconf 74' lang='lat' dir='ltr'>ab</span> 
     </span>
     <span class='ocr_line' id='line_1_61' title="bbox 311 3121 2495 3159; baseline 0 -10"><span class='ocrx_word' id='word_1_886' title='bbox 311 3121 406 3149; x_wconf 88' lang='lat' dir='ltr'>raliter</span> <span class='ocrx_word' id='word_1_887' title='bbox 433 3129 573 3150; x_wconf 91' lang='lat' dir='ltr'>movetur.</span> <span class='ocrx_word' id='word_1_888' title='bbox 587 3139 605 3144; x_wconf 87' lang='lat'><em>-</em></span> <span class='ocrx_word' id='word_1_889' title='bbox 620 3123 712 3150; x_wconf 90' lang='lat' dir='ltr'>Sensu</span> <span class='ocrx_word' id='word_1_890' title='bbox 735 3122 867 3150; x_wconf 91' lang='lat' dir='ltr'>videmus</span> <span class='ocrx_word' id='word_1_891' title='bbox 895 3121 1014 3158; x_wconf 90' lang='lat' dir='ltr'>aliquod</span> <span class='ocrx_word' id='word_1_892' title='bbox 1043 3131 1148 3158; x_wconf 88' lang='lat' dir='ltr'>corpus</span> <span class='ocrx_word' id='word_1_893' title='bbox 1173 3121 1320 3158; x_wconf 87' lang='lat' dir='ltr'>quiescere</span> <span class='ocrx_word' id='word_1_894' title='bbox 1343 3121 1373 3149; x_wconf 91' lang='lat' dir='ltr'>in</span> <span class='ocrx_word' id='word_1_895' title='bbox 1427 3121 1484 3150; x_wconf 88' lang='lat' dir='ltr'>alio</span> <span class='ocrx_word' id='word_1_896' title='bbox 1506 3130 1557 3158; x_wconf 90' lang='lat' dir='ltr'>per</span> <span class='ocrx_word' id='word_1_897' title='bbox 1577 3121 1744 3149; x_wconf 88' lang='lat' dir='ltr'>violentiam</span> <span class='ocrx_word' id='word_1_898' title='bbox 1767 3128 1913 3157; x_wconf 86' lang='lat' dir='ltr'>movetur;</span> <span class='ocrx_word' id='word_1_899' title='bbox 1935 3122 2004 3159; x_wconf 87' lang='lat' dir='ltr'>quia</span> <span class='ocrx_word' id='word_1_900' title='bbox 2024 3123 2052 3158; x_wconf 88' lang='lat' dir='ltr'>a)</span> <span class='ocrx_word' id='word_1_901' title='bbox 2074 3129 2171 3150; x_wconf 88' lang='lat' dir='ltr'>motus</span> <span class='ocrx_word' id='word_1_902' title='bbox 2192 3121 2335 3150; x_wconf 89' lang='lat' dir='ltr'>violentus</span> <span class='ocrx_word' id='word_1_903' title='bbox 2356 3121 2495 3159; x_wconf 88' lang='lat' dir='ltr'>supponit</span> 
     </span>
     <span class='ocr_line' id='line_1_62' title="bbox 311 3161 2494 3198; baseline 0.001 -10"><span class='ocrx_word' id='word_1_904' title='bbox 311 3161 420 3189; x_wconf 89' lang='lat' dir='ltr'>medio:</span> <span class='ocrx_word' id='word_1_905' title='bbox 442 3170 510 3198; x_wconf 87' lang='lat' dir='ltr'>ergo</span> <span class='ocrx_word' id='word_1_906' title='bbox 533 3162 577 3190; x_wconf 90' lang='lat' dir='ltr'>vel</span> <span class='ocrx_word' id='word_1_907' title='bbox 599 3161 738 3190; x_wconf 87' lang='lat' dir='ltr'>violenter</span> <span class='ocrx_word' id='word_1_908' title='bbox 758 3162 803 3190; x_wconf 89' lang='lat' dir='ltr'>vel</span> <span class='ocrx_word' id='word_1_909' title='bbox 823 3162 991 3190; x_wconf 87' lang='lat' dir='ltr'>naturaliter</span> <span class='ocrx_word' id='word_1_910' title='bbox 1012 3161 1051 3189; x_wconf 89' lang='lat' dir='ltr'>ibi</span> <span class='ocrx_word' id='word_1_911' title='bbox 1073 3161 1202 3198; x_wconf 88' lang='lat' dir='ltr'>quiescit.</span> <span class='ocrx_word' id='word_1_912' title='bbox 1225 3161 1254 3189; x_wconf 89' lang='lat' dir='ltr'>Si</span> <span class='ocrx_word' id='word_1_913' title='bbox 1275 3168 1372 3189; x_wconf 88' lang='lat' dir='ltr'>autem</span> <span class='ocrx_word' id='word_1_914' title='bbox 1427 3161 1603 3196; x_wconf 83' lang='lat' dir='ltr'>naturalem;</span> <span class='ocrx_word' id='word_1_915' title='bbox 1626 3162 1653 3196; x_wconf 85' lang='lat' dir='ltr'>b)</span> <span class='ocrx_word' id='word_1_916' title='bbox 1675 3162 1777 3189; x_wconf 88' lang='lat' dir='ltr'>saltem</span> <span class='ocrx_word' id='word_1_917' title='bbox 1800 3161 1926 3198; x_wconf 89' lang='lat' dir='ltr'>primum</span> <span class='ocrx_word' id='word_1_918' title='bbox 1948 3171 2069 3190; x_wconf 89' lang='lat' dir='ltr'>movens</span> <span class='ocrx_word' id='word_1_919' title='bbox 2096 3161 2278 3197; x_wconf 85' lang='lat' dir='ltr'>naturaliter,</span> <span class='ocrx_word' id='word_1_920' title='bbox 2300 3167 2328 3190; x_wconf 88' lang='lat' dir='ltr'>et</span> <span class='ocrx_word' id='word_1_921' title='bbox 2349 3171 2410 3190; x_wconf 92' lang='lat' dir='ltr'>non</span> <span class='ocrx_word' id='word_1_922' title='bbox 2430 3161 2494 3191; x_wconf 88' lang='lat' dir='ltr'>vio-</span> 
     </span>
     <span class='ocr_line' id='line_1_63' title="bbox 311 3160 2493 3278; baseline 0.001 -50"><span class='ocrx_word' id='word_1_923' title='bbox 311 3200 488 3235; x_wconf 81' lang='lat' dir='ltr'>naturaliter,</span> <span class='ocrx_word' id='word_1_924' title='bbox 510 3210 578 3238; x_wconf 89' lang='lat' dir='ltr'>ergo</span> <span class='ocrx_word' id='word_1_925' title='bbox 596 3208 623 3229; x_wconf 87' lang='lat' dir='ltr'>et</span> <span class='ocrx_word' id='word_1_926' title='bbox 638 3208 734 3229; x_wconf 90' lang='lat' dir='ltr'>motus</span> <span class='ocrx_word' id='word_1_927' title='bbox 756 3201 816 3229; x_wconf 92' lang='lat' dir='ltr'>eius</span> <span class='ocrx_word' id='word_1_928' title='bbox 837 3203 874 3229; x_wconf 92' lang='lat' dir='ltr'>ad</span> <span class='ocrx_word' id='word_1_929' title='bbox 896 3202 972 3229; x_wconf 89' lang='lat' dir='ltr'>hunc</span> <span class='ocrx_word' id='word_1_930' title='bbox 994 3202 1090 3229; x_wconf 91' lang='lat' dir='ltr'>locum</span> <span class='ocrx_word' id='word_1_931' title='bbox 1113 3208 1155 3229; x_wconf 90' lang='lat' dir='ltr'>est</span> <span class='ocrx_word' id='word_1_932' title='bbox 1176 3201 1326 3235; x_wconf 83' lang='lat' dir='ltr'>naturalis3</span> <span class='ocrx_word' id='word_1_933' title='bbox 1349 3201 1372 3229; x_wconf 89' lang='lat' dir='ltr'>si</span> <span class='ocrx_word' id='word_1_934' title='bbox 1397 3160 1402 3278; x_wconf 85' lang='grc' dir='ltr'>Ι</span> <span class='ocrx_word' id='word_1_935' title='bbox 1426 3201 1516 3229; x_wconf 90' lang='lat' dir='ltr'>lenter</span> <span class='ocrx_word' id='word_1_936' title='bbox 1532 3207 1682 3229; x_wconf 91' lang='lat' dir='ltr'>moveatur</span> <span class='ocrx_word' id='word_1_937' title='bbox 1697 3208 1820 3238; x_wconf 89' lang='lat' dir='ltr'>oportet.</span> <span class='ocrx_word' id='word_1_938' title='bbox 1844 3203 1910 3230; x_wconf 88' lang='lat' dir='ltr'>Non</span> <span class='ocrx_word' id='word_1_939' title='bbox 1931 3211 2000 3239; x_wconf 84' lang='lat' dir='ltr'>ergo</span> <span class='ocrx_word' id='word_1_940' title='bbox 2021 3208 2193 3230; x_wconf 85' lang='lat' dir='ltr'>excusantur</span> <span class='ocrx_word' id='word_1_941' title='bbox 2214 3201 2285 3239; x_wconf 87' lang='lat' dir='ltr'>quin</span> <span class='ocrx_word' id='word_1_942' title='bbox 2306 3208 2420 3230; x_wconf 88' lang='lat' dir='ltr'>motum</span> <span class='ocrx_word' id='word_1_943' title='bbox 2440 3210 2493 3230; x_wconf 79' lang='lat' dir='ltr'>na-</span> 
     </span>
    </p>
   </div>
   <div class='ocr_carea' id='block_1_17' title="bbox 310 3240 1896 3278">
    <p class='ocr_par' dir='ltr' id='par_1_19' title="bbox 310 3240 1896 3278">
     <span class='ocr_line' id='line_1_64' title="bbox 310 3240 1896 3278; baseline 0.002 -11"><span class='ocrx_word' id='word_1_944' title='bbox 310 3248 378 3267; x_wconf 88' lang='lat' dir='ltr'>vero</span> <span class='ocrx_word' id='word_1_945' title='bbox 399 3240 546 3276; x_wconf 89' lang='lat' dir='ltr'>violenter,</span> <span class='ocrx_word' id='word_1_946' title='bbox 569 3250 637 3278; x_wconf 86' lang='lat' dir='ltr'>ergo</span> <span class='ocrx_word' id='word_1_947' title='bbox 651 3242 731 3270; x_wconf 86' lang='lat' dir='ltr'>adest</span> <span class='ocrx_word' id='word_1_948' title='bbox 752 3241 859 3278; x_wconf 88' lang='lat' dir='ltr'>aliquid</span> <span class='ocrx_word' id='word_1_949' title='bbox 880 3241 1038 3278; x_wconf 87' lang='lat' dir='ltr'>prohibens</span> <span class='ocrx_word' id='word_1_950' title='bbox 1059 3241 1153 3278; x_wconf 88' lang='lat' dir='ltr'>ipsum</span> <span class='ocrx_word' id='word_1_951' title='bbox 1171 3241 1289 3269; x_wconf 90' lang='lat' dir='ltr'>moveri.</span> <span class='ocrx_word' id='word_1_952' title='bbox 1314 3241 1371 3269; x_wconf 89' lang='lat' dir='ltr'>Sed</span> <span class='ocrx_word' id='word_1_953' title='bbox 1426 3241 1548 3269; x_wconf 89' lang='lat' dir='ltr'>turalem</span> <span class='ocrx_word' id='word_1_954' title='bbox 1570 3241 1714 3278; x_wconf 85' lang='lat' dir='ltr'>assignare</span> <span class='ocrx_word' id='word_1_955' title='bbox 1736 3241 1896 3270; x_wconf 87' lang='lat' dir='ltr'>debuerint.</span> 
     </span>
    </p>
   </div>
   <div class='ocr_carea' id='block_1_18' title="bbox 426 3333 2492 3543">
    <p class='ocr_par' dir='ltr' id='par_1_20' title="bbox 426 3333 2492 3543">
     <span class='ocr_line' id='line_1_65' title="bbox 426 3333 2489 3385; baseline 0 -14"><span class='ocrx_word' id='word_1_956' title='bbox 426 3343 491 3385; x_wconf 35' lang='grc' dir='ltr'>μς·</span> <span class='ocrx_word' id='word_1_957' title='bbox 509 3341 740 3382; x_wconf 67' lang='lat' dir='ltr'>-,*ostquam</span> <span class='ocrx_word' id='word_1_958' title='bbox 769 3333 1023 3382; x_wconf 89' lang='lat' dir='ltr'>Philosophus</span> <span class='ocrx_word' id='word_1_959' title='bbox 1048 3333 1279 3383; x_wconf 89' lang='lat' dir='ltr'>improbavit</span> <span class='ocrx_word' id='word_1_960' title='bbox 1297 3345 1366 3382; x_wconf 93' lang='lat' dir='ltr'>po·</span> <span class='ocrx_word' id='word_1_961' title='bbox 1421 3334 1536 3370; x_wconf 87' lang='lat' dir='ltr'>beant</span> <span class='ocrx_word' id='word_1_962' title='bbox 1559 3341 1686 3370; x_wconf 90' lang='lat' dir='ltr'>motus</span> <span class='ocrx_word' id='word_1_963' title='bbox 1706 3334 1895 3371; x_wconf 90' lang='lat' dir='ltr'>naturales</span> <span class='ocrx_word' id='word_1_964' title='bbox 1911 3334 1943 3371; x_wconf 72' lang='lat'>¹⁸.</span> <span class='ocrx_word' id='word_1_965' title='bbox 1970 3335 2018 3371; x_wconf 89' lang='lat' dir='ltr'>Et</span> <span class='ocrx_word' id='word_1_966' title='bbox 2047 3334 2144 3371; x_wconf 90' lang='lat' dir='ltr'>circa</span> <span class='ocrx_word' id='word_1_967' title='bbox 2171 3335 2247 3371; x_wconf 93' lang='lat' dir='ltr'>hoc</span> <span class='ocrx_word' id='word_1_968' title='bbox 2276 3334 2353 3372; x_wconf 89' lang='lat' dir='ltr'>duo</span> <span class='ocrx_word' id='word_1_969' title='bbox 2382 3333 2489 3372; x_wconf 86' lang='lat' dir='ltr'>facit:</span> 
     </span>
     <span class='ocr_line' id='line_1_66' title="bbox 438 3385 2492 3437; baseline 0.001 -15"><span class='ocrx_word' id='word_1_970' title='bbox 438 3393 456 3403; x_wconf 69' lang='lat'>¹*</span> <span class='ocrx_word' id='word_1_971' title='bbox 566 3385 740 3422; x_wconf 89' lang='lat' dir='ltr'>sitionem</span> <span class='ocrx_word' id='word_1_972' title='bbox 777 3387 1000 3435; x_wconf 91' lang='lat' dir='ltr'>ponentium</span> <span class='ocrx_word' id='word_1_973' title='bbox 1039 3386 1169 3423; x_wconf 88' lang='lat' dir='ltr'>omnia</span> <span class='ocrx_word' id='word_1_974' title='bbox 1205 3399 1367 3436; x_wconf 88' lang='lat' dir='ltr'>corpora</span> <span class='ocrx_word' id='word_1_975' title='bbox 1422 3386 1546 3435; x_wconf 88' lang='lat' dir='ltr'>primo</span> <span class='ocrx_word' id='word_1_976' title='bbox 1586 3387 1750 3424; x_wconf 88' lang='lat' dir='ltr'>ostendit</span> <span class='ocrx_word' id='word_1_977' title='bbox 1787 3387 1892 3436; x_wconf 92' lang='lat' dir='ltr'>quod</span> <span class='ocrx_word' id='word_1_978' title='bbox 1935 3399 2098 3437; x_wconf 89' lang='lat' dir='ltr'>corpora</span> <span class='ocrx_word' id='word_1_979' title='bbox 2134 3387 2317 3425; x_wconf 87' lang='lat' dir='ltr'>naturalia</span> <span class='ocrx_word' id='word_1_980' title='bbox 2348 3387 2492 3425; x_wconf 84' lang='lat' dir='ltr'>habent</span> 
     </span>
     <span class='ocr_line' id='line_1_67' title="bbox 450 3438 2490 3490; baseline 0.002 -16"><span class='ocrx_word' id='word_1_981' title='bbox 450 3443 462 3451; x_wconf 56' lang='lat'><strong><em>⁹</em></strong></span> <span class='ocrx_word' id='word_1_982' title='bbox 515 3441 523 3453; x_wconf 83' lang='grc'>““</span> <span class='ocrx_word' id='word_1_983' title='bbox 542 3438 734 3486; x_wconf 87' lang='lat' dir='ltr'>generari</span> <span class='ocrx_word' id='word_1_984' title='bbox 763 3451 807 3475; x_wconf 90' lang='lat' dir='ltr'>ex</span> <span class='ocrx_word' id='word_1_985' title='bbox 836 3439 1128 3488; x_wconf 83' lang='lat' dir='ltr'>superficiebus,</span> <span class='ocrx_word' id='word_1_986' title='bbox 1153 3439 1214 3476; x_wconf 89' lang='lat' dir='ltr'>hic</span> <span class='ocrx_word' id='word_1_987' title='bbox 1240 3439 1368 3489; x_wconf 91' lang='lat' dir='ltr'>incipit</span> <span class='ocrx_word' id='word_1_988' title='bbox 1423 3448 1549 3477; x_wconf 89' lang='lat' dir='ltr'>motus</span> <span class='ocrx_word' id='word_1_989' title='bbox 1588 3440 1775 3477; x_wconf 88' lang='lat' dir='ltr'>naturales</span> <span class='ocrx_word' id='word_1_990' title='bbox 1808 3446 1846 3485; x_wconf 78' lang='lat'>“3</span> <span class='ocrx_word' id='word_1_991' title='bbox 1885 3441 2054 3478; x_wconf 91' lang='lat' dir='ltr'>secundo</span> <span class='ocrx_word' id='word_1_992' title='bbox 2092 3441 2255 3478; x_wconf 87' lang='lat' dir='ltr'>ostendit</span> <span class='ocrx_word' id='word_1_993' title='bbox 2290 3441 2490 3490; x_wconf 89' lang='lat' dir='ltr'>quomodo</span> 
     </span>
     <span class='ocr_line' id='line_1_68' title="bbox 567 3490 2489 3543; baseline 0.003 -16.868"><span class='ocrx_word' id='word_1_994' title='bbox 567 3490 753 3539; x_wconf 90' lang='lat' dir='ltr'>inquirere</span> <span class='ocrx_word' id='word_1_995' title='bbox 772 3500 899 3528; x_wconf 89' lang='lat' dir='ltr'>utrum</span> <span class='ocrx_word' id='word_1_996' title='bbox 921 3505 1082 3541; x_wconf 88' lang='lat' dir='ltr'>corpora</span> <span class='ocrx_word' id='word_1_997' title='bbox 1101 3493 1283 3530; x_wconf 83' lang='lat' dir='ltr'>naturalia</span> <span class='ocrx_word' id='word_1_998' title='bbox 1302 3494 1367 3530; x_wconf 91' lang='lat' dir='ltr'>ha-</span> <span class='ocrx_word' id='word_1_999' title='bbox 1423 3501 1550 3530; x_wconf 89' lang='lat' dir='ltr'>motus</span> <span class='ocrx_word' id='word_1_1000' title='bbox 1568 3493 1725 3530; x_wconf 91' lang='lat' dir='ltr'>violenti</span> <span class='ocrx_word' id='word_1_1001' title='bbox 1746 3505 1952 3542; x_wconf 89' lang='lat' dir='ltr'>corporum</span> <span class='ocrx_word' id='word_1_1002' title='bbox 1970 3494 2216 3543; x_wconf 87' lang='lat' dir='ltr'>perficiantur</span> <span class='ocrx_word' id='word_1_1003' title='bbox 2231 3493 2489 3532; x_wconf 88' lang='lat' dir='ltr'>diversimode</span> 
     </span>
    </p>
   </div>
   <div class='ocr_carea' id='block_1_19' title="bbox 364 3336 565 3536">
    <p class='ocr_par' dir='ltr' id='par_1_21' title="bbox 364 3336 565 3536">
     <span class='ocr_line' id='line_1_69' title="bbox 364 3336 565 3536; baseline 0 0"><span class='ocrx_word' id='word_1_1004' title='bbox 364 3336 565 3536; x_wconf 95' lang='lat' dir='ltr'>  </span> 
     </span>
    </p>
   </div>
   <div class='ocr_carea' id='block_1_20' title="bbox 365 3608 2299 3649">
    <p class='ocr_par' dir='ltr' id='par_1_22' title="bbox 365 3608 2299 3649">
     <span class='ocr_line' id='line_1_70' title="bbox 365 3608 2299 3649; baseline 0.004 -16"><span class='ocrx_word' id='word_1_1005' title='bbox 365 3608 392 3642; x_wconf 80' lang='grc' dir='ltr'>α)</span> <span class='ocrx_word' id='word_1_1006' title='bbox 413 3609 449 3634; x_wconf 78' lang='lat' dir='ltr'>Et</span> <span class='ocrx_word' id='word_1_1007' title='bbox 462 3609 533 3634; x_wconf 83' lang='lat' dir='ltr'>circa</span> <span class='ocrx_word' id='word_1_1008' title='bbox 551 3609 632 3636; x_wconf 82' lang='lat' dir='ltr'>hoc...</span> <span class='ocrx_word' id='word_1_1009' title='bbox 645 3612 787 3637; x_wconf 73' lang='lat' dir='ltr'>naturales.</span> <span class='ocrx_word' id='word_1_1010' title='bbox 799 3625 818 3631; x_wconf 87' lang='lat'>-·</span> <span class='ocrx_word' id='word_1_1011' title='bbox 831 3613 887 3637; x_wconf 84' lang='lat' dir='ltr'>Hoc</span> <span class='ocrx_word' id='word_1_1012' title='bbox 906 3612 1101 3638; x_wconf 84' lang='lat' dir='ltr'>homoteleuton</span> <span class='ocrx_word' id='word_1_1013' title='bbox 1120 3623 1173 3640; x_wconf 88' lang='lat' dir='ltr'>om.</span> <span class='ocrx_word' id='word_1_1014' title='bbox 1188 3615 1277 3640; x_wconf 76' lang='lat' dir='ltr'>PAFG</span> <span class='ocrx_word' id='word_1_1015' title='bbox 1296 3620 1321 3641; x_wconf 86' lang='lat' dir='ltr'>et</span> <span class='ocrx_word' id='word_1_1016' title='bbox 1340 3615 1398 3641; x_wconf 85' lang='lat' dir='ltr'>Par.</span> <span class='ocrx_word' id='word_1_1017' title='bbox 1404 3623 1411 3647; x_wconf 86' lang='lat'>;</span> <span class='ocrx_word' id='word_1_1018' title='bbox 1431 3616 1539 3649; x_wconf 86' lang='lat' dir='ltr'>pertinet</span> <span class='ocrx_word' id='word_1_1019' title='bbox 1558 3621 1652 3647; x_wconf 78' lang='lat' dir='ltr'>tamen,</span> <span class='ocrx_word' id='word_1_1020' title='bbox 1671 3621 1700 3640; x_wconf 93' lang='lat' dir='ltr'>ut</span> <span class='ocrx_word' id='word_1_1021' title='bbox 1718 3621 1795 3649; x_wconf 78' lang='lat' dir='ltr'>patet,</span> <span class='ocrx_word' id='word_1_1022' title='bbox 1815 3616 1846 3641; x_wconf 81' lang='lat' dir='ltr'>ad</span> <span class='ocrx_word' id='word_1_1023' title='bbox 1866 3616 2037 3648; x_wconf 75' lang='lat' dir='ltr'>integritatem</span> <span class='ocrx_word' id='word_1_1024' title='bbox 2054 3615 2187 3641; x_wconf 82' lang='lat' dir='ltr'>divisionis</span> <span class='ocrx_word' id='word_1_1025' title='bbox 2206 3620 2299 3641; x_wconf 81' lang='lat' dir='ltr'>textus.</span> 
     </span>
    </p>
   </div>
   <div class='ocr_carea' id='block_1_21' title="bbox 2518 3342 2732 3372">
    <p class='ocr_par' dir='ltr' id='par_1_23' title="bbox 2518 3342 2732 3372">
     <span class='ocr_line' id='line_1_71' title="bbox 2518 3342 2732 3372; baseline 0.009 -7"><span class='ocrx_word' id='word_1_1026' title='bbox 2518 3344 2528 3354; x_wconf 81' lang='grc'><em>·</em></span> <span class='ocrx_word' id='word_1_1027' title='bbox 2538 3342 2575 3366; x_wconf 76' lang='lat' dir='ltr'>Cf.</span> <span class='ocrx_word' id='word_1_1028' title='bbox 2585 3343 2638 3366; x_wconf 81' lang='lat' dir='ltr'>lect.</span> <span class='ocrx_word' id='word_1_1029' title='bbox 2648 3349 2674 3372; x_wconf 85' lang='grc' dir='ltr'>ιι,</span> <span class='ocrx_word' id='word_1_1030' title='bbox 2685 3348 2732 3367; x_wconf 66' lang='grc' dir='ltr'>ιιι.</span> 
     </span>
    </p>
   </div>
   <div class='ocr_carea' id='block_1_22' title="bbox 2742 2470 2782 4134">
    <p class='ocr_par' dir='ltr' id='par_1_24' title="bbox 2742 2470 2782 4134">
     <span class='ocr_line' id='line_1_72' title="bbox 2742 2470 2782 4134; baseline 0 0"><span class='ocrx_word' id='word_1_1031' title='bbox 2742 2470 2782 4134; x_wconf 95' lang='lat' dir='ltr'> </span> 
     </span>
    </p>
   </div>
  </div>
 </body>
</html>
