2782 4134
95 1264 105 1273 '¹
120 1263 174 1290 quia
188 1269 209 1284 P.

93 1424 105 1435 ⁴¹
110 1425 152 1446 Pro
160 1431 175 1446 Η
181 1423 300 1452 vid.praef.

93 1529 105 1540 ⁸
119 1534 195 1550 omnes
209 1534 255 1550 om.
265 1534 288 1550 P.

94 1897 104 1906 “
115 1901 141 1917 eo
150 1895 215 1917 codd.
222 1901 297 1917 exea.

97 2839 107 2849 '¹
121 2844 254 2861 communem
267 2846 288 2862 A.

388 322 423 358 7.
454 307 590 345 Obiicit
608 312 733 342 autem
753 307 880 338 contra
898 299 995 335 hanc
1014 295 1197 353 rationem
1219 294 1379 348 Ioannes

336 360 626 405 Grammaticus,
655 355 742 405 quia
769 366 846 391 non
864 352 1012 388 videtur
1038 345 1378 404 seququodum

334 414 454 452 motui
482 413 553 450 sint
575 409 706 447 infiniti
733 414 858 444 motus
878 400 1060 447 contrarii,
1086 399 1152 436 sed
1171 398 1304 456 infiniti
1323 408 1376 431 1n-

334 467 462 504 finitis:
492 465 578 514 quia
605 461 811 499 secundum
830 465 1139 504 unamquamque
1162 457 1376 500 portionem

335 519 458 556 circuli
494 517 557 566 qui
586 513 802 553 describitur
829 522 940 559 super
970 508 1047 548 duo,
1074 511 1231 554 puncta,
1258 508 1378 562 ’erunt

335 573 410 609 duo
438 578 563 607 motus
591 567 660 605 sibi
687 566 848 603 invicem
868 559 1049 598 contrarii.
1069 579 1093 585 -
1116 559 1209 594 Item
1227 555 1377 592 videtur

334 623 436 672 quod
456 623 500 659 sit
518 622 620 659 idem
638 616 904 657 inconveniens
920 613 1023 662 quod
1042 610 1208 659 sequitur
1223 621 1268 645 ex
1288 620 1375 667 con-

333 676 513 713 trarietate
533 681 704 711 motuum
723 677 919 707 rectorum.
937 665 1180 703 Manifestum
1200 669 1255 699 est
1275 673 1375 698 enim

334 729 435 777 quod
464 728 556 764 sicut
574 726 667 762 inter
693 724 768 760 duo
787 727 925 770 puncta
951 724 1109 767 possunt
1136 714 1295 754 describi
1323 714 1376 750 in-

332 781 458 819 finitae
486 781 605 816 lineae
625 788 772 823 curvae,
792 775 840 811 ita
868 786 890 809 a
916 778 1042 808 centro
1071 768 1205 807 mundi
1233 767 1280 805 ad
1310 767 1376 803 cir-

334 832 613 871 cumferentiam
653 834 809 879 possunt
852 824 1011 863 describi
1048 822 1214 860 infinitae
1256 820 1376 857 lineae

332 893 465 923 rectae.

386 939 460 975 Sed
488 936 687 975 dicendum
720 940 774 969 est
801 931 848 968 ad
875 930 1041 980 primum
1074 927 1198 977 quod,
1228 926 1258 962 si
1287 937 1374 961 con-

331 991 495 1028 trarietas
524 990 568 1026 sit
594 995 765 1025 motuum
793 984 855 1033 qui
882 984 977 1020 fiunt
1004 994 1071 1030 per
1098 980 1212 1017 lineas
1242 989 1375 1015 curvas

331 1044 537 1081 secundum
572 1039 865 1077 contrarietatem
901 1035 1163 1079 terminorum,
1193 1032 1288 1069 sicut
1315 1043 1374 1067 ac-

332 1097 416 1133 cidit
442 1096 480 1132 in
507 1094 669 1132 motibus
701 1091 827 1137 rectis,
862 1088 1028 1137 sequitur
1056 1099 1099 1123 ex
1131 1086 1202 1122 hac
1234 1096 1373 1133 suppo-

331 1149 461 1185 sitione
481 1147 582 1196 quod
610 1145 761 1195 quilibet
784 1151 908 1180 motus
937 1141 1001 1189 qui
1028 1141 1070 1177 fit
1089 1152 1121 1198 a'
1137 1139 1168 1175 B
1188 1138 1226 1174 in
1253 1139 1287 1174 A
1306 1149 1374 1196 per

326 1211 606 1250 ,quamcumque
634 1199 815 1235 linearum
843 1206 1064 1240 curvarum,
1094 1199 1140 1229 Sit
1168 1198 1372 1228 contrarius

330 1254 448 1290 motui
476 1253 538 1302 qui
554 1254 572 1274 *
589 1259 643 1288 est
670 1251 716 1287 ab
744 1251 778 1286 A
805 1249 843 1285 in
870 1249 918 1284 B:
947 1254 983 1283 et
1001 1246 1052 1283 sic
1076 1252 1250 1294 sequetur
1269 1242 1373 1291 quod

328 1319 405 1343 non
433 1307 554 1343 solum
581 1304 647 1341 uni
674 1302 792 1340 motui
821 1301 892 1338 sint
913 1299 1045 1336 infiniti
1073 1305 1198 1335 motus
1228 1304 1371 1333 contra-

328 1359 382 1406 rii,
403 1359 470 1395 sed
493 1357 597 1406 quod
617 1356 762 1393 cuilibet
788 1353 1018 1390 infinitorum
1038 1359 1212 1388 motuum
1232 1362 1275 1386 ex
1294 1362 1371 1386 una

326 1418 430 1460 parte
457 1409 722 1459 incipientium,
749 1405 1016 1443 contrarientur
1042 1403 1175 1441 infiniti
1203 1410 1329 1439 motus
1352 1403 1371 1423 ‘¹‘

327 1464 391 1513 qui
404 1463 582 1512 incipiunt
601 1474 644 1499 ex
657 1467 760 1510 parte
777 1458 1000 1496 contraria.-
1013 1457 1072 1494 Ad
1091 1457 1300 1493 secundum
1316 1455 1370 1492 di-

328 1517 488 1553 cendum
512 1515 613 1564 quod
633 1511 969 1551 omnesssinfinitae
988 1511 1106 1547 lineae
1127 1517 1247 1546 rectae
1272 1521 1370 1557 quae

327 1577 411 1606 sunt
435 1582 457 1606 a
476 1576 601 1605 centro
628 1567 675 1604 ad
701 1564 1046 1609 circumferentiam,
1068 1570 1154 1599 sunt
1181 1562 1367 1611 aequales,

327 1630 362 1658 et
380 1622 464 1659 ideo
485 1621 678 1668 designant
696 1618 856 1656 eandem
876 1616 1086 1654 distantiam
1111 1616 1206 1652 inter
1225 1623 1368 1652 contra-

325 1675 398 1711 rios
417 1674 610 1718 terminos;
632 1679 667 1709 et
684 1672 770 1708 ideo
789 1671 828 1707 in
847 1670 1023 1707 omnibus
1047 1676 1102 1705 est
1121 1669 1255 1706 eadem
1275 1668 1367 1705 ratio

325 1726 611 1772 contrarietatis,
649 1737 744 1773 quae
777 1723 952 1772 importat
987 1721 1192 1758 maximam
1230 1721 1368 1758 distan-

323 1780 422 1816 tiam.
452 1779 527 1816 Sed
546 1790 678 1814 omnes
696 1777 814 1813 lineae
844 1787 980 1812 curvae
1001 1774 1165 1811 infinitae
1185 1786 1283 1823 quae
1304 1774 1367 1811 de-

325 1833 530 1869 scribuntur
552 1843 663 1879 super
686 1829 819 1866 eadem
841 1835 995 1877 puncta,
1021 1835 1106 1864 sunt
1127 1827 1365 1876 inaequales:

324 1886 424 1923 unde
448 1897 525 1921 non
553 1891 606 1920 est
632 1883 670 1920 in
698 1882 782 1919 eis*
800 1881 932 1918 eadem
961 1881 1051 1918 ratio
1081 1881 1366 1928 contrarietatis,

325 1938 410 1987 quia
437 1950 513 1974 non
541 1944 595 1973 est
620 1948 695 1972 una
715 1942 750 1972 et
769 1935 902 1972 eadem
931 1934 1102 1971 distantia
1128 1941 1281 1983 accepta
1309 1947 1366 1971 se-

326 1991 488 2028 cundum
515 1989 754 2038 quantitatem
783 1988 900 2028 lineae
930 1999 1078 2024 curvae.

377 2045 411 2080 8.
427 2043 572 2080 Deinde
592 2054 678 2079 curn
692 2041 794 2078 dicit:
823 2040 996 2077 Similiter
1013 2046 1136 2077 autem
1156 2046 1192 2077 et
1215 2052 1311 2089 quae
1329 2040 1366 2077 in

323 2096 550 2134 semicirculo
571 2102 651 2142 etc.,
672 2093 829 2131 ostendit
844 2093 947 2142 quod
966 2106 1043 2130 non
1064 2093 1109 2130 sit
1128 2093 1366 2130 contrarietas

324 2150 363 2186 in
381 2156 486 2186 motu
514 2147 676 2185 circulari
704 2147 911 2184 secundum
932 2159 1051 2183 unum
1071 2154 1107 2183 et
1126 2147 1290 2184 eundem
1310 2159 1366 2184 se—

325 2202 567 2239 micirculum.
588 2202 719 2237 Posset
733 2200 832 2237 enim
848 2199 977 2248 aliquis
992 2200 1115 2236 dicere
1130 2201 1232 2248 quod
1247 2200 1367 2238 motui

325 2254 389 2303 qui
417 2262 470 2291 est
497 2266 608 2303 super
633 2266 748 2290 unam
776 2253 911 2290 lineam
941 2265 1095 2290 curvam
1118 2254 1165 2290 ab
1193 2255 1228 2290 A
1247 2253 1286 2290 in
1313 2254 1366 2301 B,

324 2319 401 2344 non
429 2306 667 2344 contrariatur
694 2306 845 2354 quilibet
871 2313 995 2343 motus
1023 2306 1087 2354 qui
1108 2314 1162 2343 est
1180 2319 1202 2343 a
1222 2308 1251 2343 B
1276 2306 1314 2343 in
1333 2309 1367 2344 A

323 2373 390 2409 per
417 2371 693 2408 quamcumque
721 2359 857 2396 lineam
887 2371 1056 2406 curvam,
1077 2359 1144 2396 sed
1163 2372 1232 2408 per
1250 2372 1367 2397 unam

326 2421 360 2450 et
387 2413 556 2459 eandem,
575 2420 664 2461 puta
691 2425 758 2461 per
782 2425 902 2449 unum
922 2412 1208 2450 semicirculum.
1231 2413 1286 2450 Sit
1304 2426 1368 2450 au—

264 2490 269 2496 ·
324 2473 400 2502 tem
418 2466 430 2486 λ
458 2465 707 2502 semicirculus
736 2466 819 2512 GD,
842 2473 877 2501 et
896 2465 940 2502 sit
958 2465 1008 2502 ita
1027 2465 1131 2513 quod
1150 2474 1276 2503 motus
1305 2467 1369 2516 qui

327 2526 380 2555 est
396 2531 463 2566 per
481 2518 755 2555 semicirculum
770 2530 792 2554 a
807 2518 841 2554 G
855 2518 904 2554 ad
918 2519 965 2565 D,
987 2518 1231 2556 contrarietur
1249 2520 1369 2557 motui

327 2571 390 2618 qui
405 2578 459 2608 est
477 2583 588 2619 super
607 2570 770 2607 eundern
790 2570 1064 2607 semicirculum
1080 2583 1102 2608 a
1116 2573 1150 2608 D
1166 2573 1214 2609 ad
1229 2573 1274 2610 G.
1293 2574 1369 2610 Sed

329 2631 455 2660 contra
468 2624 541 2660 hoc
554 2623 722 2672 procedit
735 2623 951 2660 Aristoteles
967 2636 1011 2660 ex
1025 2625 1099 2661 hoc
1114 2626 1218 2673 quod
1234 2626 1367 2663 eadem

329 2676 497 2713 distantia
515 2682 703 2724 reputatur
722 2688 816 2724 quae
836 2684 890 2713 est
907 2676 1002 2714 inter
1021 2677 1055 2714 G
1074 2685 1109 2714 et
1123 2679 1156 2715 D
1177 2691 1244 2727 per
1258 2680 1368 2716 semi-

329 2729 517 2776 circulum,
537 2729 587 2765 illi
606 2728 796 2765 distantiae
824 2741 921 2776 quae
941 2730 1119 2778 accipitur
1140 2744 1208 2780 per
1227 2731 1368 2769 diame-

328 2788 444 2818 trum:
473 2794 549 2818 non
567 2783 671 2830 quod
698 2781 948 2819 semicirculus
968 2782 1012 2819 sit
1039 2784 1203 2832 aequalis
1227 2785 1368 2823 diame-

328 2841 395 2881 tro,
410 2834 476 2871 sed
490 2834 577 2883 quia
596 2835 779 2871 omnem*
790 2834 1000 2872 distantiam
1019 2848 1282 2875 mensuramus
1301 2851 1369 2888 per

327 2887 462 2924 lineam
490 2894 640 2924 rectam.
662 2887 778 2924 Cuius
801 2887 892 2924 ratio
913 2896 978 2935 est,
999 2889 1085 2937 quia
1113 2891 1235 2928 omnis
1263 2904 1367 2929 men-

329 2952 413 2976 sura
441 2940 550 2977 debet
570 2952 649 2977 esse
679 2948 776 2977 certa
805 2947 840 2977 et
860 2941 1103 2979 determinata
1131 2951 1166 2980 et
1193 2944 1367 2982 minima:

329 2992 421 3029 inter
457 2994 531 3030 duo
559 3000 685 3030 autem
720 3001 858 3042 puncta
886 3006 1062 3032 mensura
1095 2995 1213 3034 lineae
1246 3006 1367 3035 rectae

383 3163 408 3198 κ)
428 3172 478 3189 non
497 3165 599 3190 videtur
616 3166 696 3199 sequi.
708 3180 727 3185 -
741 3168 812 3199 sequi
830 3175 882 3193 om.
896 3168 915 3192 P
930 3177 982 3194 non
996 3169 1074 3201 bene;
1094 3178 1154 3194 nam
1168 3171 1275 3196 Ioannes
1288 3171 1372 3197 obiicit

334 3200 644 3240 contra-consequentiam
662 3203 812 3233 argumenti,
837 3211 914 3235 quam
934 3204 1009 3229 etiam
1029 3213 1051 3230 s.
1061 3205 1176 3230 Thomas
1195 3206 1306 3231 defendit
1324 3207 1372 3232 ibi:

334 3234 387 3274 Sed
406 3234 539 3259 dicendum
558 3238 596 3260 est
613 3236 648 3260 ad
662 3237 786 3267 primum.
799 3251 817 3256 -
830 3238 890 3263 Post
909 3240 971 3264 duas
990 3240 1070 3265 lineas
1088 3249 1135 3274 pro
1150 3242 1195 3273 qui
1207 3242 1371 3273 describitur,

334 3276 376 3300 qui
397 3269 638 3300 describuntur'PC,
652 3278 716 3302 quae
733 3272 912 3298 describuntur
931 3280 978 3300 cet.
991 3283 1044 3301 exc.
1056 3277 1086 3300 A.
1106 3277 1177 3301 Patet
1195 3284 1225 3301 ex
1243 3283 1297 3302 toto
1311 3286 1373 3303 con-

334 3308 402 3328 textu
425 3304 499 3328 huius
524 3305 622 3329 numeri
647 3310 671 3330 et
695 3308 809 3338 praeced.
827 3308 1016 3341 intelligendum
1036 3319 1094 3336 esse
1118 3312 1260 3338 secundum
1280 3321 1372 3339 unam-

334 3346 460 3371 quamque
474 3340 620 3371 portionem
639 3341 771 3366 cuiuslibet
788 3342 878 3367 circuli
892 3349 939 3369 etc.

354 3408 359 3414 .
386 3372 414 3407 λ)
430 3374 471 3398 Sit
488 3378 581 3399 autem.
593 3389 612 3394 -
624 3375 654 3400 Si
666 3379 753 3400 autem
772 3377 791 3400 Ρ
810 3385 893 3403 errore
910 3384 1021 3412 typogr.;
1042 3381 1084 3407 Sit
1096 3385 1217 3408 autem...
1228 3391 1279 3415 per
1296 3385 1373 3409 semi—

334 3409 459 3434 circulum
477 3417 528 3434 om.
542 3410 666 3442 DFGlpE‚
682 3411 724 3436 Sit
737 3414 853 3436 autem...
866 3414 974 3440 eundem
993 3417 1182 3442 semicirculum
1195 3426 1247 3443 om.
1262 3419 1304 3444 BC
1327 3419 1373 3444 ho-

335 3444 479 3468 moteleuta.
492 3444 558 3468 —Ibi
581 3452 646 3476 quae
664 3449 702 3470 est
728 3446 796 3471 inter
816 3448 839 3470 G
858 3451 883 3472 et
902 3449 940 3478 D,
961 3457 1025 3481 quae
1044 3455 1082 3476 est
1099 3460 1116 3477 a
1137 3454 1161 3477 G
1180 3453 1206 3478 in
1227 3454 1253 3478 D
1271 3439 1313 3478 P·y
1326 3463 1373 3488 pro

335 3478 415 3507 inter,
434 3479 502 3519 quod
519 3487 571 3503 om.
584 3480 618 3510 B,
637 3480 669 3505 de
687 3481 721 3511 E,
739 3488 756 3505 α
773 3481 809 3510 D.
828 3483 937 3514 spatium
952 3484 1011 3516 IpG.
1023 3499 1042 3506 —-
1054 3487 1104 3512 Pro
1122 3489 1146 3512 H
1165 3488 1196 3513 cf.
1210 3473 1315 3521 praefui.

387 3513 415 3547 μ.)
435 3516 503 3554 mter
520 3514 609 3554 eadem
623 3518 722 3546 puncta
741 3516 878 3548 descripta.
891 3532 910 3536 -
922 3519 977 3544 Hoc
995 3521 1115 3546 omittunt
1129 3524 1228 3548 codices
1243 3532 1296 3550 exc.
1306 3525 1336 3550 A.

387 3548 410 3581 ν)
430 3556 538 3574 minoris
561 3550 690 3574 circulin-
703 3550 810 3576 minoris
831 3553 962 3584 portionis
980 3556 1016 3585 A.
1042 3557 1151 3583 minoris
1169 3559 1302 3590 portionis
1320 3560 1372 3586 cir-

1030 217 1099 253 DE
1129 213 1302 251 CAELO
1330 209 1401 248 ET
1429 205 1624 245 MUNDO
1654 202 1793 241 LIB.·1

1435 290 1490 319 est
1518 289 1619 318 certa
1656 287 1692 317 et
1720 277 1991 323 determinata,
2021 274 2111 322 quia
2149 286 2229 311 non
2264 281 2392 323 potest
2419 287 2504 313 esse

1433 335 1503 372 nisi
1521 345 1619 379 una;
1650 340 1686 369 et
1705 339 1761 368 est
1779 330 1939 367 minima
1967 327 2178 364 omniumr
2191 327 2379 365 linearum
2404 340 2504 378 quae
2532 342 2542 352 ·

1434 394 1520 424 sunt
1545 387 1642 422 inter
1662 385 1739 422 duo
1766 390 1919 433 puncta.
1942 381 2085 418 Lineae
2113 392 2208 417 vero
2239 393 2381 419 curvae
2408 381 2505 420 inter

1433 442 1509 477 duo
1524 446 1665 488 puncta
1680 436 1843 474 describi
1854 441 2017 484 possunt
2030 433 2213 480 infinitae,
2225 445 2325 482 quae
2341 436 2506 473 omnes*

1432 500 1518 530 sunt
1545 491 1710 528 maiores
1738 489 1837 526 linea
1865 495 1966 524 recta
1994 486 2092 523 inter
2111 487 2251 524 eadem
2277 495 2421 536 puncta
2439 488 2504 526 de-

1432 546 1570 594 scripta
1592 550 1621 580 1⁴².
1642 543 1755 580 Unde
1776 540 1951 579 distantia
1979 551 2079 588 quae
2109 547 2165 577 est
2191 539 2289 578 inter
2309 541 2388 579 duo
2406 553 2504 592 pun-

1433 607 1511 646 cta,
1540 603 1781 634 mensuratur
1808 606 1878 643 per
1904 593 2046 630 lineam
2074 601 2235 641 rectam,
2263 601 2300 631 et
2327 607 2408 633 non
2434 607 2506 644 per

1432 653 1572 689 lineam
1588 661 1746 687 curvam
1766 646 2003 694 semicirculi,
2016 658 2084 683 seu
2101 646 2302 685 cuiuslibet
2318 649 2337 669 ²³*
2354 648 2504 687 alterius
2532 660 2542 669 ·

1430 704 1615 755 portionis
1636 702 1774 749 circuli,
1795 708 1860 737 aut
1887 699 2043 737 maioris
2069 707 2134 737 aut
2151 700 2312 738 minoris
2332 701 2461 739 circuli
2479 707 2502 740 ’.

1433 760 1533 795 Cum
1562 757 1671 804 igitur
1699 755 1746 792 de
1774 754 1919 790 ratione
1950 753 2221 791 contrarietatis
2241 754 2288 792 sit
2311 754 2419 805 quod
2435 755 2504 793 ha-

1432 813 1519 849 beat
1536 809 1746 847 maximam
1766 806 2002 854 distantiam,
2031 814 2074 843 ut
2093 807 2228 844 dicitur
2255 807 2295 846 in
2323 810 2358 846 X
2376 809 2503 846 Meta-

1425 866 1537 913 phys.
1558 864 1588 910 ²¹³,
1611 874 1698 899 cum
1728 860 1903 898 distantia
1930 871 2030 908 quae
2059 867 2116 898 est
2139 859 2238 898 inter
2261 861 2340 899 duo
2359 867 2504 911 puncta
2531 865 2545 895 '-

1430 929 1508 954 non
1536 921 1776 953 mensuretur
1813 914 2027 951 secundum
2065 913 2207 951 lineam
2245 926 2406 953 curvam
2434 915 2504 953 sed

1430 969 1639 1007 secundum
1668 974 1829 1015 rectam,
1861 978 2102 1015 consequens
2132 975 2188 1004 est
2219 969 2325 1016 quod
2354 975 2503 1007 contra-

1430 1024 1541 1060 rietas
1569 1021 1819 1058 terminorum
1848 1032 1929 1057 non
1956 1020 2068 1057 faciat
2087 1020 2107 1042 ²¹⁸
2128 1021 2434 1059 contrarietatem
2462 1021 2503 1060 in
2529 1029 2541 1039 ⁶

1429 1076 1596 1113 motibus
1616 1074 1681 1123 qui
1709 1081 1796 1111 sunt
1819 1085 1935 1123 super
1953 1073 2248 1123 semicirculum,
2277 1075 2346 1113 sed
2374 1075 2502 1114 solum

1428 1130 1466 1166 in
1493 1128 1660 1166 motibus
1689 1127 1754 1176 qui
1779 1134 1867 1164 sunt
1891 1139 2007 1176 super
2035 1127 2278 1166 diametrum.

1482 1194 1517 1230 9.
1549 1181 1689 1218 Obiicit
1716 1187 1846 1217 autem
1867 1188 2000 1218 contra
2017 1181 2094 1218 hoc
2114 1182 2279 1219 Ioannes
2299 1183 2502 1221 Gramma-

1427 1236 1533 1283 ticus,
1555 1235 1645 1282 quia
1663 1246 1743 1271 non
1762 1234 1887 1271 solum
1905 1242 2124 1282 geometrae
2145 1242 2181 1272 et
2199 1235 2380 1283 astrologi
2404 1235 2502 1275 acci-

1425 1289 1534 1338 piunt
1548 1287 1797 1336 quantitatem
1811 1287 1934 1325 lineae
1947 1300 2088 1326 curvae
2102 1300 2172 1338 per
2186 1287 2329 1327 lineam
2343 1295 2501 1337 rectam,

1426 1342 1494 1379 sed
1514 1341 1626 1378 etiam
1647 1353 1667 1378 e
1688 1353 1896 1378 converso:
1925 1342 2093 1390 probant
2120 1341 2224 1379 enim
2250 1342 2502 1390 quantitatem

1426 1395 1592 1432 chordae
1629 1406 1699 1443 per
1732 1406 1887 1442 arcum,
1923 1402 1961 1432 et
1997 1395 2250 1443 quantitatem
2285 1408 2396 1433 arcus
2431 1408 2459 1446 p

1426 1448 1620 1486 chordam.
1642 1469 1667 1476 -
1689 1447 1767 1485 Sed
1795 1448 1834 1486 in
1861 1449 1938 1486 hoc
1956 1448 2122 1486 deficit*
2136 1450 2184 1486 ab
2208 1449 2399 1487 intellectu
2417 1450 2502 1489 An-
2528 1460 2539 1470 ·

1424 1501 1575 1539 stotelis.
1598 1502 1690 1538 Non
1710 1501 1812 1539 enim
1830 1502 1907 1539 hoc
1921 1502 1941 1524 *
1955 1502 2115 1541 intendit
2141 1502 2376 1551 Aristoteles,
2393 1503 2502 1551 qu'od

1423 1556 1522 1592 linea
1546 1567 1664 1592 curva
1691 1562 1935 1593 mensuretur
1952 1568 2022 1605 per
2041 1563 2203 1604 rectam;
2228 1556 2298 1594 sed
2317 1556 2426 1605 quod
2442 1548 2500 1597 ἀὶτ

1424 1608 1558 1646 stantia
1577 1620 1677 1657 quae
1698 1616 1755 1646 est
1773 1609 1870 1647 inter
1897 1609 2090 1658 quaelibet
2108 1610 2186 1647 duo
2210 1617 2364 1659 puncta,
2388 1621 2500 1649 men:-

1423 1669 1570 1699 suretur
1587 1674 1658 1711 per
1676 1661 1817 1700 lineam
1833 1662 1853 1683 *
1869 1670 2028 1711 rectam,
2059 1663 2205 1701 ratione
2234 1663 2313 1701 iam
2331 1663 2443 1703 dicta.
2495 1681 2499 1684 ·
2525 1674 2536 1684 ·

1477 1715 1617 1752 Obiicit
1637 1715 1751 1753 etiam
1771 1717 1878 1764 quod
1895 1716 2063 1754 maxima
2081 1716 2258 1754 distantia
2277 1716 2392 1757 est-in
2412 1724 2501 1757 caefi

1422 1769 1472 1817 lo,
1489 1781 1588 1817 quae
1609 1776 1665 1806 est
1682 1769 1780 1807 inter
1799 1769 1878 1807 duo
1897 1778 2039 1819 puncta
2058 1770 2236 1820 opposita
2249 1766 2275 1816 ἶ,
2290 1777 2383 1819 puta
2401 1769 2503 1811 inter,

1420 1822 1650 1871 principium
1668 1823 1807 1860 Arietis
1835 1830 1873 1860 et
1899 1823 2130 1873 principium
2149 1823 2307 1863 Librae:
2333 1831 2371 1861 et
2388 1830 2501 1870 tun&

1421 1875 1452 1912 si
1473 1875 1718 1914 contrarietas
1738 1884 1794 1914 est
1811 1878 1979 1914 maxima
1997 1877 2185 1925 distantia,
2210 1884 2338 1927 potest
2364 1887 2501 1930 secun?

1422 1929 1515 1967 dum
1543 1930 1643 1966 hanc
1663 1930 1879 1968 distantiam
1899 1930 2042 1968 attendi
2062 1931 2307 1968 contrarietas
2330 1930 2369 1968 in
2387 1937 2501 1971 motu

1422 1982 1604 2019 circulari.
1625 2004 1649 2011 -
1671 1983 1750 2021 Sed
1779 1983 1985 2021 dicendum
2015 1992 2071 2022 est
2096 1984 2203 2033 quod
2226 1984 2296 2021 ista
2325 1982 2501 2025 distantia

1422 2036 1591 2074 maxima
1602 2037 1622 2057 *²
1633 2037 1835 2076 attenditur
1854 2038 2068 2076 secundum
2088 2037 2338 2086 quantitatem
2354 2036 2499 2097 diame-
2526 2047 2537 2057 ·

1421 2089 1491 2137 tri,
1526 2097 1563 2126 et
1595 2102 1675 2128 non
1713 2090 1925 2128 secundum
1966 2091 2215 2141 quantitatem
2252 2090 2499 2128 semicirculi:

1422 2142 1591 2192 alioquin
1618 2145 1705 2193 plus
1734 2144 1888 2182 distaret
1914 2145 2147 2194 principium
2174 2143 2313 2182 Arietis
2345 2156 2368 2182 a
2395 2142 2502 2193 ptine.

1423 2196 1521 2246 cipio
1543 2197 1740 2245 Sagittarii,
1762 2198 1868 2246 quod
1888 2198 2038 2248 respicit
2052 2198 2150 2236 trino
2166 2205 2323 2248 aspectu
2333 2202 2357 2244 ⁰,
2378 2206 2499 2247 quam

1423 2262 1445 2287 a
1471 2250 1659 2310 principio
1690 2251 1841 2300 Librae,
1871 2251 1979 2301 quod
2006 2251 2158 2302 respicit
2185 2258 2343 2301 aspectu
2370 2258 2501 2289 rectae

1423 2304 1687 2353 oppositionis.

1483 2369 1539 2394 10.
1570 2358 1720 2396 Deinde
1750 2370 1840 2396 cum
1868 2358 1978 2396 dicit:
2009 2358 2188 2396 Similiter
2214 2363 2341 2396 autem
2370 2362 2407 2394 et
2428 2356 2498 2395 uti-

1423 2422 1495 2459 que
1514 2418 1597 2459 etc.,
1618 2412 1783 2450 ostendit
1802 2424 1882 2450 non
1902 2424 1985 2450 esse
2005 2411 2313 2450 contrarietatem
2329 2410 2369 2448 in
2387 2417 2499 2453 motu

1424 2463 1594 2502 circulari
1628 2465 1842 2503 secundum
1876 2465 1975 2503 duos
2011 2465 2282 2503 semicirculos.
2322 2465 2372 2501 Et
2408 2462 2499 2505 dicit.

1424 2518 1529 2565 quod
1554 2518 1685 2556 similis
1705 2526 1761 2557 est
1779 2519 1887 2567 ratio,
1908 2519 1939 2557 si
1958 2519 2043 2569 quis
2063 2518 2282 2557 describens
2312 2517 2495 2555 circulum

1423 2578 1557 2619 totum,
1587 2580 1707 2622 ponat
1734 2580 1886 2611 motum
1915 2573 1981 2623 qui
2010 2580 2066 2611 est
2084 2573 2123 2610 in
2142 2585 2221 2610 uno
2241 2570 2500 2618 semicirculo,

1424 2626 1655 2663 contrarium
1674 2626 1708 2663 ei
1724 2626 1790 2675 qui
1806 2634 1863 2664 est
1875 2626 1915 2664 in
1930 2627 2035 2664 alio*
2045 2625 2296 2667 semicirculo.
2319 2624 2375 2662 Sit
2391 2623 2496 2664 enim

1424 2678 1583 2716 circulus
1603 2680 1709 2717 cuius
1729 2680 1913 2718 diameter
1940 2680 1987 2718 sit
2006 2681 2088 2728 EZ,
2115 2679 2292 2718 dividens
2310 2678 2438 2728 ipsum
2456 2677 2500 2722 in

1423 2731 1519 2769 duos
1548 2733 1817 2782 semicirculos,
1846 2733 1885 2771 in
1913 2746 1992 2771 uno
2022 2745 2190 2783 quorum
2210 2732 2447 2771 describatur
2466 2731 2494 2778 1,

1423 2785 1461 2822 in
1481 2786 1552 2823 alio
1572 2787 1620 2824 T.
1633 2788 1768 2824 Posset
1787 2799 1878 2836 ergo
1899 2787 2032 2837 aliquis
2052 2787 2179 2826 dicere
2201 2785 2308 2835 quod
2328 2792 2457 2822 motus
2472 2781 2493 2805 ¹·

1423 2839 1487 2888 qui
1517 2847 1571 2876 est
1598 2841 1646 2877 ab
1676 2842 1709 2878 E
1738 2842 1787 2879 ad
1815 2842 1845 2878 Z
1879 2853 1949 2891 per
1978 2840 2258 2879 semicirculum
2284 2839 2316 2887 1,
2348 2845 2496 2876 contra-

1424 2892 1537 2930 riatur
1565 2894 1726 2931 motui*
1746 2893 1811 2944 qui
1839 2902 1896 2932 est
1924 2907 1947 2932 a
1974 2895 2004 2932 Z
2034 2894 2084 2932 ad
2112 2894 2146 2931 E
2179 2905 2249 2943 per
2277 2891 2496 2930 semicircu-

1422 2946 1499 2982 lum
1519 2947 1566 2983 T.
1589 2947 1666 2985 Sed
1684 2948 1760 2985 hoc
1779 2947 2019 2997 improbatur
2047 2947 2185 2985 eadem
2201 2945 2347 2984 ratione
2367 2957 2444 2995 qua
2460 2951 2498 2982 et

1421 2998 1587 3047 primurn
1609 3002 1646 3037 *z
1669 3001 1759 3049 quia
1791 3001 1932 3039 scilicet
1950 3000 2124 3039 distantia
2151 3012 2251 3049 quae
2271 3006 2327 3038 est
2345 2999 2443 3037 inter
2461 2998 2496 3036 E
2521 3002 2534 3014 ⁸

1426 3174 1478 3199 culi
1496 3175 1524 3200 P.
1544 3175 1615 3201 Patet
1633 3178 1747 3202 eundem
1766 3185 1876 3203 sensum
1895 3176 1992 3207 haberi.
2012 3177 2068 3202 sive
2087 3177 2186 3203 dicatur
2203 3177 2276 3210 quod
2294 3176 2412 3202 dimmi-
2430 3175 2498 3202 ima·

1427 3210 1478 3234 duo
1496 3216 1589 3242 puncta
1608 3220 1659 3237 non
1679 3218 1846 3238 mensuratur
1864 3221 1951 3246 neque
1969 3220 2017 3246 per
2035 3213 2237 3242 semicirculum,
2251 3219 2339 3245 neque
2353 3219 2399 3244 per
2411 3211 2497 3237 unum

1427 3245 1505 3270 alium
1524 3254 1611 3271 arcum
1631 3248 1766 3274 cuiuslibet
1785 3254 1829 3274 aut
1841 3249 1946 3274 maioris
1961 3254 2005 3274 aut
2019 3248 2127 3274 minoris
2141 3247 2244 3279 circum
2264 3247 2319 3272 eive
2337 3246 2443 3272 brevius
2458 3246 2497 3271 di-

1428 3285 1497 3304 catur
1517 3282 1585 3313 quod
1611 3283 1727 3309 distantia
1747 3292 1799 3309 non
1822 3291 1988 3309 mensuratur
2013 3291 2099 3317 neque
2117 3291 2164 3317 per
2183 3282 2390 3314 semicirculum,
2410 3289 2498 3315 neque

1427 3323 1473 3347 per
1491 3318 1631 3348 quemlibet
1650 3326 1738 3344 arcum
1758 3321 1882 3345 maiorem
1903 3325 1946 3344 aut
1965 3320 2094 3345 minorem
2113 3318 2286 3344 semicirculo.

1445 3386 1450 3391 .
1481 3349 1504 3383 ξ)
1519 3356 1620 3383 puncta
1639 3355 1768 3386 opposita.
1781 3369 1801 3375 -
1811 3355 1890 3389 signa
1909 3355 2032 3388 opposita
2051 3355 2084 3380 A.
2096 3368 2116 3374 —
2129 3354 2186 3380 Lin.
2199 3361 2257 3387 neq.
2270 3361 2320 3386 pro
2337 3356 2365 3379 et
2383 3356 2456 3385 tunc,
2469 3356 2497 3379 et

1427 3392 1464 3411 sic
1482 3387 1516 3417 A,
1535 3391 1561 3412 et
1578 3389 1650 3414 circa
1669 3390 1721 3415 CE.

1452 3456 1456 3462 Ι
1480 3421 1504 3456 ο)
1519 3423 1590 3448 trino
1608 3429 1724 3456 aspectu.
1735 3439 1755 3445 -
1766 3433 1848 3451 curvo
1863 3429 1970 3459 aspectu
1983 3426 2015 3451 Α.
2029 3425 2086 3451 Lin.
2096 3432 2153 3458 seq.
2163 3427 2252 3450 rectae
2269 3432 2324 3450 om.
2336 3425 2412 3450 codd.
2424 3437 2444 3444 —
2457 3424 2497 3450 De

1427 3461 1493 3481 trino
1513 3464 1616 3491 aspectu
1636 3465 1661 3484 et
1680 3461 1770 3486 ceteris
1790 3467 1919 3487 astrorum
1939 3469 1968 3487 as
1988 3461 2088 3486 entibus
2106 3460 2159 3485 vid.
2177 3460 2282 3494 KepIer,
2302 3460 2371 3494 Epic.
2389 3461 2496 3486 Astron.

1428 3492 1630 3526 Copernicanae,
1650 3495 1693 3520 lib.
1713 3496 1760 3526 VI.
1780 3502 1852 3529 parte
1874 3497 1901 3527 5,
1920 3505 1946 3522 iv
1985 3497 2054 3530 Opp-
2069 3496 2171 3526 omnia,
2190 3496 2310 3522 Francos.
2329 3494 2496 3529 1857-1871‚

1427 3526 1503 3567 Tom.
1517 3528 1565 3560 Vl,
1578 3538 1603 3562 p.
1618 3529 1694 3565 489).
1713 3531 1779 3556 Cum
1794 3538 1915 3566 aspectus
1935 3537 2021 3558 rectae
2038 3531 2210 3565 oppositionis
2230 3532 2313 3557 soleat
2331 3531 2380 3557 dici
2395 3531 2496 3565 uimpli-

1427 3567 1488 3588 citer
1506 3570 1625 3596 aspectus
1644 3567 1823 3599 oppositionis,
1842 3575 1892 3593 vox
1911 3571 2000 3594 rectae
2019 3571 2110 3601 posset
2129 3574 2189 3592 cum
2208 3567 2340 3593 codicibus
2358 3566 2452 3592 omitti.

2569 341 2670 363 omnium
2697 348 2764 366 om..

2533 367 2603 390 codd.
2617 374 2669 390 exc.
2682 374 2707 391 Δ.
2762 391 2763 394 ,

2533 443 2542 452 ·
2558 448 2639 464 omnes
2660 449 2709 466 om.
2721 450 2745 468 Α.

2527 1512 2677 1536 ‘niceo-id.
