2690 4062
57 479 67 489 ⁸
81 477 152 499 Num.
167 477 189 498 6.

59 566 71 576 ⁸
84 564 154 586 Num.
169 569 189 591 5.

57 745 66 753 ‘
81 745 158 765 autem
168 748 216 765 om.
230 748 268 764 ca,

293 275 352 300 LIV
379 278 382 281 ”

296 341 429 385 ptionis‚
454 340 530 384 quia
553 338 676 371 scilicet
698 346 809 370 motus
830 335 940 369 circuli
964 334 1088 378 obliqui
1113 334 1143 384 ἦ,
1164 333 1219 377 qui
1240 332 1357 365 dicitur

296 384 461 424 zodiacus,
478 392 510 416 et
532 394 600 416 non
624 391 735 415 motus
758 382 855 426 primi
879 379 1020 413 mobilis.
1038 379 1078 411 Et
1102 388 1185 410 circa
1201 376 1265 409 hoc
1289 375 1356 408 duo

294 429 389 462 facit:
414 429 521 472 primo
546 426 661 471 probat
683 426 748 459 hoc
771 437 828 470 per
858 425 1038 463 rationem3
1062 420 1208 454 secundo
1237 431 1295 464 per
1319 431 1357 452 ea

318 484 378 506 uae
403 481 480 505 sunt
503 472 613 504 sensui
643 469 813 503 manifesta
827 495 835 509 ‚
859 468 920 501 ibi:
944 468 1102 511 Apparent
1131 471 1231 498 autem
1253 463 1269 480 *
1293 472 1354 496 etc.

296 485 405 550 {rima
428 517 462 549 in
493 515 587 549 duas:
612 516 719 558 primo
750 515 844 558 ponit
873 512 1051 550 rationem3
1080 508 1226 542 secundo
1259 506 1356 540 infert

296 560 463 606 quoddam
486 558 705 599 corollarium,
721 557 781 591 ibi:
806 557 930 600 Ideoque
953 561 979 588 et
1002 560 1114 598 tempus
1137 552 1152 569 *
1177 561 1236 585 etc.

340 605 429 638 Dicit
453 615 530 647 ergo
550 604 667 647 primo,
685 602 774 653 quod
820 602 873 634 uia
890 599 1100 643 suppositum
1125 605 1174 647 est
1197 605 1229 629 et
1253 595 1355 628 deter-

295 650 456 682 minatum
479 658 576 691 supra
599 647 633 679 in
658 657 765 690 prlmo
787 614 881 684 libro,
905 643 995 688 quod
1018 650 1184 686 generatio
1209 649 1258 673 est
1281 651 1357 690 con-

296 694 387 726 tinua
409 701 441 725 et
456 702 594 735 semper,
611 701 672 723 nos
696 691 793 723 etiam
809 689 948 722 dicimus
972 686 1062 731 quod
1077 694 1190 718 motus
1207 695 1355 728 corporis

296 736 441 770 caelestis
465 744 514 769 est
537 746 633 767 causa
653 735 826 767 continuae
850 731 1079 776 generationis.
1106 730 1194 763 Cum
1213 729 1356 780 autem'f

295 781 461 825 generatio
486 788 518 812 et
540 779 706 822 corruptio
731 779 795 810 sint
818 776 989 816 contraria,
1008 786 1077 808 non
1101 775 1262 817 contingit
1284 772 1353 805 fieri

295 824 403 865 ambo,
416 823 538 856 scilicet
556 823 799 866 generationem
813 830 845 854 et
860 820 1118 864 corruptionem,
1131 819 1158 851 si
1175 819 1216 851 sit
1227 826 1355 850 tantum

256 882 259 884 ’
295 880 359 902 una
383 868 502 908 allatio,
519 867 586 899 sive
607 878 692 899 unus
717 875 827 899 motus
850 864 982 905 localis;
1007 864 1083 908 quia
1107 862 1194 896 idem
1218 871 1354 894 manens

148 1715 165 1740 Υ

54 1802 63 1811 '
78 1806 138 1828 ergo
153 1806 200 1822 om.
212 1805 249 1822 ca.

53 1985 62 1993 ·
75 1985 168 2012 oportet
175 1983 266 2005 moveri

52 2015 90 2033 ca.

51 2201 63 2212 ⁸
77 2200 130 2222 ideo
145 2207 192 2223 om.
206 2201 242 2223 Pb.

52 2424 61 2434 ·
75 2424 99 2444 et
111 2429 132 2450 e,
147 2429 195 2445 om.
209 2429 233 2445 a.

52 2777 62 2786 '
76 2776 144 2798 modo
159 2777 197 2804 pb,
213 2783 261 2799 om.

52 2808 80 2824 ca

51 2830 60 2839 ·
75 2819 139 2851 rhoda·
151 2830 216 2852 reah.

294 913 381 946 idem
409 920 441 945 et
463 922 592 954 semper
615 910 763 944 similiter
789 922 824 943 se
848 909 988 950 habens,
1013 918 1143 951 semper
1170 915 1284 939 natum
1307 914 1356 938 est

294 956 397 990 facere
420 953 526 995 idem,¹
537 963 569 987 et
592 966 660 988 non
686 955 862 988 contraria:
887 954 914 986 si
931 964 1010 996 ergo
1030 961 1115 985 esset
1138 960 1265 984 tantum
1289 961 1355 982 una

293 1001 357 1034 loci
380 1000 537 1039 mutatio,
563 1007 648 1032 esset
670 1007 798 1032 tantum
821 998 988 1042 generatio
1017 996 1069 1030 vel
1093 1005 1221 1029 tantum
1245 1006 1355 1028 corru-

293 1045 373 1089 ptio.
399 1044 487 1078 Cum
515 1054 593 1087 ergo
627 1055 695 1076 non
726 1044 768 1076 sit
797 1051 924 1076 tantum
959 1041 1118 1081 alterum,
1143 1049 1180 1073 ut
1202 1048 1291 1084 patet
1314 1038 1355 1072 ad

292 1099 446 1129 sensum,
477 1095 608 1132 oportet
637 1099 708 1121 esse
738 1087 862 1121 multos
893 1086 1074 1120 contrarios
1109 1093 1219 1117 motus
1253 1083 1354 1117 altero

293 1133 435 1167 duorum
458 1131 650 1165 modorum:
675 1132 798 1166 scilicet
813 1141 869 1165 aut
885 1131 1048 1169 allatione,
1061 1129 1145 1163 idest
1161 1127 1251 1173 quod
1268 1139 1355 1161 unus

293 1178 334 1210 sit
349 1176 528 1210 contrarius
544 1175 651 1210 alteri:
692 1177 760 1211 uod
775 1188 844 1209 non
859 1184 969 1220 potest
985 1185 1055 1207 esse
1072 1175 1106 1207 in
1120 1182 1214 1206 motu
1232 1172 1355 1213 circuli,

292 1230 328 1255 ut
350 1220 524 1265 probatum
548 1229 596 1254 est
627 1189 700 1255 ian
724 1222 758 1255 de
783 1221 875 1255 Caelo
882 1232 897 1260 ,·
919 1219 972 1253 vel
1001 1219 1074 1251 inae
1099 1217 1247 1258 ualitate,
1271 1217 1355 1251 idest

293 1264 381 1310 quod
405 1265 446 1297 sit
470 1276 556 1297 unus
573 1273 605 1298 et
627 1265 715 1299 idem
738 1274 861 1306 motus,
878 1264 935 1298 sed
951 1265 1090 1307 inaequa
1104 1264 1164 1296 iter
1187 1273 1221 1295 se
1238 1262 1355 1295 habeat

292 1309 332 1343 ad
355 1310 425 1353 ipsa
441 1309 638 1352 generabilia
661 1310 843 1344 secundum
859 1309 1002 1343 diversas
1027 1307 1138 1340 circuli
1162 1315 1280 1351 partes,
1298 1308 1354 1352 qui

292 1366 331 1388 ex
353 1365 418 1386 una
442 1353 553 1386 circuli
570 1363 660 1398 parte
685 1364 795 1388 causet
812 1365 926 1394 unum,
943 1362 976 1386 et
998 1364 1038 1385 ex
1056 1351 1118 1385 alia
1134 1360 1225 1396 parte
1242 1360 1354 1384 causet

291 1398 388 1432 aliud.
408 1398 658 1432 Contrariorum
674 1400 763 1433 enim
787 1398 976 1436 effectuum,
997 1396 1184 1430 cuiusmodi
1204 1405 1282 1429 sunt
1296 1407 1354 1440 ge-

290 1443 415 1476 neratio
439 1451 472 1475 et
488 1445 665 1488 corruptio,
682 1453 814 1488 oportet
837 1454 908 1476 esse
928 1442 1105 1475 contrarias
1125 1452 1247 1474 causas.
1266 1441 1354 1475 Cum

291 1495 400 1520 autem
414 1495 525 1520 motus
541 1489 638 1532 primi
655 1488 753 1529 orbis,
771 1488 827 1534 qui
844 1487 961 1521 dicitur
976 1495 1087 1519 motus
1105 1485 1253 1527 diurnus,
1270 1497 1354 1519 sem-

290 1543 347 1576 per
370 1530 576 1565 uniformiter
605 1544 639 1566 se
663 1533 778 1567 habeat
809 1543 908 1576 super
940 1530 1079 1564 circulos
1103 1541 1206 1575 aeque
1231 1530 1354 1564 distan-

290 1585 338 1609 tes
362 1587 380 1608 a
404 1576 525 1609 circulo
549 1578 789 1622 aequinoctiali,
805 1589 873 1611 non
896 1584 1006 1621 potest
1036 1586 1107 1608 esse
1131 1587 1228 1608 causa
1251 1587 1351 1619 gene-

290 1621 423 1653 rationis
447 1629 479 1653 et
513 1623 742 1666 corruptionis.
771 1621 836 1656 Sed
859 1630 971 1655 motus
995 1619 1106 1653 circuli
1131 1619 1273 1665 obliqui,
1297 1620 1354 1665 qui

291 1665 407 1698 dicitur
430 1664 595 1708 zodiacus,
621 1675 670 1700 est
693 1678 789 1701 causa
813 1666 978 1699 sufficiens
1007 1665 1196 1709 utriusque,
1220 1676 1280 1709 pro
1307 1673 1355 1698 ter

290 1718 418 1742 motum
435 1711 630 1744 accessionis
650 1720 682 1745 et
697 1711 890 1745 recessionis
907 1709 986 1743 solis
1005 1710 1039 1742 in
1056 1721 1096 1743 eo
1116 1719 1142 1744 Υ.
1157 1710 1196 1743 In
1211 1709 1272 1743 hac
1301 1710 1353 1742 oci

289 1754 472 1787 mutatione
496 1763 544 1788 est
567 1757 764 1789 continuitas
797 1755 1017 1800 generationis
1051 1763 1083 1787 et
1113 1755 1354 1799 corruptionis;

290 1809 368 1842 ergo
380 1798 395 1815 *
408 1810 541 1832 necesse
565 1810 614 1834 est
632 1800 734 1845 quod,
751 1801 777 1834 si
794 1800 961 1844 generatio
978 1808 1010 1832 et
1026 1799 1194 1843 corruptio
1214 1798 1354 1833 debeant

290 1854 359 1876 esse
383 1854 440 1887 per
465 1852 569 1886 etuae,
587 1845 677 1890 quod
693 1845 816 1890 aliquid
840 1855 970 1889 semper
988 1852 1020 1877 et
1036 1844 1193 1876 continue
1209 1852 1352 1884 moveat,

288 1896 325 1920 ut
348 1899 416 1920 non
455 1887 583 1922 eficiant
606 1891 804 1923 mutationes
826 1890 922 1923 istae:
946 1887 1116 1922 deficiente
1133 1889 1222 1921 enim
1246 1899 1354 1929 causa,

289 1944 420 1966 necesse
444 1942 493 1966 est
517 1943 548 1966 et
576 1934 728 1968 effectum
759 1934 907 1968 deficere.
937 1932 1127 1967 Secundum
1151 1942 1261 1966 autem
1286 1933 1354 1967 duo

290 1977 373 2010 duos
391 1986 522 2021 oportet
537 1989 648 2012 motus
665 1991 735 2012 esse
750 1981 778 2020 *,
794 1978 918 2012 scilicet
934 1977 1116 2012 secundum
1136 1989 1305 2011 accessum
1321 1987 1354 2012 et

289 2033 464 2062 recessum,
488 2031 525 2056 ut
547 2034 615 2057 non
639 2024 808 2067 contingat
837 2023 947 2056 solum
970 2022 1137 2067 generatio
1161 2031 1217 2055 aut
1240 2022 1351 2056 solum

289 2067 466 2110 corruptio.
485 2067 592 2102 Causa
616 2080 695 2113 ergo
720 2069 943 2101 continuitatis
967 2076 1017 2101 est
1039 2076 1150 2100 motus
1174 2068 1276 2101 totius
1301 2079 1354 2101 or-

288 2110 347 2144 bis.
366 2111 473 2145 Causa
496 2123 575 2146 vero
599 2114 799 2157 praesentiae
823 2122 855 2146 et
878 2112 1042 2146 absentiae
1065 2120 1114 2145 est
1137 2111 1305 2146 inclinatio
1322 2121 1354 2146 et

288 2155 426 2188 elevatio
450 2156 553 2201 ipsius
568 2157 709 2191 zodiaci:
734 2157 866 2202 quando
891 2157 980 2191 enim
995 2155 1171 2191 inclinatur
1194 2168 1213 2190 a
1229 2157 1352 2191 circulo

288 2201 516 2244 aequinoctiali
533 2214 572 2235 ex
588 2214 653 2236 una
669 2211 770 2247 parte,
787 2202 932 2236 elevatur
951 2213 990 2235 ex
1008 2201 1085 2243 alia,
1110 2210 1142 2234 et
1158 2201 1234 2235 ideo
1247 2201 1262 2219 *
1275 2213 1353 2236 con-

288 2245 384 2289 tingit
408 2245 497 2290 quod
521 2247 631 2291 ipsum
650 2258 808 2291 generans
833 2246 1032 2292 quandoque
1054 2255 1104 2280 est
1119 2257 1224 2291 prope
1240 2246 1352 2280 locum

287 2291 516 2333 generationis,
536 2300 568 2325 et
590 2291 788 2336 quandoque
807 2291 916 2336 longe.
935 2291 1082 2332 Quando
1105 2302 1185 2324 vero
1201 2291 1353 2325 distantia

288 2335 506 2378 generationis
529 2347 598 2370 non
614 2336 710 2370 fuerit
726 2336 880 2381 aequalis,
898 2348 1030 2370 necesse
1055 2345 1103 2369 est
1127 2345 1257 2370 motum
1281 2348 1352 2370 esse

287 2379 505 2425 inaequalem:
524 2390 555 2414 et
570 2380 655 2422 ideo,
672 2382 757 2414 sicut
775 2382 808 2414 in
828 2381 1034 2415 adveniendo
1051 2390 1083 2414 et
1106 2381 1139 2414 in
1156 2392 1261 2426 prope
1281 2393 1352 2415 esse

288 2433 420 2468 generat
435 2436 514 2466 rem,
531 2426 648 2459 ita*in
672 2425 854 2460 recedendo
877 2434 910 2459 et
934 2427 967 2459 in
986 2425 1085 2469 longe
1106 2436 1176 2459 esse
1201 2437 1350 2460 corrum-

288 2469 336 2513 pit
359 2468 513 2514 idipsum.
549 2470 591 2504 Et
622 2471 648 2503 si
672 2471 838 2504 multoties
866 2471 900 2504 in
931 2470 1136 2504 adveniendo
1167 2470 1350 2505 secundum

289 2524 388 2546 unam
416 2513 624 2548 medietatem
649 2514 760 2548 circuli
788 2523 942 2559 generat,
973 2514 1142 2549 multoties
1165 2515 1351 2550 recedendo

289 2558 469 2591 secundum
502 2559 598 2592 aliam
632 2559 839 2593 medietatem
876 2561 1076 2604 corrumpit:
1110 2561 1350 2594 contrariorum

289 2603 376 2636 enim
400 2604 578 2637 contrariae
602 2612 679 2637 sunt
701 2615 827 2638 causae.
845 2604 1132 2638 Considerandum
1156 2614 1206 2639 est
1228 2613 1350 2646 autem,

289 2646 379 2691 quod
402 2656 512 2680 motus
535 2649 634 2681 unius
657 2648 839 2682 medietatis
864 2649 975 2682 circuli
1002 2660 1071 2683 non
1095 2659 1144 2684 est
1167 2651 1350 2684 contrarius

288 2692 394 2724 motui
410 2691 540 2725 alterius
557 2692 738 2726 medietatis
755 2705 813 2738 per
828 2705 873 2735 se,
890 2693 947 2728 sed
963 2694 1145 2728 secundum
1161 2704 1349 2740 respectum

288 2735 368 2769 radii
392 2735 431 2769 ad
455 2735 566 2770 locum
589 2738 822 2781 generationis:
847 2739 923 2783 quia
948 2750 1023 2772 cum
1053 2739 1191 2781 recedit,
1216 2740 1349 2784 respicit

289 2779 463 2826 obliquiori
486 2781 578 2815 radio
593 2784 620 2822 *,
645 2791 678 2815 et
696 2791 774 2815 tunc
798 2782 987 2816 dominatur
1009 2782 1111 2828 frigus
1135 2783 1348 2818 mortificans.

287 2824 425 2859 Ratione
449 2837 527 2870 ergo
551 2825 663 2859 radii*
678 2825 795 2860 dicitur
818 2839 888 2861 esse
913 2828 946 2861 in
970 2827 1106 2873 obliquo
1123 2828 1246 2862 circulo
1270 2840 1348 2862 con-

287 2870 430 2904 trarietas
453 2879 574 2911 motus,
589 2870 641 2904 vel
664 2872 789 2904 ratione
813 2883 961 2906 accessus
985 2881 1018 2906 et
1036 2884 1193 2907 recessus.
1212 2874 1260 2907 Ex
1283 2873 1348 2908 hoc

287 2922 396 2948 autem
421 2914 586 2949 concludit
617 2915 706 2960 quod
730 2924 860 2961 tempus
888 2917 1108 2960 generationis
1131 2927 1181 2951 est
1212 2918 1347 2963 aequale

287 2960 427 3003 tempori
451 2960 680 3004 corruptioniS,
696 2969 728 2993 et
743 2972 760 2994 e
778 2972 952 2995 converso:
973 2963 1049 3006 quia
1072 2962 1123 2995 sol
1139 2962 1346 2997 ascendendo

287 3014 344 3046 per
367 3015 422 3054 sex
445 3005 537 3048 signa
553 3013 694 3048 generat,
715 3014 746 3038 et
770 3017 827 3049 per
842 3017 898 3039 sex
922 3007 1014 3050 signa
1030 3006 1260 3042 descendendo
1276 3019 1334 3041 cor

286 3057 417 3092 rump1t.

332 3102 360 3134 5.
378 3091 504 3126 Deinde
529 3103 603 3125 cum
628 3092 723 3126 dicit:
748 3094 872 3139 Ideoque
895 3101 921 3128 et
945 3101 1057 3147 tempus
1080 3104 1158 3136 etc.,
1180 3095 1347 3130 concludit

287 3136 451 3180 quoddam
468 3137 687 3178 corollarium,
711 3137 821 3172 dicens
845 3138 934 3183 quod
951 3151 1027 3184 quia
1043 3141 1210 3183 generatio
1227 3150 1259 3174 et
1275 3151 1346 3174 cor-

287 3181 395 3224 ruptio
418 3180 609 3214 inferiorum
633 3191 782 3216 causatur
799 3195 816 3216 a
833 3184 992 3227 superiori
1009 3193 1102 3218 motu
1128 3185 1239 3218 circuli
1263 3185 1346 3219 obli-

341 3356 366 3390 β)
381 3365 447 3390 quae
459 3358 597 3384 circulatio
646 3359 751 3393 obliqui.
760 3374 780 3379 -
789 3361 860 3393 quod
874 3361 968 3386 allatio
982 3362 1075 3388 circuli
1083 3363 1203 3389 caelestis
1211 3367 1252 3389 est
1264 3370 1346 3389 causa

287 3394 466 3426 generationis
484 3397 509 3419 et
527 3395 705 3427 corruptionis
724 3399 810 3421 motus
829 3396 923 3421 circuli
941 3397 1040 3430 obliqui
1054 3398 1104 3429 Pb‚·
1123 3406 1170 3431 pro
1184 3406 1260 3431 quae,
1275 3399 1347 3432 quod

288 3428 339 3457 Ca‚·
357 3436 404 3461 pro
423 3429 484 3460 quia
501 3429 606 3460 scilicet,
625 3430 688 3463 quia
705 3431 729 3455 si
747 3432 787 3456 ed.
801 3438 826 3456 a.

340 3464 367 3496 γ)
381 3466 494 3495 propter
517 3468 615 3490 motum
671 3466 697 3490 in
716 3473 756 3491 eo.
773 3479 791 3486 -
811 3467 867 3491 Hoc
885 3474 939 3492 om.
952 3467 991 3492 Ca
1005 3472 1030 3492 et
1043 3474 1166 3501 pergunt:
1185 3469 1248 3502 quia
1262 3469 1346 3494 homi-

289 3505 334 3523 nes
358 3498 435 3523 citius
458 3502 483 3523 et
507 3500 611 3525 tardius
629 3508 707 3533 quam
727 3507 788 3532 etc.,
808 3510 874 3535 quae
892 3502 979 3533 verba,
1000 3508 1099 3536 praeter
1117 3504 1192 3536 quia,
1210 3510 1348 3529 occurrunt

290 3541 361 3558 num.
376 3532 392 3557 6
411 3534 476 3559 circa
493 3533 584 3565 finem3
604 3536 754 3561 intermedia
777 3542 862 3562 tamen
882 3537 921 3561 Ca
940 3546 991 3562 non
1010 3539 1143 3568 omittunt,
1164 3540 1209 3564 sed
1228 3545 1347 3572 transpo-

290 3574 353 3593 nunt
371 3568 396 3592 in
417 3569 472 3594 lect.
492 3577 548 3602 aeq.
563 3578 632 3594 num.
651 3578 671 3600 1,
687 3571 751 3596 inter
765 3572 843 3597 verba
857 3572 988 3605 contingit
1001 3580 1056 3599 esse
1074 3578 1204 3607 generata
1217 3581 1242 3600 et
1255 3579 1281 3600 et
1294 3583 1345 3600 non

287 3606 416 3637 generata
436 3602 610 3637 (generantur
628 3605 698 3638 C).-
712 3605 763 3630 Pro
783 3607 811 3631 In
833 3607 889 3635 hac,
906 3607 960 3633 sed
979 3609 1004 3633 in
1025 3609 1074 3634 hac
1092 3608 1124 3635 C.

342 3638 366 3671 δ)
386 3639 455 3664 idem
478 3640 515 3665 ad
537 3647 650 3666 sensum.
667 3653 686 3660 —
705 3641 773 3666 idem
798 3647 830 3667 ea
847 3642 884 3667 ad
908 3649 1011 3668 sensum
1031 3644 1071 3669 ed.
1086 3652 1116 3674 a,
1137 3645 1205 3670 idem
1222 3653 1273 3678 per·
1291 3653 1348 3671 sen-

786 260 856 297 DE
886 255 1274 296 GENERATIONE
1304 253 1374 290 ET
1404 250 1789 289 CORRUPTIONE
1818 251 1913 287 LIB.
1945 252 1976 287 II

1412 330 1479 374 qui,
1493 329 1567 362 ideo
1585 339 1684 361 omne
1701 337 1833 372 tempus
1851 328 1942 373 quod
1958 336 2008 361 est
2023 328 2057 361 in
2073 339 2108 361 re
2124 328 2312 372 temporali,
2325 337 2358 362 et
2373 330 2482 362 omnis

1411 375 1477 406 vita
1504 373 1766 417 uniuscuiusque
1789 373 1868 412 vivi,
1892 372 1991 405 habet
2018 382 2196 407 numerum
2228 372 2484 407 determinatum

1411 430 1451 451 ex
1470 417 1593 450 circulo
1618 416 1757 450 caelesti.
1779 417 1828 450 Ex
1851 417 1925 460 ipso
1949 417 2039 450 enim
2072 416 2299 451 consideratur
2320 426 2484 462 quantum

1411 474 1446 494 se
1466 461 1610 494 extendit
1625 462 1729 494 virtus
1752 462 1950 505 generantis,
1967 461 2053 494 sicut
2068 470 2214 506 patet'ex
2229 463 2365 496 scientia
2381 471 2483 496 astro-

1409 507 1551 539 nomica.
1570 505 1737 539 Omnium
1760 506 1850 538 enim
1869 504 2063 539 inferiorum
2085 517 2196 539 rerum
2212 506 2296 540 ordo
2320 506 2484 558 dependet

1410 562 1450 583 ex
1473 549 1588 583 ordine
1612 550 1842 593 superiorum,
1869 558 1902 583 et
1925 561 2025 583 omne
2056 559 2123 583 tem
2148 561 2188 583 us
2213 559 2246 584 et
2276 561 2386 584 omnis
2415 551 2484 585 vita

1409 594 1548 638 periodo
1572 602 1781 627 mensuratur
1800 593 1867 639 (est
1890 603 2001 628 autem
2025 595 2095 639 peri
2142 606 2182 628 us
2214 595 2399 629 modulatio
2423 596 2484 629 cir-

1410 638 1485 679 culi,
1510 638 1595 672 dicta
1618 650 1637 671 a
1654 639 1733 683 peri,
1759 638 1851 683 quod
1874 648 1930 672 est·
1947 640 2083 680 circum,
2105 648 2140 673 et
2161 639 2243 681 odos,
2268 639 2483 686 modulatio).

1411 683 1476 717 Sed
1500 691 1611 716 tamen
1633 693 1703 715 non
1727 684 1840 716 omnia
1863 692 2097 717 mensurantur
2119 683 2235 718 eadem
2258 684 2409 729 periodo,
2425 684 2483 718 sed

1410 727 1571 772 quaedam
1595 726 1717 760 habent
1739 728 1901 762 maiorem
1929 737 1962 761 et
1985 727 2148 773 quaedam
2177 729 2354 763 minorem.
2383 729 2483 770 Quo-

1409 771 1550 805 rundam
1573 772 1663 805 enim
1679 772 1836 816 periodus
1860 781 1911 806 est
1925 784 2013 806 unus
2037 784 2162 807 annus:
2188 782 2267 807 sunt
2282 774 2372 807 enim
2387 784 2484 819 quae-

1410 816 1485 850 dam
1509 815 1668 850 animalia·
1678 828 1762 861 quae
1781 828 1850 850 non
1873 818 1992 851 vivunt
2014 819 2078 851 nisi
2094 829 2154 870 per
2176 829 2319 859 annum3
2336 829 2484 864 quorun—

1409 860 1485 894 dam
1508 872 1588 894 vero
1612 861 1723 894 minor
1749 870 1783 894 et
1805 861 2017 906 quorundam
2041 873 2158 904 malor,
2183 862 2368 896 secundum
2392 862 2484 908 quod

1409 906 1514 949 magis
1537 904 1590 938 vel
1606 906 1718 939 minus
1742 914 1820 939 sunt
1838 906 2062 950 susceptibilia
2084 915 2118 941 et
2131 907 2334 953 receptibilia
2353 908 2484 942 virtutis

1410 950 1471 983 sibi
1494 949 1622 983 infusae
1637 952 1654 971 *
1669 961 1687 983 a
1711 949 1842 984 caelesti
1866 961 2016 995 corpore.

1454 996 1486 1027 6.
1503 994 1634 1028 Deinde
1651 1005 1728 1028 cum
1744 994 1839 1028 dicit:
1856 995 1908 1040 Ap
1929 1002 2017 1030 arent
2031 1002 2133 1030 autem
2147 1005 2222 1038 etc.,
2234 996 2380 1031 ostendit
2394 996 2484 1031 idem

1410 1038 1451 1072 ad
1475 1050 1611 1072 sensum
1633 1039 1665 1079 3,
1681 1038 1793 1073 dicens
1817 1050 1886 1084 quo
1925 1052 1964 1074 ea
1981 1051 2066 1085 quae
2082 1040 2169 1074 dicta
2191 1050 2279 1083 sunt,
2294 1053 2373 1075 vera
2387 1053 2485 1086 appa-

1409 1092 1482 1117 rent
1505 1084 1604 1117 etiam
1624 1083 1665 1117 ad
1688 1095 1833 1117 sensum.
1858 1083 2022 1118 Videmus
2045 1085 2136 1118 enim
2159 1085 2201 1119 ad
2230 1085 2369 1120 oculum
2392 1085 2484 1132 quod

1409 1128 1479 1162 sole
1502 1128 1698 1162 adveniente
1721 1127 1763 1163 ad
1786 1138 1949 1173 punctum
1972 1129 2104 1170 Arietis,
2130 1129 2266 1174 quando
2290 1129 2413 1164 directe
2434 1129 2484 1164 lo-

1410 1184 1487 1207 cum
1510 1181 1662 1206 nostrum
1678 1173 1795 1217 tangit,
1811 1174 1927 1218 incipit
1945 1185 2016 1207 esse
2039 1175 2209 1218 generatio
2225 1183 2330 1209 terrae
2345 1186 2485 1210 nascen-

1409 1218 1514 1259 tibus,
1544 1217 1715 1251 recedente
1743 1227 1856 1252 autem
1879 1218 1949 1252 sole
1973 1229 1993 1252 a
2016 1219 2180 1264 principio
2204 1219 2340 1261 Librae,
2367 1220 2485 1265 incipit

1409 1274 1519 1296 rerum
1536 1262 1722 1296 deminutio
1746 1271 1779 1296 et
1795 1263 1975 1308 corruptio.
1993 1263 2036 1297 Et
2050 1272 2231 1309 utrumque
2252 1263 2291 1298 fit
2305 1265 2340 1299 in
2355 1275 2394 1298 ae
2417 1262 2485 1299 uali

1409 1316 1578 1352 tempore:
1603 1308 1681 1352 quia
1697 1316 1827 1341 tantum
1842 1316 1892 1341 est
1907 1317 2040 1352 tempus
2055 1309 2279 1352 generationis
2297 1319 2401 1343 secun
2424 1319 2485 1343 um

1409 1361 1572 1392 naturam,
1589 1361 1751 1397 quantum
1775 1361 1824 1386 est
1847 1361 1980 1397 tempus
2004 1353 2244 1398 corruptionis,
2291 1354 2346 1388 uia
2372 1362 2486 1398 tantus

1409 1405 1459 1430 est
1474 1408 1630 1430 ascensus
1647 1396 1727 1430 solis
1744 1405 1887 1442 quantus
1911 1406 1962 1431 est
1983 1397 2161 1432 descensus
2174 1424 2184 1439 ,
2211 1406 2250 1432 ut
2295 1399 2400 1441 ictum
2422 1406 2484 1433 eet.

1410 1442 1446 1475 Si
1469 1450 1580 1475 autem
1605 1443 1776 1486 contingat
1797 1441 1976 1487 aliquando
2000 1443 2169 1488 corrumpi
2188 1442 2333 1488 aliquam
2354 1452 2426 1477 rem
2449 1444 2485 1478 in

1409 1487 1531 1520 minori
1553 1495 1716 1531 tempore,
1732 1486 1798 1520 hoc
1822 1495 1872 1520 est
1894 1495 2072 1532 antequam
2087 1488 2145 1521 vis
2192 1486 2392 1522 enerati‘onis
2412 1499 2488 1523 -cae-

1408 1530 1498 1564 lestis
1529 1531 1715 1573 secundum
1744 1531 1908 1565 rationem
1931 1532 2060 1576 periodi
2087 1498 2237 1574 recedat,
2262 1531 2328 1566 hoc
2351 1540 2485 1578 emper

1409 1575 1577 1610 accidens:
1601 1577 1679 1621 quia
1701 1582 1826 1622 propter
1851 1577 2054 1621 confusiorum
2080 1576 2268 1618 adinvicem,
2296 1576 2384 1611 idest
2408 1588 2486 1623 pro-

1410 1629 1483 1665 pter
1506 1619 1738 1654 confusionem
1761 1629 1904 1666 quatuor
1926 1621 2179 1663 elementorum,
2203 1632 2288 1667 quae
2311 1629 2391 1656 sunt
2408 1633 2486 1656 ma-

1410 1666 1490 1699 teria
1521 1664 1695 1699 cuiuslibet
1727 1666 1872 1709 generati
1887 1690 1896 1706 ,
1923 1674 1962 1699 ut
1991 1677 2090 1711 supra
2121 1675 2294 1700 ostensum
2328 1674 2400 1700 est:
2430 1665 2484 1701 vel

1410 1718 1546 1755 propter
1569 1709 1802 1744 confusionem
1825 1709 1905 1744 solis
1929 1721 2007 1744 cum
2030 1709 2102 1745 aliis
2118 1710 2258 1756 planetis
2282 1711 2486 1754 conantium

1409 1754 1565 1788 effectum
1588 1754 1795 1788 habentibus.
1828 1755 1939 1788 Prima
1966 1763 2079 1789 tamen
2109 1756 2274 1807 expositio
2383 1755 2392 1764 ‘
2433 1764 2486 1790 est

1409 1799 1594 1834 secundum
1628 1799 1792 1833 litteram:
1843 1800 1898 1833 uia
1921 1800 2011 1833 enim
2043 1809 2181 1834 materia
2210 1800 2331 1846 inaequ
2447 1811 2484 1835 se

1409 1844 1517 1885 habet,
1533 1853 1566 1878 et
1589 1855 1658 1878 non
1677 1843 1822 1889 receptib
1849 1845 1876 1878 is
1892 1845 2022 1878 virtutis
2046 1844 2206 1886 caelestis,
2222 1853 2256 1878 et
2270 1855 2341 1879 non
2363 1844 2485 1891 eodem

1409 1888 1512 1923 modo
1537 1900 1571 1922 se
1595 1888 1694 1923 habet
1717 1889 1751 1922 in
1782 1888 1938 1935 periodo,
1967 1900 2102 1923 necesse
2125 1898 2176 1923 est
2197 1889 2429 1934 generatione·
2447 1890 2486 1924 est

1409 1935 1640 1979 corruptiones
1656 1933 1845 1979 inaequales
1860 1945 1948 1975 esse3
1965 1942 1999 1967 et
2009 1933 2087 1968 ideo
2102 1943 2200 1968 erunt
2215 1933 2379 1979 quaedam
2393 1934 2487 1969 citio-

1408 1991 1470 2020 res,
1480 1988 1513 2012 et
1530 1977 1692 2024 quaedam
1709 1978 1877 2012 tardiores.
1896 1979 1938 2012 Et
1954 1977 2077 2012 idcirco
2101 1978 2219 2013 accidit
2234 1987 2371 2024 propter
2384 1989 2484 2024 gene-

1408 2024 1571 2058 rationem
1587 2023 1658 2056 aliis
1675 2023 1824 2068 generari
1841 2024 2103 2068 corruptionem,
2119 2033 2153 2058 et
2172 2034 2191 2058 e
2204 2034 2384 2058 converso:
2405 2023 2485 2070 quia

1409 2069 1578 2113 corruptio
1601 2069 1702 2102 unius
1726 2077 1776 2102 est
1798 2068 1968 2113 generatio
1998 2067 2144 2110 alterius,
2165 2077 2200 2102 et
2225 2080 2244 2102 e
2257 2078 2431 2109 converso.

1453 2113 1506 2147 Ad
1530 2113 1730 2147 evidentiam
1753 2121 1865 2147 autem
1889 2124 2007 2147 eorum
2030 2124 2116 2158 quae
2139 2112 2194 2147 hic
2217 2112 2390 2155 dicuntur,
2413 2112 2484 2148 duo

1408 2167 1486 2192 sunt
1509 2157 1762 2192 consideranda:
1787 2158 1933 2203 primum
1966 2166 2033 2199 est,
2053 2157 2133 2203 quid
2163 2157 2308 2203 appellet
2330 2157 2484 2193 Philoso-

1407 2202 1494 2248 phus
1511 2211 1687 2247 generans:
1704 2202 1889 2236 secundum
1903 2211 1963 2243 est,
1977 2202 2058 2247 quid
2069 2201 2166 2236 faciat
2181 2201 2368 2247 periodum.
2386 2202 2484 2247 Circa

1407 2249 1553 2300 primum
1569 2247 1755 2281 notandum
1771 2255 1832 2287 est,
1850 2246 1942 2292 quod
1965 2258 2043 2281 cum
2061 2248 2232 2292 superiora
2251 2258 2270 2281 a
2335 2255 2350 2281 t
2371 2247 2407 2282 in
2421 2248 2486 2282 ista

1407 2292 1560 2326 inferiora
1577 2304 1636 2337 per
1651 2301 1783 2326 motum
1800 2300 1833 2326 et
1848 2291 1969 2332 lucem,
1982 2300 2020 2326 ut
2034 2291 2173 2326 habetur
2188 2293 2224 2326 in
2239 2293 2256 2326 I
2304 2298 2483 2334 mmm,

1407 2337 1453 2371 illi
1477 2338 1619 2371 maxime
1643 2336 1850 2371 attribuenda
1866 2345 1916 2370 est
1933 2337 2038 2370 virtus
2054 2336 2245 2382 generandi,
2262 2335 2356 2382 quod
2377 2337 2483 2371 maxi-

1407 2394 1460 2416 me
1479 2381 1582 2423 lucet,
1607 2390 1640 2416 et
1663 2381 1766 2427 quod,
1787 2381 1896 2415 lucem
1911 2393 2006 2415 suam
2022 2381 2179 2416 omnibus
2198 2381 2357 2424 n’ibuens,
2375 2381 2484 2435 ipsam

1406 2438 1424 2460 a
1440 2426 1534 2461 nullo
1551 2427 1665 2472 pattici
1692 2434 1734 2459 at.
1752 2425 1956 2460 Huiusmodi
1973 2434 2084 2460 autern
2100 2434 2151 2460 est
2165 2426 2226 2460 sol.
2244 2425 2343 2462 Unde
2357 2424 2483 2473 ibulem

1406 2471 1536 2513 dicitur,
1559 2470 1652 2516 quod
1687 2471 1752 2504 icet
1774 2481 1834 2515 per
1856 2479 1987 2504 motum
2011 2470 2180 2505 stellarum
2205 2479 2360 2509 causetur
2380 2468 2482 2512 calor,

1405 2516 1547 2550 maxime
1570 2525 1681 2549 tamen
1705 2526 1764 2560 per
1787 2523 1919 2549 motum
1935 2514 2023 2548 illius
2046 2515 2204 2560 sphaerae
2220 2516 2275 2549 cui
2297 2513 2351 2550 sol
2370 2514 2483 2549 existit

1404 2560 1542 2602 infixus;
1565 2560 1644 2605 quia
1657 2560 1744 2593 sicut
1759 2559 1879 2593 dicitur
1895 2560 1929 2593 in
1947 2559 1963 2594 1
1978 2559 2195 2600 Meteororum,
2217 2557 2481 2605 adncausandum

1404 2605 1548 2639 calorem
1564 2605 1598 2638 in
1616 2604 1686 2638 istis
1702 2603 1912 2638 inferioribus
1932 2603 2000 2638 duo
2016 2605 2240 2650 requiruntur,
2261 2603 2386 2638 scilicet
2402 2614 2480 2649 pro-

1403 2651 1571 2702 pinquitas
1587 2658 1620 2683 et
1642 2648 1801 2683 velocitas
1820 2647 1971 2690 mobilis,
1995 2660 2080 2694 quae
2096 2648 2164 2683 duo
2181 2647 2384 2683 sufficienter
2401 2655 2483 2684 sunt

1403 2707 1437 2728 in
1461 2694 1553 2735 sole,
1581 2695 1615 2727 in
1640 2694 1755 2729 ceteris
1778 2704 1859 2727 vero
1889 2692 1993 2727 stellis
2017 2692 2127 2728 deficit
2151 2693 2312 2727 alterum:
2343 2693 2421 2739 quia
2443 2693 2479 2730 in

1402 2739 1454 2773 his
1478 2750 1562 2792 quae
1586 2747 1663 2772 sunt
1686 2749 1785 2783 supra
1809 2737 1926 2779 solem,
1947 2736 2024 2772 licet
2047 2738 2090 2772 sit
2112 2737 2279 2772 sufficiens
2301 2737 2478 2780 velocitas,

1403 2783 1512 2818 deficit
1535 2784 1647 2817 tamen
1671 2783 1912 2828 propinquitas,
1936 2783 1970 2816 in
2001 2782 2053 2816 his
2081 2793 2162 2816 vero
2185 2794 2271 2828 quae
2293 2790 2373 2816 sunt
2395 2781 2480 2817 infin

1402 2829 1519 2870 solem,
1545 2828 1621 2862 licet
1644 2829 1686 2862 sit
1709 2827 1956 2872 propinquitas,
1980 2826 2091 2861 deficit
2117 2826 2286 2861 sufficiens
2308 2826 2478 2862 velocius.

1402 2874 1642 2908 Verumtamen
1666 2882 1735 2906 non
1759 2871 1870 2906 solum
1898 2871 1949 2905 sol
1973 2881 2023 2905 est
2046 2882 2144 2905 causa
2197 2871 2397 2906 enei-ationis
2418 2870 2478 2906 κά

1402 2919 1501 2952 etiam
1521 2917 1574 2951 alii
1590 2917 1758 2962 planetae:
1782 2917 1847 2950 nisi
1862 2916 1947 2950 sorte
1970 2927 2032 2961 pro
2048 2925 2141 2950 tanto
2187 2916 2303 2956 icatur,
2319 2916 2398 2962 quia
2420 2925 2478 2950 so-

1401 2963 1452 2996 lus
1469 2962 1521 2996 sol
1536 2962 1650 2996 lucens
1666 2961 1792 2996 lumine
1808 2961 1946 3006 proprio
1971 2970 1993 3002 ε,
2009 2971 2126 2994 omnes
2142 2959 2224 2994 alios
2241 2959 2480 3006 planetaslillu-

1401 3008 1519 3041 minat:
1539 3008 1624 3040 sicut
1639 3007 1782 3040 maxime
1798 3017 1816 3039 a
1842 3014 1934 3051 paret
1952 3005 1986 3039 in
2005 3004 2094 3039 luna.
2111 3005 2282 3050 Recipitur
2294 3013 2406 3039 tamen
2421 3003 2479 3039 lux

1401 3053 1472 3086 eius
1496 3051 1717 3086 diversimode
1741 3052 1776 3084 in
1799 3017 1951 3091 diversis,
1976 3059 2009 3084 et
2032 3061 2101 3084 non
2126 3050 2267 3084 omnino
2290 3048 2477 3084 secundnm

1401 3096 1539 3130 eandem
1562 3097 1720 3130 virtutem
1744 3106 1828 3141 quae
1852 3103 1902 3129 est
1934 3095 1967 3128 in
1991 3093 2080 3128 sole:
2105 3095 2183 3140 quia
2211 3093 2478 3140 unumquodque

1401 3140 1491 3186 quod
1507 3150 1557 3174 est
1572 3141 1606 3174 in
1631 3140 1707 3181 alio,
1723 3149 1773 3174 est
1789 3141 1823 3173 in
1847 3150 1888 3173 eo
1912 3151 1971 3184 per
1987 3138 2128 3176 modum
2143 3139 2343 3184 recipientis,
2358 3147 2393 3173 et
2407 3148 2478 3173 non

1401 3186 1539 3219 omnino
1564 3196 1622 3230 per
1645 3184 1786 3219 modum
1810 3185 1942 3229 recepti.

1401 3371 1459 3389 sum
1478 3364 1508 3389 C.
1525 3378 1545 3384 -
1563 3365 1614 3389 Pro
1639 3371 1703 3390 vera
1727 3367 1864 3397 apparent
1885 3364 1982 3394 etiam,
2007 3363 2098 3390 mixta
2121 3363 2202 3389 etiam
2229 3363 2271 3389 ed.
2282 3370 2313 3394 a,
2333 3363 2479 3398 mcum

1401 3406 1456 3425 esse
1475 3400 1504 3425 C.

1455 3435 1478 3467 ε)
1497 3438 1537 3460 est
1554 3442 1637 3461 causa
1652 3434 1836 3469 generationis
1881 3434 2006 3469 proprio.
2018 3447 2039 3456 ·-
2052 3434 2089 3460 Pb
2101 3439 2277 3469 unueponunt
2293 3431 2478 3469 generationi!

1402 3475 1462 3503 post
1476 3471 1618 3502 planetas,-
1637 3471 1691 3496 Ca:
1709 3474 1749 3496 est
1766 3471 1950 3504 gener-arionis
1969 3470 2113 3504 (generans
2128 3469 2159 3503 C)
2180 3469 2232 3495 nisi
2243 3470 2321 3504 sorte
2330 3476 2384 3503 pro
2398 3471 2476 3496 raum

1402 3506 1516 3535 dicatur,
1537 3506 1600 3538 quia
1619 3507 1675 3531 εοιο
1694 3506 1793 3532 Iumine
1806 3506 1870 3532 solis
1881 3507 1919 3540 stt
1932 3506 2086 3540 generatim
2104 3506 2178 3531 solus
2191 3506 2262 3532 enim
2279 3506 2321 3531 so!
2332 3506 2422 3531 quena
2435 3505 2476 3530 tu-

1403 3541 1472 3566 mine
1486 3542 1601 3574 proprio
1607 3549 1615 3571 ,⁴
1630 3542 1660 3567 B.
1675 3542 1813 3567 Albertus:
1834 3552 1846 3565 ι
1860 3542 1907 3567 Est
1927 3547 2015 3567 autem
2033 3541 2228 3567 observandum
2247 3541 2320 3575 quod
2336 3548 2389 3566 non
2402 3540 2476 3566 nolu·

1401 3577 1441 3601 sol
1461 3581 1501 3602 eat
1521 3585 1598 3602 causa
1611 3577 1794 3610 generationis,
1808 3578 1855 3603 sed
1875 3577 1982 3610 (liceti)
2003 3577 2060 3611 ipse
2074 3577 2213 3611 praecipue
2227 3577 2261 3602 sit
2273 3584 2411 3611 generans,
2424 3575 2475 3601 nisi

1403 3612 1500 3637 dicatur
1518 3613 1590 3645 quod
1609 3613 1667 3638 solo
1687 3612 1785 3638 lumine
1804 3613 1868 3638 solis
1882 3611 1910 3638 fit
1928 3613 2070 3646 generatio,
2084 3613 2145 3646 quia
2156 3612 2268 3639 ...solus
2287 3612 2327 3638 eol
2346 3611 2418 3638 lucet
2435 3611 2479 3636 lu-

1403 3647 1471 3672 mine
1490 3648 1604 3680 proprio,
1618 3654 1643 3673 et
1662 3655 1756 3673 omnes
1775 3648 1816 3674 alii
1836 3648 1955 3682 planetae
1974 3648 2134 3674 illustrantur
2152 3655 2167 3674 a
2185 3648 2250 3674 ⁸010.
2262 3656 2276 3671 2
