<?xml version="1.0" encoding="UTF-8"?>
<!DOCTYPE html PUBLIC "-//W3C//DTD XHTML 1.0 Transitional//EN"
    "http://www.w3.org/TR/xhtml1/DTD/xhtml1-transitional.dtd">
<html xmlns="http://www.w3.org/1999/xhtml" xml:lang="en" lang="en">
 <head>
  <title>
</title>
<meta http-equiv="Content-Type" content="text/html;charset=utf-8" />
  <meta name='ocr-system' content='tesseract 3.04.00' />
  <meta name='ocr-capabilities' content='ocr_page ocr_carea ocr_par ocr_line ocrx_word'/>
</head>
<body>
  <div class='ocr_page' id='page_1' title='image "./operaomniaiussui03thom/operaomniaiussui03thom_0111.png"; bbox 0 0 2782 4134; ppageno 0'>
   <div class='ocr_carea' id='block_1_1' title="bbox 1087 242 1652 291">
    <p class='ocr_par' dir='ltr' id='par_1_1' title="bbox 1087 242 1652 291">
     <span class='ocr_line' id='line_1_1' title="bbox 1087 242 1652 291; baseline -0.005 -9"><span class='ocrx_word' id='word_1_1' title='bbox 1087 245 1199 282; x_wconf 90' lang='lat' dir='ltr'><strong>CAP.</strong></span> <span class='ocrx_word' id='word_1_2' title='bbox 1228 244 1334 291; x_wconf 89' lang='lat' dir='ltr'>VIII,</span> <span class='ocrx_word' id='word_1_3' title='bbox 1365 243 1516 280; x_wconf 92' lang='lat' dir='ltr'>LECT.</span> <span class='ocrx_word' id='word_1_4' title='bbox 1547 242 1652 280; x_wconf 94' lang='lat' dir='ltr'>XVII</span> 
     </span>
    </p>
   </div>
   <div class='ocr_carea' id='block_1_2' title="bbox 855 457 1885 518">
    <p class='ocr_par' dir='ltr' id='par_1_2' title="bbox 855 457 1885 518">
     <span class='ocr_line' id='line_1_2' title="bbox 855 457 1885 518; baseline -0.004 0"><span class='ocrx_word' id='word_1_5' title='bbox 855 460 1156 518; x_wconf 91' lang='lat' dir='ltr'>LECTIO</span> <span class='ocrx_word' id='word_1_6' title='bbox 1194 457 1885 517; x_wconf 85' lang='lat' dir='ltr'>DECIMASEPTIMA</span> 
     </span>
    </p>
   </div>
   <div class='ocr_carea' id='block_1_3' title="bbox 444 609 2300 763">
    <p class='ocr_par' dir='ltr' id='par_1_3' title="bbox 444 609 2300 763">
     <span class='ocr_line' id='line_1_3' title="bbox 444 609 2300 647; baseline -0.004 0"><span class='ocrx_word' id='word_1_7' title='bbox 444 615 610 647; x_wconf 87' lang='lat' dir='ltr'>TERTIA</span> <span class='ocrx_word' id='word_1_8' title='bbox 632 613 768 645; x_wconf 86' lang='lat' dir='ltr'>RATIO</span> <span class='ocrx_word' id='word_1_9' title='bbox 791 613 850 643; x_wconf 90' lang='lat' dir='ltr'>EX</span> <span class='ocrx_word' id='word_1_10' title='bbox 874 611 1145 643; x_wconf 90' lang='lat' dir='ltr'>CORPORIBUS</span> <span class='ocrx_word' id='word_1_11' title='bbox 1169 610 1469 642; x_wconf 91' lang='lat' dir='ltr'>INFERIORIBUS</span> <span class='ocrx_word' id='word_1_12' title='bbox 1492 610 1551 641; x_wconf 88' lang='lat' dir='ltr'>AD</span> <span class='ocrx_word' id='word_1_13' title='bbox 1575 610 1846 642; x_wconf 90' lang='lat' dir='ltr'>PROBANDAM</span> <span class='ocrx_word' id='word_1_14' title='bbox 1874 609 2105 641; x_wconf 85' lang='lat' dir='ltr'>UNITATEM</span> <span class='ocrx_word' id='word_1_15' title='bbox 2128 609 2268 640; x_wconf 91' lang='lat' dir='ltr'>MUNDI</span> <span class='ocrx_word' id='word_1_16' title='bbox 2281 625 2300 631; x_wconf 89' lang='lat'><em>-</em></span> 
     </span>
     <span class='ocr_line' id='line_1_4' title="bbox 621 666 2112 706; baseline -0.003 -4"><span class='ocrx_word' id='word_1_17' title='bbox 621 669 903 702; x_wconf 88' lang='lat' dir='ltr'>OSTENDITUR</span> <span class='ocrx_word' id='word_1_18' title='bbox 926 668 1133 700; x_wconf 87' lang='lat' dir='ltr'>CORPORA</span> <span class='ocrx_word' id='word_1_19' title='bbox 1154 668 1411 699; x_wconf 86' lang='lat' dir='ltr'>NATURALIA</span> <span class='ocrx_word' id='word_1_20' title='bbox 1434 667 1608 698; x_wconf 88' lang='lat' dir='ltr'><strong>HABERE</strong></span> <span class='ocrx_word' id='word_1_21' title='bbox 1633 667 1952 698; x_wconf 89' lang='lat' dir='ltr'>DETERMINATA</span> <span class='ocrx_word' id='word_1_22' title='bbox 1975 666 2112 706; x_wconf 89' lang='lat' dir='ltr'><strong>LOCA,</strong></span> 
     </span>
     <span class='ocr_line' id='line_1_5' title="bbox 970 724 1772 763; baseline -0.004 -6"><span class='ocrx_word' id='word_1_23' title='bbox 970 725 1030 756; x_wconf 92' lang='lat' dir='ltr'>AD</span> <span class='ocrx_word' id='word_1_24' title='bbox 1054 725 1174 763; x_wconf 86' lang='lat' dir='ltr'><strong>QUAE</strong></span> <span class='ocrx_word' id='word_1_25' title='bbox 1196 724 1511 755; x_wconf 86' lang='lat' dir='ltr'>NATURALITER</span> <span class='ocrx_word' id='word_1_26' title='bbox 1534 724 1772 755; x_wconf 90' lang='lat' dir='ltr'>FERUNTUR</span> 
     </span>
    </p>
   </div>
   <div class='ocr_carea' id='block_1_4' title="bbox 263 860 2469 913">
    <p class='ocr_par' dir='ltr' id='par_1_4' title="bbox 263 860 2469 913">
     <span class='ocr_line' id='line_1_6' title="bbox 263 860 2469 913; baseline 0.002 -16"><span class='ocrx_word' id='word_1_27' title='bbox 263 865 375 900; x_wconf 73' lang='grc' dir='ltr'>Ἀλλά</span> <span class='ocrx_word' id='word_1_28' title='bbox 396 865 464 910; x_wconf 79' lang='grc' dir='ltr'>μῆν</span> <span class='ocrx_word' id='word_1_29' title='bbox 491 863 624 911; x_wconf 85' lang='grc' dir='ltr'>ἀνάγκη</span> <span class='ocrx_word' id='word_1_30' title='bbox 641 862 673 910; x_wconf 86' lang='grc' dir='ltr'>γ’</span> <span class='ocrx_word' id='word_1_31' title='bbox 692 860 778 896; x_wconf 81' lang='grc' dir='ltr'>εἶναί</span> <span class='ocrx_word' id='word_1_32' title='bbox 799 875 879 896; x_wconf 88' lang='grc' dir='ltr'>τινα</span> <span class='ocrx_word' id='word_1_33' title='bbox 901 866 1030 901; x_wconf 87' lang='grc' dir='ltr'>κίνησιν</span> <span class='ocrx_word' id='word_1_34' title='bbox 1055 863 1170 896; x_wconf 81' lang='grc' dir='ltr'>αὐτῶν</span> <span class='ocrx_word' id='word_1_35' title='bbox 1181 875 1188 883; x_wconf 90' lang='grc'>·</span> <span class='ocrx_word' id='word_1_36' title='bbox 1209 862 1263 895; x_wconf 80' lang='grc' dir='ltr'>ὅτι</span> <span class='ocrx_word' id='word_1_37' title='bbox 1279 862 1340 906; x_wconf 78' lang='grc' dir='ltr'>μὲν</span> <span class='ocrx_word' id='word_1_38' title='bbox 1395 864 1414 882; x_wconf 63' lang='lat'>4‘</span> <span class='ocrx_word' id='word_1_39' title='bbox 1429 865 1492 896; x_wconf 91' lang='lat' dir='ltr'>Sed</span> <span class='ocrx_word' id='word_1_40' title='bbox 1511 866 1615 897; x_wconf 89' lang='lat' dir='ltr'>adhuc</span> <span class='ocrx_word' id='word_1_41' title='bbox 1631 876 1757 897; x_wconf 88' lang='lat' dir='ltr'>necesse</span> <span class='ocrx_word' id='word_1_42' title='bbox 1768 874 1814 898; x_wconf 88' lang='lat' dir='ltr'>est</span> <span class='ocrx_word' id='word_1_43' title='bbox 1827 877 1893 898; x_wconf 88' lang='lat' dir='ltr'>esse</span> <span class='ocrx_word' id='word_1_44' title='bbox 1906 868 2045 909; x_wconf 81' lang='lat' dir='ltr'><strong>aliquem</strong></span> <span class='ocrx_word' id='word_1_45' title='bbox 2057 876 2185 901; x_wconf 89' lang='lat' dir='ltr'>motum</span> <span class='ocrx_word' id='word_1_46' title='bbox 2203 870 2362 911; x_wconf 89' lang='lat' dir='ltr'>ipsorum:</span> <span class='ocrx_word' id='word_1_47' title='bbox 2380 872 2469 913; x_wconf 90' lang='lat' dir='ltr'>quod</span> 
     </span>
    </p>
   </div>
   <div class='ocr_carea' id='block_1_5' title="bbox 508 909 525 917">
    <p class='ocr_par' dir='ltr' id='par_1_5' title="bbox 508 909 525 917">
     <span class='ocr_line' id='line_1_7' title="bbox 508 909 525 917; baseline 0 0"><span class='ocrx_word' id='word_1_48' title='bbox 508 909 525 917; x_wconf 78' lang='grc' dir='ltr'>-ι</span> 
     </span>
    </p>
   </div>
   <div class='ocr_carea' id='block_1_6' title="bbox 334 906 1341 1220">
    <p class='ocr_par' dir='ltr' id='par_1_6' title="bbox 334 906 1341 1220">
     <span class='ocr_line' id='line_1_8' title="bbox 433 906 1339 953; baseline -0.002 -13"><span class='ocrx_word' id='word_1_49' title='bbox 433 920 635 950; x_wconf 88' lang='grc' dir='ltr'>κινουνται,</span> <span class='ocrx_word' id='word_1_50' title='bbox 669 906 823 953; x_wconf 82' lang='grc' dir='ltr'>φανερόν.</span> <span class='ocrx_word' id='word_1_51' title='bbox 862 907 1009 953; x_wconf 85' lang='grc' dir='ltr'>Πότερον</span> <span class='ocrx_word' id='word_1_52' title='bbox 1042 906 1099 940; x_wconf 76' lang='grc' dir='ltr'>οὖν</span> <span class='ocrx_word' id='word_1_53' title='bbox 1133 908 1192 948; x_wconf 78' lang='grc' dir='ltr'>βία</span> <span class='ocrx_word' id='word_1_54' title='bbox 1223 906 1339 945; x_wconf 80' lang='grc' dir='ltr'>παίσας</span> 
     </span>
     <span class='ocr_line' id='line_1_9' title="bbox 335 921 1340 997; baseline -0.003 -10"><span class='ocrx_word' id='word_1_55' title='bbox 335 921 475 997; x_wconf 59' lang='grc' dir='ltr'>ἷροῦμεν</span> <span class='ocrx_word' id='word_1_56' title='bbox 497 952 663 985; x_wconf 78' lang='grc' dir='ltr'>κινεῖσθαι</span> <span class='ocrx_word' id='word_1_57' title='bbox 685 955 744 984; x_wconf 77' lang='grc' dir='ltr'>καὶ</span> <span class='ocrx_word' id='word_1_58' title='bbox 769 952 833 990; x_wconf 82' lang='grc' dir='ltr'>τοὶς</span> <span class='ocrx_word' id='word_1_59' title='bbox 859 952 1041 993; x_wconf 84' lang='grc' dir='ltr'>έναντίας;</span> <span class='ocrx_word' id='word_1_60' title='bbox 1068 950 1140 986; x_wconf 79' lang='grc' dir='ltr'>ἀλλ’</span> <span class='ocrx_word' id='word_1_61' title='bbox 1168 953 1184 984; x_wconf 83' lang='grc' dir='ltr'>ὃ</span> <span class='ocrx_word' id='word_1_62' title='bbox 1209 951 1256 997; x_wconf 76' lang='grc' dir='ltr'><strong><em>μή</em></strong></span> <span class='ocrx_word' id='word_1_63' title='bbox 1282 951 1340 984; x_wconf 86' lang='grc' dir='ltr'>πέ-</span> 
     </span>
     <span class='ocr_line' id='line_1_10' title="bbox 336 992 1337 1043; baseline -0.001 -13"><span class='ocrx_word' id='word_1_64' title='bbox 336 1009 435 1043; x_wconf 82' lang='grc' dir='ltr'>φυκεν</span> <span class='ocrx_word' id='word_1_65' title='bbox 454 995 739 1038; x_wconf 73' lang='grc' dir='ltr'>ὅλωςικινεῖσθαι,</span> <span class='ocrx_word' id='word_1_66' title='bbox 759 992 931 1029; x_wconf 80' lang='grc' dir='ltr'>ἀδύνατον</span> <span class='ocrx_word' id='word_1_67' title='bbox 950 998 1058 1029; x_wconf 83' lang='grc' dir='ltr'>τοῦτο</span> <span class='ocrx_word' id='word_1_68' title='bbox 1082 995 1244 1029; x_wconf 77' lang='grc' dir='ltr'>κινεῖσθαι</span> <span class='ocrx_word' id='word_1_69' title='bbox 1265 994 1337 1038; x_wconf 75' lang='grc' dir='ltr'>βίᾳ.</span> 
     </span>
     <span class='ocr_line' id='line_1_11' title="bbox 334 1039 1338 1085; baseline 0 -11"><span class='ocrx_word' id='word_1_70' title='bbox 334 1042 374 1074; x_wconf 73' lang='grc' dir='ltr'>Εἰ</span> <span class='ocrx_word' id='word_1_71' title='bbox 391 1043 504 1075; x_wconf 85' lang='grc' dir='ltr'>τοίνυν</span> <span class='ocrx_word' id='word_1_72' title='bbox 521 1041 597 1074; x_wconf 80' lang='grc' dir='ltr'>ἐστί</span> <span class='ocrx_word' id='word_1_73' title='bbox 615 1053 665 1079; x_wconf 86' lang='grc' dir='ltr'>τις</span> <span class='ocrx_word' id='word_1_74' title='bbox 682 1044 809 1078; x_wconf 83' lang='grc' dir='ltr'>κίνησις</span> <span class='ocrx_word' id='word_1_75' title='bbox 829 1041 942 1073; x_wconf 83' lang='grc' dir='ltr'>αὐτῶν</span> <span class='ocrx_word' id='word_1_76' title='bbox 963 1041 1060 1074; x_wconf 80' lang='grc' dir='ltr'>κατοὶ</span> <span class='ocrx_word' id='word_1_77' title='bbox 1075 1040 1184 1085; x_wconf 79' lang='grc' dir='ltr'>φύσιν,</span> <span class='ocrx_word' id='word_1_78' title='bbox 1205 1039 1338 1085; x_wconf 78' lang='grc' dir='ltr'>ἀνάγκη</span> 
     </span>
     <span class='ocr_line' id='line_1_12' title="bbox 336 1081 1340 1130; baseline -0.003 -11"><span class='ocrx_word' id='word_1_79' title='bbox 336 1087 404 1119; x_wconf 82' lang='grc' dir='ltr'>τῶν</span> <span class='ocrx_word' id='word_1_80' title='bbox 430 1081 626 1130; x_wconf 75' lang='grc' dir='ltr'>ὁμοιοειδῶν</span> <span class='ocrx_word' id='word_1_81' title='bbox 650 1087 708 1117; x_wconf 81' lang='grc' dir='ltr'>καὶ</span> <span class='ocrx_word' id='word_1_82' title='bbox 735 1087 802 1118; x_wconf 84' lang='grc' dir='ltr'>τῶν</span> <span class='ocrx_word' id='word_1_83' title='bbox 826 1084 901 1117; x_wconf 80' lang='grc' dir='ltr'>καθ’</span> <span class='ocrx_word' id='word_1_84' title='bbox 923 1084 1070 1118; x_wconf 82' lang='grc' dir='ltr'>ἕκαστον</span> <span class='ocrx_word' id='word_1_85' title='bbox 1093 1086 1174 1130; x_wconf 72' lang='grc' dir='ltr'>πρός</span> <span class='ocrx_word' id='word_1_86' title='bbox 1193 1085 1253 1118; x_wconf 79' lang='grc' dir='ltr'>ἕνα</span> <span class='ocrx_word' id='word_1_87' title='bbox 1272 1087 1340 1130; x_wconf 83' lang='grc' dir='ltr'>ἀρι-</span> 
     </span>
     <span class='ocr_line' id='line_1_13' title="bbox 336 1125 1341 1176; baseline -0.003 -13"><span class='ocrx_word' id='word_1_88' title='bbox 336 1129 408 1175; x_wconf 74' lang='grc' dir='ltr'>θμῷ</span> <span class='ocrx_word' id='word_1_89' title='bbox 425 1129 534 1163; x_wconf 89' lang='grc' dir='ltr'>τόπον</span> <span class='ocrx_word' id='word_1_90' title='bbox 561 1129 724 1176; x_wconf 83' lang='grc' dir='ltr'>ὑπάρχειν</span> <span class='ocrx_word' id='word_1_91' title='bbox 751 1130 816 1166; x_wconf 72' lang='grc' dir='ltr'>τήν</span> <span class='ocrx_word' id='word_1_92' title='bbox 839 1132 982 1172; x_wconf 91' lang='grc' dir='ltr'>κίνησιν,</span> <span class='ocrx_word' id='word_1_93' title='bbox 1001 1131 1070 1162; x_wconf 86' lang='grc' dir='ltr'>οῐον</span> <span class='ocrx_word' id='word_1_94' title='bbox 1096 1130 1177 1175; x_wconf 72' lang='grc' dir='ltr'>πρὸς</span> <span class='ocrx_word' id='word_1_95' title='bbox 1203 1125 1284 1163; x_wconf 74' lang='grc' dir='ltr'>τόδε</span> <span class='ocrx_word' id='word_1_96' title='bbox 1306 1141 1341 1163; x_wconf 91' lang='grc' dir='ltr'>τι</span> 
     </span>
     <span class='ocr_line' id='line_1_14' title="bbox 336 1169 986 1220; baseline -0.003 -12"><span class='ocrx_word' id='word_1_97' title='bbox 336 1174 438 1220; x_wconf 88' lang='grc' dir='ltr'>μέσον</span> <span class='ocrx_word' id='word_1_98' title='bbox 462 1176 522 1211; x_wconf 77' lang='grc' dir='ltr'>καὶ</span> <span class='ocrx_word' id='word_1_99' title='bbox 547 1174 629 1219; x_wconf 74' lang='grc' dir='ltr'>πρὸς</span> <span class='ocrx_word' id='word_1_100' title='bbox 655 1169 736 1206; x_wconf 72' lang='grc' dir='ltr'>τόδε</span> <span class='ocrx_word' id='word_1_101' title='bbox 762 1185 796 1206; x_wconf 91' lang='grc' dir='ltr'>τι</span> <span class='ocrx_word' id='word_1_102' title='bbox 821 1174 986 1219; x_wconf 82' lang='grc' dir='ltr'>ἔσχατον.</span> 
     </span>
    </p>
   </div>
   <div class='ocr_carea' id='block_1_7' title="bbox 267 1257 1343 1707">
    <p class='ocr_par' dir='ltr' id='par_1_7' title="bbox 267 1257 1343 1441">
     <span class='ocr_line' id='line_1_15' title="bbox 267 1257 1336 1308; baseline -0.004 -12"><span class='ocrx_word' id='word_1_103' title='bbox 267 1263 307 1296; x_wconf 72' lang='grc' dir='ltr'>Εἰ</span> <span class='ocrx_word' id='word_1_104' title='bbox 331 1258 371 1296; x_wconf 71' lang='grc' dir='ltr'>δὲ</span> <span class='ocrx_word' id='word_1_105' title='bbox 395 1263 476 1308; x_wconf 80' lang='grc' dir='ltr'>πρὸς</span> <span class='ocrx_word' id='word_1_106' title='bbox 503 1257 584 1294; x_wconf 80' lang='grc' dir='ltr'>εἴδει</span> <span class='ocrx_word' id='word_1_107' title='bbox 610 1261 748 1304; x_wconf 81' lang='grc' dir='ltr'>ταύτά,</span> <span class='ocrx_word' id='word_1_108' title='bbox 775 1262 879 1294; x_wconf 85' lang='grc' dir='ltr'>πλείω</span> <span class='ocrx_word' id='word_1_109' title='bbox 904 1257 965 1303; x_wconf 71' lang='grc' dir='ltr'>δέ,</span> <span class='ocrx_word' id='word_1_110' title='bbox 990 1257 1082 1294; x_wconf 84' lang='grc' dir='ltr'>διότι</span> <span class='ocrx_word' id='word_1_111' title='bbox 1106 1263 1164 1293; x_wconf 78' lang='grc' dir='ltr'>καὶ</span> <span class='ocrx_word' id='word_1_112' title='bbox 1190 1260 1239 1294; x_wconf 74' lang='grc' dir='ltr'>τά</span> <span class='ocrx_word' id='word_1_113' title='bbox 1260 1261 1336 1294; x_wconf 78' lang='grc' dir='ltr'>καθ’</span> 
     </span>
     <span class='ocr_line' id='line_1_16' title="bbox 338 1301 1340 1352; baseline -0.003 -12"><span class='ocrx_word' id='word_1_114' title='bbox 338 1307 473 1340; x_wconf 77' lang='grc' dir='ltr'>ἕκαστα</span> <span class='ocrx_word' id='word_1_115' title='bbox 498 1308 603 1339; x_wconf 80' lang='grc' dir='ltr'>πλείω</span> <span class='ocrx_word' id='word_1_116' title='bbox 628 1305 710 1352; x_wconf 85' lang='grc' dir='ltr'>μέν,</span> <span class='ocrx_word' id='word_1_117' title='bbox 736 1301 817 1338; x_wconf 79' lang='grc' dir='ltr'>εἴδει</span> <span class='ocrx_word' id='word_1_118' title='bbox 841 1301 872 1337; x_wconf 80' lang='grc' dir='ltr'>δ’</span> <span class='ocrx_word' id='word_1_119' title='bbox 896 1305 1042 1338; x_wconf 78' lang='grc' dir='ltr'>ἕκαστον</span> <span class='ocrx_word' id='word_1_120' title='bbox 1069 1301 1274 1350; x_wconf 74' lang='grc' dir='ltr'>ἀδιάφορον,</span> <span class='ocrx_word' id='word_1_121' title='bbox 1303 1303 1340 1337; x_wconf 82' lang='grc' dir='ltr'>ού</span> 
     </span>
     <span class='ocr_line' id='line_1_17' title="bbox 337 1346 1338 1395; baseline -0.002 -11"><span class='ocrx_word' id='word_1_122' title='bbox 337 1352 387 1394; x_wconf 78' lang='grc' dir='ltr'>τῷ</span> <span class='ocrx_word' id='word_1_123' title='bbox 411 1352 472 1395; x_wconf 80' lang='grc' dir='ltr'>μὲν</span> <span class='ocrx_word' id='word_1_124' title='bbox 497 1352 547 1393; x_wconf 77' lang='grc' dir='ltr'>τῷ</span> <span class='ocrx_word' id='word_1_125' title='bbox 571 1346 600 1382; x_wconf 80' lang='grc' dir='ltr'>δ’</span> <span class='ocrx_word' id='word_1_126' title='bbox 631 1349 668 1382; x_wconf 74' lang='grc' dir='ltr'>οὓ</span> <span class='ocrx_word' id='word_1_127' title='bbox 694 1350 855 1383; x_wconf 86' lang='grc' dir='ltr'>τοιοῦτον</span> <span class='ocrx_word' id='word_1_128' title='bbox 881 1349 982 1383; x_wconf 83' lang='grc' dir='ltr'>ἔσται</span> <span class='ocrx_word' id='word_1_129' title='bbox 1007 1349 1074 1382; x_wconf 81' lang='grc' dir='ltr'>τῶν</span> <span class='ocrx_word' id='word_1_130' title='bbox 1099 1351 1235 1394; x_wconf 86' lang='grc' dir='ltr'>μορίων,</span> <span class='ocrx_word' id='word_1_131' title='bbox 1265 1348 1338 1383; x_wconf 77' lang='grc' dir='ltr'>ἀλλ’</span> 
     </span>
     <span class='ocr_line' id='line_1_18' title="bbox 337 1389 1343 1441; baseline -0.002 -12"><span class='ocrx_word' id='word_1_132' title='bbox 337 1398 460 1441; x_wconf 80' lang='grc' dir='ltr'>ὁμοίως</span> <span class='ocrx_word' id='word_1_133' title='bbox 486 1397 608 1428; x_wconf 77' lang='grc' dir='ltr'>πᾶσιν·</span> <span class='ocrx_word' id='word_1_134' title='bbox 635 1395 756 1438; x_wconf 80' lang='grc' dir='ltr'>ὁμοίως</span> <span class='ocrx_word' id='word_1_135' title='bbox 781 1395 847 1440; x_wconf 69' lang='grc' dir='ltr'>γάρ</span> <span class='ocrx_word' id='word_1_136' title='bbox 866 1393 1011 1427; x_wconf 81' lang='grc' dir='ltr'>ἅπαντα</span> <span class='ocrx_word' id='word_1_137' title='bbox 1034 1394 1115 1426; x_wconf 86' lang='grc' dir='ltr'>κατ’</span> <span class='ocrx_word' id='word_1_138' title='bbox 1137 1390 1224 1432; x_wconf 78' lang='grc' dir='ltr'>εἶδος</span> <span class='ocrx_word' id='word_1_139' title='bbox 1244 1389 1343 1427; x_wconf 79' lang='grc' dir='ltr'>ἀδιά-</span> 
     </span>
    </p>

    <p class='ocr_par' dir='ltr' id='par_1_8' title="bbox 334 1435 1342 1707">
     <span class='ocr_line' id='line_1_19' title="bbox 361 1435 1339 1484; baseline -0.002 -11"><span class='ocrx_word' id='word_1_140' title='bbox 361 1452 377 1473; x_wconf 86' lang='grc' dir='ltr'>ο</span> <span class='ocrx_word' id='word_1_141' title='bbox 400 1452 423 1473; x_wconf 89' lang='grc' dir='ltr'>α</span> <span class='ocrx_word' id='word_1_142' title='bbox 455 1439 634 1480; x_wconf 76' lang='grc' dir='ltr'>ἀλλήλων,</span> <span class='ocrx_word' id='word_1_143' title='bbox 669 1438 796 1483; x_wconf 75' lang='grc' dir='ltr'>ἀριθμῷ</span> <span class='ocrx_word' id='word_1_144' title='bbox 827 1435 858 1472; x_wconf 83' lang='grc' dir='ltr'>δ’</span> <span class='ocrx_word' id='word_1_145' title='bbox 886 1437 1000 1484; x_wconf 81' lang='grc' dir='ltr'>ἕτερον</span> <span class='ocrx_word' id='word_1_146' title='bbox 1036 1438 1150 1472; x_wconf 78' lang='grc' dir='ltr'>ὁτιοῦν</span> <span class='ocrx_word' id='word_1_147' title='bbox 1184 1439 1339 1471; x_wconf 80' lang='grc' dir='ltr'>ὁτουοῦν.</span> 
     </span>
     <span class='ocr_line' id='line_1_20' title="bbox 335 1451 1342 1531; baseline -0.001 -14"><span class='ocrx_word' id='word_1_148' title='bbox 335 1451 434 1531; x_wconf 52' lang='lat' dir='ltr'>Xera»</span> <span class='ocrx_word' id='word_1_149' title='bbox 458 1479 497 1516; x_wconf 81' lang='grc' dir='ltr'>δὲ</span> <span class='ocrx_word' id='word_1_150' title='bbox 521 1484 643 1524; x_wconf 82' lang='grc' dir='ltr'>τοῦτο,</span> <span class='ocrx_word' id='word_1_151' title='bbox 663 1482 718 1516; x_wconf 81' lang='grc' dir='ltr'>ὅτι</span> <span class='ocrx_word' id='word_1_152' title='bbox 743 1484 772 1515; x_wconf 84' lang='grc' dir='ltr'>εἱ</span> <span class='ocrx_word' id='word_1_153' title='bbox 797 1483 846 1517; x_wconf 79' lang='grc' dir='ltr'>τοὶ</span> <span class='ocrx_word' id='word_1_154' title='bbox 869 1481 1022 1516; x_wconf 76' lang='grc' dir='ltr'>ἐνταῦθα</span> <span class='ocrx_word' id='word_1_155' title='bbox 1046 1481 1149 1527; x_wconf 85' lang='grc' dir='ltr'>μόρια</span> <span class='ocrx_word' id='word_1_156' title='bbox 1174 1483 1256 1527; x_wconf 76' lang='grc' dir='ltr'>πρὸς</span> <span class='ocrx_word' id='word_1_157' title='bbox 1283 1483 1342 1516; x_wconf 79' lang='grc' dir='ltr'>ἄλ-</span> 
     </span>
     <span class='ocr_line' id='line_1_21' title="bbox 335 1525 1342 1572; baseline 0 -12"><span class='ocrx_word' id='word_1_158' title='bbox 335 1530 427 1567; x_wconf 87' lang='grc' dir='ltr'>ληλα</span> <span class='ocrx_word' id='word_1_159' title='bbox 457 1530 516 1560; x_wconf 80' lang='grc' dir='ltr'>καὶ</span> <span class='ocrx_word' id='word_1_160' title='bbox 541 1527 591 1560; x_wconf 84' lang='grc' dir='ltr'>τοὶ</span> <span class='ocrx_word' id='word_1_161' title='bbox 615 1528 648 1559; x_wconf 82' lang='grc' dir='ltr'>ὲν</span> <span class='ocrx_word' id='word_1_162' title='bbox 674 1526 777 1572; x_wconf 83' lang='grc' dir='ltr'>ἑτέρῳ</span> <span class='ocrx_word' id='word_1_163' title='bbox 807 1527 922 1571; x_wconf 84' lang='grc' dir='ltr'>κόσμῳ</span> <span class='ocrx_word' id='word_1_164' title='bbox 953 1528 1073 1571; x_wconf 81' lang='grc' dir='ltr'>ὁμοίως</span> <span class='ocrx_word' id='word_1_165' title='bbox 1101 1525 1191 1571; x_wconf 82' lang='grc' dir='ltr'>ἔχει,</span> <span class='ocrx_word' id='word_1_166' title='bbox 1216 1529 1274 1560; x_wconf 78' lang='grc' dir='ltr'>καὶ</span> <span class='ocrx_word' id='word_1_167' title='bbox 1300 1526 1342 1560; x_wconf 81' lang='grc' dir='ltr'>τό</span> 
     </span>
     <span class='ocr_line' id='line_1_22' title="bbox 334 1567 1342 1618; baseline -0.001 -14"><span class='ocrx_word' id='word_1_168' title='bbox 334 1571 458 1618; x_wconf 81' lang='grc' dir='ltr'>ληφθέν</span> <span class='ocrx_word' id='word_1_169' title='bbox 479 1570 635 1604; x_wconf 80' lang='grc' dir='ltr'>ἐντεῦθεν</span> <span class='ocrx_word' id='word_1_170' title='bbox 656 1567 753 1604; x_wconf 78' lang='grc' dir='ltr'>οὐδὲν</span> <span class='ocrx_word' id='word_1_171' title='bbox 770 1567 998 1617; x_wconf 76' lang='grc' dir='ltr'>διαφερόντως</span> <span class='ocrx_word' id='word_1_172' title='bbox 1016 1571 1097 1614; x_wconf 80' lang='grc' dir='ltr'>πρός</span> <span class='ocrx_word' id='word_1_173' title='bbox 1114 1571 1182 1604; x_wconf 85' lang='grc' dir='ltr'>τῶν</span> <span class='ocrx_word' id='word_1_174' title='bbox 1199 1571 1232 1604; x_wconf 74' lang='grc' dir='ltr'>ἐν</span> <span class='ocrx_word' id='word_1_175' title='bbox 1252 1571 1342 1612; x_wconf 81' lang='grc' dir='ltr'>ἄλλῳ</span> 
     </span>
     <span class='ocr_line' id='line_1_23' title="bbox 338 1615 1339 1662; baseline 0 -14"><span class='ocrx_word' id='word_1_176' title='bbox 338 1619 405 1648; x_wconf 78' lang='grc' dir='ltr'>τινὶ</span> <span class='ocrx_word' id='word_1_177' title='bbox 429 1615 542 1661; x_wconf 86' lang='grc' dir='ltr'>κόσμῳ</span> <span class='ocrx_word' id='word_1_178' title='bbox 567 1617 689 1661; x_wconf 87' lang='grc' dir='ltr'>μορίων</span> <span class='ocrx_word' id='word_1_179' title='bbox 717 1618 775 1648; x_wconf 76' lang='grc' dir='ltr'>καὶ</span> <span class='ocrx_word' id='word_1_180' title='bbox 801 1616 882 1662; x_wconf 76' lang='grc' dir='ltr'>πρὸς</span> <span class='ocrx_word' id='word_1_181' title='bbox 907 1617 974 1650; x_wconf 82' lang='grc' dir='ltr'>τῶν</span> <span class='ocrx_word' id='word_1_182' title='bbox 1000 1617 1034 1648; x_wconf 79' lang='grc' dir='ltr'>ὲν</span> <span class='ocrx_word' id='word_1_183' title='bbox 1059 1615 1108 1657; x_wconf 70' lang='grc' dir='ltr'>τῷ</span> <span class='ocrx_word' id='word_1_184' title='bbox 1134 1615 1243 1657; x_wconf 78' lang='grc' dir='ltr'>αὐτῷ,</span> <span class='ocrx_word' id='word_1_185' title='bbox 1264 1615 1339 1649; x_wconf 74' lang='grc' dir='ltr'>ἀλλ’</span> 
     </span>
     <span class='ocr_line' id='line_1_24' title="bbox 337 1655 1256 1707; baseline -0.002 -13"><span class='ocrx_word' id='word_1_186' title='bbox 337 1659 518 1699; x_wconf 78' lang='grc' dir='ltr'>ὤσαύτως·</span> <span class='ocrx_word' id='word_1_187' title='bbox 545 1655 741 1705; x_wconf 72' lang='grc' dir='ltr'>διαφέρουσι</span> <span class='ocrx_word' id='word_1_188' title='bbox 764 1661 830 1707; x_wconf 75' lang='grc' dir='ltr'>γαρ</span> <span class='ocrx_word' id='word_1_189' title='bbox 856 1659 953 1694; x_wconf 82' lang='grc' dir='ltr'>οὐθὲν</span> <span class='ocrx_word' id='word_1_190' title='bbox 978 1655 1059 1692; x_wconf 75' lang='grc' dir='ltr'>εἴδει</span> <span class='ocrx_word' id='word_1_191' title='bbox 1085 1658 1256 1697; x_wconf 77' lang='grc' dir='ltr'>ἀλλήλων.</span> 
     </span>
    </p>
   </div>
   <div class='ocr_carea' id='block_1_8' title="bbox 261 1790 1344 3160">
    <p class='ocr_par' dir='ltr' id='par_1_9' title="bbox 263 1790 1343 2016">
     <span class='ocr_line' id='line_1_25' title="bbox 263 1790 1343 1839; baseline -0.001 -14"><span class='ocrx_word' id='word_1_192' title='bbox 263 1792 361 1826; x_wconf 64' lang='lat' dir='ltr'>‘flav&#39;</span> <span class='ocrx_word' id='word_1_193' title='bbox 391 1790 580 1839; x_wconf 71' lang='grc' dir='ltr'>ἀναγκαῖον</span> <span class='ocrx_word' id='word_1_194' title='bbox 606 1791 628 1828; x_wconf 76' lang='grc' dir='ltr'>ἦ</span> <span class='ocrx_word' id='word_1_195' title='bbox 652 1795 753 1824; x_wconf 74' lang='grc' dir='ltr'>κινεῖν</span> <span class='ocrx_word' id='word_1_196' title='bbox 778 1792 913 1831; x_wconf 84' lang='grc' dir='ltr'>ταύτας</span> <span class='ocrx_word' id='word_1_197' title='bbox 940 1793 1003 1831; x_wconf 84' lang='grc' dir='ltr'>τοὶς</span> <span class='ocrx_word' id='word_1_198' title='bbox 1030 1790 1226 1833; x_wconf 72' lang='grc' dir='ltr'>ὑποθέσεις,</span> <span class='ocrx_word' id='word_1_199' title='bbox 1254 1791 1275 1830; x_wconf 80' lang='grc' dir='ltr'>ἦ</span> <span class='ocrx_word' id='word_1_200' title='bbox 1301 1793 1343 1824; x_wconf 81' lang='grc' dir='ltr'>τὸ</span> 
     </span>
     <span class='ocr_line' id='line_1_26' title="bbox 337 1831 1342 1883; baseline -0.001 -13"><span class='ocrx_word' id='word_1_201' title='bbox 337 1836 440 1883; x_wconf 92' lang='grc' dir='ltr'>μέσον</span> <span class='ocrx_word' id='word_1_202' title='bbox 473 1837 506 1869; x_wconf 76' lang='grc' dir='ltr'>ἓν</span> <span class='ocrx_word' id='word_1_203' title='bbox 539 1833 626 1868; x_wconf 77' lang='grc' dir='ltr'>εἶναι</span> <span class='ocrx_word' id='word_1_204' title='bbox 656 1838 715 1869; x_wconf 80' lang='grc' dir='ltr'>καὶ</span> <span class='ocrx_word' id='word_1_205' title='bbox 747 1837 789 1870; x_wconf 63' lang='lat' dir='ltr'>vd</span> <span class='ocrx_word' id='word_1_206' title='bbox 822 1837 858 1870; x_wconf 83' lang='grc' dir='ltr'>ἔσ</span> <span class='ocrx_word' id='word_1_207' title='bbox 887 1848 985 1870; x_wconf 85' lang='grc' dir='ltr'>ατον.</span> <span class='ocrx_word' id='word_1_208' title='bbox 1021 1836 1154 1870; x_wconf 79' lang='grc' dir='ltr'>Τούτου</span> <span class='ocrx_word' id='word_1_209' title='bbox 1185 1831 1215 1868; x_wconf 76' lang='grc' dir='ltr'>δ’</span> <span class='ocrx_word' id='word_1_210' title='bbox 1244 1837 1342 1875; x_wconf 76' lang='grc' dir='ltr'>ὄντος</span> 
     </span>
     <span class='ocr_line' id='line_1_27' title="bbox 340 1878 1342 1928; baseline -0.002 -13"><span class='ocrx_word' id='word_1_211' title='bbox 340 1881 473 1928; x_wconf 81' lang='grc' dir='ltr'>ἀνάγκη</span> <span class='ocrx_word' id='word_1_212' title='bbox 505 1882 563 1913; x_wconf 76' lang='grc' dir='ltr'>καὶ</span> <span class='ocrx_word' id='word_1_213' title='bbox 596 1879 656 1914; x_wconf 80' lang='grc' dir='ltr'>τὸν</span> <span class='ocrx_word' id='word_1_214' title='bbox 691 1880 832 1925; x_wconf 77' lang='grc' dir='ltr'>οὐρανὸν</span> <span class='ocrx_word' id='word_1_215' title='bbox 866 1883 925 1914; x_wconf 87' lang='grc' dir='ltr'>ἐνα</span> <span class='ocrx_word' id='word_1_216' title='bbox 957 1879 1059 1925; x_wconf 90' lang='grc' dir='ltr'>μόνον</span> <span class='ocrx_word' id='word_1_217' title='bbox 1090 1878 1177 1913; x_wconf 76' lang='grc' dir='ltr'>εἶναι</span> <span class='ocrx_word' id='word_1_218' title='bbox 1207 1884 1265 1914; x_wconf 81' lang='grc' dir='ltr'>καὶ</span> <span class='ocrx_word' id='word_1_219' title='bbox 1294 1881 1342 1926; x_wconf 74' lang='grc' dir='ltr'><strong><em>μή</em></strong></span> 
     </span>
     <span class='ocr_line' id='line_1_28' title="bbox 337 1924 1343 1971; baseline -0.002 -12"><span class='ocrx_word' id='word_1_220' title='bbox 337 1927 493 1966; x_wconf 79' lang='grc' dir='ltr'>πλείους,</span> <span class='ocrx_word' id='word_1_221' title='bbox 527 1928 599 1963; x_wconf 73' lang='grc' dir='ltr'>τοῖς</span> <span class='ocrx_word' id='word_1_222' title='bbox 631 1925 750 1964; x_wconf 76' lang='grc' dir='ltr'>αὐτοῖς</span> <span class='ocrx_word' id='word_1_223' title='bbox 780 1928 971 1971; x_wconf 79' lang='grc' dir='ltr'>τεκμηρίοις</span> <span class='ocrx_word' id='word_1_224' title='bbox 1005 1924 1142 1963; x_wconf 81' lang='grc' dir='ltr'>τούτοις</span> <span class='ocrx_word' id='word_1_225' title='bbox 1173 1927 1232 1957; x_wconf 72' lang='grc' dir='ltr'>καὶ</span> <span class='ocrx_word' id='word_1_226' title='bbox 1266 1929 1343 1964; x_wconf 80' lang='grc' dir='ltr'>ταῖς</span> 
     </span>
     <span class='ocr_line' id='line_1_29' title="bbox 339 1968 672 2016; baseline -0.006 -13"><span class='ocrx_word' id='word_1_227' title='bbox 339 1968 464 2008; x_wconf 74' lang='grc' dir='ltr'>αὐταῖς</span> <span class='ocrx_word' id='word_1_228' title='bbox 492 1969 672 2016; x_wconf 74' lang='grc' dir='ltr'>ἀνάγκαις.</span> 
     </span>
    </p>

    <p class='ocr_par' dir='ltr' id='par_1_10' title="bbox 262 2010 1342 2096">
     <span class='ocr_line' id='line_1_30' title="bbox 262 2010 1342 2061; baseline 0 -15"><span class='ocrx_word' id='word_1_229' title='bbox 262 2013 340 2048; x_wconf 87' lang='grc' dir='ltr'>Ὅτι</span> <span class='ocrx_word' id='word_1_230' title='bbox 364 2010 395 2046; x_wconf 84' lang='grc' dir='ltr'>δ’</span> <span class='ocrx_word' id='word_1_231' title='bbox 419 2015 493 2047; x_wconf 70' lang='grc' dir='ltr'>ἔστι</span> <span class='ocrx_word' id='word_1_232' title='bbox 517 2025 552 2047; x_wconf 87' lang='grc' dir='ltr'>τι</span> <span class='ocrx_word' id='word_1_233' title='bbox 578 2013 616 2046; x_wconf 80' lang='grc' dir='ltr'>οὗ</span> <span class='ocrx_word' id='word_1_234' title='bbox 641 2012 786 2058; x_wconf 87' lang='grc' dir='ltr'>πέφυκεν</span> <span class='ocrx_word' id='word_1_235' title='bbox 812 2014 833 2051; x_wconf 81' lang='grc' dir='ltr'><em>ἡ</em></span> <span class='ocrx_word' id='word_1_236' title='bbox 858 2015 904 2061; x_wconf 82' lang='grc' dir='ltr'>γῆ</span> <span class='ocrx_word' id='word_1_237' title='bbox 930 2012 1088 2059; x_wconf 86' lang='grc' dir='ltr'>φέρεσθαι</span> <span class='ocrx_word' id='word_1_238' title='bbox 1112 2014 1171 2046; x_wconf 79' lang='grc' dir='ltr'>καὶ</span> <span class='ocrx_word' id='word_1_239' title='bbox 1196 2013 1237 2045; x_wconf 73' lang='grc' dir='ltr'>τὸ</span> <span class='ocrx_word' id='word_1_240' title='bbox 1263 2014 1342 2058; x_wconf 80' lang='grc' dir='ltr'>πῦρ,</span> 
     </span>
     <span class='ocr_line' id='line_1_31' title="bbox 335 2054 832 2096; baseline -0.002 -5"><span class='ocrx_word' id='word_1_241' title='bbox 335 2054 442 2096; x_wconf 77' lang='grc' dir='ltr'>δῆλον</span> <span class='ocrx_word' id='word_1_242' title='bbox 465 2060 525 2090; x_wconf 79' lang='grc' dir='ltr'>καὶ</span> <span class='ocrx_word' id='word_1_243' title='bbox 552 2059 589 2090; x_wconf 76' lang='grc' dir='ltr'>ἐκ</span> <span class='ocrx_word' id='word_1_244' title='bbox 614 2061 681 2091; x_wconf 84' lang='grc' dir='ltr'>τῶν</span> <span class='ocrx_word' id='word_1_245' title='bbox 709 2058 832 2091; x_wconf 80' lang='grc' dir='ltr'>ἄλλων.</span> 
     </span>
    </p>

    <p class='ocr_par' dir='ltr' id='par_1_11' title="bbox 261 2101 1344 2589">
     <span class='ocr_line' id='line_1_32' title="bbox 261 2101 1341 2158; baseline -0.002 -24"><span class='ocrx_word' id='word_1_246' title='bbox 261 2101 369 2142; x_wconf 84' lang='grc' dir='ltr'>Ὀλως</span> <span class='ocrx_word' id='word_1_247' title='bbox 393 2102 458 2150; x_wconf 80' lang='grc' dir='ltr'>γάρ</span> <span class='ocrx_word' id='word_1_248' title='bbox 484 2103 526 2136; x_wconf 72' lang='grc' dir='ltr'>τὸ</span> <span class='ocrx_word' id='word_1_249' title='bbox 556 2101 752 2158; x_wconf 86' lang='grc' dir='ltr'>κινούμενον</span> <span class='ocrx_word' id='word_1_250' title='bbox 786 2102 823 2135; x_wconf 79' lang='grc' dir='ltr'>ἔκ</span> <span class='ocrx_word' id='word_1_251' title='bbox 857 2114 947 2140; x_wconf 84' lang='grc' dir='ltr'>τινος</span> <span class='ocrx_word' id='word_1_252' title='bbox 978 2103 1023 2139; x_wconf 76' lang='grc' dir='ltr'>εἴς</span> <span class='ocrx_word' id='word_1_253' title='bbox 1049 2112 1083 2133; x_wconf 87' lang='grc' dir='ltr'>τι</span> <span class='ocrx_word' id='word_1_254' title='bbox 1114 2101 1341 2146; x_wconf 77' lang='grc' dir='ltr'>μεταβάλλει,</span> 
     </span>
     <span class='ocr_line' id='line_1_33' title="bbox 336 2141 1342 2198; baseline -0.001 -19"><span class='ocrx_word' id='word_1_255' title='bbox 336 2150 395 2180; x_wconf 73' lang='grc' dir='ltr'>καὶ</span> <span class='ocrx_word' id='word_1_256' title='bbox 421 2148 542 2179; x_wconf 82' lang='grc' dir='ltr'>ταῦτα</span> <span class='ocrx_word' id='word_1_257' title='bbox 567 2146 602 2187; x_wconf 78' lang='grc' dir='ltr'>ἐξ</span> <span class='ocrx_word' id='word_1_258' title='bbox 629 2157 666 2178; x_wconf 88' lang='grc' dir='ltr'>ου</span> <span class='ocrx_word' id='word_1_259' title='bbox 690 2148 750 2179; x_wconf 77' lang='grc' dir='ltr'>καὶ</span> <span class='ocrx_word' id='word_1_260' title='bbox 773 2147 819 2185; x_wconf 74' lang='grc' dir='ltr'>εἰς</span> <span class='ocrx_word' id='word_1_261' title='bbox 844 2147 862 2178; x_wconf 87' lang='grc' dir='ltr'><strong><em>ὃ</em></strong></span> <span class='ocrx_word' id='word_1_262' title='bbox 886 2142 968 2178; x_wconf 76' lang='grc' dir='ltr'>εἴδει</span> <span class='ocrx_word' id='word_1_263' title='bbox 992 2141 1155 2198; x_wconf 77' lang='grc' dir='ltr'>διαφέρει.</span> <span class='ocrx_word' id='word_1_264' title='bbox 1179 2147 1280 2178; x_wconf 75' lang='grc' dir='ltr'>Πᾶσα</span> <span class='ocrx_word' id='word_1_265' title='bbox 1303 2141 1342 2178; x_wconf 78' lang='grc' dir='ltr'>δὲ</span> 
     </span>
     <span class='ocr_line' id='line_1_34' title="bbox 337 2188 1344 2236; baseline -0.002 -12"><span class='ocrx_word' id='word_1_266' title='bbox 337 2190 575 2235; x_wconf 83' lang='grc' dir='ltr'>πεπερασμένη</span> <span class='ocrx_word' id='word_1_267' title='bbox 601 2189 796 2234; x_wconf 79' lang='grc' dir='ltr'>μεταβολή,</span> <span class='ocrx_word' id='word_1_268' title='bbox 815 2191 884 2223; x_wconf 77' lang='grc' dir='ltr'>οἶον</span> <span class='ocrx_word' id='word_1_269' title='bbox 910 2191 952 2223; x_wconf 72' lang='grc' dir='ltr'>τὸ</span> <span class='ocrx_word' id='word_1_270' title='bbox 977 2190 1202 2236; x_wconf 82' lang='grc' dir='ltr'>ύγιαζομενον</span> <span class='ocrx_word' id='word_1_271' title='bbox 1229 2188 1266 2222; x_wconf 78' lang='grc' dir='ltr'>ἐκ</span> <span class='ocrx_word' id='word_1_272' title='bbox 1289 2189 1344 2222; x_wconf 88' lang='grc' dir='ltr'>νό-</span> 
     </span>
     <span class='ocr_line' id='line_1_35' title="bbox 337 2232 1342 2281; baseline -0.001 -14"><span class='ocrx_word' id='word_1_273' title='bbox 337 2248 396 2268; x_wconf 86' lang='grc' dir='ltr'>σου</span> <span class='ocrx_word' id='word_1_274' title='bbox 422 2236 467 2272; x_wconf 84' lang='grc' dir='ltr'>εἰς</span> <span class='ocrx_word' id='word_1_275' title='bbox 494 2236 623 2281; x_wconf 75' lang='grc' dir='ltr'>ὑγίειαν</span> <span class='ocrx_word' id='word_1_276' title='bbox 655 2236 715 2267; x_wconf 81' lang='grc' dir='ltr'>καὶ</span> <span class='ocrx_word' id='word_1_277' title='bbox 740 2235 782 2267; x_wconf 76' lang='grc' dir='ltr'>τὸ</span> <span class='ocrx_word' id='word_1_278' title='bbox 815 2234 1046 2278; x_wconf 78' lang='grc' dir='ltr'>αὐξανόμενον</span> <span class='ocrx_word' id='word_1_279' title='bbox 1072 2232 1108 2265; x_wconf 85' lang='grc' dir='ltr'>ἑκ</span> <span class='ocrx_word' id='word_1_280' title='bbox 1136 2232 1342 2278; x_wconf 80' lang='grc' dir='ltr'>μικρότητος</span> 
     </span>
     <span class='ocr_line' id='line_1_36' title="bbox 337 2277 1341 2326; baseline -0.003 -13"><span class='ocrx_word' id='word_1_281' title='bbox 337 2281 383 2319; x_wconf 81' lang='grc' dir='ltr'>εἰς</span> <span class='ocrx_word' id='word_1_282' title='bbox 407 2279 560 2326; x_wconf 85' lang='grc' dir='ltr'>μέγεθος.</span> <span class='ocrx_word' id='word_1_283' title='bbox 587 2279 655 2311; x_wconf 79' lang='grc' dir='ltr'>Καὶ</span> <span class='ocrx_word' id='word_1_284' title='bbox 673 2279 715 2312; x_wconf 73' lang='grc' dir='ltr'>τὸ</span> <span class='ocrx_word' id='word_1_285' title='bbox 739 2278 918 2324; x_wconf 85' lang='grc' dir='ltr'>φερόμενον</span> <span class='ocrx_word' id='word_1_286' title='bbox 945 2279 1028 2323; x_wconf 78' lang='grc' dir='ltr'>ἄρα·</span> <span class='ocrx_word' id='word_1_287' title='bbox 1054 2279 1114 2309; x_wconf 77' lang='grc' dir='ltr'>καὶ</span> <span class='ocrx_word' id='word_1_288' title='bbox 1138 2277 1186 2323; x_wconf 74' lang='grc' dir='ltr'>γα</span> <span class='ocrx_word' id='word_1_289' title='bbox 1231 2279 1341 2310; x_wconf 83' lang='grc' dir='ltr'>τοῦτο</span> 
     </span>
     <span class='ocr_line' id='line_1_37' title="bbox 335 2289 1341 2379; baseline -0.003 -23"><span class='ocrx_word' id='word_1_290' title='bbox 335 2327 470 2371; x_wconf 86' lang='grc' dir='ltr'>γίνεταί</span> <span class='ocrx_word' id='word_1_291' title='bbox 497 2323 598 2356; x_wconf 77' lang='grc' dir='ltr'>ποθεν</span> <span class='ocrx_word' id='word_1_292' title='bbox 625 2327 694 2356; x_wconf 76' lang='grc' dir='ltr'>ποῖ.</span> <span class='ocrx_word' id='word_1_293' title='bbox 723 2323 779 2355; x_wconf 82' lang='grc' dir='ltr'>Δεῖ</span> <span class='ocrx_word' id='word_1_294' title='bbox 797 2322 862 2379; x_wconf 73' lang='grc' dir='ltr'>ἄρα</span> <span class='ocrx_word' id='word_1_295' title='bbox 880 2318 961 2355; x_wconf 72' lang='grc' dir='ltr'>εἴδει</span> <span class='ocrx_word' id='word_1_296' title='bbox 977 2318 1145 2367; x_wconf 76' lang='grc' dir='ltr'>διαφέρειν</span> <span class='ocrx_word' id='word_1_297' title='bbox 1165 2289 1204 2363; x_wconf 61' lang='grc' dir='ltr'>ἐξ</span> <span class='ocrx_word' id='word_1_298' title='bbox 1220 2321 1258 2353; x_wconf 86' lang='grc' dir='ltr'>ού</span> <span class='ocrx_word' id='word_1_299' title='bbox 1281 2323 1341 2353; x_wconf 80' lang='grc' dir='ltr'>καὶ</span> 
     </span>
     <span class='ocr_line' id='line_1_38' title="bbox 335 2365 1342 2412; baseline -0.003 -11"><span class='ocrx_word' id='word_1_300' title='bbox 335 2370 380 2407; x_wconf 80' lang='grc' dir='ltr'>εἰς</span> <span class='ocrx_word' id='word_1_301' title='bbox 406 2369 423 2400; x_wconf 84' lang='grc' dir='ltr'><strong>δ</strong></span> <span class='ocrx_word' id='word_1_302' title='bbox 448 2367 574 2412; x_wconf 84' lang='grc' dir='ltr'>πέφυκε</span> <span class='ocrx_word' id='word_1_303' title='bbox 629 2366 777 2412; x_wconf 85' lang='grc' dir='ltr'>έρεσθαι,</span> <span class='ocrx_word' id='word_1_304' title='bbox 803 2379 914 2412; x_wconf 88' lang='grc' dir='ltr'>ωσπερ</span> <span class='ocrx_word' id='word_1_305' title='bbox 939 2366 982 2400; x_wconf 79' lang='grc' dir='ltr'>τὸ</span> <span class='ocrx_word' id='word_1_306' title='bbox 1006 2365 1250 2412; x_wconf 84' lang='grc' dir='ltr'>ύγιαζόμενον,</span> <span class='ocrx_word' id='word_1_307' title='bbox 1278 2367 1342 2411; x_wconf 85' lang='grc' dir='ltr'>οὐχ</span> 
     </span>
     <span class='ocr_line' id='line_1_39' title="bbox 337 2377 1341 2458; baseline -0.003 -13"><span class='ocrx_word' id='word_1_308' title='bbox 337 2413 376 2445; x_wconf 86' lang='grc' dir='ltr'>ού</span> <span class='ocrx_word' id='word_1_309' title='bbox 401 2413 543 2458; x_wconf 80' lang='grc' dir='ltr'>ἔτυχεν,</span> <span class='ocrx_word' id='word_1_310' title='bbox 570 2377 642 2444; x_wconf 41' lang='lat'>013}</span> <span class='ocrx_word' id='word_1_311' title='bbox 671 2411 710 2444; x_wconf 81' lang='grc' dir='ltr'>οὗ</span> <span class='ocrx_word' id='word_1_312' title='bbox 737 2410 902 2452; x_wconf 84' lang='grc' dir='ltr'>βούλεται</span> <span class='ocrx_word' id='word_1_313' title='bbox 929 2413 944 2444; x_wconf 84' lang='grc' dir='ltr'><strong><em>ὁ</em></strong></span> <span class='ocrx_word' id='word_1_314' title='bbox 968 2413 1078 2442; x_wconf 81' lang='grc' dir='ltr'>κινῶν.</span> <span class='ocrx_word' id='word_1_315' title='bbox 1114 2412 1180 2442; x_wconf 76' lang='grc' dir='ltr'>Καὶ</span> <span class='ocrx_word' id='word_1_316' title='bbox 1209 2410 1250 2442; x_wconf 81' lang='grc' dir='ltr'>τὸ</span> <span class='ocrx_word' id='word_1_317' title='bbox 1276 2411 1341 2454; x_wconf 80' lang='grc' dir='ltr'>πῦρ</span> 
     </span>
     <span class='ocr_line' id='line_1_40' title="bbox 338 2454 1340 2502; baseline -0.005 -12"><span class='ocrx_word' id='word_1_318' title='bbox 338 2458 405 2502; x_wconf 81' lang='grc' dir='ltr'>ἄρα</span> <span class='ocrx_word' id='word_1_319' title='bbox 428 2460 487 2489; x_wconf 82' lang='grc' dir='ltr'>καὶ</span> <span class='ocrx_word' id='word_1_320' title='bbox 505 2458 526 2494; x_wconf 79' lang='grc' dir='ltr'>ἧ</span> <span class='ocrx_word' id='word_1_321' title='bbox 543 2458 588 2502; x_wconf 84' lang='grc' dir='ltr'>γῆ</span> <span class='ocrx_word' id='word_1_322' title='bbox 615 2456 675 2489; x_wconf 80' lang='grc' dir='ltr'>οὐκ</span> <span class='ocrx_word' id='word_1_323' title='bbox 699 2456 744 2494; x_wconf 78' lang='grc' dir='ltr'>εἰς</span> <span class='ocrx_word' id='word_1_324' title='bbox 772 2456 910 2501; x_wconf 83' lang='grc' dir='ltr'>ἄπειρον</span> <span class='ocrx_word' id='word_1_325' title='bbox 930 2454 1105 2500; x_wconf 87' lang='grc' dir='ltr'>φέρονται,</span> <span class='ocrx_word' id='word_1_326' title='bbox 1126 2455 1201 2487; x_wconf 79' lang='grc' dir='ltr'>ἀλλ’</span> <span class='ocrx_word' id='word_1_327' title='bbox 1222 2455 1267 2492; x_wconf 83' lang='grc' dir='ltr'>εἰς</span> <span class='ocrx_word' id='word_1_328' title='bbox 1287 2455 1340 2488; x_wconf 78' lang='grc' dir='ltr'>οἱν-</span> 
     </span>
     <span class='ocr_line' id='line_1_41' title="bbox 337 2496 1342 2546; baseline -0.002 -12"><span class='ocrx_word' id='word_1_329' title='bbox 337 2504 525 2546; x_wconf 86' lang='grc' dir='ltr'>τικείμενα.</span> <span class='ocrx_word' id='word_1_330' title='bbox 558 2500 770 2534; x_wconf 79' lang='grc' dir='ltr'>’Δντίκειται</span> <span class='ocrx_word' id='word_1_331' title='bbox 799 2496 838 2532; x_wconf 67' lang='grc' dir='ltr'>’δὲ</span> <span class='ocrx_word' id='word_1_332' title='bbox 867 2500 967 2532; x_wconf 71' lang='grc' dir='ltr'>κατὰ</span> <span class='ocrx_word' id='word_1_333' title='bbox 990 2499 1099 2532; x_wconf 89' lang='grc' dir='ltr'>τόπον</span> <span class='ocrx_word' id='word_1_334' title='bbox 1130 2498 1173 2532; x_wconf 74' lang='grc' dir='ltr'>τὸ</span> <span class='ocrx_word' id='word_1_335' title='bbox 1200 2498 1267 2531; x_wconf 76' lang='grc' dir='ltr'>ἄνω</span> <span class='ocrx_word' id='word_1_336' title='bbox 1294 2500 1342 2541; x_wconf 74' lang='grc' dir='ltr'>τῷ</span> 
     </span>
     <span class='ocr_line' id='line_1_42' title="bbox 336 2543 1239 2589; baseline -0.004 -10"><span class='ocrx_word' id='word_1_337' title='bbox 336 2545 456 2589; x_wconf 88' lang='grc' dir='ltr'>κάτω,</span> <span class='ocrx_word' id='word_1_338' title='bbox 481 2545 570 2579; x_wconf 76' lang='grc' dir='ltr'>ὥστε</span> <span class='ocrx_word' id='word_1_339' title='bbox 596 2546 715 2578; x_wconf 79' lang='grc' dir='ltr'>ταῦτα</span> <span class='ocrx_word' id='word_1_340' title='bbox 740 2545 840 2578; x_wconf 84' lang='grc' dir='ltr'>ἔσται</span> <span class='ocrx_word' id='word_1_341' title='bbox 865 2544 1004 2588; x_wconf 82' lang='grc' dir='ltr'>πέρατα</span> <span class='ocrx_word' id='word_1_342' title='bbox 1029 2544 1091 2581; x_wconf 82' lang='grc' dir='ltr'>τῆς</span> <span class='ocrx_word' id='word_1_343' title='bbox 1117 2543 1239 2587; x_wconf 79' lang='grc' dir='ltr'>φορᾶς,</span> 
     </span>
    </p>

    <p class='ocr_par' dir='ltr' id='par_1_12' title="bbox 270 2582 1343 2814">
     <span class='ocr_line' id='line_1_43' title="bbox 270 2582 1341 2635; baseline -0.003 -14"><span class='ocrx_word' id='word_1_344' title='bbox 270 2589 343 2624; x_wconf 74' lang='grc' dir='ltr'>ἐπεὶ</span> <span class='ocrx_word' id='word_1_345' title='bbox 373 2593 432 2623; x_wconf 82' lang='grc' dir='ltr'>καὶ</span> <span class='ocrx_word' id='word_1_346' title='bbox 457 2592 479 2628; x_wconf 76' lang='grc' dir='ltr'>ἢ</span> <span class='ocrx_word' id='word_1_347' title='bbox 502 2589 613 2632; x_wconf 81' lang='grc' dir='ltr'>κύκλῳ</span> <span class='ocrx_word' id='word_1_348' title='bbox 640 2590 711 2635; x_wconf 84' lang='grc' dir='ltr'>ἔχει</span> <span class='ocrx_word' id='word_1_349' title='bbox 736 2601 806 2628; x_wconf 87' lang='grc' dir='ltr'>πως</span> <span class='ocrx_word' id='word_1_350' title='bbox 832 2589 1052 2634; x_wconf 76' lang='grc' dir='ltr'>ἀντικείμενα</span> <span class='ocrx_word' id='word_1_351' title='bbox 1077 2587 1125 2621; x_wconf 81' lang='grc' dir='ltr'>τοὶ</span> <span class='ocrx_word' id='word_1_352' title='bbox 1147 2587 1244 2620; x_wconf 70' lang='grc' dir='ltr'>κατά</span> <span class='ocrx_word' id='word_1_353' title='bbox 1267 2582 1341 2619; x_wconf 74' lang='grc' dir='ltr'>διά-</span> 
     </span>
     <span class='ocr_line' id='line_1_44' title="bbox 337 2627 1340 2681; baseline -0.005 -13"><span class='ocrx_word' id='word_1_354' title='bbox 337 2647 479 2681; x_wconf 72' lang='grc' dir='ltr'>μέτρον·</span> <span class='ocrx_word' id='word_1_355' title='bbox 507 2631 599 2678; x_wconf 82' lang='grc' dir='ltr'>τῇδ’</span> <span class='ocrx_word' id='word_1_356' title='bbox 623 2633 684 2678; x_wconf 81' lang='grc' dir='ltr'>ὅλῃ</span> <span class='ocrx_word' id='word_1_357' title='bbox 710 2632 771 2666; x_wconf 80' lang='grc' dir='ltr'>οὐκ</span> <span class='ocrx_word' id='word_1_358' title='bbox 796 2634 888 2667; x_wconf 85' lang='grc' dir='ltr'>ἔστιν</span> <span class='ocrx_word' id='word_1_359' title='bbox 914 2632 1068 2666; x_wconf 80' lang='grc' dir='ltr'>ἐναντίον</span> <span class='ocrx_word' id='word_1_360' title='bbox 1095 2627 1207 2664; x_wconf 80' lang='grc' dir='ltr'>οὐδέν.</span> <span class='ocrx_word' id='word_1_361' title='bbox 1235 2630 1340 2663; x_wconf 79' lang='grc' dir='ltr'>Ὥστε</span> 
     </span>
     <span class='ocr_line' id='line_1_45' title="bbox 335 2674 1343 2722; baseline -0.004 -10"><span class='ocrx_word' id='word_1_362' title='bbox 335 2681 396 2712; x_wconf 76' lang='grc' dir='ltr'>καὶ</span> <span class='ocrx_word' id='word_1_363' title='bbox 421 2678 560 2717; x_wconf 83' lang='grc' dir='ltr'>τούτοις</span> <span class='ocrx_word' id='word_1_364' title='bbox 592 2678 720 2722; x_wconf 85' lang='grc' dir='ltr'>τρόπον</span> <span class='ocrx_word' id='word_1_365' title='bbox 746 2678 824 2712; x_wconf 71' lang='grc' dir='ltr'>τινὰ</span> <span class='ocrx_word' id='word_1_366' title='bbox 849 2679 870 2715; x_wconf 80' lang='grc' dir='ltr'>ἡ</span> <span class='ocrx_word' id='word_1_367' title='bbox 894 2681 1022 2716; x_wconf 85' lang='grc' dir='ltr'>κίνησις</span> <span class='ocrx_word' id='word_1_368' title='bbox 1046 2678 1091 2714; x_wconf 91' lang='grc' dir='ltr'>εἰς</span> <span class='ocrx_word' id='word_1_369' title='bbox 1117 2676 1165 2709; x_wconf 83' lang='grc' dir='ltr'>τοὶ</span> <span class='ocrx_word' id='word_1_370' title='bbox 1195 2674 1343 2709; x_wconf 76' lang='grc' dir='ltr'>ἀντικεί-</span> 
     </span>
     <span class='ocr_line' id='line_1_46' title="bbox 337 2718 1339 2770; baseline -0.004 -13"><span class='ocrx_word' id='word_1_371' title='bbox 337 2736 424 2769; x_wconf 84' lang='grc' dir='ltr'>μενα</span> <span class='ocrx_word' id='word_1_372' title='bbox 446 2726 505 2757; x_wconf 80' lang='grc' dir='ltr'>καὶ</span> <span class='ocrx_word' id='word_1_373' title='bbox 531 2722 786 2767; x_wconf 81' lang='grc' dir='ltr'>πεπερασμένα.</span> <span class='ocrx_word' id='word_1_374' title='bbox 821 2721 970 2770; x_wconf 82' lang='grc' dir='ltr'>Ἀνάγκη</span> <span class='ocrx_word' id='word_1_375' title='bbox 995 2721 1060 2764; x_wconf 79' lang='grc' dir='ltr'>ἄρα</span> <span class='ocrx_word' id='word_1_376' title='bbox 1077 2718 1163 2753; x_wconf 81' lang='grc' dir='ltr'>εἶναί</span> <span class='ocrx_word' id='word_1_377' title='bbox 1182 2733 1216 2753; x_wconf 93' lang='grc' dir='ltr'>τι</span> <span class='ocrx_word' id='word_1_378' title='bbox 1241 2720 1339 2759; x_wconf 87' lang='grc' dir='ltr'>τέλος</span> 
     </span>
     <span class='ocr_line' id='line_1_47' title="bbox 335 2766 896 2814; baseline -0.005 -13"><span class='ocrx_word' id='word_1_379' title='bbox 335 2770 396 2801; x_wconf 80' lang='grc' dir='ltr'>καὶ</span> <span class='ocrx_word' id='word_1_380' title='bbox 420 2768 468 2814; x_wconf 77' lang='grc' dir='ltr'>μὴ</span> <span class='ocrx_word' id='word_1_381' title='bbox 492 2769 537 2807; x_wconf 78' lang='grc' dir='ltr'>εἰς</span> <span class='ocrx_word' id='word_1_382' title='bbox 565 2767 701 2812; x_wconf 86' lang='grc' dir='ltr'>ἄπειρον</span> <span class='ocrx_word' id='word_1_383' title='bbox 727 2766 896 2812; x_wconf 86' lang='grc' dir='ltr'>φέρεσθαι.</span> 
     </span>
    </p>

    <p class='ocr_par' dir='ltr' id='par_1_13' title="bbox 269 2808 1340 3160">
     <span class='ocr_line' id='line_1_48' title="bbox 269 2808 1338 2859; baseline -0.002 -16"><span class='ocrx_word' id='word_1_384' title='bbox 269 2812 454 2859; x_wconf 76' lang='grc' dir='ltr'>Τεκμήριον</span> <span class='ocrx_word' id='word_1_385' title='bbox 479 2808 518 2845; x_wconf 80' lang='grc' dir='ltr'>δὲ</span> <span class='ocrx_word' id='word_1_386' title='bbox 544 2813 606 2845; x_wconf 78' lang='grc' dir='ltr'>τοῦ</span> <span class='ocrx_word' id='word_1_387' title='bbox 631 2811 678 2856; x_wconf 73' lang='grc' dir='ltr'>μή</span> <span class='ocrx_word' id='word_1_388' title='bbox 704 2812 749 2849; x_wconf 86' lang='grc' dir='ltr'>εἰς</span> <span class='ocrx_word' id='word_1_389' title='bbox 776 2811 914 2856; x_wconf 83' lang='grc' dir='ltr'>ἄπειρον</span> <span class='ocrx_word' id='word_1_390' title='bbox 938 2809 1095 2855; x_wconf 80' lang='grc' dir='ltr'>φέρεσθαι</span> <span class='ocrx_word' id='word_1_391' title='bbox 1123 2810 1182 2841; x_wconf 80' lang='grc' dir='ltr'>καὶ</span> <span class='ocrx_word' id='word_1_392' title='bbox 1208 2809 1249 2842; x_wconf 71' lang='grc' dir='ltr'>τὸ</span> <span class='ocrx_word' id='word_1_393' title='bbox 1267 2809 1338 2846; x_wconf 74' lang='grc' dir='ltr'>’τήν</span> 
     </span>
     <span class='ocr_line' id='line_1_49' title="bbox 336 2852 1338 2904; baseline -0.004 -15"><span class='ocrx_word' id='word_1_394' title='bbox 336 2858 401 2904; x_wconf 75' lang='grc' dir='ltr'>γῆν</span> <span class='ocrx_word' id='word_1_395' title='bbox 426 2856 499 2903; x_wconf 85' lang='grc' dir='ltr'>μέν,</span> <span class='ocrx_word' id='word_1_396' title='bbox 519 2856 583 2898; x_wconf 79' lang='grc' dir='ltr'>ὅσῳ</span> <span class='ocrx_word' id='word_1_397' title='bbox 610 2855 649 2888; x_wconf 76' lang='grc' dir='ltr'>ἄν</span> <span class='ocrx_word' id='word_1_398' title='bbox 674 2855 846 2903; x_wconf 82' lang='grc' dir='ltr'>ἐγγυτέρω</span> <span class='ocrx_word' id='word_1_399' title='bbox 872 2854 892 2898; x_wconf 82' lang='grc' dir='ltr'>ᾖ</span> <span class='ocrx_word' id='word_1_400' title='bbox 917 2856 981 2888; x_wconf 80' lang='grc' dir='ltr'>τοῦ</span> <span class='ocrx_word' id='word_1_401' title='bbox 1001 2853 1118 2898; x_wconf 85' lang='grc' dir='ltr'>μέσου,</span> <span class='ocrx_word' id='word_1_402' title='bbox 1136 2852 1266 2886; x_wconf 79' lang='grc' dir='ltr'>θᾶττον</span> <span class='ocrx_word' id='word_1_403' title='bbox 1284 2853 1338 2897; x_wconf 86' lang='grc' dir='ltr'>φέ-</span> 
     </span>
     <span class='ocr_line' id='line_1_50' title="bbox 337 2893 1338 2947; baseline -0.005 -13"><span class='ocrx_word' id='word_1_404' title='bbox 337 2901 465 2947; x_wconf 84' lang='grc' dir='ltr'>ρεσθαι,</span> <span class='ocrx_word' id='word_1_405' title='bbox 491 2902 532 2935; x_wconf 78' lang='grc' dir='ltr'>τὰ</span> <span class='ocrx_word' id='word_1_406' title='bbox 557 2897 595 2934; x_wconf 75' lang='grc' dir='ltr'>δὲ</span> <span class='ocrx_word' id='word_1_407' title='bbox 619 2901 699 2944; x_wconf 81' lang='grc' dir='ltr'>πῦρ,</span> <span class='ocrx_word' id='word_1_408' title='bbox 723 2901 787 2942; x_wconf 82' lang='grc' dir='ltr'>ὅσῳ</span> <span class='ocrx_word' id='word_1_409' title='bbox 814 2899 853 2932; x_wconf 80' lang='grc' dir='ltr'>ἄν</span> <span class='ocrx_word' id='word_1_410' title='bbox 879 2900 942 2933; x_wconf 78' lang='grc' dir='ltr'>τοῦ</span> <span class='ocrx_word' id='word_1_411' title='bbox 969 2898 1049 2932; x_wconf 82' lang='grc' dir='ltr'>ἄνω.</span> <span class='ocrx_word' id='word_1_412' title='bbox 1087 2898 1126 2930; x_wconf 75' lang='grc' dir='ltr'>Εἰ</span> <span class='ocrx_word' id='word_1_413' title='bbox 1149 2893 1179 2929; x_wconf 80' lang='grc' dir='ltr'>δ’</span> <span class='ocrx_word' id='word_1_414' title='bbox 1202 2898 1338 2943; x_wconf 83' lang='grc' dir='ltr'>ἄπειρον</span> 
     </span>
     <span class='ocr_line' id='line_1_51' title="bbox 337 2942 1339 2991; baseline -0.005 -12"><span class='ocrx_word' id='word_1_415' title='bbox 337 2945 392 2987; x_wconf 77' lang='grc' dir='ltr'>ἦν,</span> <span class='ocrx_word' id='word_1_416' title='bbox 419 2947 555 2991; x_wconf 77' lang='grc' dir='ltr'>ἄπειρος</span> <span class='ocrx_word' id='word_1_417' title='bbox 581 2944 620 2978; x_wconf 79' lang='grc' dir='ltr'>ἂν</span> <span class='ocrx_word' id='word_1_418' title='bbox 646 2944 686 2984; x_wconf 75' lang='grc' dir='ltr'>ἦν</span> <span class='ocrx_word' id='word_1_419' title='bbox 710 2946 771 2977; x_wconf 80' lang='grc' dir='ltr'>καὶ</span> <span class='ocrx_word' id='word_1_420' title='bbox 791 2946 812 2982; x_wconf 78' lang='grc' dir='ltr'>ἡ</span> <span class='ocrx_word' id='word_1_421' title='bbox 830 2944 989 2990; x_wconf 71' lang='grc' dir='ltr'>ταχυτὴς</span> <span class='ocrx_word' id='word_1_422' title='bbox 1014 2945 1072 2975; x_wconf 85' lang='grc' dir='ltr'>καὶ</span> <span class='ocrx_word' id='word_1_423' title='bbox 1094 2943 1135 2976; x_wconf 79' lang='grc' dir='ltr'>τὸ</span> <span class='ocrx_word' id='word_1_424' title='bbox 1154 2942 1255 2985; x_wconf 86' lang='grc' dir='ltr'>βάρος</span> <span class='ocrx_word' id='word_1_425' title='bbox 1279 2943 1339 2975; x_wconf 78' lang='grc' dir='ltr'>καὶ</span> 
     </span>
     <span class='ocr_line' id='line_1_52' title="bbox 337 2987 1338 3036; baseline -0.005 -13"><span class='ocrx_word' id='word_1_426' title='bbox 337 2991 359 3027; x_wconf 74' lang='grc' dir='ltr'>ἢ</span> <span class='ocrx_word' id='word_1_427' title='bbox 382 2990 568 3035; x_wconf 83' lang='grc' dir='ltr'>κουφότης·</span> <span class='ocrx_word' id='word_1_428' title='bbox 595 2990 636 3028; x_wconf 85' lang='grc' dir='ltr'>ὠς</span> <span class='ocrx_word' id='word_1_429' title='bbox 661 2990 726 3036; x_wconf 74' lang='grc' dir='ltr'>γάρ</span> <span class='ocrx_word' id='word_1_430' title='bbox 753 2989 795 3022; x_wconf 70' lang='grc' dir='ltr'>τὸ</span> <span class='ocrx_word' id='word_1_431' title='bbox 818 2987 1005 3032; x_wconf 86' lang='grc' dir='ltr'>κατωτέρω</span> <span class='ocrx_word' id='word_1_432' title='bbox 1023 2987 1203 3033; x_wconf 82' lang='grc' dir='ltr'>ταχυτῆτι</span> <span class='ocrx_word' id='word_1_433' title='bbox 1221 2987 1338 3032; x_wconf 87' lang='grc' dir='ltr'>ἑτέρου</span> 
     </span>
     <span class='ocr_line' id='line_1_53' title="bbox 338 3029 1340 3080; baseline -0.005 -11"><span class='ocrx_word' id='word_1_434' title='bbox 338 3035 386 3076; x_wconf 72' lang='grc' dir='ltr'>τῷ</span> <span class='ocrx_word' id='word_1_435' title='bbox 410 3035 509 3079; x_wconf 74' lang='grc' dir='ltr'>βαρεῖ·</span> <span class='ocrx_word' id='word_1_436' title='bbox 533 3034 572 3067; x_wconf 74' lang='grc' dir='ltr'>ἂν</span> <span class='ocrx_word' id='word_1_437' title='bbox 597 3031 638 3072; x_wconf 79' lang='grc' dir='ltr'>ἦν</span> <span class='ocrx_word' id='word_1_438' title='bbox 663 3033 770 3080; x_wconf 85' lang='grc' dir='ltr'>ταχύ,</span> <span class='ocrx_word' id='word_1_439' title='bbox 798 3032 904 3071; x_wconf 79' lang='grc' dir='ltr'>οὕτως</span> <span class='ocrx_word' id='word_1_440' title='bbox 930 3034 957 3065; x_wconf 80' lang='grc' dir='ltr'>εἰ</span> <span class='ocrx_word' id='word_1_441' title='bbox 985 3033 1121 3075; x_wconf 76' lang='grc' dir='ltr'>ἄπειρος</span> <span class='ocrx_word' id='word_1_442' title='bbox 1147 3029 1187 3069; x_wconf 83' lang='grc' dir='ltr'>ἥν</span> <span class='ocrx_word' id='word_1_443' title='bbox 1212 3032 1233 3068; x_wconf 75' lang='grc' dir='ltr'>ἡ</span> <span class='ocrx_word' id='word_1_444' title='bbox 1259 3030 1340 3064; x_wconf 90' lang='grc' dir='ltr'>τού-</span> 
     </span>
     <span class='ocr_line' id='line_1_54' title="bbox 338 3073 1336 3134; baseline -0.004 -23"><span class='ocrx_word' id='word_1_445' title='bbox 338 3074 589 3134; x_wconf 39' lang='grc' dir='ltr'>τουῗὲπίδοσις,</span> <span class='ocrx_word' id='word_1_446' title='bbox 606 3081 663 3111; x_wconf 84' lang='grc' dir='ltr'>καὶ</span> <span class='ocrx_word' id='word_1_447' title='bbox 689 3080 710 3115; x_wconf 77' lang='grc' dir='ltr'>ἢ</span> <span class='ocrx_word' id='word_1_448' title='bbox 732 3079 795 3116; x_wconf 77' lang='grc' dir='ltr'>τῆς</span> <span class='ocrx_word' id='word_1_449' title='bbox 814 3079 1015 3124; x_wconf 82' lang='grc' dir='ltr'>ταχυτῆτος</span> <span class='ocrx_word' id='word_1_450' title='bbox 1034 3073 1182 3114; x_wconf 79' lang='grc' dir='ltr'>ἐπίδοσις</span> <span class='ocrx_word' id='word_1_451' title='bbox 1202 3076 1336 3119; x_wconf 75' lang='grc' dir='ltr'>ἄπειρος</span> 
     </span>
     <span class='ocr_line' id='line_1_55' title="bbox 340 3134 458 3160; baseline -0.008 -4"><span class='ocrx_word' id='word_1_452' title='bbox 340 3134 380 3156; x_wconf 91' lang='grc' dir='ltr'>αν</span> <span class='ocrx_word' id='word_1_453' title='bbox 405 3134 458 3160; x_wconf 88' lang='grc' dir='ltr'>ην.</span> 
     </span>
    </p>
   </div>
   <div class='ocr_carea' id='block_1_9' title="bbox 269 3226 1343 3624">
    <p class='ocr_par' dir='ltr' id='par_1_14' title="bbox 269 3226 1343 3624">
     <span class='ocr_line' id='line_1_56' title="bbox 325 3226 1343 3264; baseline -0.003 -6"><span class='ocrx_word' id='word_1_454' title='bbox 325 3231 474 3259; x_wconf 78' lang='lat' dir='ltr'>SYNOPS1s.</span> <span class='ocrx_word' id='word_1_455' title='bbox 485 3244 520 3250; x_wconf 87' lang='lat'>—-</span> <span class='ocrx_word' id='word_1_456' title='bbox 538 3238 548 3257; x_wconf 87' lang='lat'>1</span> <span class='ocrx_word' id='word_1_457' title='bbox 555 3250 561 3257; x_wconf 89' lang='lat'><strong>.</strong></span> <span class='ocrx_word' id='word_1_458' title='bbox 571 3228 671 3256; x_wconf 89' lang='lat' dir='ltr'>Tertia</span> <span class='ocrx_word' id='word_1_459' title='bbox 682 3227 765 3263; x_wconf 90' lang='lat' dir='ltr'>ratio,</span> <span class='ocrx_word' id='word_1_460' title='bbox 777 3237 835 3264; x_wconf 87' lang='lat' dir='ltr'>qua</span> <span class='ocrx_word' id='word_1_461' title='bbox 847 3227 878 3256; x_wconf 91' lang='lat' dir='ltr'>in</span> <span class='ocrx_word' id='word_1_462' title='bbox 889 3227 1032 3264; x_wconf 83' lang='lat' dir='ltr'>praesenti</span> <span class='ocrx_word' id='word_1_463' title='bbox 1042 3227 1166 3256; x_wconf 86' lang='lat' dir='ltr'>lectione</span> <span class='ocrx_word' id='word_1_464' title='bbox 1177 3226 1343 3256; x_wconf 72' lang='lat' dir='ltr'>ostenditur</span> 
     </span>
     <span class='ocr_line' id='line_1_57' title="bbox 270 3267 1340 3304; baseline -0.004 -6"><span class='ocrx_word' id='word_1_465' title='bbox 270 3269 366 3298; x_wconf 83' lang='lat' dir='ltr'>unitas</span> <span class='ocrx_word' id='word_1_466' title='bbox 387 3269 498 3304; x_wconf 85' lang='lat' dir='ltr'>mundi,</span> <span class='ocrx_word' id='word_1_467' title='bbox 513 3268 663 3297; x_wconf 90' lang='lat' dir='ltr'>ordinatur</span> <span class='ocrx_word' id='word_1_468' title='bbox 676 3268 714 3296; x_wconf 91' lang='lat' dir='ltr'>ad</span> <span class='ocrx_word' id='word_1_469' title='bbox 733 3267 949 3296; x_wconf 86' lang='lat' dir='ltr'>certificandum</span> <span class='ocrx_word' id='word_1_470' title='bbox 964 3277 998 3296; x_wconf 91' lang='lat' dir='ltr'>ea</span> <span class='ocrx_word' id='word_1_471' title='bbox 1018 3277 1093 3304; x_wconf 84' lang='lat' dir='ltr'>quae</span> <span class='ocrx_word' id='word_1_472' title='bbox 1113 3268 1143 3295; x_wconf 92' lang='lat' dir='ltr'>in</span> <span class='ocrx_word' id='word_1_473' title='bbox 1163 3267 1340 3304; x_wconf 88' lang='lat' dir='ltr'>praeceden-</span> 
     </span>
     <span class='ocr_line' id='line_1_58' title="bbox 269 3306 1341 3344; baseline -0.004 -6"><span class='ocrx_word' id='word_1_474' title='bbox 269 3310 346 3338; x_wconf 89' lang='lat' dir='ltr'><strong>tibus</strong></span> <span class='ocrx_word' id='word_1_475' title='bbox 367 3309 527 3338; x_wconf 89' lang='lat' dir='ltr'>rationibus</span> <span class='ocrx_word' id='word_1_476' title='bbox 552 3313 767 3344; x_wconf 87' lang='lat' dir='ltr'>supponuntur.</span> <span class='ocrx_word' id='word_1_477' title='bbox 782 3323 802 3328; x_wconf 93' lang='lat'>-</span> <span class='ocrx_word' id='word_1_478' title='bbox 815 3307 923 3335; x_wconf 88' lang='lat' dir='ltr'>Textus</span> <span class='ocrx_word' id='word_1_479' title='bbox 950 3307 1062 3335; x_wconf 88' lang='lat' dir='ltr'>divisio.</span> <span class='ocrx_word' id='word_1_480' title='bbox 1077 3323 1097 3329; x_wconf 89' lang='lat'><em>-</em></span> <span class='ocrx_word' id='word_1_481' title='bbox 1111 3315 1139 3335; x_wconf 91' lang='lat'>2.</span> <span class='ocrx_word' id='word_1_482' title='bbox 1161 3306 1254 3336; x_wconf 85' lang='lat' dir='ltr'>Ratio.</span> <span class='ocrx_word' id='word_1_483' title='bbox 1276 3306 1341 3335; x_wconf 88' lang='lat' dir='ltr'>Dici</span> 
     </span>
     <span class='ocr_line' id='line_1_59' title="bbox 270 3346 1341 3386; baseline -0.004 -8"><span class='ocrx_word' id='word_1_484' title='bbox 270 3349 371 3386; x_wconf 88' lang='lat' dir='ltr'>nequit</span> <span class='ocrx_word' id='word_1_485' title='bbox 385 3358 510 3386; x_wconf 89' lang='lat' dir='ltr'>corpora</span> <span class='ocrx_word' id='word_1_486' title='bbox 522 3347 665 3376; x_wconf 87' lang='lat' dir='ltr'>naturalia</span> <span class='ocrx_word' id='word_1_487' title='bbox 679 3346 789 3375; x_wconf 89' lang='lat' dir='ltr'>moveri</span> <span class='ocrx_word' id='word_1_488' title='bbox 803 3355 855 3383; x_wconf 91' lang='lat' dir='ltr'>per</span> <span class='ocrx_word' id='word_1_489' title='bbox 868 3346 1035 3376; x_wconf 88' lang='lat' dir='ltr'>violentiam</span> <span class='ocrx_word' id='word_1_490' title='bbox 1051 3346 1187 3375; x_wconf 89' lang='lat' dir='ltr'>omnibus</span> <span class='ocrx_word' id='word_1_491' title='bbox 1211 3346 1341 3375; x_wconf 87' lang='lat' dir='ltr'>motibus</span> 
     </span>
     <span class='ocr_line' id='line_1_60' title="bbox 271 3386 1337 3426; baseline -0.003 -9"><span class='ocrx_word' id='word_1_492' title='bbox 271 3389 376 3426; x_wconf 91' lang='lat' dir='ltr'>quibus</span> <span class='ocrx_word' id='word_1_493' title='bbox 390 3388 573 3417; x_wconf 81' lang='lat' dir='ltr'>manifestum</span> <span class='ocrx_word' id='word_1_494' title='bbox 587 3394 630 3416; x_wconf 86' lang='lat' dir='ltr'>est</span> <span class='ocrx_word' id='word_1_495' title='bbox 643 3386 766 3415; x_wconf 87' lang='lat' dir='ltr'>moveri:</span> <span class='ocrx_word' id='word_1_496' title='bbox 789 3387 870 3423; x_wconf 90' lang='lat' dir='ltr'>quod</span> <span class='ocrx_word' id='word_1_497' title='bbox 891 3386 969 3414; x_wconf 90' lang='lat' dir='ltr'>enim</span> <span class='ocrx_word' id='word_1_498' title='bbox 990 3386 1101 3414; x_wconf 88' lang='lat' dir='ltr'>nullum</span> <span class='ocrx_word' id='word_1_499' title='bbox 1119 3392 1233 3414; x_wconf 90' lang='lat' dir='ltr'>motum</span> <span class='ocrx_word' id='word_1_500' title='bbox 1248 3387 1337 3415; x_wconf 84' lang='lat' dir='ltr'>habet</span> 
     </span>
     <span class='ocr_line' id='line_1_61' title="bbox 271 3425 1335 3464; baseline -0.002 -8"><span class='ocrx_word' id='word_1_501' title='bbox 271 3437 306 3457; x_wconf 85' lang='lat' dir='ltr'>ex</span> <span class='ocrx_word' id='word_1_502' title='bbox 320 3437 372 3456; x_wconf 90' lang='lat' dir='ltr'>sua</span> <span class='ocrx_word' id='word_1_503' title='bbox 392 3434 504 3463; x_wconf 87' lang='lat' dir='ltr'>natura,</span> <span class='ocrx_word' id='word_1_504' title='bbox 525 3437 587 3456; x_wconf 89' lang='lat' dir='ltr'>non</span> <span class='ocrx_word' id='word_1_505' title='bbox 608 3433 703 3464; x_wconf 90' lang='lat' dir='ltr'>potest</span> <span class='ocrx_word' id='word_1_506' title='bbox 720 3425 830 3454; x_wconf 88' lang='lat' dir='ltr'>moveri</span> <span class='ocrx_word' id='word_1_507' title='bbox 848 3435 900 3462; x_wconf 90' lang='lat' dir='ltr'>per</span> <span class='ocrx_word' id='word_1_508' title='bbox 912 3425 1088 3454; x_wconf 89' lang='lat' dir='ltr'>violentiam.</span> <span class='ocrx_word' id='word_1_509' title='bbox 1111 3426 1243 3462; x_wconf 85' lang='lat' dir='ltr'>Corpora</span> <span class='ocrx_word' id='word_1_510' title='bbox 1266 3435 1335 3464; x_wconf 89' lang='lat' dir='ltr'>ergo</span> 
     </span>
     <span class='ocr_line' id='line_1_62' title="bbox 272 3466 1339 3505; baseline -0.002 -9"><span class='ocrx_word' id='word_1_511' title='bbox 272 3477 346 3505; x_wconf 89' lang='lat' dir='ltr'>quae</span> <span class='ocrx_word' id='word_1_512' title='bbox 361 3474 428 3496; x_wconf 90' lang='lat' dir='ltr'>sunt</span> <span class='ocrx_word' id='word_1_513' title='bbox 441 3474 536 3504; x_wconf 88' lang='lat' dir='ltr'>partes</span> <span class='ocrx_word' id='word_1_514' title='bbox 550 3467 661 3502; x_wconf 90' lang='lat' dir='ltr'>mundi,</span> <span class='ocrx_word' id='word_1_515' title='bbox 677 3467 784 3495; x_wconf 90' lang='lat' dir='ltr'>habent</span> <span class='ocrx_word' id='word_1_516' title='bbox 800 3466 927 3503; x_wconf 87' lang='lat' dir='ltr'><strong>aliquem</strong></span> <span class='ocrx_word' id='word_1_517' title='bbox 941 3471 1056 3495; x_wconf 86' lang='lat' dir='ltr'>motum</span> <span class='ocrx_word' id='word_1_518' title='bbox 1077 3466 1237 3494; x_wconf 89' lang='lat' dir='ltr'>secundum</span> <span class='ocrx_word' id='word_1_519' title='bbox 1256 3475 1339 3494; x_wconf 84' lang='lat' dir='ltr'>suam</span> 
     </span>
     <span class='ocr_line' id='line_1_63' title="bbox 271 3506 1339 3544; baseline -0.003 -8"><span class='ocrx_word' id='word_1_520' title='bbox 271 3514 414 3536; x_wconf 88' lang='lat' dir='ltr'>naturam.</span> <span class='ocrx_word' id='word_1_521' title='bbox 442 3508 576 3542; x_wconf 91' lang='lat' dir='ltr'>Quorum</span> <span class='ocrx_word' id='word_1_522' title='bbox 597 3516 665 3544; x_wconf 88' lang='lat' dir='ltr'>ergo</span> <span class='ocrx_word' id='word_1_523' title='bbox 687 3513 730 3535; x_wconf 88' lang='lat' dir='ltr'>est</span> <span class='ocrx_word' id='word_1_524' title='bbox 750 3515 809 3534; x_wconf 92' lang='lat' dir='ltr'>una</span> <span class='ocrx_word' id='word_1_525' title='bbox 830 3511 947 3540; x_wconf 87' lang='lat' dir='ltr'>natura,</span> <span class='ocrx_word' id='word_1_526' title='bbox 969 3511 1012 3533; x_wconf 91' lang='lat' dir='ltr'>est</span> <span class='ocrx_word' id='word_1_527' title='bbox 1031 3514 1107 3533; x_wconf 90' lang='lat' dir='ltr'>unus</span> <span class='ocrx_word' id='word_1_528' title='bbox 1128 3511 1235 3534; x_wconf 83' lang='lat' dir='ltr'>motus.</span> <span class='ocrx_word' id='word_1_529' title='bbox 1257 3506 1339 3534; x_wconf 86' lang='lat' dir='ltr'>Unus</span> 
     </span>
     <span class='ocr_line' id='line_1_64' title="bbox 271 3545 1338 3582; baseline -0.002 -6"><span class='ocrx_word' id='word_1_530' title='bbox 271 3554 370 3576; x_wconf 87' lang='lat' dir='ltr'>autem</span> <span class='ocrx_word' id='word_1_531' title='bbox 390 3553 488 3575; x_wconf 89' lang='lat' dir='ltr'>motus</span> <span class='ocrx_word' id='word_1_532' title='bbox 502 3553 545 3575; x_wconf 90' lang='lat' dir='ltr'>est</span> <span class='ocrx_word' id='word_1_533' title='bbox 557 3547 596 3575; x_wconf 90' lang='lat' dir='ltr'>ad</span> <span class='ocrx_word' id='word_1_534' title='bbox 610 3556 702 3575; x_wconf 89' lang='lat' dir='ltr'>unum</span> <span class='ocrx_word' id='word_1_535' title='bbox 715 3546 880 3574; x_wconf 89' lang='lat' dir='ltr'>terminum.</span> <span class='ocrx_word' id='word_1_536' title='bbox 903 3546 980 3582; x_wconf 87' lang='lat' dir='ltr'>Ergo</span> <span class='ocrx_word' id='word_1_537' title='bbox 995 3545 1095 3573; x_wconf 84' lang='lat' dir='ltr'>omnia</span> <span class='ocrx_word' id='word_1_538' title='bbox 1108 3554 1232 3582; x_wconf 83' lang='lat' dir='ltr'>corpora</span> <span class='ocrx_word' id='word_1_539' title='bbox 1252 3545 1338 3574; x_wconf 85' lang='lat' dir='ltr'>unius</span> 
     </span>
     <span class='ocr_line' id='line_1_65' title="bbox 272 3585 1337 3624; baseline -0.002 -9"><span class='ocrx_word' id='word_1_540' title='bbox 272 3586 377 3624; x_wconf 91' lang='lat' dir='ltr'>speciei</span> <span class='ocrx_word' id='word_1_541' title='bbox 404 3596 521 3616; x_wconf 88' lang='lat' dir='ltr'>necesse</span> <span class='ocrx_word' id='word_1_542' title='bbox 549 3593 592 3615; x_wconf 85' lang='lat' dir='ltr'>est</span> <span class='ocrx_word' id='word_1_543' title='bbox 619 3586 730 3615; x_wconf 91' lang='lat' dir='ltr'>moveri</span> <span class='ocrx_word' id='word_1_544' title='bbox 758 3586 795 3614; x_wconf 93' lang='lat' dir='ltr'>ad</span> <span class='ocrx_word' id='word_1_545' title='bbox 822 3594 914 3614; x_wconf 88' lang='lat' dir='ltr'>unum</span> <span class='ocrx_word' id='word_1_546' title='bbox 941 3594 1065 3613; x_wconf 87' lang='lat' dir='ltr'>numero</span> <span class='ocrx_word' id='word_1_547' title='bbox 1093 3585 1207 3622; x_wconf 88' lang='lat' dir='ltr'>loeum;</span> <span class='ocrx_word' id='word_1_548' title='bbox 1229 3585 1337 3614; x_wconf 86' lang='lat' dir='ltr'>scilicet</span> 
     </span>
    </p>
   </div>
   <div class='ocr_carea' id='block_1_10' title="bbox 1397 910 2471 1967">
    <p class='ocr_par' dir='ltr' id='par_1_15' title="bbox 1463 910 2470 1260">
     <span class='ocr_line' id='line_1_66' title="bbox 1463 910 2470 956; baseline 0.007 -16"><span class='ocrx_word' id='word_1_549' title='bbox 1463 910 1595 951; x_wconf 89' lang='lat' dir='ltr'>quidem</span> <span class='ocrx_word' id='word_1_550' title='bbox 1619 910 1704 941; x_wconf 84' lang='lat' dir='ltr'>enim</span> <span class='ocrx_word' id='word_1_551' title='bbox 1727 918 1908 951; x_wconf 89' lang='lat' dir='ltr'>moventur,</span> <span class='ocrx_word' id='word_1_552' title='bbox 1932 913 2136 945; x_wconf 87' lang='lat' dir='ltr'>manifestum</span> <span class='ocrx_word' id='word_1_553' title='bbox 2155 921 2211 946; x_wconf 90' lang='lat' dir='ltr'>est.</span> <span class='ocrx_word' id='word_1_554' title='bbox 2235 915 2352 946; x_wconf 87' lang='lat' dir='ltr'>Utrum</span> <span class='ocrx_word' id='word_1_555' title='bbox 2374 917 2470 956; x_wconf 74' lang='lat' dir='ltr'>igitur</span> 
     </span>
     <span class='ocr_line' id='line_1_67' title="bbox 1463 954 2469 997; baseline 0.007 -13"><span class='ocrx_word' id='word_1_556' title='bbox 1463 954 1495 985; x_wconf 86' lang='lat' dir='ltr'>vi</span> <span class='ocrx_word' id='word_1_557' title='bbox 1516 955 1668 985; x_wconf 90' lang='lat' dir='ltr'>omnibus</span> <span class='ocrx_word' id='word_1_558' title='bbox 1692 955 1834 986; x_wconf 81' lang='lat' dir='ltr'>dicemus</span> <span class='ocrx_word' id='word_1_559' title='bbox 1857 957 1979 987; x_wconf 89' lang='lat' dir='ltr'>moveri</span> <span class='ocrx_word' id='word_1_560' title='bbox 1994 958 2146 997; x_wconf 91' lang='lat' dir='ltr'>motibus,</span> <span class='ocrx_word' id='word_1_561' title='bbox 2170 959 2266 990; x_wconf 90' lang='lat' dir='ltr'>etiam</span> <span class='ocrx_word' id='word_1_562' title='bbox 2290 958 2469 991; x_wconf 79' lang='lat' dir='ltr'>contrariis?</span> 
     </span>
     <span class='ocr_line' id='line_1_68' title="bbox 1463 998 2468 1044; baseline 0.007 -16"><span class='ocrx_word' id='word_1_563' title='bbox 1463 998 1526 1029; x_wconf 91' lang='lat' dir='ltr'>Sed</span> <span class='ocrx_word' id='word_1_564' title='bbox 1549 999 1639 1040; x_wconf 91' lang='lat' dir='ltr'>quod</span> <span class='ocrx_word' id='word_1_565' title='bbox 1658 1009 1725 1029; x_wconf 90' lang='lat' dir='ltr'>non</span> <span class='ocrx_word' id='word_1_566' title='bbox 1748 1006 1859 1030; x_wconf 85' lang='lat' dir='ltr'>natum</span> <span class='ocrx_word' id='word_1_567' title='bbox 1884 1007 1930 1031; x_wconf 89' lang='lat' dir='ltr'>est</span> <span class='ocrx_word' id='word_1_568' title='bbox 1953 1002 2086 1033; x_wconf 90' lang='lat' dir='ltr'>omnino</span> <span class='ocrx_word' id='word_1_569' title='bbox 2110 1003 2248 1043; x_wconf 85' lang='lat' dir='ltr'>moveri,</span> <span class='ocrx_word' id='word_1_570' title='bbox 2272 1003 2468 1044; x_wconf 87' lang='lat' dir='ltr'>impossibile</span> 
     </span>
     <span class='ocr_line' id='line_1_69' title="bbox 1464 1043 2468 1089; baseline 0.008 -17"><span class='ocrx_word' id='word_1_571' title='bbox 1464 1043 1527 1073; x_wconf 91' lang='lat' dir='ltr'>hoc</span> <span class='ocrx_word' id='word_1_572' title='bbox 1550 1043 1672 1073; x_wconf 90' lang='lat' dir='ltr'>moveri</span> <span class='ocrx_word' id='word_1_573' title='bbox 1695 1043 1855 1074; x_wconf 86' lang='lat' dir='ltr'>violentia.</span> <span class='ocrx_word' id='word_1_574' title='bbox 1880 1044 1912 1075; x_wconf 90' lang='lat' dir='ltr'>Si</span> <span class='ocrx_word' id='word_1_575' title='bbox 1934 1044 2030 1085; x_wconf 86' lang='lat' dir='ltr'>igitur</span> <span class='ocrx_word' id='word_1_576' title='bbox 2045 1053 2091 1077; x_wconf 88' lang='lat' dir='ltr'>est</span> <span class='ocrx_word' id='word_1_577' title='bbox 2113 1047 2226 1088; x_wconf 88' lang='lat' dir='ltr'>aliquis</span> <span class='ocrx_word' id='word_1_578' title='bbox 2250 1055 2358 1079; x_wconf 90' lang='lat' dir='ltr'>motus</span> <span class='ocrx_word' id='word_1_579' title='bbox 2380 1049 2468 1089; x_wconf 87' lang='lat' dir='ltr'>ipso—</span> 
     </span>
     <span class='ocr_line' id='line_1_70' title="bbox 1464 1087 2468 1133; baseline 0.008 -17"><span class='ocrx_word' id='word_1_580' title='bbox 1464 1097 1538 1117; x_wconf 91' lang='lat' dir='ltr'>rum</span> <span class='ocrx_word' id='word_1_581' title='bbox 1557 1087 1734 1118; x_wconf 88' lang='lat' dir='ltr'>secundum</span> <span class='ocrx_word' id='word_1_582' title='bbox 1750 1094 1907 1127; x_wconf 84' lang='lat' dir='ltr'>naturam,</span> <span class='ocrx_word' id='word_1_583' title='bbox 1924 1099 2049 1121; x_wconf 88' lang='lat' dir='ltr'>necesse</span> <span class='ocrx_word' id='word_1_584' title='bbox 2074 1097 2120 1122; x_wconf 90' lang='lat' dir='ltr'>est</span> <span class='ocrx_word' id='word_1_585' title='bbox 2135 1101 2248 1122; x_wconf 92' lang='lat' dir='ltr'>eorum</span> <span class='ocrx_word' id='word_1_586' title='bbox 2263 1102 2346 1133; x_wconf 88' lang='lat' dir='ltr'>quae</span> <span class='ocrx_word' id='word_1_587' title='bbox 2356 1093 2468 1123; x_wconf 89' lang='lat' dir='ltr'>similis</span> 
     </span>
     <span class='ocr_line' id='line_1_71' title="bbox 1465 1131 2468 1171; baseline 0.007 -10"><span class='ocrx_word' id='word_1_588' title='bbox 1465 1131 1580 1171; x_wconf 86' lang='lat' dir='ltr'>speciei</span> <span class='ocrx_word' id='word_1_589' title='bbox 1604 1138 1635 1162; x_wconf 92' lang='lat' dir='ltr'>et</span> <span class='ocrx_word' id='word_1_590' title='bbox 1650 1131 1852 1171; x_wconf 84' lang='lat' dir='ltr'>singulorum</span> <span class='ocrx_word' id='word_1_591' title='bbox 1875 1133 1915 1163; x_wconf 84' lang='lat' dir='ltr'>ad</span> <span class='ocrx_word' id='word_1_592' title='bbox 1931 1143 2033 1164; x_wconf 89' lang='lat' dir='ltr'>unum</span> <span class='ocrx_word' id='word_1_593' title='bbox 2056 1145 2192 1166; x_wconf 91' lang='lat' dir='ltr'>numero</span> <span class='ocrx_word' id='word_1_594' title='bbox 2207 1136 2319 1167; x_wconf 89' lang='lat' dir='ltr'>locum</span> <span class='ocrx_word' id='word_1_595' title='bbox 2339 1137 2468 1168; x_wconf 82' lang='lat' dir='ltr'>existere</span> 
     </span>
     <span class='ocr_line' id='line_1_72' title="bbox 1465 1176 2468 1218; baseline 0.008 -14"><span class='ocrx_word' id='word_1_596' title='bbox 1465 1181 1611 1213; x_wconf 91' lang='lat' dir='ltr'>motum,</span> <span class='ocrx_word' id='word_1_597' title='bbox 1644 1182 1722 1216; x_wconf 87' lang='lat' dir='ltr'>puta</span> <span class='ocrx_word' id='word_1_598' title='bbox 1745 1176 1785 1206; x_wconf 90' lang='lat' dir='ltr'>ad</span> <span class='ocrx_word' id='word_1_599' title='bbox 1807 1176 1870 1207; x_wconf 91' lang='lat' dir='ltr'>hoc</span> <span class='ocrx_word' id='word_1_600' title='bbox 1897 1176 2028 1218; x_wconf 77' lang='lat' dir='ltr'>aliquod</span> <span class='ocrx_word' id='word_1_601' title='bbox 2049 1179 2192 1210; x_wconf 86' lang='lat' dir='ltr'>medium</span> <span class='ocrx_word' id='word_1_602' title='bbox 2217 1186 2248 1213; x_wconf 88' lang='lat' dir='ltr'>et</span> <span class='ocrx_word' id='word_1_603' title='bbox 2269 1181 2310 1211; x_wconf 90' lang='lat' dir='ltr'>ad</span> <span class='ocrx_word' id='word_1_604' title='bbox 2331 1180 2395 1212; x_wconf 87' lang='lat' dir='ltr'>hoc</span> <span class='ocrx_word' id='word_1_605' title='bbox 2413 1181 2468 1212; x_wconf 89' lang='lat' dir='ltr'>ali-</span> 
     </span>
     <span class='ocr_line' id='line_1_73' title="bbox 1465 1218 1766 1260; baseline 0.01 -12"><span class='ocrx_word' id='word_1_606' title='bbox 1465 1218 1555 1260; x_wconf 92' lang='lat' dir='ltr'>quod</span> <span class='ocrx_word' id='word_1_607' title='bbox 1579 1225 1766 1251; x_wconf 83' lang='lat' dir='ltr'>extremum.</span> 
     </span>
    </p>

    <p class='ocr_par' dir='ltr' id='par_1_16' title="bbox 1397 1261 2470 1780">
     <span class='ocr_line' id='line_1_74' title="bbox 1397 1261 2469 1312; baseline 0.008 -20"><span class='ocrx_word' id='word_1_608' title='bbox 1397 1262 1415 1282; x_wconf 81' lang='grc'><em>*</em></span> <span class='ocrx_word' id='word_1_609' title='bbox 1430 1261 1464 1293; x_wconf 91' lang='lat' dir='ltr'>Si</span> <span class='ocrx_word' id='word_1_610' title='bbox 1487 1269 1596 1293; x_wconf 88' lang='lat' dir='ltr'>autem</span> <span class='ocrx_word' id='word_1_611' title='bbox 1623 1263 1663 1293; x_wconf 88' lang='lat' dir='ltr'>ad</span> <span class='ocrx_word' id='word_1_612' title='bbox 1686 1263 1789 1304; x_wconf 88' lang='lat' dir='ltr'>specie</span> <span class='ocrx_word' id='word_1_613' title='bbox 1813 1265 1942 1305; x_wconf 89' lang='lat' dir='ltr'>eadem,</span> <span class='ocrx_word' id='word_1_614' title='bbox 1961 1265 2053 1306; x_wconf 88' lang='lat' dir='ltr'>plura</span> <span class='ocrx_word' id='word_1_615' title='bbox 2076 1274 2184 1298; x_wconf 88' lang='lat' dir='ltr'>autem</span> <span class='ocrx_word' id='word_1_616' title='bbox 2212 1278 2348 1300; x_wconf 89' lang='lat' dir='ltr'>numero</span> <span class='ocrx_word' id='word_1_617' title='bbox 2373 1268 2469 1312; x_wconf 79' lang='lat' dir='ltr'>(quia</span> 
     </span>
     <span class='ocr_line' id='line_1_75' title="bbox 1466 1306 2468 1352; baseline 0.008 -16"><span class='ocrx_word' id='word_1_618' title='bbox 1466 1313 1497 1337; x_wconf 92' lang='lat' dir='ltr'>et</span> <span class='ocrx_word' id='word_1_619' title='bbox 1508 1306 1676 1347; x_wconf 79' lang='lat' dir='ltr'>singularia</span> <span class='ocrx_word' id='word_1_620' title='bbox 1691 1308 1783 1347; x_wconf 82' lang='lat' dir='ltr'>plura</span> <span class='ocrx_word' id='word_1_621' title='bbox 1801 1308 1931 1349; x_wconf 88' lang='lat' dir='ltr'>quidem</span> <span class='ocrx_word' id='word_1_622' title='bbox 1946 1319 2092 1350; x_wconf 89' lang='lat' dir='ltr'>numero,</span> <span class='ocrx_word' id='word_1_623' title='bbox 2109 1312 2212 1352; x_wconf 91' lang='lat' dir='ltr'>specie</span> <span class='ocrx_word' id='word_1_624' title='bbox 2228 1319 2336 1345; x_wconf 88' lang='lat' dir='ltr'>autem</span> <span class='ocrx_word' id='word_1_625' title='bbox 2351 1323 2468 1344; x_wconf 90' lang='lat' dir='ltr'>unum-</span> 
     </span>
     <span class='ocr_line' id='line_1_76' title="bbox 1465 1351 2468 1396; baseline 0.009 -16"><span class='ocrx_word' id='word_1_626' title='bbox 1465 1351 1619 1392; x_wconf 86' lang='lat' dir='ltr'>quodque</span> <span class='ocrx_word' id='word_1_627' title='bbox 1630 1351 1840 1395; x_wconf 82' lang='lat' dir='ltr'>indifferens):</span> <span class='ocrx_word' id='word_1_628' title='bbox 1861 1363 1927 1384; x_wconf 93' lang='lat' dir='ltr'>non</span> <span class='ocrx_word' id='word_1_629' title='bbox 1939 1354 2014 1385; x_wconf 88' lang='lat' dir='ltr'>huic</span> <span class='ocrx_word' id='word_1_630' title='bbox 2029 1355 2170 1395; x_wconf 91' lang='lat' dir='ltr'>quidem,</span> <span class='ocrx_word' id='word_1_631' title='bbox 2182 1357 2257 1388; x_wconf 93' lang='lat' dir='ltr'>huic</span> <span class='ocrx_word' id='word_1_632' title='bbox 2273 1364 2468 1396; x_wconf 89' lang='lat' dir='ltr'>autemnon,</span> 
     </span>
     <span class='ocr_line' id='line_1_77' title="bbox 1464 1395 2469 1436; baseline 0.008 -11"><span class='ocrx_word' id='word_1_633' title='bbox 1464 1395 1526 1426; x_wconf 90' lang='lat' dir='ltr'>tale</span> <span class='ocrx_word' id='word_1_634' title='bbox 1550 1395 1608 1426; x_wconf 90' lang='lat' dir='ltr'>erit</span> <span class='ocrx_word' id='word_1_635' title='bbox 1627 1396 1777 1436; x_wconf 89' lang='lat' dir='ltr'>partium,</span> <span class='ocrx_word' id='word_1_636' title='bbox 1797 1397 1853 1427; x_wconf 90' lang='lat' dir='ltr'>sed</span> <span class='ocrx_word' id='word_1_637' title='bbox 1875 1398 2017 1429; x_wconf 89' lang='lat' dir='ltr'>similiter</span> <span class='ocrx_word' id='word_1_638' title='bbox 2039 1399 2207 1431; x_wconf 90' lang='lat' dir='ltr'>omnibus:</span> <span class='ocrx_word' id='word_1_639' title='bbox 2223 1401 2365 1432; x_wconf 90' lang='lat' dir='ltr'>similiter</span> <span class='ocrx_word' id='word_1_640' title='bbox 2383 1402 2469 1432; x_wconf 89' lang='lat' dir='ltr'>enim</span> 
     </span>
     <span class='ocr_line' id='line_1_78' title="bbox 1465 1439 2469 1484; baseline 0.008 -15"><span class='ocrx_word' id='word_1_641' title='bbox 1465 1439 1575 1470; x_wconf 81' lang='lat' dir='ltr'>omnia</span> <span class='ocrx_word' id='word_1_642' title='bbox 1597 1440 1775 1471; x_wconf 89' lang='lat' dir='ltr'>secundum</span> <span class='ocrx_word' id='word_1_643' title='bbox 1791 1441 1928 1481; x_wconf 88' lang='lat' dir='ltr'>speciem</span> <span class='ocrx_word' id='word_1_644' title='bbox 1951 1442 2159 1475; x_wconf 85' lang='lat' dir='ltr'>indifferentia</span> <span class='ocrx_word' id='word_1_645' title='bbox 2172 1445 2211 1475; x_wconf 86' lang='lat' dir='ltr'>ab</span> <span class='ocrx_word' id='word_1_646' title='bbox 2234 1445 2390 1484; x_wconf 80' lang='lat' dir='ltr'>invicem,</span> <span class='ocrx_word' id='word_1_647' title='bbox 2411 1456 2469 1476; x_wconf 92' lang='lat' dir='ltr'>nu-</span> 
     </span>
     <span class='ocr_line' id='line_1_79' title="bbox 1465 1484 2469 1530; baseline 0.008 -17"><span class='ocrx_word' id='word_1_648' title='bbox 1465 1493 1555 1514; x_wconf 89' lang='lat' dir='ltr'>mero</span> <span class='ocrx_word' id='word_1_649' title='bbox 1572 1490 1680 1514; x_wconf 84' lang='lat' dir='ltr'>autem</span> <span class='ocrx_word' id='word_1_650' title='bbox 1690 1484 1825 1516; x_wconf 88' lang='lat' dir='ltr'>alterum</span> <span class='ocrx_word' id='word_1_651' title='bbox 1843 1486 2073 1528; x_wconf 90' lang='lat' dir='ltr'>quodcumque</span> <span class='ocrx_word' id='word_1_652' title='bbox 2089 1498 2107 1518; x_wconf 85' lang='lat' dir='ltr'>a</span> <span class='ocrx_word' id='word_1_653' title='bbox 2119 1498 2337 1530; x_wconf 90' lang='lat' dir='ltr'>quocumque.</span> <span class='ocrx_word' id='word_1_654' title='bbox 2361 1490 2469 1521; x_wconf 87' lang='lat' dir='ltr'>*Dico</span> 
     </span>
     <span class='ocr_line' id='line_1_80' title="bbox 1465 1527 2470 1574; baseline 0.008 -17"><span class='ocrx_word' id='word_1_655' title='bbox 1465 1533 1573 1558; x_wconf 82' lang='lat' dir='ltr'>autem</span> <span class='ocrx_word' id='word_1_656' title='bbox 1588 1527 1662 1567; x_wconf 86' lang='lat' dir='ltr'>hoc,</span> <span class='ocrx_word' id='word_1_657' title='bbox 1678 1529 1833 1569; x_wconf 88' lang='lat' dir='ltr'>quoniam</span> <span class='ocrx_word' id='word_1_658' title='bbox 1847 1536 1950 1569; x_wconf 84' lang='lat' dir='ltr'>partes</span> <span class='ocrx_word' id='word_1_659' title='bbox 1968 1540 2050 1571; x_wconf 86' lang='lat' dir='ltr'>quae</span> <span class='ocrx_word' id='word_1_660' title='bbox 2066 1531 2117 1562; x_wconf 88' lang='lat' dir='ltr'>hic</span> <span class='ocrx_word' id='word_1_661' title='bbox 2132 1533 2171 1562; x_wconf 89' lang='lat' dir='ltr'>ad</span> <span class='ocrx_word' id='word_1_662' title='bbox 2183 1533 2329 1572; x_wconf 88' lang='lat' dir='ltr'>invicem,</span> <span class='ocrx_word' id='word_1_663' title='bbox 2342 1541 2372 1564; x_wconf 93' lang='lat' dir='ltr'>et</span> <span class='ocrx_word' id='word_1_664' title='bbox 2387 1544 2470 1574; x_wconf 88' lang='lat' dir='ltr'>quae</span> 
     </span>
     <span class='ocr_line' id='line_1_81' title="bbox 1465 1571 2470 1618; baseline 0.007 -16"><span class='ocrx_word' id='word_1_665' title='bbox 1465 1571 1499 1602; x_wconf 91' lang='lat' dir='ltr'>in</span> <span class='ocrx_word' id='word_1_666' title='bbox 1522 1572 1620 1603; x_wconf 90' lang='lat' dir='ltr'>altero</span> <span class='ocrx_word' id='word_1_667' title='bbox 1644 1573 1779 1612; x_wconf 89' lang='lat' dir='ltr'>mundo,</span> <span class='ocrx_word' id='word_1_668' title='bbox 1804 1573 1946 1604; x_wconf 88' lang='lat' dir='ltr'>similiter</span> <span class='ocrx_word' id='word_1_669' title='bbox 1969 1584 2002 1605; x_wconf 90' lang='lat' dir='ltr'>se</span> <span class='ocrx_word' id='word_1_670' title='bbox 2025 1575 2151 1606; x_wconf 85' lang='lat' dir='ltr'>habent.</span> <span class='ocrx_word' id='word_1_671' title='bbox 2179 1577 2352 1617; x_wconf 87' lang='lat' dir='ltr'>Sumptum</span> <span class='ocrx_word' id='word_1_672' title='bbox 2375 1577 2470 1618; x_wconf 90' lang='lat' dir='ltr'>igitur</span> 
     </span>
     <span class='ocr_line' id='line_1_82' title="bbox 1466 1615 2470 1662; baseline 0.007 -16"><span class='ocrx_word' id='word_1_673' title='bbox 1466 1615 1540 1646; x_wconf 87' lang='lat' dir='ltr'>hinc</span> <span class='ocrx_word' id='word_1_674' title='bbox 1563 1615 1642 1646; x_wconf 88' lang='lat' dir='ltr'>nihil</span> <span class='ocrx_word' id='word_1_675' title='bbox 1665 1616 1767 1647; x_wconf 88' lang='lat' dir='ltr'>differt</span> <span class='ocrx_word' id='word_1_676' title='bbox 1789 1627 1846 1658; x_wconf 93' lang='lat' dir='ltr'>per</span> <span class='ocrx_word' id='word_1_677' title='bbox 1864 1619 2136 1658; x_wconf 85' lang='lat' dir='ltr'>comparationem</span> <span class='ocrx_word' id='word_1_678' title='bbox 2159 1621 2199 1650; x_wconf 85' lang='lat' dir='ltr'>ad</span> <span class='ocrx_word' id='word_1_679' title='bbox 2222 1621 2341 1662; x_wconf 91' lang='lat' dir='ltr'>aliquid</span> <span class='ocrx_word' id='word_1_680' title='bbox 2361 1631 2470 1652; x_wconf 88' lang='lat' dir='ltr'>earum</span> 
     </span>
     <span class='ocr_line' id='line_1_83' title="bbox 1466 1660 2470 1705; baseline 0.007 -15"><span class='ocrx_word' id='word_1_681' title='bbox 1466 1670 1550 1701; x_wconf 86' lang='lat' dir='ltr'>quae</span> <span class='ocrx_word' id='word_1_682' title='bbox 1564 1660 1598 1690; x_wconf 93' lang='lat' dir='ltr'>in</span> <span class='ocrx_word' id='word_1_683' title='bbox 1621 1660 1684 1691; x_wconf 87' lang='lat' dir='ltr'>alio</span> <span class='ocrx_word' id='word_1_684' title='bbox 1701 1661 1810 1702; x_wconf 89' lang='lat' dir='ltr'>aliquo</span> <span class='ocrx_word' id='word_1_685' title='bbox 1833 1662 1957 1693; x_wconf 92' lang='lat' dir='ltr'>mundo</span> <span class='ocrx_word' id='word_1_686' title='bbox 1973 1663 2121 1703; x_wconf 88' lang='lat' dir='ltr'>partium,</span> <span class='ocrx_word' id='word_1_687' title='bbox 2139 1671 2170 1695; x_wconf 94' lang='lat' dir='ltr'>et</span> <span class='ocrx_word' id='word_1_688' title='bbox 2191 1672 2335 1705; x_wconf 89' lang='lat' dir='ltr'>respectu</span> <span class='ocrx_word' id='word_1_689' title='bbox 2361 1676 2470 1696; x_wconf 89' lang='lat' dir='ltr'>earum</span> 
     </span>
     <span class='ocr_line' id='line_1_84' title="bbox 1467 1704 2469 1750; baseline 0.007 -16"><span class='ocrx_word' id='word_1_690' title='bbox 1467 1714 1551 1745; x_wconf 85' lang='lat' dir='ltr'>quae</span> <span class='ocrx_word' id='word_1_691' title='bbox 1573 1704 1607 1735; x_wconf 89' lang='lat' dir='ltr'>in</span> <span class='ocrx_word' id='word_1_692' title='bbox 1629 1705 1692 1736; x_wconf 90' lang='lat' dir='ltr'>hoc</span> <span class='ocrx_word' id='word_1_693' title='bbox 1714 1705 1804 1746; x_wconf 89' lang='lat' dir='ltr'>ipso,</span> <span class='ocrx_word' id='word_1_694' title='bbox 1828 1706 1883 1736; x_wconf 88' lang='lat' dir='ltr'>sed</span> <span class='ocrx_word' id='word_1_695' title='bbox 1907 1706 2065 1738; x_wconf 88' lang='lat' dir='ltr'>similiter:</span> <span class='ocrx_word' id='word_1_696' title='bbox 2090 1718 2156 1738; x_wconf 91' lang='lat' dir='ltr'>non</span> <span class='ocrx_word' id='word_1_697' title='bbox 2180 1709 2265 1740; x_wconf 89' lang='lat' dir='ltr'>enim</span> <span class='ocrx_word' id='word_1_698' title='bbox 2295 1710 2398 1750; x_wconf 89' lang='lat' dir='ltr'>specie</span> <span class='ocrx_word' id='word_1_699' title='bbox 2430 1710 2469 1740; x_wconf 83' lang='lat' dir='ltr'>ab</span> 
     </span>
     <span class='ocr_line' id='line_1_85' title="bbox 1467 1748 1785 1780; baseline 0.003 -1"><span class='ocrx_word' id='word_1_700' title='bbox 1467 1748 1604 1780; x_wconf 89' lang='lat' dir='ltr'>invicem</span> <span class='ocrx_word' id='word_1_701' title='bbox 1628 1748 1785 1780; x_wconf 88' lang='lat' dir='ltr'>differunt.</span> 
     </span>
    </p>

    <p class='ocr_par' dir='ltr' id='par_1_17' title="bbox 1399 1791 2471 1967">
     <span class='ocr_line' id='line_1_86' title="bbox 1399 1791 2471 1837; baseline 0.006 -14"><span class='ocrx_word' id='word_1_702' title='bbox 1399 1791 1417 1811; x_wconf 93' lang='lat'><em>*</em></span> <span class='ocrx_word' id='word_1_703' title='bbox 1433 1791 1543 1834; x_wconf 88' lang='lat' dir='ltr'>Itaque</span> <span class='ocrx_word' id='word_1_704' title='bbox 1566 1793 1778 1824; x_wconf 88' lang='lat' dir='ltr'>necessarium</span> <span class='ocrx_word' id='word_1_705' title='bbox 1802 1801 1857 1825; x_wconf 87' lang='lat' dir='ltr'>aut</span> <span class='ocrx_word' id='word_1_706' title='bbox 1879 1804 2028 1826; x_wconf 91' lang='lat' dir='ltr'>amovere</span> <span class='ocrx_word' id='word_1_707' title='bbox 2054 1795 2110 1826; x_wconf 78' lang='lat' dir='ltr'>has</span> <span class='ocrx_word' id='word_1_708' title='bbox 2133 1797 2388 1837; x_wconf 85' lang='lat' dir='ltr'>suppositiones,</span> <span class='ocrx_word' id='word_1_709' title='bbox 2415 1804 2471 1829; x_wconf 89' lang='lat' dir='ltr'>aut</span> 
     </span>
     <span class='ocr_line' id='line_1_87' title="bbox 1467 1837 2469 1880; baseline 0.006 -13"><span class='ocrx_word' id='word_1_710' title='bbox 1467 1837 1611 1868; x_wconf 89' lang='lat' dir='ltr'>medium</span> <span class='ocrx_word' id='word_1_711' title='bbox 1627 1847 1731 1869; x_wconf 90' lang='lat' dir='ltr'>unum</span> <span class='ocrx_word' id='word_1_712' title='bbox 1754 1848 1821 1869; x_wconf 89' lang='lat' dir='ltr'>esse</span> <span class='ocrx_word' id='word_1_713' title='bbox 1844 1845 1875 1869; x_wconf 85' lang='lat' dir='ltr'>et</span> <span class='ocrx_word' id='word_1_714' title='bbox 1890 1845 2076 1870; x_wconf 82' lang='lat' dir='ltr'>extremum.</span> <span class='ocrx_word' id='word_1_715' title='bbox 2091 1840 2165 1871; x_wconf 88' lang='lat' dir='ltr'>Hoc</span> <span class='ocrx_word' id='word_1_716' title='bbox 2184 1848 2290 1872; x_wconf 83' lang='lat' dir='ltr'>autem</span> <span class='ocrx_word' id='word_1_717' title='bbox 2314 1848 2395 1880; x_wconf 87' lang='lat' dir='ltr'>ente,</span> <span class='ocrx_word' id='word_1_718' title='bbox 2417 1852 2469 1873; x_wconf 90' lang='lat' dir='ltr'>ne-</span> 
     </span>
     <span class='ocr_line' id='line_1_88' title="bbox 1467 1882 2469 1927; baseline 0.005 -15"><span class='ocrx_word' id='word_1_719' title='bbox 1467 1891 1552 1912; x_wconf 91' lang='lat' dir='ltr'>cesse</span> <span class='ocrx_word' id='word_1_720' title='bbox 1577 1888 1623 1912; x_wconf 91' lang='lat' dir='ltr'>est</span> <span class='ocrx_word' id='word_1_721' title='bbox 1646 1889 1677 1913; x_wconf 92' lang='lat' dir='ltr'>et</span> <span class='ocrx_word' id='word_1_722' title='bbox 1700 1882 1825 1913; x_wconf 89' lang='lat' dir='ltr'>caelum</span> <span class='ocrx_word' id='word_1_723' title='bbox 1854 1891 1957 1914; x_wconf 87' lang='lat' dir='ltr'>unum</span> <span class='ocrx_word' id='word_1_724' title='bbox 1981 1884 2088 1914; x_wconf 92' lang='lat' dir='ltr'>solum</span> <span class='ocrx_word' id='word_1_725' title='bbox 2112 1894 2178 1915; x_wconf 89' lang='lat' dir='ltr'>esse</span> <span class='ocrx_word' id='word_1_726' title='bbox 2202 1892 2233 1916; x_wconf 91' lang='lat' dir='ltr'>et</span> <span class='ocrx_word' id='word_1_727' title='bbox 2255 1895 2322 1916; x_wconf 92' lang='lat' dir='ltr'>non</span> <span class='ocrx_word' id='word_1_728' title='bbox 2345 1887 2469 1927; x_wconf 90' lang='lat' dir='ltr'>plures,</span> 
     </span>
     <span class='ocr_line' id='line_1_89' title="bbox 1467 1926 2352 1967; baseline 0.006 -11"><span class='ocrx_word' id='word_1_729' title='bbox 1467 1926 1587 1957; x_wconf 90' lang='lat' dir='ltr'>eisdem</span> <span class='ocrx_word' id='word_1_730' title='bbox 1609 1926 1659 1957; x_wconf 81' lang='lat' dir='ltr'>his</span> <span class='ocrx_word' id='word_1_731' title='bbox 1682 1926 1886 1967; x_wconf 74' lang='lat' dir='ltr'>argumentis,</span> <span class='ocrx_word' id='word_1_732' title='bbox 1911 1934 1942 1958; x_wconf 89' lang='lat' dir='ltr'>et</span> <span class='ocrx_word' id='word_1_733' title='bbox 1964 1928 2084 1959; x_wconf 90' lang='lat' dir='ltr'>eisdem</span> <span class='ocrx_word' id='word_1_734' title='bbox 2106 1929 2352 1962; x_wconf 83' lang='lat' dir='ltr'>necessitatibus.</span> 
     </span>
    </p>
   </div>
   <div class='ocr_carea' id='block_1_11' title="bbox 1393 2012 2472 3160">
    <p class='ocr_par' dir='ltr' id='par_1_18' title="bbox 1398 2012 2470 2100">
     <span class='ocr_line' id='line_1_90' title="bbox 1398 2012 2470 2060; baseline 0.005 -15"><span class='ocrx_word' id='word_1_735' title='bbox 1398 2012 1417 2031; x_wconf 72' lang='lat'>⁴*</span> <span class='ocrx_word' id='word_1_736' title='bbox 1434 2013 1533 2052; x_wconf 90' lang='lat' dir='ltr'>Quod</span> <span class='ocrx_word' id='word_1_737' title='bbox 1557 2021 1664 2046; x_wconf 84' lang='lat' dir='ltr'>autem</span> <span class='ocrx_word' id='word_1_738' title='bbox 1683 2021 1729 2046; x_wconf 89' lang='lat' dir='ltr'>est</span> <span class='ocrx_word' id='word_1_739' title='bbox 1752 2015 1873 2056; x_wconf 89' lang='lat' dir='ltr'>aliquid</span> <span class='ocrx_word' id='word_1_740' title='bbox 1896 2026 1963 2057; x_wconf 90' lang='lat' dir='ltr'>quo</span> <span class='ocrx_word' id='word_1_741' title='bbox 1979 2023 2052 2047; x_wconf 84' lang='lat' dir='ltr'>nata</span> <span class='ocrx_word' id='word_1_742' title='bbox 2075 2023 2121 2048; x_wconf 89' lang='lat' dir='ltr'>est</span> <span class='ocrx_word' id='word_1_743' title='bbox 2140 2023 2220 2048; x_wconf 89' lang='lat' dir='ltr'>terra</span> <span class='ocrx_word' id='word_1_744' title='bbox 2235 2017 2307 2048; x_wconf 89' lang='lat' dir='ltr'>ferri</span> <span class='ocrx_word' id='word_1_745' title='bbox 2331 2025 2361 2049; x_wconf 88' lang='lat' dir='ltr'>et</span> <span class='ocrx_word' id='word_1_746' title='bbox 2377 2029 2470 2060; x_wconf 86' lang='lat' dir='ltr'>aqua,</span> 
     </span>
     <span class='ocr_line' id='line_1_91' title="bbox 1467 2059 1789 2100; baseline 0.003 -10"><span class='ocrx_word' id='word_1_747' title='bbox 1467 2059 1574 2100; x_wconf 85' lang='lat' dir='ltr'>palam</span> <span class='ocrx_word' id='word_1_748' title='bbox 1597 2066 1628 2090; x_wconf 92' lang='lat' dir='ltr'>et</span> <span class='ocrx_word' id='word_1_749' title='bbox 1651 2069 1688 2090; x_wconf 88' lang='lat' dir='ltr'>ex</span> <span class='ocrx_word' id='word_1_750' title='bbox 1711 2059 1789 2091; x_wconf 82' lang='lat' dir='ltr'>aliis.</span> 
     </span>
    </p>

    <p class='ocr_par' dir='ltr' id='par_1_19' title="bbox 1399 2102 2472 2584">
     <span class='ocr_line' id='line_1_92' title="bbox 1399 2102 2471 2146; baseline 0.003 -12"><span class='ocrx_word' id='word_1_751' title='bbox 1399 2102 1545 2134; x_wconf 90' lang='lat' dir='ltr'>Omnino</span> <span class='ocrx_word' id='word_1_752' title='bbox 1565 2103 1652 2134; x_wconf 88' lang='lat' dir='ltr'>enim</span> <span class='ocrx_word' id='word_1_753' title='bbox 1666 2104 1756 2145; x_wconf 91' lang='lat' dir='ltr'>quod</span> <span class='ocrx_word' id='word_1_754' title='bbox 1772 2111 1930 2143; x_wconf 88' lang='lat' dir='ltr'>movetur,</span> <span class='ocrx_word' id='word_1_755' title='bbox 1942 2114 1978 2135; x_wconf 89' lang='lat' dir='ltr'>ex</span> <span class='ocrx_word' id='word_1_756' title='bbox 1997 2105 2139 2145; x_wconf 89' lang='lat' dir='ltr'>quodam</span> <span class='ocrx_word' id='word_1_757' title='bbox 2155 2105 2188 2135; x_wconf 92' lang='lat' dir='ltr'>in</span> <span class='ocrx_word' id='word_1_758' title='bbox 2204 2105 2357 2146; x_wconf 88' lang='lat' dir='ltr'>quiddam</span> <span class='ocrx_word' id='word_1_759' title='bbox 2373 2113 2471 2137; x_wconf 86' lang='lat' dir='ltr'>trans-</span> 
     </span>
     <span class='ocr_line' id='line_1_93' title="bbox 1466 2148 2472 2190; baseline 0.004 -12"><span class='ocrx_word' id='word_1_760' title='bbox 1466 2153 1622 2178; x_wconf 85' lang='lat' dir='ltr'>mutatur:</span> <span class='ocrx_word' id='word_1_761' title='bbox 1647 2155 1679 2178; x_wconf 92' lang='lat' dir='ltr'>et</span> <span class='ocrx_word' id='word_1_762' title='bbox 1700 2148 1779 2178; x_wconf 85' lang='lat' dir='ltr'>haec</span> <span class='ocrx_word' id='word_1_763' title='bbox 1809 2158 1847 2178; x_wconf 88' lang='lat' dir='ltr'>ex</span> <span class='ocrx_word' id='word_1_764' title='bbox 1870 2158 1937 2190; x_wconf 89' lang='lat' dir='ltr'>quo</span> <span class='ocrx_word' id='word_1_765' title='bbox 1956 2155 1986 2179; x_wconf 90' lang='lat' dir='ltr'>et</span> <span class='ocrx_word' id='word_1_766' title='bbox 2008 2149 2042 2179; x_wconf 88' lang='lat' dir='ltr'>in</span> <span class='ocrx_word' id='word_1_767' title='bbox 2066 2149 2156 2189; x_wconf 92' lang='lat' dir='ltr'>quod</span> <span class='ocrx_word' id='word_1_768' title='bbox 2186 2150 2288 2190; x_wconf 89' lang='lat' dir='ltr'>specie</span> <span class='ocrx_word' id='word_1_769' title='bbox 2313 2150 2472 2182; x_wconf 85' lang='lat' dir='ltr'>differunt.</span> 
     </span>
     <span class='ocr_line' id='line_1_94' title="bbox 1466 2191 2469 2235; baseline 0.005 -14"><span class='ocrx_word' id='word_1_770' title='bbox 1466 2191 1582 2222; x_wconf 90' lang='lat' dir='ltr'>Omnis</span> <span class='ocrx_word' id='word_1_771' title='bbox 1606 2191 1692 2222; x_wconf 90' lang='lat' dir='ltr'>enim</span> <span class='ocrx_word' id='word_1_772' title='bbox 1706 2191 1794 2223; x_wconf 89' lang='lat' dir='ltr'>finita</span> <span class='ocrx_word' id='word_1_773' title='bbox 1808 2193 2030 2226; x_wconf 84' lang='lat' dir='ltr'>transmutatio</span> <span class='ocrx_word' id='word_1_774' title='bbox 2048 2200 2108 2224; x_wconf 85' lang='lat' dir='ltr'>est:</span> <span class='ocrx_word' id='word_1_775' title='bbox 2132 2200 2210 2233; x_wconf 81' lang='lat' dir='ltr'>puta</span> <span class='ocrx_word' id='word_1_776' title='bbox 2226 2195 2314 2234; x_wconf 91' lang='lat' dir='ltr'>quod</span> <span class='ocrx_word' id='word_1_777' title='bbox 2331 2202 2469 2235; x_wconf 84' lang='lat' dir='ltr'>sanatur,</span> 
     </span>
     <span class='ocr_line' id='line_1_95' title="bbox 1466 2234 2471 2278; baseline 0.005 -13"><span class='ocrx_word' id='word_1_778' title='bbox 1466 2245 1504 2266; x_wconf 86' lang='lat' dir='ltr'>ex</span> <span class='ocrx_word' id='word_1_779' title='bbox 1531 2234 1712 2267; x_wconf 88' lang='lat' dir='ltr'>infirmitate</span> <span class='ocrx_word' id='word_1_780' title='bbox 1734 2236 1768 2266; x_wconf 93' lang='lat' dir='ltr'>in</span> <span class='ocrx_word' id='word_1_781' title='bbox 1791 2237 1976 2275; x_wconf 86' lang='lat' dir='ltr'>sanitatem,</span> <span class='ocrx_word' id='word_1_782' title='bbox 2001 2243 2031 2267; x_wconf 93' lang='lat' dir='ltr'>et</span> <span class='ocrx_word' id='word_1_783' title='bbox 2060 2238 2150 2278; x_wconf 91' lang='lat' dir='ltr'>quod</span> <span class='ocrx_word' id='word_1_784' title='bbox 2173 2245 2410 2278; x_wconf 84' lang='lat' dir='ltr'>augmentatur,</span> <span class='ocrx_word' id='word_1_785' title='bbox 2434 2250 2471 2270; x_wconf 84' lang='lat' dir='ltr'>ex</span> 
     </span>
     <span class='ocr_line' id='line_1_96' title="bbox 1465 2279 2470 2322; baseline 0.005 -13"><span class='ocrx_word' id='word_1_786' title='bbox 1465 2279 1617 2319; x_wconf 87' lang='lat' dir='ltr'>parvitate</span> <span class='ocrx_word' id='word_1_787' title='bbox 1631 2279 1664 2309; x_wconf 92' lang='lat' dir='ltr'>in</span> <span class='ocrx_word' id='word_1_788' title='bbox 1683 2279 1947 2320; x_wconf 86' lang='lat' dir='ltr'>magnitudinem.</span> <span class='ocrx_word' id='word_1_789' title='bbox 1960 2281 2001 2311; x_wconf 91' lang='lat' dir='ltr'>Et</span> <span class='ocrx_word' id='word_1_790' title='bbox 2013 2281 2102 2322; x_wconf 93' lang='lat' dir='ltr'>quod</span> <span class='ocrx_word' id='word_1_791' title='bbox 2113 2281 2210 2312; x_wconf 87' lang='lat' dir='ltr'>fertur</span> <span class='ocrx_word' id='word_1_792' title='bbox 2228 2282 2338 2322; x_wconf 90' lang='lat' dir='ltr'>igitur:</span> <span class='ocrx_word' id='word_1_793' title='bbox 2353 2283 2470 2314; x_wconf 91' lang='lat' dir='ltr'>etenim</span> 
     </span>
     <span class='ocr_line' id='line_1_97' title="bbox 1466 2322 2469 2368; baseline 0.006 -15"><span class='ocrx_word' id='word_1_794' title='bbox 1466 2323 1528 2354; x_wconf 89' lang='lat' dir='ltr'>hoc</span> <span class='ocrx_word' id='word_1_795' title='bbox 1550 2322 1587 2353; x_wconf 90' lang='lat' dir='ltr'>fit</span> <span class='ocrx_word' id='word_1_796' title='bbox 1605 2324 1691 2354; x_wconf 90' lang='lat' dir='ltr'>unde</span> <span class='ocrx_word' id='word_1_797' title='bbox 1714 2333 1790 2364; x_wconf 89' lang='lat' dir='ltr'>quo.</span> <span class='ocrx_word' id='word_1_798' title='bbox 1809 2324 1946 2364; x_wconf 87' lang='lat' dir='ltr'>Oportet</span> <span class='ocrx_word' id='word_1_799' title='bbox 1967 2324 2062 2365; x_wconf 89' lang='lat' dir='ltr'>igitur</span> <span class='ocrx_word' id='word_1_800' title='bbox 2080 2325 2183 2365; x_wconf 91' lang='lat' dir='ltr'>specie</span> <span class='ocrx_word' id='word_1_801' title='bbox 2203 2325 2322 2357; x_wconf 86' lang='lat' dir='ltr'>differre</span> <span class='ocrx_word' id='word_1_802' title='bbox 2347 2337 2384 2357; x_wconf 86' lang='lat' dir='ltr'>ex</span> <span class='ocrx_word' id='word_1_803' title='bbox 2402 2338 2469 2368; x_wconf 91' lang='lat' dir='ltr'>quo</span> 
     </span>
     <span class='ocr_line' id='line_1_98' title="bbox 1465 2367 2469 2411; baseline 0.005 -14"><span class='ocrx_word' id='word_1_804' title='bbox 1465 2373 1496 2398; x_wconf 92' lang='lat' dir='ltr'>et</span> <span class='ocrx_word' id='word_1_805' title='bbox 1518 2367 1552 2397; x_wconf 90' lang='lat' dir='ltr'>in</span> <span class='ocrx_word' id='word_1_806' title='bbox 1575 2368 1665 2408; x_wconf 93' lang='lat' dir='ltr'>quod</span> <span class='ocrx_word' id='word_1_807' title='bbox 1688 2374 1871 2400; x_wconf 79' lang='lat' dir='ltr'>natumest</span> <span class='ocrx_word' id='word_1_808' title='bbox 1893 2368 1982 2407; x_wconf 88' lang='lat' dir='ltr'>serri;</span> <span class='ocrx_word' id='word_1_809' title='bbox 2006 2369 2283 2409; x_wconf 89' lang='lat' dir='ltr'>quemadmodum</span> <span class='ocrx_word' id='word_1_810' title='bbox 2315 2371 2404 2411; x_wconf 92' lang='lat' dir='ltr'>quod</span> <span class='ocrx_word' id='word_1_811' title='bbox 2420 2382 2469 2402; x_wconf 91' lang='lat' dir='ltr'>sa-</span> 
     </span>
     <span class='ocr_line' id='line_1_99' title="bbox 1465 2412 2469 2453; baseline 0.004 -11"><span class='ocrx_word' id='word_1_812' title='bbox 1465 2418 1575 2450; x_wconf 86' lang='lat' dir='ltr'>natur,</span> <span class='ocrx_word' id='word_1_813' title='bbox 1599 2421 1666 2442; x_wconf 90' lang='lat' dir='ltr'>non</span> <span class='ocrx_word' id='word_1_814' title='bbox 1690 2412 1744 2442; x_wconf 95' lang='lat' dir='ltr'>ubi</span> <span class='ocrx_word' id='word_1_815' title='bbox 1769 2412 1943 2452; x_wconf 86' lang='lat' dir='ltr'>contingit,</span> <span class='ocrx_word' id='word_1_816' title='bbox 1967 2422 2072 2453; x_wconf 90' lang='lat' dir='ltr'>neque</span> <span class='ocrx_word' id='word_1_817' title='bbox 2094 2413 2150 2444; x_wconf 91' lang='lat' dir='ltr'>ubi</span> <span class='ocrx_word' id='word_1_818' title='bbox 2168 2414 2237 2444; x_wconf 90' lang='lat' dir='ltr'>vult</span> <span class='ocrx_word' id='word_1_819' title='bbox 2259 2424 2402 2445; x_wconf 89' lang='lat' dir='ltr'>movens.</span> <span class='ocrx_word' id='word_1_820' title='bbox 2427 2416 2469 2446; x_wconf 91' lang='lat' dir='ltr'>Et</span> 
     </span>
     <span class='ocr_line' id='line_1_100' title="bbox 1463 2455 2467 2498; baseline 0.004 -12"><span class='ocrx_word' id='word_1_821' title='bbox 1463 2455 1545 2496; x_wconf 88' lang='lat' dir='ltr'>ignis</span> <span class='ocrx_word' id='word_1_822' title='bbox 1568 2455 1664 2495; x_wconf 88' lang='lat' dir='ltr'>igitur</span> <span class='ocrx_word' id='word_1_823' title='bbox 1686 2462 1717 2487; x_wconf 94' lang='lat' dir='ltr'>et</span> <span class='ocrx_word' id='word_1_824' title='bbox 1739 2463 1820 2487; x_wconf 87' lang='lat' dir='ltr'>terra</span> <span class='ocrx_word' id='word_1_825' title='bbox 1843 2466 1910 2487; x_wconf 91' lang='lat' dir='ltr'>non</span> <span class='ocrx_word' id='word_1_826' title='bbox 1933 2457 1974 2487; x_wconf 88' lang='lat' dir='ltr'>ad</span> <span class='ocrx_word' id='word_1_827' title='bbox 1995 2456 2156 2488; x_wconf 87' lang='lat' dir='ltr'>infinitum</span> <span class='ocrx_word' id='word_1_828' title='bbox 2179 2458 2340 2498; x_wconf 83' lang='lat' dir='ltr'>feruntur,</span> <span class='ocrx_word' id='word_1_829' title='bbox 2364 2459 2420 2490; x_wconf 91' lang='lat' dir='ltr'>sed</span> <span class='ocrx_word' id='word_1_830' title='bbox 2434 2459 2467 2490; x_wconf 94' lang='lat' dir='ltr'>in</span> 
     </span>
     <span class='ocr_line' id='line_1_101' title="bbox 1465 2499 2468 2540; baseline 0.004 -10"><span class='ocrx_word' id='word_1_831' title='bbox 1465 2499 1623 2540; x_wconf 88' lang='lat' dir='ltr'>opposita.</span> <span class='ocrx_word' id='word_1_832' title='bbox 1649 2499 1835 2540; x_wconf 89' lang='lat' dir='ltr'>Opponitur</span> <span class='ocrx_word' id='word_1_833' title='bbox 1862 2507 1970 2532; x_wconf 86' lang='lat' dir='ltr'>autem</span> <span class='ocrx_word' id='word_1_834' title='bbox 2001 2502 2178 2532; x_wconf 90' lang='lat' dir='ltr'>secundum</span> <span class='ocrx_word' id='word_1_835' title='bbox 2207 2503 2317 2533; x_wconf 91' lang='lat' dir='ltr'>locum</span> <span class='ocrx_word' id='word_1_836' title='bbox 2340 2513 2468 2534; x_wconf 89' lang='lat' dir='ltr'>sursum</span> 
     </span>
     <span class='ocr_line' id='line_1_102' title="bbox 1464 2543 2428 2584; baseline 0.005 -11"><span class='ocrx_word' id='word_1_837' title='bbox 1464 2543 1493 2574; x_wconf 90' lang='lat' dir='ltr'>ei</span> <span class='ocrx_word' id='word_1_838' title='bbox 1516 2544 1605 2584; x_wconf 92' lang='lat' dir='ltr'>quod</span> <span class='ocrx_word' id='word_1_839' title='bbox 1629 2544 1790 2575; x_wconf 89' lang='lat' dir='ltr'>deorsum.</span> <span class='ocrx_word' id='word_1_840' title='bbox 1815 2545 1922 2582; x_wconf 90' lang='lat' dir='ltr'>Quare</span> <span class='ocrx_word' id='word_1_841' title='bbox 1945 2545 2004 2575; x_wconf 92' lang='lat' dir='ltr'>ista</span> <span class='ocrx_word' id='word_1_842' title='bbox 2027 2552 2120 2576; x_wconf 90' lang='lat' dir='ltr'>erunt</span> <span class='ocrx_word' id='word_1_843' title='bbox 2142 2546 2268 2576; x_wconf 87' lang='lat' dir='ltr'>termini</span> <span class='ocrx_word' id='word_1_844' title='bbox 2290 2547 2428 2578; x_wconf 89' lang='lat' dir='ltr'>lationis.</span> 
     </span>
    </p>

    <p class='ocr_par' dir='ltr' id='par_1_20' title="bbox 1395 2584 2466 2806">
     <span class='ocr_line' id='line_1_103' title="bbox 1395 2584 2466 2632; baseline 0.005 -15"><span class='ocrx_word' id='word_1_845' title='bbox 1395 2584 1411 2601; x_wconf 80' lang='grc'>*</span> <span class='ocrx_word' id='word_1_846' title='bbox 1428 2586 1594 2624; x_wconf 86' lang='lat' dir='ltr'>Quoniam</span> <span class='ocrx_word' id='word_1_847' title='bbox 1616 2594 1724 2619; x_wconf 83' lang='lat' dir='ltr'>autem</span> <span class='ocrx_word' id='word_1_848' title='bbox 1743 2595 1774 2619; x_wconf 91' lang='lat' dir='ltr'>et</span> <span class='ocrx_word' id='word_1_849' title='bbox 1796 2589 1852 2629; x_wconf 92' lang='lat' dir='ltr'>qui</span> <span class='ocrx_word' id='word_1_850' title='bbox 1875 2588 1908 2619; x_wconf 90' lang='lat' dir='ltr'>in</span> <span class='ocrx_word' id='word_1_851' title='bbox 1932 2589 2063 2620; x_wconf 89' lang='lat' dir='ltr'>circuitu</span> <span class='ocrx_word' id='word_1_852' title='bbox 2094 2589 2188 2621; x_wconf 91' lang='lat' dir='ltr'>habet</span> <span class='ocrx_word' id='word_1_853' title='bbox 2211 2591 2386 2631; x_wconf 77' lang='lat' dir='ltr'>aliqualiter</span> <span class='ocrx_word' id='word_1_854' title='bbox 2409 2602 2466 2632; x_wconf 92' lang='lat' dir='ltr'>op-</span> 
     </span>
     <span class='ocr_line' id='line_1_104' title="bbox 1463 2631 2466 2673; baseline 0.004 -11"><span class='ocrx_word' id='word_1_855' title='bbox 1463 2631 1567 2672; x_wconf 90' lang='lat' dir='ltr'>posita</span> <span class='ocrx_word' id='word_1_856' title='bbox 1591 2641 1627 2662; x_wconf 91' lang='lat' dir='ltr'>ea</span> <span class='ocrx_word' id='word_1_857' title='bbox 1650 2642 1732 2673; x_wconf 91' lang='lat' dir='ltr'>quae</span> <span class='ocrx_word' id='word_1_858' title='bbox 1755 2633 1933 2663; x_wconf 87' lang='lat' dir='ltr'>secundum</span> <span class='ocrx_word' id='word_1_859' title='bbox 1956 2633 2164 2664; x_wconf 90' lang='lat' dir='ltr'>diametrum:</span> <span class='ocrx_word' id='word_1_860' title='bbox 2188 2635 2246 2665; x_wconf 89' lang='lat' dir='ltr'>toti</span> <span class='ocrx_word' id='word_1_861' title='bbox 2270 2641 2377 2665; x_wconf 87' lang='lat' dir='ltr'>autern</span> <span class='ocrx_word' id='word_1_862' title='bbox 2399 2646 2466 2666; x_wconf 91' lang='lat' dir='ltr'>non</span> 
     </span>
     <span class='ocr_line' id='line_1_105' title="bbox 1464 2676 2465 2721; baseline 0.005 -15"><span class='ocrx_word' id='word_1_863' title='bbox 1464 2683 1511 2707; x_wconf 91' lang='lat' dir='ltr'>est</span> <span class='ocrx_word' id='word_1_864' title='bbox 1529 2676 1723 2707; x_wconf 83' lang='lat' dir='ltr'>contrarium</span> <span class='ocrx_word' id='word_1_865' title='bbox 1741 2686 1846 2718; x_wconf 91' lang='lat' dir='ltr'>neque</span> <span class='ocrx_word' id='word_1_866' title='bbox 1865 2687 1978 2708; x_wconf 91' lang='lat' dir='ltr'>unum.</span> <span class='ocrx_word' id='word_1_867' title='bbox 1998 2678 2105 2715; x_wconf 88' lang='lat' dir='ltr'>Quare</span> <span class='ocrx_word' id='word_1_868' title='bbox 2128 2685 2159 2709; x_wconf 90' lang='lat' dir='ltr'>et</span> <span class='ocrx_word' id='word_1_869' title='bbox 2176 2678 2225 2709; x_wconf 90' lang='lat' dir='ltr'>his</span> <span class='ocrx_word' id='word_1_870' title='bbox 2241 2679 2340 2709; x_wconf 88' lang='lat' dir='ltr'>modo</span> <span class='ocrx_word' id='word_1_871' title='bbox 2357 2679 2465 2721; x_wconf 91' lang='lat' dir='ltr'>aliquo</span> 
     </span>
     <span class='ocr_line' id='line_1_106' title="bbox 1462 2720 2464 2762; baseline 0.005 -12"><span class='ocrx_word' id='word_1_872' title='bbox 1462 2727 1572 2751; x_wconf 84' lang='lat' dir='ltr'>motus</span> <span class='ocrx_word' id='word_1_873' title='bbox 1594 2720 1628 2750; x_wconf 90' lang='lat' dir='ltr'>in</span> <span class='ocrx_word' id='word_1_874' title='bbox 1651 2721 1800 2762; x_wconf 83' lang='lat' dir='ltr'>opposita</span> <span class='ocrx_word' id='word_1_875' title='bbox 1815 2728 1846 2752; x_wconf 89' lang='lat' dir='ltr'>et</span> <span class='ocrx_word' id='word_1_876' title='bbox 1868 2720 1965 2753; x_wconf 85' lang='lat' dir='ltr'>finita.</span> <span class='ocrx_word' id='word_1_877' title='bbox 1989 2722 2123 2753; x_wconf 89' lang='lat' dir='ltr'>Necesse</span> <span class='ocrx_word' id='word_1_878' title='bbox 2145 2722 2240 2762; x_wconf 91' lang='lat' dir='ltr'>igitur</span> <span class='ocrx_word' id='word_1_879' title='bbox 2256 2730 2302 2754; x_wconf 91' lang='lat' dir='ltr'>est</span> <span class='ocrx_word' id='word_1_880' title='bbox 2325 2733 2391 2754; x_wconf 92' lang='lat' dir='ltr'>esse</span> <span class='ocrx_word' id='word_1_881' title='bbox 2410 2724 2464 2755; x_wconf 87' lang='lat' dir='ltr'>ali-</span> 
     </span>
     <span class='ocr_line' id='line_1_107' title="bbox 1462 2763 2183 2806; baseline 0.003 -11"><span class='ocrx_word' id='word_1_882' title='bbox 1462 2775 1561 2806; x_wconf 91' lang='lat' dir='ltr'>quem</span> <span class='ocrx_word' id='word_1_883' title='bbox 1583 2763 1692 2804; x_wconf 89' lang='lat' dir='ltr'>finem,</span> <span class='ocrx_word' id='word_1_884' title='bbox 1716 2772 1748 2796; x_wconf 88' lang='lat' dir='ltr'>et</span> <span class='ocrx_word' id='word_1_885' title='bbox 1770 2775 1837 2796; x_wconf 92' lang='lat' dir='ltr'>non</span> <span class='ocrx_word' id='word_1_886' title='bbox 1859 2766 1893 2796; x_wconf 90' lang='lat' dir='ltr'>in</span> <span class='ocrx_word' id='word_1_887' title='bbox 1916 2765 2078 2797; x_wconf 91' lang='lat' dir='ltr'>infinitum</span> <span class='ocrx_word' id='word_1_888' title='bbox 2100 2766 2183 2798; x_wconf 85' lang='lat' dir='ltr'>ferri.</span> 
     </span>
    </p>

    <p class='ocr_par' dir='ltr' id='par_1_21' title="bbox 1393 2809 2464 3160">
     <span class='ocr_line' id='line_1_108' title="bbox 1393 2809 2462 2851; baseline 0.003 -12"><span class='ocrx_word' id='word_1_889' title='bbox 1393 2809 1659 2850; x_wconf 84' lang='lat' dir='ltr'>*Argumentum</span> <span class='ocrx_word' id='word_1_890' title='bbox 1674 2816 1782 2840; x_wconf 88' lang='lat' dir='ltr'>autem</span> <span class='ocrx_word' id='word_1_891' title='bbox 1806 2817 1852 2841; x_wconf 91' lang='lat' dir='ltr'>est</span> <span class='ocrx_word' id='word_1_892' title='bbox 1867 2810 1935 2841; x_wconf 91' lang='lat' dir='ltr'>eius</span> <span class='ocrx_word' id='word_1_893' title='bbox 1959 2811 2048 2851; x_wconf 93' lang='lat' dir='ltr'>quod</span> <span class='ocrx_word' id='word_1_894' title='bbox 2067 2820 2133 2841; x_wconf 90' lang='lat' dir='ltr'>non</span> <span class='ocrx_word' id='word_1_895' title='bbox 2152 2811 2185 2841; x_wconf 92' lang='lat' dir='ltr'>in</span> <span class='ocrx_word' id='word_1_896' title='bbox 2208 2810 2368 2842; x_wconf 90' lang='lat' dir='ltr'>infinitum</span> <span class='ocrx_word' id='word_1_897' title='bbox 2381 2811 2462 2851; x_wconf 88' lang='lat' dir='ltr'>ferri,</span> 
     </span>
     <span class='ocr_line' id='line_1_109' title="bbox 1462 2853 2462 2896; baseline 0.002 -12"><span class='ocrx_word' id='word_1_898' title='bbox 1462 2860 1492 2884; x_wconf 92' lang='lat' dir='ltr'>et</span> <span class='ocrx_word' id='word_1_899' title='bbox 1507 2860 1623 2884; x_wconf 91' lang='lat' dir='ltr'>terram</span> <span class='ocrx_word' id='word_1_900' title='bbox 1639 2853 1781 2894; x_wconf 92' lang='lat' dir='ltr'>quidem,</span> <span class='ocrx_word' id='word_1_901' title='bbox 1798 2861 1919 2895; x_wconf 90' lang='lat' dir='ltr'>quanto</span> <span class='ocrx_word' id='word_1_902' title='bbox 1936 2854 2046 2896; x_wconf 87' lang='lat' dir='ltr'>utique</span> <span class='ocrx_word' id='word_1_903' title='bbox 2061 2855 2274 2896; x_wconf 91' lang='lat' dir='ltr'>propinquior</span> <span class='ocrx_word' id='word_1_904' title='bbox 2286 2855 2322 2886; x_wconf 91' lang='lat' dir='ltr'>fit</span> <span class='ocrx_word' id='word_1_905' title='bbox 2344 2856 2462 2896; x_wconf 89' lang='lat' dir='ltr'>medio,</span> 
     </span>
     <span class='ocr_line' id='line_1_110' title="bbox 1461 2896 2464 2940; baseline 0.002 -12"><span class='ocrx_word' id='word_1_906' title='bbox 1461 2897 1602 2928; x_wconf 89' lang='lat' dir='ltr'>velocius</span> <span class='ocrx_word' id='word_1_907' title='bbox 1625 2897 1708 2936; x_wconf 86' lang='lat' dir='ltr'>ferri,</span> <span class='ocrx_word' id='word_1_908' title='bbox 1732 2898 1839 2938; x_wconf 87' lang='lat' dir='ltr'>ignem</span> <span class='ocrx_word' id='word_1_909' title='bbox 1863 2905 1971 2929; x_wconf 90' lang='lat' dir='ltr'>autem</span> <span class='ocrx_word' id='word_1_910' title='bbox 1993 2906 2114 2940; x_wconf 88' lang='lat' dir='ltr'>quanto</span> <span class='ocrx_word' id='word_1_911' title='bbox 2131 2899 2241 2940; x_wconf 88' lang='lat' dir='ltr'>utique</span> <span class='ocrx_word' id='word_1_912' title='bbox 2261 2899 2288 2930; x_wconf 91' lang='lat' dir='ltr'>ei</span> <span class='ocrx_word' id='word_1_913' title='bbox 2312 2896 2401 2940; x_wconf 82' lang='lat' dir='ltr'>quod</span> <span class='ocrx_word' id='word_1_914' title='bbox 2417 2907 2464 2931; x_wconf 91' lang='lat' dir='ltr'>est</span> 
     </span>
     <span class='ocr_line' id='line_1_111' title="bbox 1461 2942 2462 2982; baseline 0.002 -10"><span class='ocrx_word' id='word_1_915' title='bbox 1461 2952 1599 2973; x_wconf 90' lang='lat' dir='ltr'>sursum.</span> <span class='ocrx_word' id='word_1_916' title='bbox 1624 2942 1657 2973; x_wconf 92' lang='lat' dir='ltr'>Si</span> <span class='ocrx_word' id='word_1_917' title='bbox 1681 2949 1788 2973; x_wconf 81' lang='lat' dir='ltr'>autem</span> <span class='ocrx_word' id='word_1_918' title='bbox 1806 2942 1966 2974; x_wconf 86' lang='lat' dir='ltr'>infinitum</span> <span class='ocrx_word' id='word_1_919' title='bbox 1986 2950 2076 2982; x_wconf 88' lang='lat' dir='ltr'>esset,</span> <span class='ocrx_word' id='word_1_920' title='bbox 2100 2943 2223 2974; x_wconf 88' lang='lat' dir='ltr'>infinita</span> <span class='ocrx_word' id='word_1_921' title='bbox 2246 2943 2404 2975; x_wconf 89' lang='lat' dir='ltr'>velocitas.</span> <span class='ocrx_word' id='word_1_922' title='bbox 2429 2944 2462 2975; x_wconf 92' lang='lat' dir='ltr'>Si</span> 
     </span>
     <span class='ocr_line' id='line_1_112' title="bbox 1461 2986 2462 3027; baseline 0.001 -10"><span class='ocrx_word' id='word_1_923' title='bbox 1461 2993 1569 3017; x_wconf 88' lang='lat' dir='ltr'>autem</span> <span class='ocrx_word' id='word_1_924' title='bbox 1601 2986 1766 3025; x_wconf 87' lang='lat' dir='ltr'>velocitas,</span> <span class='ocrx_word' id='word_1_925' title='bbox 1795 2994 1826 3018; x_wconf 90' lang='lat' dir='ltr'>et</span> <span class='ocrx_word' id='word_1_926' title='bbox 1848 2987 1981 3027; x_wconf 86' lang='lat' dir='ltr'>gravitas</span> <span class='ocrx_word' id='word_1_927' title='bbox 2005 2994 2035 3018; x_wconf 92' lang='lat' dir='ltr'>et</span> <span class='ocrx_word' id='word_1_928' title='bbox 2069 2987 2188 3018; x_wconf 87' lang='lat' dir='ltr'>levitas.</span> <span class='ocrx_word' id='word_1_929' title='bbox 2223 2988 2266 3018; x_wconf 91' lang='lat' dir='ltr'>Ut</span> <span class='ocrx_word' id='word_1_930' title='bbox 2289 2987 2374 3018; x_wconf 88' lang='lat' dir='ltr'>enim</span> <span class='ocrx_word' id='word_1_931' title='bbox 2396 2998 2462 3018; x_wconf 88' lang='lat' dir='ltr'>am-</span> 
     </span>
     <span class='ocr_line' id='line_1_113' title="bbox 1461 3030 2462 3072; baseline 0.001 -11"><span class='ocrx_word' id='word_1_932' title='bbox 1461 3030 1546 3071; x_wconf 90' lang='lat' dir='ltr'>plius</span> <span class='ocrx_word' id='word_1_933' title='bbox 1579 3031 1787 3062; x_wconf 89' lang='lat' dir='ltr'>descendente</span> <span class='ocrx_word' id='word_1_934' title='bbox 1819 3031 1982 3062; x_wconf 88' lang='lat' dir='ltr'>velocitate</span> <span class='ocrx_word' id='word_1_935' title='bbox 2009 3031 2143 3062; x_wconf 92' lang='lat' dir='ltr'>alterum</span> <span class='ocrx_word' id='word_1_936' title='bbox 2173 3031 2321 3071; x_wconf 90' lang='lat' dir='ltr'>gravitate</span> <span class='ocrx_word' id='word_1_937' title='bbox 2351 3032 2462 3072; x_wconf 91' lang='lat' dir='ltr'>utique</span> 
     </span>
     <span class='ocr_line' id='line_1_114' title="bbox 1461 3074 2462 3115; baseline 0.002 -10"><span class='ocrx_word' id='word_1_938' title='bbox 1461 3082 1526 3105; x_wconf 90' lang='lat' dir='ltr'>erat</span> <span class='ocrx_word' id='word_1_939' title='bbox 1547 3075 1649 3113; x_wconf 79' lang='lat' dir='ltr'>velox,</span> <span class='ocrx_word' id='word_1_940' title='bbox 1674 3075 1729 3112; x_wconf 89' lang='lat' dir='ltr'>sic,</span> <span class='ocrx_word' id='word_1_941' title='bbox 1753 3075 1778 3106; x_wconf 88' lang='lat' dir='ltr'>si</span> <span class='ocrx_word' id='word_1_942' title='bbox 1801 3074 1923 3106; x_wconf 89' lang='lat' dir='ltr'>infinita</span> <span class='ocrx_word' id='word_1_943' title='bbox 1946 3082 2010 3106; x_wconf 89' lang='lat' dir='ltr'>erat</span> <span class='ocrx_word' id='word_1_944' title='bbox 2032 3075 2126 3105; x_wconf 89' lang='lat' dir='ltr'>huius</span> <span class='ocrx_word' id='word_1_945' title='bbox 2150 3075 2279 3115; x_wconf 90' lang='lat' dir='ltr'>additio,</span> <span class='ocrx_word' id='word_1_946' title='bbox 2295 3082 2326 3106; x_wconf 92' lang='lat' dir='ltr'>et</span> <span class='ocrx_word' id='word_1_947' title='bbox 2347 3075 2462 3107; x_wconf 90' lang='lat' dir='ltr'>veloci-</span> 
     </span>
     <span class='ocr_line' id='line_1_115' title="bbox 1461 3119 2068 3160; baseline -0.003 -9"><span class='ocrx_word' id='word_1_948' title='bbox 1461 3119 1532 3151; x_wconf 90' lang='lat' dir='ltr'>tatis</span> <span class='ocrx_word' id='word_1_949' title='bbox 1555 3119 1675 3150; x_wconf 89' lang='lat' dir='ltr'>additio</span> <span class='ocrx_word' id='word_1_950' title='bbox 1698 3119 1821 3151; x_wconf 89' lang='lat' dir='ltr'>infinita</span> <span class='ocrx_word' id='word_1_951' title='bbox 1844 3119 1954 3160; x_wconf 89' lang='lat' dir='ltr'>utique</span> <span class='ocrx_word' id='word_1_952' title='bbox 1980 3126 2068 3149; x_wconf 86' lang='lat' dir='ltr'>esset.</span> 
     </span>
    </p>
   </div>
   <div class='ocr_carea' id='block_1_12' title="bbox 1393 3223 2460 3620">
    <p class='ocr_par' dir='ltr' id='par_1_22' title="bbox 1393 3223 2460 3620">
     <span class='ocr_line' id='line_1_116' title="bbox 1396 3223 2460 3262; baseline -0.002 -8"><span class='ocrx_word' id='word_1_953' title='bbox 1396 3225 1496 3254; x_wconf 90' lang='lat' dir='ltr'>omnia</span> <span class='ocrx_word' id='word_1_954' title='bbox 1515 3225 1612 3262; x_wconf 85' lang='lat' dir='ltr'>gravia</span> <span class='ocrx_word' id='word_1_955' title='bbox 1633 3225 1670 3253; x_wconf 92' lang='lat' dir='ltr'>ad</span> <span class='ocrx_word' id='word_1_956' title='bbox 1691 3225 1748 3253; x_wconf 90' lang='lat' dir='ltr'>hoc</span> <span class='ocrx_word' id='word_1_957' title='bbox 1768 3223 1905 3258; x_wconf 90' lang='lat' dir='ltr'>medium,</span> <span class='ocrx_word' id='word_1_958' title='bbox 1921 3230 1949 3251; x_wconf 86' lang='lat' dir='ltr'>et</span> <span class='ocrx_word' id='word_1_959' title='bbox 1962 3223 2062 3251; x_wconf 89' lang='lat' dir='ltr'>omnia</span> <span class='ocrx_word' id='word_1_960' title='bbox 2082 3223 2155 3251; x_wconf 93' lang='lat' dir='ltr'>levia</span> <span class='ocrx_word' id='word_1_961' title='bbox 2175 3224 2214 3252; x_wconf 85' lang='lat' dir='ltr'>ad</span> <span class='ocrx_word' id='word_1_962' title='bbox 2230 3223 2287 3251; x_wconf 93' lang='lat' dir='ltr'>hoc</span> <span class='ocrx_word' id='word_1_963' title='bbox 2301 3230 2460 3252; x_wconf 84' lang='lat' dir='ltr'>extremum</span> 
     </span>
     <span class='ocr_line' id='line_1_117' title="bbox 1396 3263 2459 3301; baseline -0.002 -7"><span class='ocrx_word' id='word_1_964' title='bbox 1396 3266 1481 3294; x_wconf 92' lang='lat' dir='ltr'>huius</span> <span class='ocrx_word' id='word_1_965' title='bbox 1509 3264 1620 3293; x_wconf 85' lang='lat' dir='ltr'>mundi.</span> <span class='ocrx_word' id='word_1_966' title='bbox 1651 3266 1693 3292; x_wconf 90' lang='lat' dir='ltr'>Ex</span> <span class='ocrx_word' id='word_1_967' title='bbox 1721 3273 1780 3301; x_wconf 92' lang='lat' dir='ltr'>quo</span> <span class='ocrx_word' id='word_1_968' title='bbox 1805 3263 1933 3300; x_wconf 84' lang='lat' dir='ltr'>sequitur</span> <span class='ocrx_word' id='word_1_969' title='bbox 1959 3272 2022 3291; x_wconf 90' lang='lat' dir='ltr'>esse</span> <span class='ocrx_word' id='word_1_970' title='bbox 2046 3272 2138 3291; x_wconf 92' lang='lat' dir='ltr'>unum</span> <span class='ocrx_word' id='word_1_971' title='bbox 2166 3264 2309 3291; x_wconf 90' lang='lat' dir='ltr'>mundum</span> <span class='ocrx_word' id='word_1_972' title='bbox 2332 3269 2459 3292; x_wconf 82' lang='lat' dir='ltr'>tantum-</span> 
     </span>
     <span class='ocr_line' id='line_1_118' title="bbox 1396 3303 2459 3339; baseline -0.002 -5"><span class='ocrx_word' id='word_1_973' title='bbox 1396 3306 1496 3334; x_wconf 90' lang='lat' dir='ltr'>modo.</span> <span class='ocrx_word' id='word_1_974' title='bbox 1510 3320 1530 3326; x_wconf 81' lang='lat'><em>-</em></span> <span class='ocrx_word' id='word_1_975' title='bbox 1546 3305 1572 3332; x_wconf 86' lang='lat'>3.</span> <span class='ocrx_word' id='word_1_976' title='bbox 1588 3304 1729 3332; x_wconf 91' lang='lat' dir='ltr'>Obiectio.</span> <span class='ocrx_word' id='word_1_977' title='bbox 1750 3303 1813 3331; x_wconf 90' lang='lat' dir='ltr'>Dici</span> <span class='ocrx_word' id='word_1_978' title='bbox 1834 3309 1930 3339; x_wconf 89' lang='lat' dir='ltr'>potest</span> <span class='ocrx_word' id='word_1_979' title='bbox 1950 3312 2074 3339; x_wconf 87' lang='lat' dir='ltr'>corpora</span> <span class='ocrx_word' id='word_1_980' title='bbox 2094 3303 2228 3331; x_wconf 89' lang='lat' dir='ltr'>habentia</span> <span class='ocrx_word' id='word_1_981' title='bbox 2249 3304 2373 3331; x_wconf 89' lang='lat' dir='ltr'>eundem</span> <span class='ocrx_word' id='word_1_982' title='bbox 2394 3313 2459 3332; x_wconf 87' lang='lat' dir='ltr'>mo-</span> 
     </span>
     <span class='ocr_line' id='line_1_119' title="bbox 1394 3342 2458 3379; baseline -0.003 -5"><span class='ocrx_word' id='word_1_983' title='bbox 1394 3352 1457 3374; x_wconf 90' lang='lat' dir='ltr'>tum</span> <span class='ocrx_word' id='word_1_984' title='bbox 1478 3345 1639 3373; x_wconf 84' lang='lat' dir='ltr'>naturalem</span> <span class='ocrx_word' id='word_1_985' title='bbox 1654 3343 1764 3372; x_wconf 89' lang='lat' dir='ltr'>moveri</span> <span class='ocrx_word' id='word_1_986' title='bbox 1778 3343 1816 3371; x_wconf 91' lang='lat' dir='ltr'>ad</span> <span class='ocrx_word' id='word_1_987' title='bbox 1829 3343 1895 3371; x_wconf 87' lang='lat' dir='ltr'>loca</span> <span class='ocrx_word' id='word_1_988' title='bbox 1909 3343 2011 3371; x_wconf 89' lang='lat' dir='ltr'>eadem</span> <span class='ocrx_word' id='word_1_989' title='bbox 2026 3342 2129 3379; x_wconf 84' lang='lat' dir='ltr'>speeie,</span> <span class='ocrx_word' id='word_1_990' title='bbox 2151 3343 2202 3370; x_wconf 89' lang='lat' dir='ltr'>sed</span> <span class='ocrx_word' id='word_1_991' title='bbox 2218 3343 2301 3379; x_wconf 91' lang='lat' dir='ltr'>plura</span> <span class='ocrx_word' id='word_1_992' title='bbox 2321 3352 2458 3371; x_wconf 85' lang='lat' dir='ltr'>numero:</span> 
     </span>
     <span class='ocr_line' id='line_1_120' title="bbox 1395 3382 2460 3419; baseline -0.003 -5"><span class='ocrx_word' id='word_1_993' title='bbox 1395 3386 1452 3414; x_wconf 87' lang='lat' dir='ltr'>hoc</span> <span class='ocrx_word' id='word_1_994' title='bbox 1466 3385 1543 3413; x_wconf 90' lang='lat' dir='ltr'>enim</span> <span class='ocrx_word' id='word_1_995' title='bbox 1559 3385 1653 3412; x_wconf 89' lang='lat' dir='ltr'>solum</span> <span class='ocrx_word' id='word_1_996' title='bbox 1671 3383 1783 3411; x_wconf 89' lang='lat' dir='ltr'>videtur</span> <span class='ocrx_word' id='word_1_997' title='bbox 1793 3382 1938 3419; x_wconf 90' lang='lat' dir='ltr'>requirere</span> <span class='ocrx_word' id='word_1_998' title='bbox 1952 3382 2047 3410; x_wconf 89' lang='lat' dir='ltr'>unitas</span> <span class='ocrx_word' id='word_1_999' title='bbox 2060 3388 2180 3410; x_wconf 86' lang='lat' dir='ltr'>naturae</span> <span class='ocrx_word' id='word_1_1000' title='bbox 2194 3384 2353 3419; x_wconf 87' lang='lat' dir='ltr'>corporum</span> <span class='ocrx_word' id='word_1_1001' title='bbox 2373 3383 2460 3411; x_wconf 91' lang='lat' dir='ltr'>unius</span> 
     </span>
     <span class='ocr_line' id='line_1_121' title="bbox 1395 3421 2459 3462; baseline -0.003 -8"><span class='ocrx_word' id='word_1_1002' title='bbox 1395 3425 1509 3462; x_wconf 89' lang='lat' dir='ltr'>speciei.</span> <span class='ocrx_word' id='word_1_1003' title='bbox 1523 3441 1541 3446; x_wconf 89' lang='lat'>-</span> <span class='ocrx_word' id='word_1_1004' title='bbox 1555 3434 1583 3459; x_wconf 92' lang='lat'>4.</span> <span class='ocrx_word' id='word_1_1005' title='bbox 1596 3422 1717 3451; x_wconf 88' lang='lat' dir='ltr'>Solutio.</span> <span class='ocrx_word' id='word_1_1006' title='bbox 1733 3423 1799 3450; x_wconf 89' lang='lat' dir='ltr'>Non</span> <span class='ocrx_word' id='word_1_1007' title='bbox 1813 3421 1926 3450; x_wconf 91' lang='lat' dir='ltr'>videtur</span> <span class='ocrx_word' id='word_1_1008' title='bbox 1938 3431 2026 3458; x_wconf 89' lang='lat' dir='ltr'>posse</span> <span class='ocrx_word' id='word_1_1009' title='bbox 2040 3422 2206 3459; x_wconf 88' lang='lat' dir='ltr'>contingere</span> <span class='ocrx_word' id='word_1_1010' title='bbox 2221 3423 2301 3458; x_wconf 93' lang='lat' dir='ltr'>quod</span> <span class='ocrx_word' id='word_1_1011' title='bbox 2315 3423 2459 3460; x_wconf 87' lang='lat' dir='ltr'>quaedam</span> 
     </span>
     <span class='ocr_line' id='line_1_122' title="bbox 1393 3461 2458 3502; baseline -0.004 -9"><span class='ocrx_word' id='word_1_1012' title='bbox 1393 3472 1488 3502; x_wconf 88' lang='lat' dir='ltr'>partes</span> <span class='ocrx_word' id='word_1_1013' title='bbox 1509 3469 1680 3492; x_wconf 87' lang='lat' dir='ltr'>moveantur</span> <span class='ocrx_word' id='word_1_1014' title='bbox 1699 3462 1738 3490; x_wconf 91' lang='lat' dir='ltr'>ad</span> <span class='ocrx_word' id='word_1_1015' title='bbox 1759 3462 1884 3490; x_wconf 90' lang='lat' dir='ltr'>eundem</span> <span class='ocrx_word' id='word_1_1016' title='bbox 1898 3462 1996 3490; x_wconf 89' lang='lat' dir='ltr'>locum</span> <span class='ocrx_word' id='word_1_1017' title='bbox 2017 3461 2111 3498; x_wconf 89' lang='lat' dir='ltr'>specie</span> <span class='ocrx_word' id='word_1_1018' title='bbox 2132 3468 2160 3489; x_wconf 90' lang='lat' dir='ltr'>et</span> <span class='ocrx_word' id='word_1_1019' title='bbox 2180 3471 2313 3497; x_wconf 84' lang='lat' dir='ltr'>numero,</span> <span class='ocrx_word' id='word_1_1020' title='bbox 2329 3468 2357 3490; x_wconf 90' lang='lat' dir='ltr'>et</span> <span class='ocrx_word' id='word_1_1021' title='bbox 2371 3471 2458 3498; x_wconf 86' lang='lat' dir='ltr'>quae-</span> 
     </span>
     <span class='ocr_line' id='line_1_123' title="bbox 1393 3501 2458 3539; baseline -0.004 -6"><span class='ocrx_word' id='word_1_1022' title='bbox 1393 3506 1462 3533; x_wconf 90' lang='lat' dir='ltr'>dam</span> <span class='ocrx_word' id='word_1_1023' title='bbox 1480 3505 1552 3533; x_wconf 89' lang='lat' dir='ltr'>aliae</span> <span class='ocrx_word' id='word_1_1024' title='bbox 1572 3502 1679 3531; x_wconf 88' lang='lat' dir='ltr'>similes</span> <span class='ocrx_word' id='word_1_1025' title='bbox 1700 3501 1794 3539; x_wconf 91' lang='lat' dir='ltr'>specie</span> <span class='ocrx_word' id='word_1_1026' title='bbox 1814 3502 1852 3529; x_wconf 91' lang='lat' dir='ltr'>ad</span> <span class='ocrx_word' id='word_1_1027' title='bbox 1873 3502 1998 3530; x_wconf 89' lang='lat' dir='ltr'>eundem</span> <span class='ocrx_word' id='word_1_1028' title='bbox 2019 3501 2117 3530; x_wconf 90' lang='lat' dir='ltr'>locum</span> <span class='ocrx_word' id='word_1_1029' title='bbox 2138 3501 2241 3538; x_wconf 90' lang='lat' dir='ltr'>specie,</span> <span class='ocrx_word' id='word_1_1030' title='bbox 2263 3502 2314 3529; x_wconf 89' lang='lat' dir='ltr'>sed</span> <span class='ocrx_word' id='word_1_1031' title='bbox 2335 3511 2458 3530; x_wconf 91' lang='lat' dir='ltr'>numero</span> 
     </span>
     <span class='ocr_line' id='line_1_124' title="bbox 1393 3541 2458 3578; baseline -0.004 -5"><span class='ocrx_word' id='word_1_1032' title='bbox 1393 3545 1580 3573; x_wconf 87' lang='lat' dir='ltr'>differentem.</span> <span class='ocrx_word' id='word_1_1033' title='bbox 1603 3543 1714 3570; x_wconf 85' lang='lat' dir='ltr'>Omnes</span> <span class='ocrx_word' id='word_1_1034' title='bbox 1735 3541 1813 3569; x_wconf 90' lang='lat' dir='ltr'>enim</span> <span class='ocrx_word' id='word_1_1035' title='bbox 1834 3547 1929 3578; x_wconf 90' lang='lat' dir='ltr'>partes</span> <span class='ocrx_word' id='word_1_1036' title='bbox 1949 3548 2019 3578; x_wconf 89' lang='lat' dir='ltr'>puta</span> <span class='ocrx_word' id='word_1_1037' title='bbox 2039 3547 2150 3577; x_wconf 87' lang='lat' dir='ltr'>terrae,</span> <span class='ocrx_word' id='word_1_1038' title='bbox 2172 3550 2246 3578; x_wconf 92' lang='lat' dir='ltr'>quae</span> <span class='ocrx_word' id='word_1_1039' title='bbox 2267 3548 2334 3569; x_wconf 89' lang='lat' dir='ltr'>sunt</span> <span class='ocrx_word' id='word_1_1040' title='bbox 2354 3541 2384 3569; x_wconf 91' lang='lat' dir='ltr'>in</span> <span class='ocrx_word' id='word_1_1041' title='bbox 2401 3541 2458 3569; x_wconf 88' lang='lat' dir='ltr'>hoc</span> 
     </span>
     <span class='ocr_line' id='line_1_125' title="bbox 1393 3581 2457 3620; baseline -0.004 -7"><span class='ocrx_word' id='word_1_1042' title='bbox 1393 3585 1513 3620; x_wconf 81' lang='lat' dir='ltr'>mundo,</span> <span class='ocrx_word' id='word_1_1043' title='bbox 1528 3582 1657 3611; x_wconf 88' lang='lat' dir='ltr'>similiter</span> <span class='ocrx_word' id='word_1_1044' title='bbox 1670 3591 1701 3610; x_wconf 90' lang='lat' dir='ltr'>se</span> <span class='ocrx_word' id='word_1_1045' title='bbox 1715 3581 1822 3610; x_wconf 90' lang='lat' dir='ltr'>habent</span> <span class='ocrx_word' id='word_1_1046' title='bbox 1842 3581 1916 3610; x_wconf 91' lang='lat' dir='ltr'>inter</span> <span class='ocrx_word' id='word_1_1047' title='bbox 1936 3590 1967 3610; x_wconf 89' lang='lat' dir='ltr'>se</span> <span class='ocrx_word' id='word_1_1048' title='bbox 1988 3588 2016 3610; x_wconf 92' lang='lat' dir='ltr'>et</span> <span class='ocrx_word' id='word_1_1049' title='bbox 2036 3590 2103 3610; x_wconf 85' lang='lat' dir='ltr'>cum</span> <span class='ocrx_word' id='word_1_1050' title='bbox 2123 3581 2251 3618; x_wconf 91' lang='lat' dir='ltr'>partibus</span> <span class='ocrx_word' id='word_1_1051' title='bbox 2271 3587 2362 3610; x_wconf 90' lang='lat' dir='ltr'>terrae</span> <span class='ocrx_word' id='word_1_1052' title='bbox 2383 3589 2457 3618; x_wconf 85' lang='lat' dir='ltr'>quae</span> 
     </span>
    </p>
   </div>
   <div class='ocr_carea' id='block_1_13' title="bbox 2495 870 2705 918">
    <p class='ocr_par' dir='ltr' id='par_1_23' title="bbox 2495 870 2705 918">
     <span class='ocr_line' id='line_1_126' title="bbox 2495 870 2705 918; baseline 0.005 -27"><span class='ocrx_word' id='word_1_1053' title='bbox 2495 870 2641 918; x_wconf 52' lang='lat' dir='ltr'>&#39;ngtspggap-</span> <span class='ocrx_word' id='word_1_1054' title='bbox 2655 876 2705 892; x_wconf 79' lang='lat' dir='ltr'>vni.</span> 
     </span>
    </p>
   </div>
   <div class='ocr_carea' id='block_1_14' title="bbox 2495 1265 2638 1294">
    <p class='ocr_par' dir='ltr' id='par_1_24' title="bbox 2495 1265 2638 1294">
     <span class='ocr_line' id='line_1_127' title="bbox 2495 1265 2638 1294; baseline -0.007 -6"><span class='ocrx_word' id='word_1_1055' title='bbox 2495 1268 2504 1277; x_wconf 86' lang='grc'>·</span> <span class='ocrx_word' id='word_1_1056' title='bbox 2519 1265 2588 1288; x_wconf 82' lang='lat' dir='ltr'>Text.</span> <span class='ocrx_word' id='word_1_1057' title='bbox 2603 1266 2638 1294; x_wconf 82' lang='lat'>83.</span> 
     </span>
    </p>
   </div>
   <div class='ocr_carea' id='block_1_15' title="bbox 2496 1484 2643 1511">
    <p class='ocr_par' dir='ltr' id='par_1_25' title="bbox 2496 1484 2643 1511">
     <span class='ocr_line' id='line_1_128' title="bbox 2496 1484 2643 1511; baseline 0 -5"><span class='ocrx_word' id='word_1_1058' title='bbox 2496 1485 2507 1496; x_wconf 77' lang='lat'>⁸</span> <span class='ocrx_word' id='word_1_1059' title='bbox 2522 1484 2589 1506; x_wconf 84' lang='lat' dir='ltr'>Text.</span> <span class='ocrx_word' id='word_1_1060' title='bbox 2605 1484 2643 1511; x_wconf 84' lang='lat'>84.</span> 
     </span>
    </p>
   </div>
   <div class='ocr_carea' id='block_1_16' title="bbox 2498 1797 2639 1825">
    <p class='ocr_par' dir='ltr' id='par_1_26' title="bbox 2498 1797 2639 1825">
     <span class='ocr_line' id='line_1_129' title="bbox 2498 1797 2639 1825; baseline -0.007 -6"><span class='ocrx_word' id='word_1_1061' title='bbox 2498 1799 2507 1807; x_wconf 85' lang='lat'>&#39;¹</span> <span class='ocrx_word' id='word_1_1062' title='bbox 2522 1797 2589 1819; x_wconf 87' lang='lat' dir='ltr'>Text.</span> <span class='ocrx_word' id='word_1_1063' title='bbox 2605 1798 2639 1825; x_wconf 89' lang='lat'>85.</span> 
     </span>
    </p>
   </div>
   <div class='ocr_carea' id='block_1_17' title="bbox 2499 2018 2643 2041">
    <p class='ocr_par' dir='ltr' id='par_1_27' title="bbox 2499 2018 2643 2041">
     <span class='ocr_line' id='line_1_130' title="bbox 2499 2018 2643 2041; baseline 0 -1"><span class='ocrx_word' id='word_1_1064' title='bbox 2499 2019 2507 2028; x_wconf 86' lang='grc'><em>·</em></span> <span class='ocrx_word' id='word_1_1065' title='bbox 2523 2018 2589 2041; x_wconf 83' lang='lat' dir='ltr'>Text.</span> <span class='ocrx_word' id='word_1_1066' title='bbox 2605 2018 2643 2040; x_wconf 84' lang='lat'>86.</span> 
     </span>
    </p>
   </div>
   <div class='ocr_carea' id='block_1_18' title="bbox 2494 2591 2637 2619">
    <p class='ocr_par' dir='ltr' id='par_1_28' title="bbox 2494 2591 2637 2619">
     <span class='ocr_line' id='line_1_131' title="bbox 2494 2591 2637 2619; baseline 0.007 -6"><span class='ocrx_word' id='word_1_1067' title='bbox 2494 2593 2503 2602; x_wconf 85' lang='lat'>&#39;¹</span> <span class='ocrx_word' id='word_1_1068' title='bbox 2518 2591 2585 2614; x_wconf 86' lang='lat' dir='ltr'>Text.</span> <span class='ocrx_word' id='word_1_1069' title='bbox 2601 2592 2637 2619; x_wconf 87' lang='lat'>87.</span> 
     </span>
    </p>
   </div>
   <div class='ocr_carea' id='block_1_19' title="bbox 2489 2811 2632 2833">
    <p class='ocr_par' dir='ltr' id='par_1_29' title="bbox 2489 2811 2632 2833">
     <span class='ocr_line' id='line_1_132' title="bbox 2489 2811 2632 2833; baseline 0.007 -1"><span class='ocrx_word' id='word_1_1070' title='bbox 2489 2812 2498 2821; x_wconf 82' lang='lat'>&#39;¹</span> <span class='ocrx_word' id='word_1_1071' title='bbox 2514 2811 2581 2833; x_wconf 87' lang='lat' dir='ltr'>Text.</span> <span class='ocrx_word' id='word_1_1072' title='bbox 2596 2811 2632 2833; x_wconf 89' lang='lat'>88.</span> 
     </span>
    </p>
   </div>
  </div>
 </body>
</html>
