2690 4062
1065 217 1178 254 CAP.
1208 218 1276 265 XI,
1307 218 1459 255 LECT.
1489 219 1560 255 XII

212 307 291 330 nam
306 294 459 328 homines
483 302 517 327 et
540 293 697 327 animalia
721 305 791 327 non
814 294 1027 327 reiterantur:
1052 306 1121 327 non
1137 295 1226 328 enim
1242 303 1291 328 est

214 350 348 374 necesse
363 347 395 372 te
414 339 574 382 generari,
599 339 626 371 si
645 346 737 382 pater
757 347 834 371 tuus
852 346 901 370 est
917 347 1112 381 generatus,
1137 338 1195 372 sed
1209 339 1237 371 si
1254 347 1288 372 tu

215 396 250 419 es
274 391 459 428 generatus,
482 393 617 415 necesse
642 390 691 415 est
707 391 833 426 patrem
851 391 947 414 tuum
964 391 1159 426 generatum
1178 382 1288 416 fuisse.

268 439 299 472 9.
316 426 446 461 Deinde
463 437 540 460 curn
556 426 648 460 dicit:
665 426 704 459 In
718 432 830 460 rectum
844 427 945 470 itaque
962 435 1035 467 etc.,
1052 426 1152 460 solvit
1168 426 1289 460 dictam

180 498 188 505 .
216 472 463 519 quaestionem,
479 470 591 504 dicens
608 470 700 515 quod
717 481 814 503 causa
826 472 844 491 *
856 481 956 515 quare
974 470 1126 504 animalia
1145 482 1214 504 non
1230 472 1289 504 rei—

216 525 372 557 terantur,
387 524 438 549 est
457 516 534 560 quia
550 526 668 548 eorum
691 515 860 558 generatio
879 523 929 548 est
951 515 1138 548 secundum
1161 524 1288 548 rectum

216 570 250 596 et
272 572 342 595 non
371 559 554 594 secundum
586 558 756 592 circulum.
791 559 880 593 Nam
915 559 1000 592 sicut
1032 570 1131 603 supra
1162 559 1288 592 dictum

217 614 288 647 est,
319 604 376 638 ubi
405 613 544 649 uterque
567 604 786 637 terminorum
816 614 887 636 non
910 612 960 636 est
990 612 1058 636 tota
1089 604 1224 636 materia
1247 603 1288 637 ad

217 649 371 690 alterum,
394 657 432 682 ut
451 659 520 682 uno
535 656 667 682 motore
686 646 907 681 diversimode
923 658 959 680 se
974 646 1114 680 habente
1130 647 1288 681 educatur

217 703 396 739 utrumque
421 692 461 727 de
480 702 634 737 utroque,
648 693 683 725 in
698 691 750 725 his
765 703 835 725 non
851 700 902 725 est
916 692 1086 735 generatio
1104 691 1287 732 circularis;

217 740 302 773 sicut
325 739 360 772 in
382 746 415 771 te
438 746 472 771 et
494 746 586 782 patre
609 745 691 770 tuo:
723 737 801 781 quia
830 744 922 780 pater
945 745 1022 769 tuus
1053 747 1123 769 non
1147 745 1196 769 est
1219 744 1287 769 tota

216 783 352 817 materia
375 791 441 816 tua.
475 782 516 816 In
539 781 710 815 elementis
740 791 821 814 vero
849 791 956 813 unum
987 788 1037 813 est
1059 788 1129 814 tota
1151 781 1287 814 materia

217 827 259 862 ad
275 826 374 868 aliud,
388 835 422 860 et
436 837 506 859 uno
522 834 616 859 motu
634 824 769 859 declivis
794 824 906 858 circuli
926 833 1037 870 potest
1055 824 1151 858 educi
1167 835 1286 858 unum-

217 871 375 918 quodque
391 870 430 904 ab
447 870 566 911 altero;
582 878 616 903 et
630 869 707 903 ideo
724 870 758 903 in
775 870 821 903 eis
837 878 887 903 est
903 869 1070 913 generatio
1088 868 1263 903 circularis.

275 926 334 950 10:
350 914 480 949 Deinde
505 926 580 948 cum
606 914 706 948 dicit:
737 914 924 959 Principium
947 920 1048 948 autem
1074 922 1135 947 etc.
1151 941 1160 955 ,
1191 914 1287 958 ponit

216 959 314 996 aliam
333 960 581 1005 quaestionem:
607 967 640 992 et
662 959 771 1003 primo
790 959 902 1003 ponit;
926 958 1072 992 secundo
1089 957 1198 999 solvit,
1222 958 1284 991 ibi:

218 1004 363 1050 Quorum
378 1004 497 1049 quidem
512 1004 607 1048 igitur
617 1003 633 1020 ¹⁸¹
646 1012 707 1037 etc.
725 1003 816 1044 Quia
833 1004 921 1037 enim
937 1003 1114 1047 probatum
1129 1011 1179 1036 est
1194 1002 1286 1054 quod

215 1049 385 1095 generatio
409 1049 451 1082 sit
473 1056 633 1093 perpetua
680 1059 715 1081 er
737 1048 980 1081 reiterationem
994 1072 1003 1088 ‚
1056 1055 1145 1081 osset
1168 1046 1285 1091 ahquis

216 1093 348 1128 credere
365 1093 457 1138 quod
473 1093 586 1126 omnia
601 1104 640 1126 ea
663 1104 717 1126 em
733 1093 925 1126 reiterantur
931 1105 942 1134 ;
959 1100 991 1125 et
1007 1092 1018 1125 i
1043 1103 1083 1126 eo
1100 1091 1179 1125 dicit
1195 1091 1286 1136 quod

215 1138 418 1184 principium
441 1138 634 1173 intentionis
658 1138 693 1170 in
711 1137 773 1170 hac
796 1136 912 1170 ultima
934 1144 1026 1181 parte
1049 1144 1099 1170 est
1120 1146 1285 1180 quaerere,

201 1191 333 1224 ‚utrum
353 1183 477 1216 omnia
495 1180 648 1215 similiter
670 1182 883 1222 reiterantur,
919 1189 976 1214 aut
1002 1191 1093 1221 non,
1117 1178 1175 1213 sed
1205 1179 1286 1213 haec

209 1227 213 1229 “
238 1218 351 1262 uidem
374 1227 568 1260 reiterantur
591 1225 706 1260 eadem
730 1237 887 1266 numero,
911 1225 974 1259 alia
995 1236 1076 1259 vero
1099 1223 1209 1258 solum
1233 1235 1285 1257 ea-

214 1238 293 1307 dem
311 1271 431 1316 specie.
457 1271 506 1304 Ex
529 1282 597 1315 quo
621 1271 711 1304 enim
734 1270 887 1304 omnium
910 1278 960 1303 est
981 1269 1149 1313 generatio
1169 1279 1285 1301 secun-

214 1315 297 1351 dum
319 1315 490 1349 materiam
503 1341 513 1356 ,
545 1314 689 1349 videtui*
705 1315 796 1360 quod
819 1315 931 1348 omnia
962 1313 1078 1348 eadem
1102 1312 1285 1346 secundum

358 1371 393 1393 m
416 1359 556 1394 debeant
578 1360 696 1393 iteran.
828 1377 831 1379 >

272 1414 325 1439 n.
346 1403 477 1439 Deinde
493 1415 571 1438 cum
586 1403 680 1438 dicit:
774 1415 845 1437 rum
859 1402 979 1447 quidem
994 1410 1067 1442 etc„
1086 1401 1185 1435 solvit
1201 1401 1286 1435 hanc

213 1449 467 1496 quaestionem,
497 1448 612 1482 dicens
643 1459 712 1493 quo
765 1459 805 1481 ea
836 1458 982 1492 quorum
1014 1445 1194 1480 substantia
1216 1457 1285 1480 non

213 1493 440 1539 corrumpitur
454 1494 490 1527 in
504 1493 700 1533 mutatione,
723 1490 935 1525 manifestum
951 1499 1002 1524 est
1021 1490 1113 1542 quod
1129 1491 1286 1524 iterantur

213 1537 333 1573 eadm
352 1548 518 1578 numero3
542 1538 628 1570 sicut
650 1535 702 1570 sol
725 1536 897 1570 reiteratur
919 1536 955 1569 in
978 1534 1116 1580 obhquo
1139 1535 1263 1569 circulo
1276 1561 1285 1576 ‚

212 1582 429 1629 quievmotus
457 1582 607 1627 sequitur
635 1580 670 1615 id
701 1580 794 1626 quod
823 1589 999 1614 movetur:
1031 1580 1108 1625 quia
1137 1591 1208 1614 non
1237 1588 1287 1614 est

204 1665 355 1706 ste-iffi,

252 1707 273 1718 ..

273 1731 286 1748 c.
293 1732 302 1754 j.

2352 230 2411 254 LXI

1344 303 1455 328 motus
1474 295 1538 328 nisi
1557 295 1722 328 existentis
1739 295 1773 327 in
1789 304 1875 334 actu,
1892 303 1929 327 ut
1946 303 2116 328 ostensum
2133 302 2182 328 est
2197 296 2231 328 in
2247 295 2279 328 V
2294 295 2410 341 Physic.

1343 339 1391 372 Ea
1413 350 1493 372 vero
1517 351 1661 384 quorum
1689 339 1869 372 substantia
1897 350 1966 372 non
1995 348 2044 372 est
2072 339 2327 383 incorruptibilis
2351 340 2410 374 sed

1343 392 1392 416 est
1409 383 1639 427 corruptibilis,
1656 395 1790 416 necesse
1814 392 1863 416 est
1887 383 1994 416 iterari
2019 382 2133 416 eadem
2157 384 2276 427 specie,
2293 393 2326 417 et
2340 395 2410 417 non

1343 427 1458 461 eadem
1480 439 1642 469 numer03
1675 437 1706 461 et
1728 427 1804 461 ideo
1828 439 1913 472 aqua
1937 439 2020 471 quae
2045 436 2094 460 est
2117 439 2156 460 ex
2179 439 2270 467 aere,
2300 437 2333 461 et
2356 440 2411 462 aer

1342 483 1382 505 ex
1405 484 1509 516 aqua,
1532 481 1610 505 sunt
1633 472 1742 517 specie
1766 471 1900 512 eadem,
1924 483 1993 505 non
2017 470 2132 505 eadem
2155 483 2313 505 numero:
2339 484 2410 506 cor-

1342 517 1506 560 rumpitur
1529 517 1617 550 enim
1642 528 1758 550 eorum
1782 515 1962 549 substantia
1988 516 2022 549 in
2046 515 2102 549 tali
2125 517 2407 550 transmutatione.

1343 560 1408 593 Sed
1423 569 1533 593 tamen
1550 572 1626 593 cum
1642 572 1697 594 aer
1712 561 1755 594 sit
1773 569 1841 594 tota
1858 561 1994 593 materia
2009 571 2124 604 aquae,
2148 569 2181 593 et
2204 572 2221 593 e
2235 572 2407 602 converso,

1341 603 1417 637 talia
1440 605 1589 638 reiterata
1612 606 1716 648 magis
1733 604 1894 638 accedunt
1916 604 1956 638 ad
1980 604 2186 638 identitatem
2207 604 2408 638 materialem

1342 659 1442 692 quam
1465 648 1617 682 animalia
1633 658 1666 682 et
1680 649 1832 682 homines
1855 649 2015 682 reiterati:
2043 660 2149 682 unum
2173 650 2262 682 enim
2286 649 2407 682 animal

1341 703 1511 735 generans,
1527 702 1606 736 puta
1621 693 1692 734 bos,
1716 705 1786 726 non
1801 702 1850 726 est
1866 702 1934 726 tota
1957 693 2091 726 materia
2114 693 2260 737 generati
2276 693 2408 726 alterius

1341 735 1453 778 bovis;
1484 745 1516 769 et
1540 737 1615 770 ideo
1639 738 1748 771 minus
1773 737 1932 771 accedunt
1960 737 2002 771 ad
2025 736 2229 770 identitatem
2257 749 2408 771 numera-

1340 779 1424 821 lem,
1449 792 1549 825 quam
1568 780 1728 814 elementa
1751 781 1899 815 circulari
1922 782 2133 825 generatione
2157 781 2406 815 elementorum.

1341 824 1450 865 Unde,
1466 825 1527 858 etsi
1542 834 1677 869 propter
1696 825 1760 858 hoc
1777 825 1976 860 concedatur
1999 825 2090 870 quod
2110 825 2272 859 elementa
2295 825 2406 871 aliquo

1339 869 1444 902 modo
1466 870 1661 903 reiterentur
1684 869 1797 903 eadem
1820 881 1971 910 numero,
1987 881 2056 903 non
2080 879 2191 903 tamen
2215 870 2408 904 conceditur

1340 913 1431 958 quod
1449 922 1585 958 propter
1607 913 1672 946 hoc
1695 913 1886 958 simpliciter
1907 915 2101 948 reiterentur
2117 913 2231 948 eadem
2246 926 2406 948 numero:

1340 958 1416 1002 quia
1432 969 1548 991 eorum
1565 957 1745 991 substantia
1768 966 1817 991 est
1839 958 1911 991 talis
1936 958 2165 1003 corruptibiIiS‚
2187 958 2318 1003 qualem
2336 970 2407 992 non

1340 1002 1502 1046 contingit
1525 1014 1595 1035 esse
1619 1002 1758 1036 eandem
1781 1003 1815 1035 in
1838 1011 1993 1047 generato
2024 1011 2057 1036 et
2075 1003 2109 1036 in
2125 1014 2166 1036 eo
2197 1015 2237 1036 ex
2260 1014 2327 1048 quo
2351 1015 2406 1047 ge-

1340 1055 1481 1080 neratur.

1397 1090 1462 1124 Sed
1490 1090 1620 1124 videtur
1650 1091 1684 1123 in
1716 1090 1936 1124 solutionibus
1967 1091 2104 1124 istarum
2134 1090 2273 1124 duarum
2327 1102 2405 1125 uae-

1339 1135 1486 1169 stionum
1511 1146 1582 1168 esse
1606 1134 1841 1168 contradictio:
1867 1146 1943 1168 narn
1967 1135 2001 1168 in
2025 1136 2130 1180 prima
2153 1134 2232 1169 dicit
2254 1135 2316 1169 Phi
2331 1147 2406 1169 oso-

1339 1179 1426 1224 phus
1455 1178 1546 1224 quod
1573 1178 1725 1212 animalia
1754 1191 1824 1212 non
1853 1180 2066 1220 reiterantur,
2098 1180 2132 1212 in
2161 1179 2304 1213 secunda
2325 1191 2406 1214 vero

1340 1223 1419 1258 dicit
1434 1223 1525 1269 quod
1540 1224 1734 1257 reiterantur
1757 1223 1871 1257 eadem
1888 1225 2006 1268 specie.
2033 1223 2098 1258 Sed
2121 1223 2297 1257 dicendum
2314 1224 2406 1269 quod

1339 1268 1446 1313 prima
1469 1267 1569 1309 dicit,
1598 1267 1688 1313 quod
1716 1268 1868 1301 animalia
1895 1279 1964 1301 non
1987 1269 2180 1302 reiterantur
2207 1268 2322 1302 eadem
2345 1280 2406 1302 nu-

1339 1322 1450 1346 mero:
1475 1321 1508 1346 et
1531 1313 1578 1345 sic
1602 1312 1780 1346 concordat
1803 1324 1879 1346 cum
1903 1312 2064 1354 secunda3
2088 1312 2141 1346 vel
2165 1312 2255 1357 quod
2278 1324 2347 1346 non
2366 1325 2406 1346 ex

1339 1358 1532 1390 necessitate
1556 1365 1606 1390 est
1629 1357 1663 1390 in
1686 1357 1733 1390 eis
1757 1357 1920 1390 reiteratio
1948 1357 1983 1390 in
2006 1358 2234 1401 generatione,
2263 1357 2332 1390 sive
2355 1369 2406 1390 se-

1341 1401 1488 1435 cundum
1507 1412 1684 1434 numemm
1707 1402 1775 1434 sive
1797 1401 1980 1435 secundum
1999 1402 2158 1446 speciem:
2175 1409 2208 1434 et
2222 1400 2298 1435 ideo
2314 1410 2406 1446 patre

1340 1455 1400 1479 tuo
1423 1454 1590 1490 generato,
1613 1457 1683 1479 non
1706 1454 1756 1478 est
1778 1457 1911 1479 necesse
1935 1454 1967 1478 te
1990 1446 2149 1489 generari,
2172 1445 2230 1479 sed
2253 1454 2284 1479 te
2307 1457 2406 1490 gene-

1341 1499 1430 1532 rato,
1457 1501 1590 1524 necesse
1614 1498 1664 1523 est
1686 1498 1813 1541 patrem
1836 1498 1931 1523 tuum
1977 1498 2145 1523 enerarum
2168 1489 2277 1523 fuisse.
2306 1492 2348 1523 Et
2370 1490 2406 1523 in

1341 1534 1406 1568 hoc
1429 1546 1498 1568 non
1522 1533 1715 1568 contradica
1739 1533 1901 1568 secundae
1925 1545 1963 1567 so
1977 1534 2094 1575 utioni,
2111 1545 2194 1579 quae
2214 1533 2291 1567 dicit
2314 1533 2407 1579 quod

1341 1579 1370 1612 si
1385 1579 1553 1620 iterantur,
1570 1579 1727 1612 iterantur
1742 1577 1857 1612 eadem
1873 1579 1992 1623 specie,
2008 1589 2077 1612 non
2094 1578 2208 1612 eadem
2226 1590 2376 1612 numero.
