2690 4062
71 1411 82 1421 ⁸
96 1410 165 1431 Num.
180 1410 203 1430 8.

67 1542 77 1552 ³
92 1541 162 1562 Num.
173 1547 194 1568 7.

69 1585 79 1595 ⁸*
95 1583 164 1605 Num.
179 1583 202 1604 6.

73 1716 80 1725 '
96 1715 165 1736 Num.
182 1720 199 1741 5.

72 2246 83 2256 '⁸
97 2250 169 2266 causa
180 2250 227 2266 orn.
238 2250 274 2266 ca.

70 2728 80 2739 “
97 2727 157 2749 duae
170 2734 217 2750 om.
231 2734 251 2750 Ρ.

291 280 351 306 XIV

363 348 557 386 τηλικαῦτα
581 347 622 378 τὸ
648 344 786 391 μέγεθος
811 342 899 375 ὥστε
925 343 970 386 μή
996 336 1154 385 ’δέχεσθαι
1179 339 1277 381 σῶμα
1295 349 1354 380 μη-

362 391 432 434 δέν,
451 393 582 437 γελοῖον
608 391 649 422 τὸ
672 390 784 433 μικρόν
805 389 863 432 μὲν
883 385 1009 418 οἴεσθαι
1032 385 1128 415 κενόν
1146 379 1244 422 εἶναι,
1264 381 1353 426 μέγα

363 435 402 469 δὲ
425 440 471 480 μή
497 434 572 480 μηδ’
595 432 829 472 ὁπηλικονοῧν,
850 429 869 467 ἧ
888 431 929 461 τό
953 429 1048 459 κενὸν
1074 427 1156 458 ἄλλο
1175 436 1208 457 τι
1226 425 1353 456 οἴεσθαι

362 479 473 526 λέγειν
499 479 587 515 πλὴν
611 477 725 523 χώραν
749 475 922 519 σώματος,
940 471 1028 503 ὥστε
1053 467 1156 507 δῆλον
1175 467 1229 500 ὅτι
1247 470 1353 500 παντὶ

358 524 498 569 ’σώματι
532 524 592 555 τόν
622 522 721 567 ὄγκον
749 522 822 551 ἴσον
851 518 948 549 ἔσται
977 513 1082 546 κενόν,
1115 512 1220 550 ’Ὀλως
1248 508 1286 544 δὲ
1311 512 1353 544 τό

366 567 485 612 πόρους
518 571 623 598 ποιεῖν
656 565 845 608 περίεργον·
877 561 905 592 εἰ
936 561 995 603 μὲν
1027 559 1091 604 γάρ
1123 551 1229 601 μηδὲν
1265 559 1356 608 ποιεῖ

363 614 459 644 κατά,
483 612 545 647 τήν
566 610 666 652 ἁφήν,
686 603 764 640 οὐδὲ
788 601 846 636 διοὲ
871 604 937 635 τῶν
961 602 1070 646 πόρων
1092 599 1226 637 ποιήσει
1250 595 1352 630 διιόν·

365 657 394 688 εἰ
417 655 454 687 δὲ
480 655 527 696 τῷ
561 650 751 690 ἅπτεσθαι,
776 652 832 680 καὶ
862 650 907 692 μή
941 645 1050 690 πόρων
1081 645 1186 677 ὄντων
1217 644 1354 695 τοὶκμέν

367 702 522 732 πείσεται
546 699 593 730 τοὶ
623 696 660 727 δὲ
693 694 826 729 ποι-ἥσει
857 692 924 723 τῶν
955 691 1035 734 πρὸς
1067 689 1199 726 ἄλληλα
1229 698 1354 720 τουτον

366 745 426 775 τόν
452 742 576 785 τρόπον
603 737 810 783 πεφυκότων.
842 735 918 767 ’Ότι
943 736 1002 778 μὲν
1029 731 1087 766 οὖν
1113 731 1220 770 οὕτως
1244 731 1354 777 λέγειν

367 789 445 824 τούς
472 786 592 829 πόρους
617 782 657 820 ὥς
684 794 769 818 τινες
800 778 1115 823 ὑπολαμβάνουσιν,
1142 776 1163 813 ἦ
1188 771 1308 820 ψεῦδος
1333 773 1354 811 ἦ

366 830 529 875 μάταιον,
556 828 695 871 φανερὸν
721 826 757 857 ἐκ
782 823 914 857 τούτων
939 823 1051 854 ἐστίν·

300 914 473 962 διαιρετῶν
498 911 526 946 δ’
549 915 655 947 ὄντων
681 913 797 955 ποίντῃ
823 912 889 944 τῶν
913 910 1082 955 σωμάτων
1108 907 1227 952 πόρους
1249 911 1356 940 ποιεῖν

365 963 512 1007 γελοῖον·
541 959 561 1001 ᾖ
585 959 648 1004 γοίρ
674 953 850 1000 διαιρετά,
877 953 1025 987 δύναται
1050 952 1259 999 χωρίζεσθαι.

432 1122 442 1133 ,
518 1120 523 1129 ,
551 1099 703 1134 ostquam
714 1087 935 1131 Philosophus
947 1087 1057 1131 posuit
1072 1085 1264 1129 opinionem
1283 1083 1360 1115 alio-

409 1156 451 1175 ψ,1
507 1131 527 1159 2·
550 1146 624 1167 rum
648 1133 688 1167 de
712 1132 879 1177 principiis
898 1142 1007 1164 rerum
1033 1128 1247 1168 naturalium,
1268 1135 1300 1160 et
1319 1126 1359 1160 de

417 1174 445 1213 ὑὶ
497 1184 522 1217 -ᾍ
551 1177 659 1211 modis
675 1176 793 1222 quibus
810 1184 911 1219 agunt
928 1183 960 1208 et
979 1175 1147 1219 patiuntur
1165 1171 1359 1211 adinvicem,

409 1218 419 1226 “
483 1227 519 1267 1,
552 1233 639 1255 nunc
662 1222 696 1254 in
720 1229 810 1264 parte
826 1221 887 1252 ista
914 1218 1066 1262 reprobat
1089 1228 1152 1250 eas.
1185 1217 1226 1250 Et
1236 1216 1358 1293 (primo

367 1290 370 1293 -
443 1291 445 1295 ι
496 1269 523 1281 ''‘
552 1265 704 1310 reprobat
720 1265 893 1308 opiniones
910 1274 1027 1296 eorum
1043 1269 1234 1306 quantuma
1270 1271 1358 1303 posu

301 1313 423 1346 tionem
440 1320 627 1344 atomorum
641 1319 668 1350 α,
680 1320 762 1353 quae
774 1307 923 1341 dicebant
936 1318 1006 1340 esse
1019 1306 1194 1350 principia;
1211 1303 1359 1337 secundo

302 1364 458 1401 quantum
475 1353 515 1387 ad
533 1353 651 1387 modos
666 1352 782 1396 agendi
799 1363 882 1396 quos
899 1350 1076 1395 ponebant,
1091 1349 1150 1382 ibi:
1171 1349 1360 1392 Quicumque

301 1400 417 1445 quidem
439 1399 533 1442 igitur
550 1405 606 1448 per
622 1404 768 1442 purorum
783 1396 798 1413 *
815 1405 875 1429 etc.
894 1396 989 1429 Circa
1006 1395 1151 1438 primurn
1175 1393 1243 1444 duo
1266 1392 1359 1444 facit:

302 1445 408 1489 primo
432 1442 574 1475 ostendit
596 1440 803 1474 indivisibilia
827 1451 964 1484 corpora
995 1450 1063 1472 non
1086 1449 1158 1471 esse
1182 1447 1358 1481 princ1p1a;

302 1487 446 1522 secundo
470 1486 559 1530 quod
583 1497 648 1518 non
674 1494 848 1518 moventur
871 1496 889 1517 a
911 1495 1028 1523 vacuo,
1045 1482 1105 1516 ibi:
1123 1481 1266 1527 Amplius
1289 1481 1362 1525 quid

301 1539 342 1566 est
363 1531 441 1576 quod
463 1537 559 1564 movet
580 1529 595 1546 *
619 1538 678 1562 etc.
701 1529 796 1563 Circa
811 1529 955 1573 primurn
974 1528 1074 1589 ponit
1097 1526 1177 1560 duas
1201 1526 1361 1566 rationes;

301 1575 442 1610 secunda
465 1574 528 1608 ibi:
551 1573 694 1619 Amplius
720 1579 819 1606 autem
847 1579 950 1606 utrum
1012 1581 1072 1605 etc.
1099 1571 1194 1604 Circa
1217 1570 1361 1614 primum

302 1620 367 1654 duo
384 1619 474 1653 facit:
496 1618 603 1662 primo
620 1618 714 1662 ponit
732 1618 907 1658 rationem;
931 1615 1076 1650 secundo
1096 1623 1244 1649 removet
1260 1625 1363 1659 quan-

301 1665 375 1698 dam
391 1663 576 1696 instantiam
593 1673 691 1706 quam
707 1661 879 1695 adversarii
896 1669 1031 1705 possent
1043 1659 1130 1700 dare,
1143 1659 1204 1693 ibi:
1219 1658 1363 1704 Amplius

301 1715 399 1742 autem
421 1707 624 1741 inconveniens
647 1706 662 1723 *
685 1714 746 1739 etc.

346 1751 449 1792 Quod
481 1757 558 1795 ergo
597 1749 805 1783 indivisibilia
839 1761 976 1794 corpora
1012 1760 1081 1782 non
1115 1756 1257 1792 possunt
1291 1759 1362 1780 esse

301 1797 458 1842 principia
487 1794 618 1839 probat,
648 1793 798 1828 ducendo
822 1793 862 1827 ad
885 1793 1088 1838 impossibile
1116 1791 1207 1837 quod
1234 1799 1362 1825 contra-

301 1841 435 1875 dictoria
457 1848 553 1872 erunt
575 1837 673 1871 simul
699 1849 784 1871 vera.
809 1838 850 1871 Et
872 1837 937 1871 hoc
956 1837 1011 1870 tali
1034 1838 1170 1870 ratione.
1196 1836 1230 1870 Si
1247 1835 1363 1870 indivi-

301 1884 403 1919 sibilia
427 1895 564 1928 corpora
594 1891 669 1915 sunt
699 1882 875 1926 principia,
902 1893 962 1915 nec
985 1890 1082 1926 agent
1109 1893 1170 1914 nec
1199 1881 1364 1925 patientur

302 1929 499 1968 adinvicem3
528 1928 606 1960 item
635 1927 661 1959 si
692 1935 767 1959 sunt
797 1927 977 1971 principia,
1011 1934 1108 1970 agent
1138 1934 1170 1959 et
1200 1925 1365 1970 patientur

302 1973 500 2012 adinvicem3
525 1983 603 2015 ergo
631 1979 727 2014 agent
750 1979 782 2004 et
811 1982 879 2004 non
907 1979 1022 2014 agent,
1047 1970 1212 2014 patientur
1240 1978 1273 2003 et
1295 1981 1364 2003 non

303 2018 480 2062 patientur:
501 2014 590 2060 quod
609 2023 658 2048 est
673 2014 885 2059 impossibile.
903 2015 999 2049 Circa
1013 2015 1175 2048 rationem
1198 2014 1293 2047 istam
1317 2014 1364 2047 sic

303 2060 459 2106 procedit.
488 2061 598 2093 Primo
622 2058 737 2103 probat
760 2058 850 2104 quod
874 2070 942 2092 non
966 2067 1063 2103 agent
1086 2070 1147 2092 nec
1178 2059 1363 2103 patientur,

303 2105 424 2150 duplici
447 2105 589 2144 ratione;
613 2114 750 2148 quarum
775 2103 879 2147 prima
903 2103 975 2136 talis
993 2111 1050 2136 est.
1075 2103 1173 2137 Actio
1197 2112 1229 2137 et
1251 2103 1363 2156 passio

302 2149 339 2183 fit
362 2161 419 2194 per
437 2160 588 2188 vacuum,
605 2157 641 2180 ut
659 2148 721 2192 ipsi
738 2147 851 2181 dicunt
858 2160 868 2188 ;
891 2147 949 2181 sed
965 2148 999 2181 in
1023 2147 1142 2182 talibus
1158 2156 1278 2181 atomis
1294 2159 1363 2181 non

302 2203 351 2227 est
366 2204 527 2234 vacuum;
551 2204 585 2226 er
609 2203 629 2225 o
645 2203 705 2225 nec
721 2200 823 2236 agunt
844 2203 905 2225 nec
921 2192 1098 2236 patiuntur.
1122 2191 1273 2226 Secunda
1289 2191 1362 2225 talis

302 2247 360 2271 est.
386 2237 498 2272 Omne
515 2248 580 2282 quo
620 2245 669 2269 est
685 2247 780 2269 causa
792 2237 811 2256 ⁴⁵
829 2235 1036 2275 actionisvel
1051 2237 1224 2281 passionis,
1237 2245 1287 2270 est
1303 2235 1361 2270 du-

302 2294 384 2323 rum,
410 2281 462 2315 vel
492 2280 606 2321 molle,
632 2280 684 2313 vel
707 2279 815 2325 aliqua
838 2280 1032 2325 qualitatum
1063 2280 1279 2325 dispositum3
1303 2280 1361 2314 sed

301 2326 428 2359 nullum
445 2337 564 2370 corpus
581 2323 775 2358 indivisibile
798 2333 848 2358 est
863 2324 944 2358 tale:
969 2336 1048 2369 ergo
1065 2337 1126 2359 nec
1146 2333 1196 2359 est
1217 2325 1362 2359 activum

302 2382 361 2404 nec
384 2371 560 2415 passivum.

347 2425 376 2447 2.
402 2414 553 2448 Secundo
578 2425 653 2446 curn
677 2412 774 2447 dicit:
802 2413 953 2456 Quamvis
975 2413 1027 2448 hoc
1049 2414 1256 2448 inconveniens
1279 2422 1359 2455 etc.,

303 2458 444 2492 ostendit
467 2457 680 2509 oppositum,
707 2457 830 2491 scilicet
857 2457 947 2510 quod
979 2469 1117 2503 corpora
1151 2457 1360 2492 indivisibilia

302 2512 398 2547 agant
414 2512 445 2536 et
460 2510 632 2547 patiantur.
648 2501 689 2535 Et
704 2501 767 2535 hoc
791 2501 910 2546 triphci
929 2502 1072 2543 ratione;
1092 2514 1231 2547 quarum
1254 2502 1360 2547 prima

303 2546 373 2580 talis
397 2555 454 2580 est.
480 2546 667 2580 Secundum
697 2545 880 2598 praedictos
908 2546 1127 2591 philosophos
1152 2546 1360 2580 indivisibilia

304 2602 440 2635 corpora
492 2601 551 2624 uae
575 2599 651 2623 sunt
678 2589 840 2624 circularis
863 2589 1003 2635 figurae,
1028 2599 1106 2624 sunt
1136 2590 1256 2632 calida;
1280 2602 1360 2634 ergo

303 2643 432 2679 oportet
455 2647 472 2668 a
486 2634 587 2679 iquod
610 2634 739 2668 alterius
762 2634 885 2679 figurae
916 2646 987 2669 esse
1017 2634 1187 2679 frigidum:
1213 2636 1289 2680 quia
1312 2635 1360 2668 in-

304 2680 500 2712 conveniens
517 2687 566 2712 est
580 2690 702 2723 ponere
726 2690 829 2712 unum
846 2680 1087 2713 contrariorum
1105 2679 1140 2712 in
1157 2688 1271 2713 natura
1290 2680 1360 2713 sine

303 2722 439 2768 reliquo.
458 2723 492 2757 Si
505 2731 614 2756 autem
630 2722 712 2756 duae
724 2725 742 2744 *
754 2723 924 2768 qualitates
940 2732 1017 2757 sunt
1033 2724 1067 2757 in
1083 2724 1213 2765 atomis,
1225 2735 1359 2758 necesse

304 2776 352 2800 est
374 2779 496 2811 ponere
519 2767 642 2812 aliquas
673 2767 842 2812 qualitates
871 2777 1110 2813 consequentes
1137 2779 1208 2802 esse
1232 2769 1264 2802 in
1292 2769 1356 2802 eis:

304 2823 385 2856 quae
410 2820 486 2844 sunt
508 2811 663 2855 gravitas,
689 2811 839 2853 durities,
863 2811 992 2854 levitas,
1020 2812 1194 2854 mollities,
1221 2821 1254 2846 et
1278 2812 1359 2846 aliae

303 2854 492 2889 huiusmodi
508 2854 677 2900 qualitates
683 2868 692 2896 ;
709 2867 784 2889 cum
798 2856 979 2890 concedant
991 2858 1025 2890 in
1037 2857 1156 2891 atomis
1166 2868 1271 2890 unum
1288 2868 1358 2891 esse

303 2900 431 2943 gravius
455 2899 536 2940 alio;
560 2900 644 2933 sicut
659 2909 791 2944 apparet
814 2901 847 2934 in
867 2900 958 2935 radio
979 2901 1069 2942 solis,
1086 2901 1176 2946 quod
1200 2913 1266 2934 una
1289 2909 1359 2935 ato-

303 2955 376 2976 mus
399 2944 502 2988 magis
526 2943 692 2977 descendit
715 2956 812 2989 quam
829 2944 900 2978 alia.
918 2945 953 2979 Si
977 2954 1086 2979 autem
1103 2957 1189 2979 unus
1213 2954 1263 2979 est
1284 2957 1357 2989 gra-

302 2988 374 3020 vior
396 2987 470 3028 alio,
487 2999 572 3021 unus
596 2988 692 3021 etiam
716 2997 764 3021 est
787 2998 819 3022 et
841 2988 945 3022 levior
968 2989 1043 3030 alio,
1062 2998 1094 3023 et
1115 3001 1200 3023 unus
1225 2989 1359 3023 calidior

303 3030 376 3065 alio.
402 3032 488 3066 Cum
505 3040 613 3065 autem
629 3033 692 3065 sint
716 3032 790 3066 talia
810 3033 835 3074 β,
859 3033 1060 3078 impossibile
1084 3042 1133 3067 est
1149 3045 1186 3067 ea
1202 3045 1271 3067 non
1292 3035 1358 3078 pati

304 3075 484 3109 adinvicem
502 3085 533 3109 et
549 3088 642 3120 agere
660 3087 733 3109 cum
751 3076 811 3110 sibi
829 3078 1112 3122 appropinquant:
1133 3078 1255 3122 patitur
1270 3079 1358 3111 enim

357 3267 384 3300 α)
398 3268 532 3300 opim'ones
545 3275 635 3294 eorum
646 3286 672 3295 ...
684 3272 843 3296 atomorum.
853 3285 871 3290 —
881 3270 1016 3303 opiniones
1025 3274 1154 3304 quantum
1166 3271 1204 3297 ad
1212 3272 1361 3304 posin'ones

305 3309 393 3327 eorum
413 3303 449 3335 (et
457 3303 548 3335 primo
562 3304 619 3328 add.
633 3304 663 3336 C)
682 3308 809 3337 quantum
828 3306 865 3330 ad
879 3305 1037 3338 positionem
1057 3309 1207 3332 atomorum
1222 3307 1285 3332 Cab.
1298 3321 1319 3327 ·-
1333 3308 1360 3332 ln

305 3337 395 3362 ultimo
414 3338 531 3363 membro
548 3338 623 3364 huius
643 3340 772 3365 divisionis
787 3348 804 3365 a
818 3341 892 3373 legit:
912 3341 983 3366 circa
993 3342 1112 3374 primum
1125 3342 1205 3374 ponit
1218 3343 1360 3373 rationem,

305 3380 353 3404 pro
372 3380 424 3405 quo
443 3373 475 3398 C:
494 3373 566 3399 circa
580 3374 698 3406 primum
717 3375 770 3400 duo
782 3376 867 3409 facit:
881 3376 971 3408 primo
988 3377 1105 3402 ostendit
1118 3377 1290 3403 indivisibilia
1301 3385 1359 3404 cor-

301 3414 373 3438 por-a
391 3414 441 3432 non
454 3415 509 3433 esse
524 3409 670 3441 principia,
686 3417 788 3442 ponens
802 3411 941 3436 rationem.
955 3411 1113 3437 Divisionem
1134 3417 1216 3437 textus
1231 3420 1282 3438 non
1301 3421 1360 3439 esse

306 3442 411 3467 omnino
430 3443 596 3476 adaequatam
614 3450 684 3476 patet
702 3445 857 3471 conferendo
876 3455 919 3471 nn.
940 3454 963 3475 a.
985 3446 998 3471 3
1018 3452 1043 3472 et
1060 3455 1087 3479 4.

361 3475 385 3509 β)
400 3484 458 3502 cum
472 3479 642 3504 concedant...
654 3479 708 3505 sint
721 3481 795 3505 ta1ia.
809 3495 829 3500 -—
841 3482 935 3506 Beatus
948 3482 1070 3507 Albertus
1084 3482 1174 3507 habet:
1187 3492 1200 3506 κ
1210 3483 1257 3508 Est
1271 3488 1358 3508 autem

307 3511 401 3536 iterum
414 3512 595 3538 inconveniens
610 3514 703 3539 dictum
718 3515 857 3540 Democriti
872 3524 931 3541 cum
946 3517 1062 3542 concedit
1076 3517 1101 3542 in
1114 3518 1206 3543 atomis
1219 3528 1231 3541 »
1243 3523 1291 3544 etc.
1305 3518 1358 3543 fere

307 3551 335 3571 ut
350 3546 384 3576 P;
399 3547 437 3571 Ca
450 3547 557 3572 habent:
576 3555 635 3573 cum
653 3552 740 3574 autem
755 3551 899 3576 concedant
918 3551 943 3576 in
957 3553 1052 3577 atomis
1067 3553 1137 3578 unde
1151 3552 1242 3585 (unum
1257 3553 1288 3586 C)
1302 3561 1358 3579 esse

307 3581 418 3614 gravius
436 3582 516 3614 (quia
529 3583 585 3608 add.
598 3584 633 3615 C)
654 3585 739 3617 magis
753 3585 887 3611 descendit
905 3594 983 3618 quam
1002 3587 1072 3617 alia,-
1089 3587 1114 3612 si
1131 3591 1219 3613 autem
1239 3596 1307 3614 unus
1318 3592 1358 3614 est

306 3616 419 3649 gravior
430 3617 491 3647 alio,
506 3625 557 3642 uno
570 3621 608 3643 est
620 3622 646 3643 et
660 3619 739 3651 (unus
753 3623 792 3645 est
805 3621 884 3646 etiam
897 3622 927 3653 C)
938 3622 1020 3646 levior
1033 3622 1094 3651 alio,
1108 3626 1134 3647 et
1147 3630 1199 3648 uno
1211 3623 1264 3648 alio
1278 3624 1358 3656 (unus

799 268 870 304 DE
900 262 1286 303 GENERATIONE
1316 260 1386 297 ET
1416 255 1798 294 CORRUPTIONE
1827 255 1922 291 LIB,
1953 255 1968 291 1

1476 336 1538 366 sint
1562 334 1740 365 secundum
1759 333 2015 373 magnitudinem
2030 343 2134 372 suam,
2159 339 2196 364 ut
2218 343 2285 364 non
2305 333 2479 374 suscipiant

1477 389 1593 419 corpus
1617 378 1768 418 aliquod,
1793 377 1965 408 ridiculum
1989 387 2124 417 parvum
2147 377 2280 418 quidem
2303 378 2479 409 existimare

1476 432 1615 453 vacuum
1639 432 1716 460 esse,
1734 431 1888 461 magnum
1904 427 2011 451 autem
2027 431 2094 451 non
2113 431 2217 462 neque
2233 422 2479 463 qualecumque,

1477 474 1533 497 aut
1550 476 1689 496 vacuum
1713 466 1800 496 aliud
1823 465 1902 506 quid
1921 465 2096 496 existimare
2117 465 2218 496 dicere
2241 465 2302 496 nisi
2315 466 2481 506 regionem

1478 510 1636 550 corporis;
1660 516 1855 550 quapropter
1885 509 2091 540 manifestum
2114 509 2270 550 quoniam
2298 510 2388 541 omni
2411 520 2480 542 cor-

1476 554 1547 594 pori
1571 554 1750 584 secundum
1765 560 1928 584 tumorem
1947 553 2078 594 aequale
2094 554 2152 585 erit
2174 564 2323 586 vacuum.
2347 554 2480 586 Univer-

1477 598 1580 628 saliter
1610 604 1718 628 autern
1741 607 1839 638 poros
1867 597 1968 628 facere
1996 597 2216 638 superfluum;
2239 598 2265 629 si
2293 598 2380 629 enim
2401 598 2481 629 nihil

1478 642 1551 673 facit
1574 642 1752 672 secundum
1775 648 1907 680 tactum,
1932 651 2037 682 neque
2059 652 2116 682 per
2138 652 2236 682 poros
2259 643 2413 673 transiens
2437 642 2481 673 fa-

1478 687 1548 717 ciet.
1573 686 1606 716 Si
1629 693 1737 717 autem
1760 685 1794 716 in
1817 686 1996 726 tangendo,
2020 693 2051 717 et
2073 686 2160 727 poris
2182 697 2249 718 non
2278 687 2482 718 existentibus

1477 731 1554 760 haec
1570 729 1702 771 quidem
1715 730 1885 770 patientur,
1898 730 1975 761 haec
1990 737 2098 761 autem
2113 730 2229 762 facient
2244 731 2285 762 ad
2300 741 2334 762 se
2345 731 2482 762 invicem

1478 775 1540 805 hoc
1563 774 1663 804 modo
1686 774 1882 805 innatorum.
1913 774 2012 812 Quod
2035 785 2110 816 ergo
2133 775 2176 806 ita
2199 775 2302 806 dicere
2325 785 2423 816 poros
2446 782 2483 806 ut

1479 818 1611 859 quidam
1635 818 1823 857 existimant,
1847 825 1903 854 aut
1922 819 2127 850 mendacium
2149 826 2205 850 aut
2222 819 2317 850 inane
2340 826 2397 859 est,
2415 829 2482 851 ma-

1479 862 1631 894 nifestum
1653 872 1692 893 ex
1714 862 1773 894 his.

1411 906 1629 937 Divisibilibus
1651 913 1760 938 autem
1783 907 1918 938 omnino
1935 907 2124 948 corporibus
2141 907 2360 947 existentibus,
2383 917 2483 948 poros

1479 950 1580 981 facere
1607 950 1779 982 ridiculum
1802 957 1866 982 est:
1890 952 2070 983 secundum
2091 953 2183 993 quod
2206 952 2292 983 enim
2316 951 2483 983 divisibilia

1479 1002 1564 1034 sunt,
1588 1002 1723 1035 possunt
1746 995 1893 1036 separari.

1411 1082 1526 1116 leviter
1543 1081 1686 1116 calidum
1709 1081 1749 1115 ab
1769 1082 1939 1119 excedenti
1963 1082 2088 1124 calido,
2107 1094 2175 1116 non
2193 1084 2390 1128 inquantum
2404 1092 2484 1118 sunt

1413 1126 1532 1159 similia
1562 1127 1597 1160 in
1628 1125 1754 1167 calido,
1784 1126 1843 1160 sed
1875 1127 2074 1171 inquantum
2104 1126 2264 1161 excedens
2297 1136 2348 1162 est
2376 1128 2484 1172 magis

1413 1170 1567 1221 calidum,
1591 1179 1623 1204 et
1647 1169 1728 1204 illud
1752 1170 1844 1216 quod
1867 1170 2034 1205 exceditur
2057 1180 2107 1205 est
2129 1172 2235 1216 magis
2265 1171 2386 1216 frigido
2408 1183 2484 1216 per-

1412 1223 1565 1248 mixtum.

1459 1270 1488 1302 3.
1504 1259 1690 1293 Secundam
1702 1260 1865 1293 rationem
1877 1259 1973 1304 ponit
1985 1259 2047 1293 ibi:
2065 1259 2121 1294 Sed
2136 1266 2235 1294 tamen
2246 1261 2274 1294 si
2285 1259 2399 1295 durum
2410 1267 2484 1301 etc.;

1436 1314 1497 1337 uae
1521 1303 1593 1337 talis
1618 1313 1677 1338 est.
1698 1304 1733 1338 Si
1756 1304 1969 1338 Democritus
1997 1303 2078 1338 dicit
2099 1305 2134 1338 in
2164 1304 2245 1349 ipsis
2269 1305 2389 1339 atomis
2412 1314 2484 1338 esse

1413 1314 1544 1388 durum,
1563 1359 1697 1382 necesse
1722 1356 1771 1382 est
1793 1347 1885 1400 quod
1909 1348 1996 1382 dicat
2019 1348 2118 1382 etiam
2141 1360 2213 1382 ease
2236 1349 2271 1383 in
2294 1349 2342 1383 eis
2365 1347 2483 1389 molle,

1437 1403 1472 1425 er
1494 1403 1594 1436 supra
1617 1391 1739 1426 dictam
1756 1401 1935 1434 rationem;
1960 1393 2038 1438 quia
2063 1393 2090 1427 si
2113 1404 2220 1427 unum
2243 1393 2484 1437 contrariorum

1413 1403 1511 1470 {ierit
1525 1437 1560 1469 in
1575 1445 1700 1478 natura,
1720 1446 1753 1470 et
1768 1436 1944 1482 reliquum,
1960 1446 1998 1470 ut
2014 1436 2133 1471 dicitur
2148 1437 2182 1471 II
2198 1437 2233 1471 de
2254 1437 2357 1472 Caelo.
2378 1435 2484 1472 Molle

1413 1488 1525 1514 autem
1537 1481 1675 1514 naturali
1695 1482 1890 1526 impotentia
1905 1480 2077 1515 resistendi
2096 1482 2198 1515 tactui
2221 1482 2393 1526 passivum
2415 1489 2465 1516 est
2472 1492 2484 1522 ;

1413 1524 1491 1558 licet
1513 1525 1710 1570 inquantum
1734 1534 1784 1559 est
1806 1525 1954 1559 infusum
1977 1525 2117 1560 humido
2140 1526 2184 1560 sit
2203 1525 2396 1569 subm-'tivum
2417 1524 2484 1571 (di-

1414 1569 1498 1602 citur
1528 1578 1639 1603 autem
1662 1569 1763 1603 molle
1785 1569 1991 1611 subactivum,
2021 1570 2100 1615 quia
2123 1570 2190 1614 agit
2212 1582 2272 1615 per
2294 1569 2484 1610 humidum,

1415 1612 1505 1658 quod
1529 1625 1598 1647 non
1622 1623 1672 1647 est
1694 1613 1886 1659 simpliciter
1909 1615 2052 1648 activum
2076 1615 2162 1648 sicut
2184 1614 2328 1649 calidum
2350 1612 2409 1655 {rel⁴
2426 1613 2484 1648 fii-

1414 1657 1556 1703 gidum).
1581 1658 1623 1692 Et
1641 1669 1700 1703 per
1715 1657 1780 1692 hoc
1795 1657 1921 1692 dictum
1940 1659 2089 1704 sequitur
2103 1659 2224 1692 iterum
2235 1660 2253 1681 *
2267 1667 2399 1695 atomos
2413 1668 2486 1693 esse
2512 1666 2524 1678 ·

1414 1703 1536 1736 activas
1559 1711 1592 1736 et
1615 1703 1770 1747 passivas.
1796 1702 1851 1737 Sic
1874 1714 1954 1747 ergo
1985 1702 2169 1737 secundum
2200 1703 2291 1748 quod
2314 1702 2448 1745 deducit
2469 1711 2487 1737 Υ

1416 1747 1680 1788 Commentator,
1699 1746 2017 1792 quomodocumque
2040 1756 2242 1792 componant
2264 1759 2303 1782 ea
2325 1748 2488 1792 contingit

1415 1791 1462 1824 eis
1486 1791 1701 1835 impossibile.
1719 1791 1892 1832 Quoniam
1908 1791 1936 1825 si
1951 1801 2083 1836 ponunt
2097 1803 2136 1825 ea
2150 1803 2220 1826 non
2233 1803 2308 1827 esse
2322 1803 2339 1826 r
2421 1793 2488 1828 tiva

1415 1836 1620 1880 passionum,
1644 1837 1793 1881 sequitur
1815 1835 1906 1881 quod
1931 1847 2002 1870 non
2025 1836 2067 1870 sit
2089 1835 2199 1888 aliqua
2228 1847 2326 1871 causa
2347 1838 2488 1877 amonis

1416 1889 1449 1914 et
1472 1881 1653 1925 passionis3
1677 1889 1709 1914 et
1732 1881 1760 1914 si
1784 1889 1915 1925 ponunt
1937 1892 1975 1914 ea
1993 1881 2012 1902 *
2036 1879 2246 1925 receptibilia,
2263 1881 2426 1926 contin-it
2448 1891 2487 1917 ut
2513 1889 2526 1901 ⁸

1416 1936 1485 1958 non
1509 1926 1574 1958 sint
1590 1924 1799 1969 receptibilia.
1817 1924 1872 1958 Sic
1896 1935 1975 1968 ergo
1999 1936 2040 1958 ex
2061 1924 2197 1959 illorum
2214 1925 2382 1970 positione
2405 1936 2486 1961 con-

1417 1970 1514 2014 tingit
1537 1978 1573 2003 ut
1596 1970 1662 2003 sint
1685 1968 1819 2002 illorum
1849 1967 2061 2020 receptibilia.
2085 1969 2128 2003 Et
2150 1970 2236 2003 sicut
2259 1968 2424 2012 diximus,
2447 1970 2486 2005 ii-

1417 2023 1468 2048 cet
1490 2015 1508 2034 ⁴*
1532 2013 1596 2047 hoc
1619 2022 1776 2065 sequatur
1798 2025 1838 2047 ex
1861 2012 1956 2047 dictis
1980 2013 2164 2047 Democriti
2188 2022 2221 2047 et
2243 2013 2417 2067 Leucippi,
2440 2023 2487 2049 ta-
2514 2022 2524 2033 ”

1416 2069 1494 2092 men
1510 2058 1574 2092 hoc
1598 2067 1648 2092 est
1663 2056 1867 2102 impossibile
1884 2066 1916 2091 et
1931 2058 2178 2092 inconveniens.
2195 2058 2236 2092 In
2258 2067 2378 2093 atomis
2396 2059 2487 2094 enim

1416 2111 1473 2136 aut
1496 2112 1545 2136 est
1561 2102 1665 2147 figura
1681 2102 1761 2143 sola,
1781 2110 1838 2136 aut
1854 2113 1931 2135 cum
1953 2101 2058 2146 figura
2077 2101 2216 2147 qualitas
2239 2103 2345 2137 activa
2356 2111 2395 2139 et⁴
2413 2114 2487 2148 pas·

1416 2148 1494 2181 siva.
1514 2147 1548 2181 Si
1572 2155 1715 2199 ponatur
1733 2147 1767 2180 in
1787 2147 1834 2180 eis
1857 2146 1928 2180 sola
1943 2145 2058 2190 figura,
2074 2155 2155 2181 tunc
2177 2158 2247 2181 non
2261 2155 2360 2189 erunt
2372 2148 2486 2189 λαιῇ

1415 2203 1476 2226 nec
1499 2202 1640 2236 passiva,
1656 2191 1733 2236 quia
1749 2190 1854 2235 figura
1869 2202 1930 2224 nec
1953 2200 2004 2224 est
2018 2191 2134 2232 activa,
2149 2202 2211 2225 nec
2251 2191 2375 2233 assivat
2393 2191 2486 2229 aliter
2516 2204 2517 2207 ’

1415 2236 1505 2270 enim
1527 2235 1759 2269 mathematica
1782 2243 1916 2279 agerent
1939 2243 1973 2269 et
1994 2243 2194 2280 paterentur,
2239 2236 2250 2269 i
2273 2244 2385 2277 autem
2408 2247 2486 2271 cum

1414 2280 1520 2325 figura
1543 2281 1577 2314 in
1600 2280 1719 2314 atomis
1743 2288 1886 2324 ponatur
1909 2279 2048 2324 qualitas
2076 2279 2196 2325 aliqua,
2219 2289 2276 2314 aut
2300 2280 2315 2307 ὃ
2335 2291 2403 2320 una
2423 2281 2486 2316 erit

1413 2325 1448 2358 in
1465 2324 1610 2370 qualibet
1632 2333 1746 2358 atomo
1770 2333 1827 2358 aut
1845 2323 1966 2369 plures.
1986 2324 2022 2358 Si
2044 2333 2155 2358 autem
2171 2335 2248 2367 una,
2268 2336 2330 2359 nec
2380 2364 2385 2365 ⁷
2415 2325 2486 2370 pria

1414 2368 1511 2403 fuerit
1534 2370 1569 2402 in
1593 2367 1738 2414 qualibet
1769 2377 1905 2409 atomo,
1929 2377 1962 2402 et
1992 2368 2057 2402 hoc
2081 2368 2216 2414 quidem
2248 2369 2291 2404 sit
2319 2366 2484 2412 cadum,

1414 2413 1479 2447 hoc
1503 2422 1615 2447 autem
1644 2411 1683 2446 fri
1709 2412 1819 2454 idum,
1842 2421 1922 2446 tunc
1952 2423 2070 2446 eorum
2092 2420 2210 2447 natura
2239 2424 2310 2447 non
2340 2413 2403 2455 etit
2430 2425 2485 2461 ea—

1415 2457 1502 2491 dem.
1520 2457 1555 2491 Si
1571 2468 1650 2501 ergo
1697 2456 1831 2490 ifferunt
1848 2457 1883 2490 in
1899 2457 2035 2498 naturis,
2059 2466 2137 2491 sunt
2160 2456 2346 2498 divisibilia.
2361 2456 2452 2503 Ergo
2467 2460 2486 2480 ¹⁸¹
2511 2464 2522 2474 ·

1414 2501 1624 2535 indivisibilia
1647 2510 1726 2534 sunt
1756 2500 1939 2535 divisibilia.
1964 2501 2000 2535 Si
2029 2510 2140 2535 autem
2169 2501 2281 2546 plures
2310 2501 2484 2548 qualitates

1414 2546 1527 2580 insunt
1555 2546 1613 2579 uni
1636 2554 1768 2586 atomo,
1792 2556 1876 2590 quae
1907 2544 2042 2590 quidem
2065 2546 2189 2580 activae
2217 2554 2296 2580 sunt
2318 2554 2352 2580 et
2381 2547 2484 2592 passi-

1414 2601 1484 2632 vae,
1501 2589 1574 2623 illae
1598 2598 1694 2623 erunt
1717 2590 1916 2623 contrariae:
1942 2589 2019 2634 quia
2041 2590 2128 2623 actio
2145 2598 2178 2624 et
2199 2590 2310 2635 passio
2333 2599 2412 2625 sum
2434 2592 2484 2626 in-

1413 2628 1464 2668 te'r
1487 2634 1648 2668 contraria
1671 2642 1708 2667 ut
1730 2645 1830 2686 supra
1853 2633 1979 2668 dictum
2007 2642 2064 2668 est.
2094 2633 2184 2678 Ergo
2215 2633 2385 2669 contraria.
2406 2645 2484 2670 sunt

1414 2679 1448 2712 in
1481 2678 1600 2713 eodem
1623 2677 1823 2712 indivisibili.
1853 2677 2009 2723 Sequitur
2039 2678 2138 2712 etiarn
2162 2678 2253 2724 quod
2276 2679 2342 2714 sint
2364 2678 2400 2714 in
2427 2691 2484 2715 eo-

1413 2723 1489 2757 dem
1520 2722 1703 2757 secundum
1737 2722 1843 2756 idem:
1898 2721 1966 2756 uod
2001 2731 2052 2756 est
2080 2722 2295 2767 impossibile.
2326 2724 2484 2770 Sequitur

1414 2767 1514 2801 etiam
1537 2766 1628 2812 quod
1651 2767 1678 2800 si
1695 2775 1826 2800 atomus
1850 2767 1884 2800 in
1915 2765 2072 2810 igidatur‚
2096 2766 2188 2812 quod
2210 2767 2395 2804 secundum
2417 2768 2483 2803 hoc

1415 2810 1556 2845 calefiat:
1581 2810 1672 2856 quod
1694 2810 1814 2845 falsum
1837 2820 1896 2844 est.
1921 2813 1963 2845 Et
1985 2811 2105 2845 eodem
2139 2811 2243 2846 modo
2266 2821 2316 2847 est
2340 2810 2388 2854 ,de
2411 2812 2483 2847 aliis

1414 2855 1624 2934 qualllitatibus
1655 2855 1768 2889 activis
1804 2864 1836 2889 et
1864 2856 2022 2900 passivis,
2055 2867 2140 2901 quae
2175 2865 2253 2890 sunt
2287 2855 2408 2892 durum
2449 2865 2483 2892 et

1414 2912 1470 2934 mo
1497 2912 1524 2934 e.
2372 2913 2375 2918 ’

1458 2956 1488 2989 4.
1506 2943 1635 2978 Deinde
1652 2955 1729 2978 cum
1753 2943 1846 2978 dicit:
1871 2943 1940 2978 Hoc
1962 2944 2042 2978 enim
2063 2950 2091 2978 et
2112 2943 2210 2978 solida
2232 2953 2306 2986 etc„
2324 2944 2481 2991 reprobat

1414 2989 1607 3034 opinionem
1631 2988 1790 3028 Platonis,
1805 2987 1917 3022 dicens
1934 2987 2024 3040 quod
2048 2999 2117 3022 non
2140 2997 2269 3022 tantum
2286 2989 2481 3024 Democrito

1413 3043 1446 3067 et
1462 3032 1653 3067 huiusmodi
1669 3032 1756 3066 istud
1772 3033 2008 3067 inconveniens
2025 3033 2183 3078 sequitur,
2199 3033 2258 3068 sed
2271 3042 2305 3068 et
2323 3043 2335 3060 ⁸
2353 3030 2395 3069 ad
2411 3034 2482 3086 opi-

1412 3079 1548 3111 nionem
1561 3077 1718 3118 Platonis,
1729 3076 1866 3111 dicentis
1879 3076 2068 3122 superficies
2081 3076 2296 3112 indivisibiles
2305 3089 2378 3112 esse
2389 3088 2480 3124 pnn-

1413 3272 1467 3297 alio
1485 3272 1600 3298 caIidi'or
1614 3272 1650 3305 C)
1665 3272 1734 3298 sieut
1751 3275 1867 3305 apparet
1885 3272 1912 3297 in
1932 3272 2011 3298 radio
2029 3271 2093 3298 aaliz
2112 3271 2190 3298 unius
2203 3271 2302 3298 mnis
2315 3270 2399 3305 (qnod
2413 3279 2484 3299 unae

1412 3310 1519 3332 atomus
1533 3310 1571 3332 ese
1584 3307 1616 3339 C)
1629 3307 1744 3333 calidior
1753 3307 1808 3333 alio
1817 3315 1877 3334 cum
1891 3307 1935 3341 (et
1946 3315 2006 3333 cum
2016 3307 2047 3340 C)
2059 3307 2114 3333 sint
2126 3307 2203 3333 talia.
2211 3321 2230 3326 -
2240 3306 2268 3332 ln
2278 3305 2332 3332 fine
2343 3314 2418 3334 num.
2432 3315 2482 3342 pro

1406 3343 1515 3377 frigido
1524 3343 1702 3375 permixtum,
1710 3343 1820 3377 frigido
1829 3350 1882 3375 per
1892 3343 2019 3376 impetum
2029 3342 2069 3368 ed.
2077 3349 2102 3373 a,
2107 3341 2244 3377 frigidum
2251 3349 2306 3375 per
2314 3342 2441 3375 impetun
2449 3342 2483 3370 Ω,

1465 3378 1492 3412 γ)
1512 3378 1558 3404 Sic
1575 3385 1640 3412 ergo
1658 3378 1802 3404 secundum
1822 3378 1894 3411 quod
1913 3378 2058 3404 deducim-
2069 3377 2120 3403 Pro
2140 3377 2193 3408 stc,
2209 3377 2242 3402 δι’
2260 3377 2295 3408 P;
2314 3377 2356 3404 ed.
2369 3385 2387 3403 a
2401 3377 2480 3412 legit:

1412 3413 1526 3439 secundo
1541 3420 1606 3447 ergo
1621 3413 1736 3443 deducit,
1751 3419 1777 3438 et
1786 3421 1835 3447 pro
1847 3414 2098 3446 quomodocumque,
2113 3413 2262 3446 quomodo:
2276 3412 2298 3438 C
2311 3419 2343 3438 oo
2471 3420 2480 3439 ι

1411 3449 1555 3474 secundum
1574 3449 1624 3475 hoc
1642 3455 1707 3482 ergo
1725 3449 1834 3475 deducit
1854 3449 2056 3476 Commentator
2072 3448 2205 3482 quomodo
2223 3447 2358 3482 contingit
2373 3447 2412 3474 eis
2430 3448 2480 3474 im-

1430 3484 1543 3510 ossibile.

1407 3491 1429 3516 p
1466 3518 1492 3551 ὃ)
1510 3519 1609 3552 aliqua,
1628 3522 1685 3545 aut.
1699 3533 1718 3538 -
1730 3519 1838 3552 quando
1856 3523 1945 3545 autem
1959 3519 2018 3545 edd.
2032 3519 2079 3550 ab,
2094 3518 2252 3552 quandoque
2270 3522 2360 3544 autem
2373 3517 2402 3549 Ρ,
2416 3521 2481 3545 tunc

1412 3558 1460 3579 aut
1479 3555 1512 3585 (ἒς
1532 3555 1690 3580 correximus
1709 3562 1739 3580 ex
1758 3555 1788 3579 B.
1806 3554 1922 3580 Alberto.

1465 3589 1578 3649 =)Bquod
1597 3597 1648 3615 non
1675 3593 1811 3616 tantum...
1830 3590 1878 3616 sed
1895 3593 1931 3616 et.
1948 3603 1967 3610 -
1985 3589 2057 3624 quod
2074 3589 2189 3616 etiam...
2208 3593 2234 3615 et
2258 3589 2349 3620 Pcab‚·
2367 3588 2479 3623 legimu-

1413 3632 1472 3649 cum
1513 3643 1518 3650 .
1539 3625 1654 3650 Alberto.
