2782 4134
97 1229 110 1239 ’
125 1228 180 1250 dato
193 1226 244 1249 add.
258 1233 291 1248 se.

96 1959 108 1971 ⁴*
120 1959 189 1982 Num.
203 1965 250 1988 seq.

333 256 391 292 :30

326 385 547 422 secundum
583 380 769 420 infinitam
795 381 1036 429 gravitatem,
1066 377 1233 425 sequitur
1260 387 1305 411 ex
1333 387 1390 411 se-

339 543 420 579 tatis
446 554 467 578 e
494 540 700 586 contrario,
730 536 875 575 scilicet
894 542 908 557 θ
935 536 1037 584 quod
1069 534 1194 571 maior
1221 532 1384 590 gravitas

338 601 490 631 moveat
507 593 546 630 in
563 592 699 629 minori
717 599 898 639 tempore.
912 589 1024 625 Nulla
1043 594 1168 623 autem
1187 592 1382 643 proportio

336 654 459 696 potest
477 658 558 683 esse
576 645 740 681 infinitae
766 641 951 690 gravitatis
970 640 1018 676 ad
1041 639 1206 676 finitam:
1226 638 1382 696 minoris

338 706 463 736 autem
490 697 668 746 temporis
696 695 744 732 ad
770 694 901 740 maius,
923 692 1134 729 dummodo
1154 691 1199 727 sit
1217 691 1377 735 finitum,

331 759 392 788 vest
419 750 541 800 aliqua
570 748 772 798 proportio.
803 746 863 783 Sic
890 745 998 793 igitur
1024 757 1102 781 non
1131 743 1196 780 erit
1225 742 1379 791 aliquod

335 811 481 852 tempus
505 803 592 839 dare
611 802 648 838 in
667 812 741 849 quo
769 798 910 835 infinita
929 797 1090 845 gravitas
1116 802 1286 841 moveat3
1311 794 1378 832 sed

336 868 483 905 semper
497 855 563 891 erit
577 854 740 902 accipere
760 851 897 899 aliquid
916 849 1064 887 moveri
1079 849 1117 886 in
1129 848 1264 907 minori
1283 855 1377 906 tem-

333 920 425 958 pore
446 919 558 957 quam
577 906 621 943 sit
643 913 789 952 tempus
817 903 855 939 in
882 915 958 952 quo
987 909 1116 939 movet
1143 908 1302 948 gravitas
1320 912 1376 959 in-

333 961 456 1006 finita3
485 972 561 996 non
588 965 642 995 est
668 964 793 993 autem
823 956 910 992 dare
939 955 1138 992 minimum
1165 961 1314 1001 tempus
1336 965 1375 989 in

334 1025 409 1062 quo
436 1012 592 1060 gravitas
619 1009 760 1046 infinita
787 1015 951 1055 moveat,
972 1008 1021 1044 ita
1044 1006 1147 1055 quod
1166 1005 1284 1054 possit
1304 1005 1374 1042 dici

333 1066 435 1113 quod
461 1076 537 1101 non
560 1069 680 1112 potest
699 1060 837 1110 aliquid
865 1060 902 1097 in
930 1060 1065 1097 minori
1093 1066 1264 1106 tempore
1291 1070 1373 1094 mo-

331 1117 410 1154 veri
424 1123 448 1153 ².
470 1116 557 1153 Ideo
577 1122 701 1152 autem
721 1126 798 1150 non
818 1121 871 1150 est
890 1113 1089 1150 minimum
1107 1119 1256 1159 tempus
1280 1111 1373 1147 acci-

329 1182 429 1218 pere,
450 1168 547 1216 quia,
569 1179 654 1204 cum
683 1179 796 1203 omne
815 1173 964 1214 tempus
992 1165 1036 1202 sit
1065 1163 1258 1210 divisibile,
1280 1163 1374 1200 sicut

331 1229 365 1258 et
391 1220 582 1270 quodlibet
609 1219 845 1265 continuum,
879 1218 1045 1267 quolibet
1073 1225 1245 1265 tempore
1269 1218 1288 1235 ⁴*
1318 1223 1374 1253 est

329 1274 493 1323 accipere
521 1271 671 1320 aliquod
699 1271 834 1318 minus,
862 1278 1006 1319 partem
1034 1269 1169 1306 scilicet
1191 1269 1372 1317 temporis

328 1326 445 1364 divisi.
475 1325 534 1362 Sic
560 1324 667 1372 igitur
693 1336 770 1361 non
796 1330 918 1372 potest
937 1335 1017 1359 esse
1036 1322 1196 1370 gravitas
1214 1321 1369 1358 infinita.

385 1379 439 1415 13.
468 1377 613 1415 Deinde
642 1389 728 1414 cum
748 1376 848 1413 dicit:
877 1376 1011 1424 Neque
1035 1376 1069 1411 si
1093 1380 1187 1412 esset
1203 1382 1287 1423 etc.,
1310 1387 1370 1412 ex-

327 1431 438 1468 cludit
455 1430 644 1480 quandam
672 1429 938 1466 obviationem.
968 1429 1100 1465 Posset
1118 1427 1219 1465 enim
1238 1427 1370 1476 aliquis

328 1483 449 1521 dicere
467 1483 619 1532 aliquod
647 1495 726 1519 esse
754 1482 954 1518 minimum
972 1489 1133 1530 tempus,
1160 1480 1297 1517 scilicet
1315 1481 1370 1518 in-

326 1536 527 1583 divisibile,
556 1536 594 1572 in
621 1547 695 1584 quo
728 1542 857 1572 movet
884 1534 1042 1583 gravitas
1076 1533 1238 1580 infinita;
1277 1534 1371 1571 sicut

328 1596 364 1625 et
391 1589 543 1638 quidam
569 1595 774 1637 posuerunt
805 1588 946 1637 aliquas
979 1586 1254 1635 magnitudines
1288 1599 1368 1624 esse

327 1642 502 1678 minimas
530 1648 566 1677 et
597 1640 848 1678 indivisibiles.
878 1640 954 1677 Sed
979 1641 1077 1677 hanc
1111 1639 1367 1677 obviationem

329 1694 508 1731 ex'cludit:
542 1701 578 1730 et
603 1690 725 1742 primo
755 1693 913 1730 ostendit
931 1699 944 1714 ⁰
963 1692 1066 1742 quod
1098 1692 1368 1730 inconveniens

328 1754 501 1796 sequatur
527 1747 557 1783 si
570 1746 735 1795 'ponatur
753 1746 952 1783 minimum
971 1753 1131 1794 tempus,
1153 1754 1189 1782 et
1207 1746 1311 1794 quod
1330 1746 1368 1783 in

326 1800 399 1836 hoc
411 1799 552 1836 infinita
566 1799 725 1847 gravitas
742 1806 888 1845 movet;
908 1799 1074 1835 secundo
1090 1798 1251 1836 ostendit
1264 1798 1367 1836 idem

327 1852 591 1889 inconveniens
606 1851 709 1900 sequi
719 1851 748 1888 si
759 1851 796 1888 in
806 1864 1047 1900 quocumque
1060 1859 1242 1900 tempore,
1255 1851 1367 1890 etiam

327 1917 404 1942 non
431 1905 599 1952 minimo,
632 1905 773 1942 infinita
804 1905 962 1953 gravitas
993 1912 1158 1952 moveat,
1191 1905 1262 1942 ibi:
1296 1906 1370 1942 Sed

327 1958 447 1994 adhuc
474 1970 615 1994 necesse
643 1958 662 1978 ³¹⁸
690 1965 756 1994 etc.

378 2010 475 2047 Dicit
503 2023 589 2058 ergo
607 2010 729 2059 primo
758 2010 871 2059 quod,
901 2010 1012 2047 etiam
1042 2010 1071 2047 si
1097 2019 1193 2048 esset
1217 2018 1367 2060 tempus

327 2062 537 2110 minimum,
557 2063 658 2100 nulla
682 2063 817 2100 utilitas
837 2075 881 2100 ex
900 2063 974 2100 hoc
1002 2071 1097 2100 esset
1114 2064 1268 2113 ponenti
1287 2077 1367 2112 gra-

325 2115 479 2153 vitatem
518 2116 722 2163 infinitam,
760 2116 808 2153 ad
846 2116 1043 2153 vitandum
1084 2116 1365 2156 inconveniens.

328 2168 510 2215 Quamvis
537 2168 637 2206 enirn
664 2181 850 2218 ponamus
878 2169 1078 2206 minimum
1098 2177 1258 2220 tempUS‚
1288 2184 1365 2209 non

325 2225 458 2258 tamen‘
471 2221 697 2259 excludimus
716 2222 806 2270 quin
834 2222 878 2259 sit
897 2222 1019 2271 aliqua
1043 2223 1235 2272 proportio
1254 2224 1366 2262 huius

325 2273 469 2311 minimi
487 2274 665 2323 temporis
692 2275 740 2312 ad
767 2283 914 2324 tempus
942 2275 1083 2323 maius,
1105 2289 1150 2313 eo
1169 2277 1273 2325 quod
1292 2278 1367 2315 hoc

324 2333 471 2375 tempus
485 2327 684 2364 minimum
700 2328 767 2365 erit
783 2340 868 2377 pars
888 2329 1040 2366 maioris
1055 2330 1253 2379 temporis3
1273 2331 1367 2368 sicut

378 2489 403 2522 σ)
422 2490 587 2515 excellentias
604 2491 746 2523 gravitatis
760 2498 773 2516 e
787 2492 930 2522 contrario,
943 2492 1049 2518 scilicet.
1060 2507 1079 2512 —
1091 2495 1125 2519 Ita
1139 2495 1221 2524 codd..
1235 2495 1282 2520 nisi
1295 2497 1364 2529 quod

326 2532 373 2557 pro
391 2525 570 2554 excellentias,
595 2526 776 2551 excellentiam
794 2527 839 2556 EI,
862 2535 908 2560 pro
926 2535 940 2552 e
958 2529 1106 2558 contrario,
1126 2530 1163 2554 ita
1181 2531 1216 2560 A;
1236 2531 1255 2555 P
1274 2532 1365 2556 omittit

326 2559 466 2592 gravitatis
489 2567 504 2584 e
529 2561 676 2591 contrario;
700 2561 775 2586 lectio
793 2569 823 2586 ex
850 2562 976 2587 codicibus
1001 2564 1118 2596 adoptata
1136 2573 1187 2590 non
1207 2566 1332 2591 discordat
1351 2575 1364 2592 a

327 2598 403 2623 textu,
416 2599 440 2619 et
451 2594 549 2619 viderur
566 2595 659 2628 requiri
678 2603 692 2620 a
709 2597 824 2628 sequenti
843 2598 1006 2630 explicatione
1024 2599 1120 2625 scilicet
1135 2601 1206 2632 quod
1219 2602 1304 2627 maior
1317 2607 1365 2628 etc.

380 2629 404 2662 τ)
423 2637 475 2654 non
493 2633 532 2654 est
549 2633 635 2655 autem
655 2630 751 2656 dare...
765 2633 870 2657 moveri.
883 2646 902 2651 —
913 2640 970 2658 cum
990 2641 1041 2659 non
1061 2638 1163 2660 moveat
1179 2636 1216 2661 fta
1230 2637 1300 2669 quod
1315 2645 1364 2663 non

323 2664 409 2696 possit
427 2664 479 2689 dici
496 2665 565 2696 quod
582 2673 633 2691 non
648 2669 737 2697 posset
755 2667 854 2699 aliquid
873 2669 971 2693 moveri
988 2669 1014 2693 in
1034 2670 1130 2695 minori
1143 2674 1258 2704 tempore
1273 2673 1306 2704 P;
1326 2678 1365 2698 est

328 2699 478 2731 incompleta
492 2700 612 2725 correctio
626 2701 710 2725 mendi
722 2701 748 2725 in
757 2702 925 2736 BCDFGpEl‚
936 2704 979 2736 qui
992 2712 1044 2730 orn.
1059 2713 1108 2730 non
1123 2709 1162 2731 est
1173 2711 1292 2733 autem..
1302 2716 1366 2742 gra-

328 2733 396 2758 m'tas
415 2734 531 2768 infinita5
548 2742 595 2768 pro
604 2739 692 2767 potest
704 2737 811 2769 aliquid,
822 2739 908 2769 possit
919 2739 1020 2772 aliquid
1033 2740 1070 2772 A;
1089 2741 1129 2766 ed.
1148 2740 1212 2766 1516
1230 2743 1291 2776 legit
1307 2752 1366 2769 cum

329 2768 357 2798 Ρ,
374 2769 422 2794 nisi
440 2770 509 2802 quod
525 2777 578 2796 om.
591 2778 641 2796 non
660 2777 719 2804 post
737 2772 775 2797 ita
792 2773 870 2805 quod.

1043 246 1114 282 DE
1144 245 1316 282 CAELO
1345 245 1416 281 ET
1444 242 1637 281 MUNDO
1666 240 1762 279 LIB.
1791 240 1807 278 I

325 332 506 370 <velocius
522 326 687 368 moveri.
708 326 784 365 Sed
803 327 906 377 quod
925 323 1067 376 aliquid
1092 337 1170 361 non
1194 330 1393 360 moveatur
1446 321 1569 358 unitas
1598 327 1653 357 est
1677 332 1765 368 pars
1784 317 1945 364 numeri,
1966 315 2071 352 unde
2093 319 2150 352 est
2171 313 2298 366 aliqua
2315 316 2517 377 prop-ertio

1446 374 1524 411 eius
1553 372 1602 410 ad
1630 384 1787 409 omnem
1816 381 2032 408 numerum.
2062 366 2158 406 Illud
2186 376 2317 407 autem
2346 371 2516 408 indivisi-

327 437 463 474 ‘cunda
487 433 757 485 suppositione.
789 435 948 482 Oportet
975 432 1074 468 enim
1101 427 1388 486 proportionali·
1443 427 1515 462 bile
1534 437 1613 462 non
1631 425 1747 461 habet
1770 423 2062 472 proportionem
2077 421 2127 459 ad
2147 421 2346 471 divisibile,
2368 422 2476 472 quod
2496 423 2517 444 *
2546 429 2659 458 ’φύει

329 497 393 527 μἵει·
418 489 557 538 aliquid
592 486 737 525 moveri
770 486 970 523 secundum
997 482 1230 520 excellentias
1255 491 1386 530 gram-

1440 491 1518 515 non
1547 485 1605 514 est
1634 489 1723 526 pars
1753 476 1848 522 eius3
1885 475 1982 512 sieut
2006 482 2195 524 punctum
2231 486 2312 513 non
2340 482 2399 514 est
2423 489 2514 526 pars

1438 531 1580 578 lineae,
1611 537 1648 566 et
1673 529 1760 566 ideo
1788 541 1867 565 non
1896 536 1952 565 est
1984 528 2114 576 aliqua
2139 528 2342 577 proportio
2378 530 2513 578 puncti

1438 583 1486 620 ad
1513 583 1667 620 lineam,
1694 581 1912 630 Accipiatur
1940 593 2031 629 ergo
2059 581 2132 618 alia
2160 581 2330 629 gravitas
2360 582 2469 621 finita
2490 596 2511 620 e

1437 635 1637 682 contrario,
1667 641 1770 670 tanto
1799 634 1926 670 maior
1949 634 2133 682 gravitate
2158 634 2267 672 finita
2295 647 2396 684 quae
2425 649 2511 675 mo-

1435 690 1550 725 vebat
1567 688 1606 725 in
1625 687 1759 724 maiori
1780 686 1800 707 '⁸‘
1819 694 1998 736 tempore
2014 699 2132 737 quam
2152 688 2317 736 gravitas
2345 688 2507 739 infinita,

1434 742 1471 778 in
1499 753 1575 790 qua
1606 739 1856 789 proportione
1884 747 2038 789 tempus
2072 740 2278 779 minimum
2312 742 2508 790 gravitatis

1432 793 1599 831 infinitae
1627 805 1668 829 se
1695 792 1812 828 habet
1839 792 1889 829 ad
1916 800 2070 842 tempus
2098 794 2223 832 maius
2242 795 2396 833 alterius
2422 808 2508 844 gra-

1431 846 1554 883 vitatis
1581 845 1721 882 finitae.
1743 845 1852 892 Puta,
1869 845 1916 882 sit
1933 846 2098 893 gravitas
2117 846 2265 885 infinita
2284 849 2330 896 E,
2350 856 2507 898 tempus

1431 899 1633 935 minimum
1662 897 1700 934 in
1729 909 1810 946 quo
1836 906 1971 936 movet
1988 899 2032 947 B,
2053 900 2220 947 gravitas
2237 908 2367 939 autem
2395 902 2506 940 finita

1431 952 1478 999 G,
1507 963 1606 999 quae
1634 957 1767 987 movet
1785 950 1824 987 in
1843 951 1980 988 maiori
2008 959 2185 1002 tempore
2213 966 2332 1003 quam
2359 955 2404 1002 B,
2429 955 2503 992 sci-

1429 1004 1514 1040 lieet
1539 1003 1579 1040 in
1606 1011 1780 1051 tempore
1808 1004 1862 1040 D:
1892 1004 2103 1054 accipiatur
2127 1018 2218 1054 ergo
2246 1007 2319 1044 alia
2337 1007 2506 1055 gravitas

1428 1064 1531 1093 tanto
1551 1056 1674 1092 maior
1693 1068 1811 1104 quam
1831 1057 1879 1104 G,
1899 1057 1939 1094 in
1966 1070 2044 1106 qua
2062 1059 2313 1108 proportione
2335 1061 2372 1098 D
2393 1072 2506 1098 exce-

1429 1109 1482 1146 dit
1508 1110 1552 1156 B,
1583 1116 1619 1145 et
1645 1108 1692 1145 sit
1718 1109 1815 1146 haec
1841 1110 2008 1158 gravitas
2036 1111 2078 1149 F.
2107 1112 2172 1149 Sic
2186 1124 2290 1161 ergo,
2320 1125 2410 1150 cum
2429 1113 2503 1150 mi·

1428 1162 1574 1200 noratio
1603 1162 1788 1210 temporis
1822 1163 1869 1199 sit
1896 1164 2111 1201 secundum
2147 1165 2384 1203 additionem
2416 1177 2500 1214 gra-

1426 1321 1532 1369 quod
1561 1328 1616 1357 est
1643 1320 1892 1370 impossibile.
1912 1343 1937 1350 -
1965 1323 2035 1360 Est
2062 1330 2192 1360 autem
2221 1323 2500 1363 attendendum

1425 1374 1541 1422 quod,
1563 1373 1658 1410 sicut
1679 1386 1758 1411 non
1787 1382 1844 1412 est
1870 1375 2068 1425 proportio
2095 1376 2228 1425 puncti
2264 1376 2315 1414 ad
2341 1377 2498 1427 lineam,

1425 1427 1475 1464 ita
1498 1426 1611 1464 etiam
1640 1439 1719 1464 non
1748 1434 1804 1464 est
1829 1428 2029 1478 proportio
2055 1428 2226 1467 instantis
2253 1430 2303 1468 ad
2321 1437 2496 1480 tempus;

1425 1479 1512 1529 quia
1540 1479 1682 1517 instans
1710 1492 1790 1518 non
1818 1488 1875 1518 est
1909 1494 1999 1531 pars
2035 1482 2232 1532 temporis.
2267 1482 2331 1520 Sic
2361 1495 2453 1532 ergo
2479 1487 2499 1514 Ρ

1424 1533 1549 1570 solum
1579 1533 1648 1570 ista
1668 1533 1762 1570 ratio
1790 1534 1996 1582 tolleretur,
2025 1535 2057 1572 si
2085 1535 2171 1584 quis
2203 1543 2366 1585 poneret
2390 1536 2498 1586 quod

1423 1586 1586 1634 gravitas
1610 1586 1758 1624 infinita
1784 1595 1960 1625 moveret
1986 1588 2024 1625 in
2053 1588 2220 1626 instanti:
2249 1589 2319 1627 sed
2345 1590 2423 1627 hoc
2441 1596 2499 1629 est

1423 1639 1669 1688 impossibile,
1690 1647 1731 1677 ut
1752 1641 1958 1689 probatum
1988 1649 2045 1678 est
2072 1641 2111 1679 in
2138 1642 2190 1679 VI
2215 1642 2411 1691 Hysic.*,
2426 1642 2497 1681 sei-

1423 1692 1508 1730 licet
1535 1694 1642 1741 quod
1670 1693 1804 1743 aliquis
1831 1701 1961 1731 motus
1989 1694 2035 1732 sit
2062 1694 2101 1732 in
2129 1694 2292 1733 instanti.

1483 1758 1540 1793 14.
1570 1746 1720 1784 Deinde
1749 1759 1836 1785 cum
1867 1747 1976 1784 dicit:
1997 1748 2072 1785 Sed
2095 1748 2222 1786 adhuc
2238 1759 2388 1786 necesse
2405 1755 2496 1798 etc„

1423 1799 1587 1836 ostendit
1605 1799 1712 1848 quod
1730 1799 1835 1837 idem
1854 1800 2130 1839 inconveniens
2149 1801 2320 1850 sequitur
2341 1801 2381 1838 in
2400 1813 2497 1851 quo·

1423 1865 1588 1902 cumque
1617 1860 1791 1902 tempore
1818 1866 2011 1903 ponamus
2047 1854 2272 1902 gravitatem
2306 1853 2496 1894 infinitam

1422 1918 1596 1953 movere,
1627 1906 1741 1943 etiam
1769 1906 1808 1944 in
1835 1914 2012 1957 tempore
2031 1919 2110 1944 non
2138 1907 2316 1946 minimo.
2343 1908 2393 1945 Et
2418 1908 2496 1948 hoc

1423 1966 1479 1996 est
1506 1959 1613 2008 quod
1641 1959 1740 2007 dicit,
1769 1961 1874 2008 quod
1901 1960 1933 1998 si
1960 1959 1999 1998 in
2028 1960 2299 2010 qualicumque
2318 1968 2495 2010 tempore

1422 2012 1550 2060 finito,
1580 2012 1694 2050 etiam
1722 2024 1802 2050 non
1830 2012 2012 2061 minimo,
2041 2013 2206 2062 gravitas
2233 2013 2382 2052 infinita
2408 2025 2495 2053 mo·

1421 2074 1487 2103 vet
1503 2066 1543 2111 *,
1573 2065 1699 2103 adhuc
1730 2077 1888 2103 necesse
1921 2074 1978 2104 est
2004 2067 2111 2115 quod
2142 2067 2182 2104 in
2213 2067 2298 2117 ipso
2317 2074 2495 2117 tempore

1421 2118 1547 2168 aliqua
1565 2119 1730 2167 gravitas
1749 2119 1855 2156 finita
1875 2127 2033 2158 moveat
2050 2132 2121 2169 per
2134 2120 2286 2159 finitum
2306 2120 2494 2170 spatium3

1421 2172 1511 2220 quia
1527 2174 1546 2194 ³¹¹
1563 2171 1631 2209 erit
1649 2172 1821 2221 accipere
1847 2185 2046 2211 excessum
2065 2173 2260 2222 gravitatis
2277 2173 2494 2214 secundum

1422 2225 1723 2262 deminutionem
1742 2225 1938 2275 temporis,
1954 2234 1996 2264 ut
2014 2226 2252 2276 praedictum
2273 2228 2372 2271 est‚*.
2387 2247 2414 2257 -
2429 2225 2495 2266 Sic

1420 2278 1530 2327 igitur
1557 2286 1660 2328 patet
1688 2279 1795 2327 quod
1813 2279 2050 2329 impossibile
2079 2287 2136 2318 est
2163 2292 2247 2318 esse
2265 2280 2492 2329 gravitatem

1420 2332 1627 2369 infinitam:
1657 2339 1694 2369 et
1722 2331 1859 2370 eadem
1888 2332 1983 2370 ratio
2012 2340 2068 2371 est
2087 2332 2136 2371 de
2163 2333 2316 2372 levitate
2334 2338 2364 2371 1.

1470 2497 1497 2530 υ)
1515 2501 1542 2523 et
1556 2498 1648 2531 primo
1666 2499 1792 2525 ostendit.
1802 2513 1822 2519 -
1835 2502 1862 2525 et
1874 2500 1968 2533 primo
1987 2500 2054 2527 dicit
2071 2501 2107 2533 1²3
2126 2501 2219 2527 eadem
2239 2509 2288 2535 pro
2300 2505 2438 2536 sequatur,
2449 2509 2491 2530 ee-

1418 2536 1524 2565 quetur,
1545 2539 1570 2559 et
1589 2540 1649 2567 post
1667 2542 1746 2560 unam
1766 2535 1810 2560 lin.
1829 2543 1878 2568 pro
1897 2539 1992 2565 movet.
2012 2539 2144 2567 movet-en·
2163 2542 2224 2571 poet
2242 2537 2313 2572 quod
2332 2538 2429 2572 pergit:
2447 2545 2491 2565 ee-

1417 2569 1505 2594 cundo
1523 2570 1640 2595 ostendit
1659 2570 1728 2596 idem
1745 2570 1931 2597 inconveniens
1942 2572 2016 2605 sequi
2030 2572 2056 2597 i'n
2070 2572 2187 2605 quolibet
2198 2576 2326 2606 ternpore,
2339 2573 2421 2599 etiam
2435 2580 2489 2600 non

1418 2604 1540 2634 minimo,
1567 2605 1593 2630 in
1615 2612 1666 2638 quo
1691 2605 1798 2639 infinita
1821 2607 1945 2640 gravitas
1963 2611 2084 2639 moveam·
2109 2608 2186 2634 codd.
2199 2616 2254 2634 cxc.
2272 2609 2296 2634 Α
2314 2617 2369 2635 om.
2386 2609 2413 2636 εἰ
2429 2614 2491 2644 poet

1418 2639 1503 2672 sequi.
1523 2645 1548 2665 et
1566 2640 1642 2666 huius
1661 2641 1748 2666 mendi
1768 2641 1787 2667 Ρ
1807 2642 1993 2668 correctionem
2012 2643 2134 2669 exhibere
2150 2644 2260 2670 videtur.

1472 2675 1499 2708 φ)
1514 2675 1559 2701 δίε
1571 2683 1667 2710 ergo...
1682 2677 1830 2703 tolleretur.
1839 2692 1862 2698 —
1872 2685 1938 2712 ergo
1951 2686 2006 2703 om.
2016 2678 2036 2704 Ρ
2041 2685 2049 2710 ;

1419 2710 1475 2735 Lin.
1490 2718 1546 2744 seq.
1561 2719 1608 2745 pro
1627 2712 1674 2738 sed
1691 2712 1741 2738 hoc
1759 2715 1813 2741 est.
1832 2714 1904 2747 quod
1921 2716 1961 2740 eet
1980 2714 2008 2740 Ρ.

1471 2747 1500 2780 y)
1519 2750 1545 2772 et
1563 2747 1654 2772 eadem
1674 2748 1745 2773 ratto
1763 2751 1804 2774 est
1822 2749 1855 2774 de
1869 2749 1986 2775 levitate.
2000 2764 2018 2769 -
2031 2750 2099 2775 Huic
2113 2750 2171 2776 edd.
2186 2751 2221 2776 P:
2239 2751 2340 2777 scilieet
2351 2750 2425 2785 quod
2436 2750 2486 2778 in·

1415 2782 1540 2813 possibile
1557 2786 1597 2808 est
1614 2790 1670 2808 esse
1694 2783 1829 2810 levitatem
1854 2784 2002 2819 infinitam:
2019 2785 2053 2811 cf.
2071 2784 2151 2812 finem
2170 2786 2229 2812 lect.
2242 2793 2304 2813 ππ.

847 3072 1474 3179 ——ax-*Qffiff
1486 3113 1515 3141 ,κ

2538 694 2685 725 ·πιέ·Μ,

2537 728 2621 745 exca-

1426 1215 1560 1262 vitatis,
1578 1222 1759 1263 sequetur
1777 1215 1883 1264 quod
1901 1216 2067 1264 gravitas
2087 1217 2116 1254 F
2133 1218 2170 1257 *,
2191 1230 2292 1266 quae
2308 1225 2366 1256 est
2378 1218 2498 1267 finita,
2528 1223 2540 1234 ‘
2552 1222 2671 1248 W?
2689 1229 2747 1265 ⁰⁸?-

1426 1275 1582 1305 moveat
1600 1267 1639 1304 in
1659 1267 1799 1305 eodem
1822 1275 1998 1318 tempore
2020 1282 2108 1306 cum
2129 1270 2312 1318 gravitate
2331 1270 2498 1310 infinitat

2527 1252 2606 1278 nm..

2616 1493 2650 1522 Ω,
2677 1510 2682 1514 .
2708 1511 2726 1524 s.
2743 1505 2753 1512 ›

2523 1645 2695 1699 §.Cam-ua·
2706 1646 2739 1704 {t

2523 1705 2547 1722 n.
2562 1699 2587 1723 8.

2519 2080 2687 2105 ’mn

2519 2171 2759 2232 Σειοαοοιιιιιέ

2520 2236 2531 2247 ·
2545 2235 2619 2260 Nun.
2631 2241 2660 2261 n.

2613 2348 2634 2376 χ

2063 2686 2112 2712 pro
2124 2679 2271 2711 tolleretur,
2286 2680 2396 2706 tolletur
2408 2679 2490 2708 DE.—
2518 2716 2529 2721 -
