<?xml version="1.0" encoding="UTF-8"?>
<!DOCTYPE html PUBLIC "-//W3C//DTD XHTML 1.0 Transitional//EN"
    "http://www.w3.org/TR/xhtml1/DTD/xhtml1-transitional.dtd">
<html xmlns="http://www.w3.org/1999/xhtml" xml:lang="en" lang="en">
 <head>
  <title>
</title>
<meta http-equiv="Content-Type" content="text/html;charset=utf-8" />
  <meta name='ocr-system' content='tesseract 3.04.00' />
  <meta name='ocr-capabilities' content='ocr_page ocr_carea ocr_par ocr_line ocrx_word'/>
</head>
<body>
  <div class='ocr_page' id='page_1' title='image "./operaomniaiussui03thom_0348.png"; bbox 0 0 2782 4134; ppageno 0'>
   <div class='ocr_carea' id='block_1_1' title="bbox 158 2976 366 3004">
    <p class='ocr_par' dir='ltr' id='par_1_1' title="bbox 158 2976 366 3004">
     <span class='ocr_line' id='line_1_1' title="bbox 158 2976 366 3004; baseline 0 -6"><span class='ocrx_word' id='word_1_1' title='bbox 158 2978 167 2986; x_wconf 84' lang='lat'><strong>‘</strong></span> <span class='ocrx_word' id='word_1_2' title='bbox 183 2976 331 3004; x_wconf 63' lang='lat' dir='ltr'><strong>differentias</strong></span> <span class='ocrx_word' id='word_1_3' title='bbox 344 2983 366 2998; x_wconf 75' lang='grc' dir='ltr'><strong>Α.</strong></span> 
     </span>
    </p>
   </div>
   <div class='ocr_carea' id='block_1_2' title="bbox 160 3077 367 3125">
    <p class='ocr_par' dir='ltr' id='par_1_2' title="bbox 160 3077 367 3125">
     <span class='ocr_line' id='line_1_2' title="bbox 160 3077 367 3125; baseline 0 -27"><span class='ocrx_word' id='word_1_4' title='bbox 160 3077 219 3125; x_wconf 51' lang='grc' dir='ltr'><strong>ἔιίζιί.</strong></span> <span class='ocrx_word' id='word_1_5' title='bbox 229 3077 281 3099; x_wconf 79' lang='lat' dir='ltr'><strong>lect.</strong></span> <span class='ocrx_word' id='word_1_6' title='bbox 292 3083 367 3104; x_wconf 83' lang='lat' dir='ltr'><strong>praec.</strong></span> 
     </span>
    </p>
   </div>
   <div class='ocr_carea' id='block_1_3' title="bbox 254 3188 271 3204">
    <p class='ocr_par' dir='ltr' id='par_1_3' title="bbox 254 3188 271 3204">
     <span class='ocr_line' id='line_1_3' title="bbox 254 3188 271 3204; baseline 0 0"><span class='ocrx_word' id='word_1_7' title='bbox 254 3188 271 3204; x_wconf 77' lang='grc' dir='ltr'>α</span> 
     </span>
    </p>
   </div>
   <div class='ocr_carea' id='block_1_4' title="bbox 159 3234 311 3256">
    <p class='ocr_par' dir='ltr' id='par_1_4' title="bbox 159 3234 311 3256">
     <span class='ocr_line' id='line_1_4' title="bbox 159 3234 311 3256; baseline 0 0"><span class='ocrx_word' id='word_1_8' title='bbox 159 3236 168 3245; x_wconf 85' lang='grc'>·</span> <span class='ocrx_word' id='word_1_9' title='bbox 186 3234 250 3256; x_wconf 80' lang='lat' dir='ltr'><strong>Lect.</strong></span> <span class='ocrx_word' id='word_1_10' title='bbox 265 3241 311 3256; x_wconf 84' lang='lat' dir='ltr'><strong>x1v.</strong></span> 
     </span>
    </p>
   </div>
   <div class='ocr_carea' id='block_1_5' title="bbox 113 3339 316 3368">
    <p class='ocr_par' dir='ltr' id='par_1_5' title="bbox 113 3339 316 3368">
     <span class='ocr_line' id='line_1_5' title="bbox 113 3339 316 3368; baseline 0 -6"><span class='ocrx_word' id='word_1_11' title='bbox 113 3341 119 3347; x_wconf 74' lang='lat'>⁶</span> <span class='ocrx_word' id='word_1_12' title='bbox 157 3341 167 3350; x_wconf 73' lang='lat'>⁸</span> <span class='ocrx_word' id='word_1_13' title='bbox 184 3339 254 3362; x_wconf 87' lang='lat' dir='ltr'><strong>Num.</strong></span> <span class='ocrx_word' id='word_1_14' title='bbox 267 3347 316 3368; x_wconf 80' lang='lat' dir='ltr'><strong>seq.</strong></span> 
     </span>
    </p>
   </div>
   <div class='ocr_carea' id='block_1_6' title="bbox 398 244 475 316">
    <p class='ocr_par' dir='ltr' id='par_1_6' title="bbox 398 244 475 316">
     <span class='ocr_line' id='line_1_6' title="bbox 398 244 475 316; baseline 0 -10"><span class='ocrx_word' id='word_1_15' title='bbox 398 244 475 316; x_wconf 43' lang='lat'><strong>304</strong></span> 
     </span>
    </p>
   </div>
   <div class='ocr_carea' id='block_1_7' title="bbox 907 267 2079 308">
    <p class='ocr_par' dir='ltr' id='par_1_7' title="bbox 907 267 2079 308">
     <span class='ocr_line' id='line_1_7' title="bbox 907 267 2079 308; baseline -0.003 -1"><span class='ocrx_word' id='word_1_16' title='bbox 907 271 979 307; x_wconf 93' lang='lat' dir='ltr'><strong>DE</strong></span> <span class='ocrx_word' id='word_1_17' title='bbox 1010 269 1398 307; x_wconf 89' lang='lat' dir='ltr'><strong>GENERATIONE</strong></span> <span class='ocrx_word' id='word_1_18' title='bbox 1427 269 1498 305; x_wconf 94' lang='lat' dir='ltr'><strong>ET</strong></span> <span class='ocrx_word' id='word_1_19' title='bbox 1528 267 1911 305; x_wconf 87' lang='lat' dir='ltr'><strong>CORRUPTIONE</strong></span> <span class='ocrx_word' id='word_1_20' title='bbox 1940 268 2034 308; x_wconf 92' lang='lat' dir='ltr'><strong>LIB.</strong></span> <span class='ocrx_word' id='word_1_21' title='bbox 2065 268 2079 303; x_wconf 96' lang='grc' dir='ltr'>Ι</span> 
     </span>
    </p>
   </div>
   <div class='ocr_carea' id='block_1_8' title="bbox 1080 441 1903 540">
    <p class='ocr_par' dir='ltr' id='par_1_8' title="bbox 1080 441 1903 540">
     <span class='ocr_line' id='line_1_8' title="bbox 1080 441 1903 540; baseline 0 0"><span class='ocrx_word' id='word_1_22' title='bbox 1080 441 1380 540; x_wconf 66' lang='lat' dir='ltr'><strong>LEc‘rIO</strong></span> <span class='ocrx_word' id='word_1_23' title='bbox 1418 483 1903 540; x_wconf 87' lang='lat' dir='ltr'><strong>DUODECIMA</strong></span> 
     </span>
    </p>
   </div>
   <div class='ocr_carea' id='block_1_9' title="bbox 415 643 2575 792">
    <p class='ocr_par' dir='ltr' id='par_1_9' title="bbox 415 643 2575 792">
     <span class='ocr_line' id='line_1_9' title="bbox 415 643 2575 686; baseline -0 -8"><span class='ocrx_word' id='word_1_24' title='bbox 415 646 664 678; x_wconf 91' lang='lat' dir='ltr'><strong>SUBIECTUM</strong></span> <span class='ocrx_word' id='word_1_25' title='bbox 689 645 811 683; x_wconf 93' lang='lat' dir='ltr'><strong>QUOD</strong></span> <span class='ocrx_word' id='word_1_26' title='bbox 835 644 1045 675; x_wconf 92' lang='lat' dir='ltr'><strong>AUGETUR</strong></span> <span class='ocrx_word' id='word_1_27' title='bbox 1068 643 1160 674; x_wconf 91' lang='lat' dir='ltr'><strong>NON</strong></span> <span class='ocrx_word' id='word_1_28' title='bbox 1183 643 1284 674; x_wconf 91' lang='lat' dir='ltr'><strong>ESSE</strong></span> <span class='ocrx_word' id='word_1_29' title='bbox 1307 643 1487 680; x_wconf 87' lang='lat' dir='ltr'><strong>ALIQUID</strong></span> <span class='ocrx_word' id='word_1_30' title='bbox 1506 643 1629 676; x_wconf 87' lang='lat' dir='ltr'><strong>ACTU</strong></span> <span class='ocrx_word' id='word_1_31' title='bbox 1653 644 1969 677; x_wconf 90' lang='lat' dir='ltr'><strong>INCORPOREUM</strong></span> <span class='ocrx_word' id='word_1_32' title='bbox 1987 647 2046 677; x_wconf 91' lang='lat' dir='ltr'><strong>ET</strong></span> <span class='ocrx_word' id='word_1_33' title='bbox 2064 645 2370 677; x_wconf 90' lang='lat' dir='ltr'><strong>MAGNITUDINE</strong></span> <span class='ocrx_word' id='word_1_34' title='bbox 2390 645 2575 686; x_wconf 87' lang='lat' dir='ltr'><strong>CARENS,</strong></span> 
     </span>
     <span class='ocr_line' id='line_1_10' title="bbox 509 699 2487 744; baseline 0 -10"><span class='ocrx_word' id='word_1_35' title='bbox 509 702 786 734; x_wconf 88' lang='lat' dir='ltr'><strong>OSTENDITUR</strong></span> <span class='ocrx_word' id='word_1_36' title='bbox 809 701 1002 732; x_wconf 90' lang='lat' dir='ltr'><strong>RATIONE</strong></span> <span class='ocrx_word' id='word_1_37' title='bbox 1026 699 1230 731; x_wconf 90' lang='lat' dir='ltr'><strong>ACCEPTA</strong></span> <span class='ocrx_word' id='word_1_38' title='bbox 1252 700 1311 731; x_wconf 92' lang='lat' dir='ltr'><strong>EX</strong></span> <span class='ocrx_word' id='word_1_39' title='bbox 1333 700 1476 731; x_wconf 87' lang='lat' dir='ltr'><strong>PARTE</strong></span> <span class='ocrx_word' id='word_1_40' title='bbox 1499 701 1737 741; x_wconf 83' lang='lat' dir='ltr'><strong>MATERIAE,</strong></span> <span class='ocrx_word' id='word_1_41' title='bbox 1761 702 1842 734; x_wconf 91' lang='lat' dir='ltr'><strong>SEU</strong></span> <span class='ocrx_word' id='word_1_42' title='bbox 1865 703 2062 735; x_wconf 87' lang='lat' dir='ltr'><strong>SUBIECTI</strong></span> <span class='ocrx_word' id='word_1_43' title='bbox 2087 703 2216 735; x_wconf 90' lang='lat' dir='ltr'>IPSIUS</span> <span class='ocrx_word' id='word_1_44' title='bbox 2239 703 2487 744; x_wconf 89' lang='lat' dir='ltr'><strong>AUGMENTI,</strong></span> 
     </span>
     <span class='ocr_line' id='line_1_11' title="bbox 989 757 1999 792; baseline 0.004 -5"><span class='ocrx_word' id='word_1_45' title='bbox 989 757 1138 788; x_wconf 89' lang='lat' dir='ltr'><strong>PROUT</strong></span> <span class='ocrx_word' id='word_1_46' title='bbox 1161 757 1217 788; x_wconf 91' lang='lat' dir='ltr'><strong>AB</strong></span> <span class='ocrx_word' id='word_1_47' title='bbox 1241 757 1334 789; x_wconf 85' lang='lat' dir='ltr'><strong>IPSO</strong></span> <span class='ocrx_word' id='word_1_48' title='bbox 1358 757 1636 790; x_wconf 89' lang='lat' dir='ltr'><strong>PHILOSOPHO</strong></span> <span class='ocrx_word' id='word_1_49' title='bbox 1661 758 1999 792; x_wconf 88' lang='lat' dir='ltr'><strong>CONSIDERATUR</strong></span> 
     </span>
    </p>
   </div>
   <div class='ocr_carea' id='block_1_10' title="bbox 398 895 2769 947">
    <p class='ocr_par' dir='ltr' id='par_1_10' title="bbox 398 895 2769 947">
     <span class='ocr_line' id='line_1_12' title="bbox 398 895 2769 947; baseline 0 -13"><span class='ocrx_word' id='word_1_50' title='bbox 398 904 472 947; x_wconf 77' lang='grc' dir='ltr'>Περὶ</span> <span class='ocrx_word' id='word_1_51' title='bbox 497 896 534 932; x_wconf 76' lang='grc' dir='ltr'><strong>δὲ</strong></span> <span class='ocrx_word' id='word_1_52' title='bbox 560 899 576 931; x_wconf 85' lang='grc' dir='ltr'>ὅ</span> <span class='ocrx_word' id='word_1_53' title='bbox 602 901 692 931; x_wconf 78' lang='grc' dir='ltr'>ἐστιν</span> <span class='ocrx_word' id='word_1_54' title='bbox 718 899 739 934; x_wconf 76' lang='grc' dir='ltr'><strong>’ἦ</strong></span> <span class='ocrx_word' id='word_1_55' title='bbox 766 897 945 942; x_wconf 64' lang='grc' dir='ltr'><strong>μεταβολή</strong></span> <span class='ocrx_word' id='word_1_56' title='bbox 962 898 983 934; x_wconf 74' lang='grc' dir='ltr'>ἦ</span> <span class='ocrx_word' id='word_1_57' title='bbox 1001 898 1066 935; x_wconf 78' lang='grc' dir='ltr'><strong>τῆς</strong></span> <span class='ocrx_word' id='word_1_58' title='bbox 1084 895 1260 938; x_wconf 68' lang='grc' dir='ltr'><strong>αὐξήσεως</strong></span> <span class='ocrx_word' id='word_1_59' title='bbox 1284 898 1342 927; x_wconf 72' lang='grc' dir='ltr'><strong>καὶ</strong></span> <span class='ocrx_word' id='word_1_60' title='bbox 1361 897 1382 932; x_wconf 77' lang='grc' dir='ltr'><strong>’ἦ</strong></span> <span class='ocrx_word' id='word_1_61' title='bbox 1402 897 1463 934; x_wconf 78' lang='grc' dir='ltr'><strong>τῆς</strong></span> <span class='ocrx_word' id='word_1_62' title='bbox 1520 900 1538 920; x_wconf 83' lang='grc'><em>*</em></span> <span class='ocrx_word' id='word_1_63' title='bbox 1561 902 1652 933; x_wconf 87' lang='lat' dir='ltr'><strong>Circa</strong></span> <span class='ocrx_word' id='word_1_64' title='bbox 1675 902 1754 943; x_wconf 93' lang='lat' dir='ltr'><strong>quid</strong></span> <span class='ocrx_word' id='word_1_65' title='bbox 1770 909 1878 934; x_wconf 89' lang='lat' dir='ltr'><strong>autem</strong></span> <span class='ocrx_word' id='word_1_66' title='bbox 1892 910 1938 935; x_wconf 87' lang='lat' dir='ltr'><strong>est</strong></span> <span class='ocrx_word' id='word_1_67' title='bbox 1960 903 2182 935; x_wconf 81' lang='lat' dir='ltr'>transmutatio</span> <span class='ocrx_word' id='word_1_68' title='bbox 2202 902 2469 944; x_wconf 83' lang='lat' dir='ltr'><strong>augmentationis</strong></span> <span class='ocrx_word' id='word_1_69' title='bbox 2493 909 2524 935; x_wconf 88' lang='lat' dir='ltr'><strong>et</strong></span> <span class='ocrx_word' id='word_1_70' title='bbox 2539 903 2591 934; x_wconf 92' lang='lat' dir='ltr'><strong>de·</strong></span> <span class='ocrx_word' id='word_1_71' title='bbox 2619 912 2629 921; x_wconf 90' lang='lat'><strong>·</strong></span> <span class='ocrx_word' id='word_1_72' title='bbox 2644 910 2701 939; x_wconf 76' lang='lat' dir='ltr'><strong>seq·</strong></span> <span class='ocrx_word' id='word_1_73' title='bbox 2716 917 2769 940; x_wconf 69' lang='grc' dir='ltr'><strong>σιμ.</strong></span> 
     </span>
    </p>
   </div>
   <div class='ocr_carea' id='block_1_11' title="bbox 387 936 1468 2098">
    <p class='ocr_par' dir='ltr' id='par_1_11' title="bbox 464 936 1465 1032">
     <span class='ocr_line' id='line_1_13' title="bbox 466 936 1465 989; baseline -0.004 -13"><span class='ocrx_word' id='word_1_74' title='bbox 466 944 603 989; x_wconf 85' lang='grc' dir='ltr'>φθίσεως</span> <span class='ocrx_word' id='word_1_75' title='bbox 629 945 721 986; x_wconf 82' lang='grc' dir='ltr'>(περὶ</span> <span class='ocrx_word' id='word_1_76' title='bbox 746 941 885 988; x_wconf 80' lang='grc' dir='ltr'>μέγεθος</span> <span class='ocrx_word' id='word_1_77' title='bbox 911 936 949 973; x_wconf 76' lang='grc' dir='ltr'><strong>δὲ</strong></span> <span class='ocrx_word' id='word_1_78' title='bbox 974 938 1068 974; x_wconf 78' lang='grc' dir='ltr'>δοκεῖ</span> <span class='ocrx_word' id='word_1_79' title='bbox 1091 939 1179 974; x_wconf 81' lang='grc' dir='ltr'>εἶναι</span> <span class='ocrx_word' id='word_1_80' title='bbox 1196 941 1237 974; x_wconf 83' lang='grc' dir='ltr'><strong>τὸ</strong></span> <span class='ocrx_word' id='word_1_81' title='bbox 1256 939 1465 981; x_wconf 73' lang='grc' dir='ltr'>αὐξάνεσθαι</span> 
     </span>
     <span class='ocr_line' id='line_1_14' title="bbox 464 987 1299 1032; baseline -0.006 -11"><span class='ocrx_word' id='word_1_82' title='bbox 464 991 523 1021; x_wconf 81' lang='grc' dir='ltr'><strong>καὶ</strong></span> <span class='ocrx_word' id='word_1_83' title='bbox 547 987 687 1032; x_wconf 84' lang='grc' dir='ltr'>φθίνειν)</span> <span class='ocrx_word' id='word_1_84' title='bbox 1289 1000 1299 1007; x_wconf 86' lang='grc'><em>·</em></span> 
     </span>
    </p>

    <p class='ocr_par' dir='ltr' id='par_1_12' title="bbox 399 1026 1468 1307">
     <span class='ocr_line' id='line_1_15' title="bbox 399 1026 1466 1078; baseline -0.005 -11"><span class='ocrx_word' id='word_1_85' title='bbox 399 1033 548 1078; x_wconf 80' lang='grc' dir='ltr'>ποτέρως</span> <span class='ocrx_word' id='word_1_86' title='bbox 575 1030 808 1071; x_wconf 84' lang='grc' dir='ltr'>ὑποληπτέον,</span> <span class='ocrx_word' id='word_1_87' title='bbox 828 1029 972 1074; x_wconf 85' lang='grc' dir='ltr'>πότερον</span> <span class='ocrx_word' id='word_1_88' title='bbox 999 1031 1034 1062; x_wconf 81' lang='grc' dir='ltr'><strong>ἐκ</strong></span> <span class='ocrx_word' id='word_1_89' title='bbox 1059 1026 1200 1074; x_wconf 79' lang='grc' dir='ltr'>δυνάμει</span> <span class='ocrx_word' id='word_1_90' title='bbox 1224 1029 1283 1073; x_wconf 82' lang='grc' dir='ltr'>μὲν</span> <span class='ocrx_word' id='word_1_91' title='bbox 1307 1028 1466 1074; x_wconf 85' lang='grc' dir='ltr'>μεγέθους</span> 
     </span>
     <span class='ocr_line' id='line_1_16' title="bbox 462 1069 1468 1121; baseline -0.003 -12"><span class='ocrx_word' id='word_1_92' title='bbox 462 1080 521 1109; x_wconf 79' lang='grc' dir='ltr'><strong>καὶ</strong></span> <span class='ocrx_word' id='word_1_93' title='bbox 546 1076 724 1120; x_wconf 81' lang='grc' dir='ltr'>σώματος,</span> <span class='ocrx_word' id='word_1_94' title='bbox 759 1074 953 1120; x_wconf 74' lang='grc' dir='ltr'>ἐντελεχείᾳ</span> <span class='ocrx_word' id='word_1_95' title='bbox 978 1069 1008 1106; x_wconf 78' lang='grc' dir='ltr'><strong>δ’</strong></span> <span class='ocrx_word' id='word_1_96' title='bbox 1038 1074 1224 1119; x_wconf 71' lang='grc' dir='ltr'>ἀσωμάτου</span> <span class='ocrx_word' id='word_1_97' title='bbox 1255 1074 1314 1105; x_wconf 85' lang='grc' dir='ltr'><strong>καὶ</strong></span> <span class='ocrx_word' id='word_1_98' title='bbox 1345 1076 1366 1108; x_wconf 87' lang='grc' dir='ltr'><strong>ἀ</strong></span> <span class='ocrx_word' id='word_1_99' title='bbox 1394 1075 1468 1121; x_wconf 80' lang='grc' dir='ltr'>εγέ-</span> 
     </span>
     <span class='ocr_line' id='line_1_17' title="bbox 464 1085 1463 1167; baseline -0.001 -14"><span class='ocrx_word' id='word_1_100' title='bbox 464 1121 538 1159; x_wconf 85' lang='grc' dir='ltr'>θους</span> <span class='ocrx_word' id='word_1_101' title='bbox 563 1119 714 1167; x_wconf 85' lang='grc' dir='ltr'>γίνεσθαι</span> <span class='ocrx_word' id='word_1_102' title='bbox 739 1120 836 1164; x_wconf 83' lang='grc' dir='ltr'>σῶμα</span> <span class='ocrx_word' id='word_1_103' title='bbox 860 1120 918 1151; x_wconf 80' lang='grc' dir='ltr'><strong>καὶ</strong></span> <span class='ocrx_word' id='word_1_104' title='bbox 943 1118 1097 1166; x_wconf 79' lang='grc' dir='ltr'>μέγεθος,</span> <span class='ocrx_word' id='word_1_105' title='bbox 1123 1121 1181 1150; x_wconf 83' lang='grc' dir='ltr'><strong>καὶ</strong></span> <span class='ocrx_word' id='word_1_106' title='bbox 1208 1117 1335 1150; x_wconf 90' lang='grc' dir='ltr'>τούτου</span> <span class='ocrx_word' id='word_1_107' title='bbox 1361 1085 1463 1165; x_wconf 49' lang='lat' dir='ltr'><strong>§li-2635</strong></span> 
     </span>
     <span class='ocr_line' id='line_1_18' title="bbox 465 1161 1462 1211; baseline -0.002 -14"><span class='ocrx_word' id='word_1_108' title='bbox 465 1161 684 1211; x_wconf 81' lang='grc' dir='ltr'>ἐνδεχομένου</span> <span class='ocrx_word' id='word_1_109' title='bbox 717 1163 851 1210; x_wconf 77' lang='grc' dir='ltr'>λέγειν,</span> <span class='ocrx_word' id='word_1_110' title='bbox 882 1163 1032 1209; x_wconf 85' lang='grc' dir='ltr'>ποτέρως</span> <span class='ocrx_word' id='word_1_111' title='bbox 1065 1165 1086 1200; x_wconf 78' lang='grc' dir='ltr'>ἡ</span> <span class='ocrx_word' id='word_1_112' title='bbox 1117 1162 1256 1204; x_wconf 80' lang='grc' dir='ltr'>αὔξησις</span> <span class='ocrx_word' id='word_1_113' title='bbox 1286 1165 1462 1210; x_wconf 81' lang='grc' dir='ltr'>γίγνεται;</span> 
     </span>
     <span class='ocr_line' id='line_1_19' title="bbox 463 1207 1463 1254; baseline -0.003 -12"><span class='ocrx_word' id='word_1_114' title='bbox 463 1210 606 1254; x_wconf 85' lang='grc' dir='ltr'>πότερον</span> <span class='ocrx_word' id='word_1_115' title='bbox 639 1209 676 1241; x_wconf 75' lang='grc' dir='ltr'><strong>ἐκ</strong></span> <span class='ocrx_word' id='word_1_116' title='bbox 710 1208 955 1253; x_wconf 80' lang='grc' dir='ltr'>κεχωρισμένης</span> <span class='ocrx_word' id='word_1_117' title='bbox 995 1208 1105 1246; x_wconf 78' lang='grc' dir='ltr'>αὑτῆς</span> <span class='ocrx_word' id='word_1_118' title='bbox 1140 1207 1215 1240; x_wconf 79' lang='grc' dir='ltr'><strong>καθ’</strong></span> <span class='ocrx_word' id='word_1_119' title='bbox 1249 1209 1360 1244; x_wconf 73' lang='grc' dir='ltr'>αὑτὴν</span> <span class='ocrx_word' id='word_1_120' title='bbox 1400 1210 1463 1247; x_wconf 76' lang='grc' dir='ltr'><strong>τῆς</strong></span> 
     </span>
     <span class='ocr_line' id='line_1_20' title="bbox 464 1252 1238 1307; baseline -0.003 -21"><span class='ocrx_word' id='word_1_121' title='bbox 464 1254 557 1295; x_wconf 82' lang='grc' dir='ltr'>ὕλης,</span> <span class='ocrx_word' id='word_1_122' title='bbox 583 1253 604 1291; x_wconf 71' lang='grc' dir='ltr'><strong>ἢ</strong></span> <span class='ocrx_word' id='word_1_123' title='bbox 630 1252 884 1307; x_wconf 52' lang='grc' dir='ltr'>ἐνυπαρχούσης</span> <span class='ocrx_word' id='word_1_124' title='bbox 909 1252 942 1286; x_wconf 74' lang='grc' dir='ltr'>ἐν</span> <span class='ocrx_word' id='word_1_125' title='bbox 968 1253 1058 1294; x_wconf 79' lang='grc' dir='ltr'>ἄλλῳ</span> <span class='ocrx_word' id='word_1_126' title='bbox 1083 1252 1238 1298; x_wconf 78' lang='grc' dir='ltr'>σωματι;</span> 
     </span>
    </p>

    <p class='ocr_par' dir='ltr' id='par_1_13' title="bbox 396 1295 1465 1564">
     <span class='ocr_line' id='line_1_21' title="bbox 396 1295 1465 1343; baseline -0.003 -10"><span class='ocrx_word' id='word_1_127' title='bbox 396 1299 417 1337; x_wconf 69' lang='grc' dir='ltr'>ἦ</span> <span class='ocrx_word' id='word_1_128' title='bbox 444 1295 616 1333; x_wconf 74' lang='grc' dir='ltr'>ἀδύνατον</span> <span class='ocrx_word' id='word_1_129' title='bbox 643 1299 854 1342; x_wconf 71' lang='grc' dir='ltr'>ἀμφοτέρως.</span> <span class='ocrx_word' id='word_1_130' title='bbox 891 1298 1048 1342; x_wconf 75' lang='grc' dir='ltr'>Χωριστή</span> <span class='ocrx_word' id='word_1_131' title='bbox 1074 1297 1133 1342; x_wconf 76' lang='grc' dir='ltr'>μὲν</span> <span class='ocrx_word' id='word_1_132' title='bbox 1158 1297 1224 1343; x_wconf 80' lang='grc' dir='ltr'>γοὶρ</span> <span class='ocrx_word' id='word_1_133' title='bbox 1251 1295 1337 1330; x_wconf 74' lang='grc' dir='ltr'>οὖσα</span> <span class='ocrx_word' id='word_1_134' title='bbox 1362 1297 1383 1335; x_wconf 76' lang='grc' dir='ltr'>ἦ</span> <span class='ocrx_word' id='word_1_135' title='bbox 1411 1298 1465 1330; x_wconf 84' lang='grc' dir='ltr'>οὑ-</span> 
     </span>
     <span class='ocr_line' id='line_1_22' title="bbox 462 1339 1463 1388; baseline -0.002 -12"><span class='ocrx_word' id='word_1_136' title='bbox 462 1339 545 1376; x_wconf 76' lang='grc' dir='ltr'>δένα</span> <span class='ocrx_word' id='word_1_137' title='bbox 569 1341 703 1383; x_wconf 78' lang='grc' dir='ltr'>καθέξει</span> <span class='ocrx_word' id='word_1_138' title='bbox 721 1341 842 1383; x_wconf 83' lang='grc' dir='ltr'>τόπον,</span> <span class='ocrx_word' id='word_1_139' title='bbox 863 1340 883 1378; x_wconf 83' lang='grc' dir='ltr'>ἦ</span> <span class='ocrx_word' id='word_1_140' title='bbox 902 1343 970 1375; x_wconf 83' lang='grc' dir='ltr'>οἷον</span> <span class='ocrx_word' id='word_1_141' title='bbox 989 1341 1120 1388; x_wconf 78' lang='grc' dir='ltr'>στιγμή</span> <span class='ocrx_word' id='word_1_142' title='bbox 1142 1353 1194 1379; x_wconf 84' lang='grc' dir='ltr'><strong>τις</strong></span> <span class='ocrx_word' id='word_1_143' title='bbox 1211 1339 1232 1378; x_wconf 76' lang='grc' dir='ltr'>ἦ</span> <span class='ocrx_word' id='word_1_144' title='bbox 1249 1342 1345 1373; x_wconf 76' lang='grc' dir='ltr'>κενὸν</span> <span class='ocrx_word' id='word_1_145' title='bbox 1364 1342 1463 1375; x_wconf 83' lang='grc' dir='ltr'>ἔσται</span> 
     </span>
     <span class='ocr_line' id='line_1_23' title="bbox 463 1383 1464 1432; baseline -0.002 -12"><span class='ocrx_word' id='word_1_146' title='bbox 463 1387 484 1425; x_wconf 75' lang='grc' dir='ltr'>ἦ</span> <span class='ocrx_word' id='word_1_147' title='bbox 510 1388 607 1432; x_wconf 83' lang='grc' dir='ltr'>σῶμα</span> <span class='ocrx_word' id='word_1_148' title='bbox 635 1388 694 1419; x_wconf 84' lang='grc' dir='ltr'>οὑκ.</span> <span class='ocrx_word' id='word_1_149' title='bbox 724 1385 903 1424; x_wconf 79' lang='grc' dir='ltr'>αἰσθητόν.</span> <span class='ocrx_word' id='word_1_150' title='bbox 943 1386 1081 1419; x_wconf 79' lang='grc' dir='ltr'>Τούτων</span> <span class='ocrx_word' id='word_1_151' title='bbox 1114 1383 1151 1418; x_wconf 79' lang='grc' dir='ltr'><strong>δὲ</strong></span> <span class='ocrx_word' id='word_1_152' title='bbox 1178 1386 1219 1418; x_wconf 76' lang='grc' dir='ltr'><strong>τὸ</strong></span> <span class='ocrx_word' id='word_1_153' title='bbox 1243 1386 1303 1429; x_wconf 80' lang='grc' dir='ltr'>μὲν</span> <span class='ocrx_word' id='word_1_154' title='bbox 1330 1385 1390 1419; x_wconf 78' lang='grc' dir='ltr'>οὐκ</span> <span class='ocrx_word' id='word_1_155' title='bbox 1415 1387 1464 1419; x_wconf 80' lang='grc' dir='ltr'>ἑν-</span> 
     </span>
     <span class='ocr_line' id='line_1_24' title="bbox 462 1426 1462 1478; baseline 0 -14"><span class='ocrx_word' id='word_1_156' title='bbox 462 1429 619 1478; x_wconf 75' lang='grc' dir='ltr'>δέχεται,</span> <span class='ocrx_word' id='word_1_157' title='bbox 638 1432 680 1464; x_wconf 80' lang='grc' dir='ltr'><strong>τὸ</strong></span> <span class='ocrx_word' id='word_1_158' title='bbox 697 1426 735 1463; x_wconf 75' lang='grc' dir='ltr'><strong>δὲ</strong></span> <span class='ocrx_word' id='word_1_159' title='bbox 753 1432 941 1477; x_wconf 80' lang='grc' dir='ltr'>ἀναγκαῖον</span> <span class='ocrx_word' id='word_1_160' title='bbox 969 1431 1001 1463; x_wconf 85' lang='grc' dir='ltr'>’ἑν</span> <span class='ocrx_word' id='word_1_161' title='bbox 1028 1442 1094 1463; x_wconf 81' lang='grc' dir='ltr'>τινι</span> <span class='ocrx_word' id='word_1_162' title='bbox 1112 1428 1216 1462; x_wconf 82' lang='grc' dir='ltr'>εἶναι·</span> <span class='ocrx_word' id='word_1_163' title='bbox 1246 1429 1298 1463; x_wconf 80' lang='grc' dir='ltr'>ἀεὶ</span> <span class='ocrx_word' id='word_1_164' title='bbox 1314 1431 1379 1477; x_wconf 82' lang='grc' dir='ltr'>γοίρ</span> <span class='ocrx_word' id='word_1_165' title='bbox 1398 1444 1462 1464; x_wconf 92' lang='grc' dir='ltr'><strong>που</strong></span> 
     </span>
     <span class='ocr_line' id='line_1_25' title="bbox 463 1474 1458 1523; baseline -0.002 -13"><span class='ocrx_word' id='word_1_166' title='bbox 463 1477 564 1510; x_wconf 83' lang='grc' dir='ltr'>ἔσται</span> <span class='ocrx_word' id='word_1_167' title='bbox 586 1477 628 1508; x_wconf 75' lang='grc' dir='ltr'><strong>τό</strong></span> <span class='ocrx_word' id='word_1_168' title='bbox 645 1476 842 1523; x_wconf 83' lang='grc' dir='ltr'>γιγνόμενον</span> <span class='ocrx_word' id='word_1_169' title='bbox 862 1475 896 1516; x_wconf 80' lang='grc' dir='ltr'><strong>ἐξ</strong></span> <span class='ocrx_word' id='word_1_170' title='bbox 916 1476 1040 1517; x_wconf 82' lang='grc' dir='ltr'>αὐτοῦ,</span> <span class='ocrx_word' id='word_1_171' title='bbox 1059 1474 1147 1508; x_wconf 75' lang='grc' dir='ltr'>ὥστε</span> <span class='ocrx_word' id='word_1_172' title='bbox 1171 1475 1322 1517; x_wconf 79' lang='grc' dir='ltr'>κάκεῖνο,</span> <span class='ocrx_word' id='word_1_173' title='bbox 1342 1475 1363 1512; x_wconf 83' lang='grc' dir='ltr'>ἦ</span> <span class='ocrx_word' id='word_1_174' title='bbox 1383 1475 1458 1509; x_wconf 81' lang='grc' dir='ltr'>καθ’</span> 
     </span>
     <span class='ocr_line' id='line_1_26' title="bbox 464 1519 969 1564; baseline -0.006 -10"><span class='ocrx_word' id='word_1_175' title='bbox 464 1521 553 1554; x_wconf 82' lang='grc' dir='ltr'>αὑτὸ</span> <span class='ocrx_word' id='word_1_176' title='bbox 578 1520 599 1558; x_wconf 83' lang='grc' dir='ltr'>ἧ</span> <span class='ocrx_word' id='word_1_177' title='bbox 623 1521 720 1554; x_wconf 80' lang='grc' dir='ltr'><strong>κατοί</strong></span> <span class='ocrx_word' id='word_1_178' title='bbox 746 1519 969 1564; x_wconf 80' lang='grc' dir='ltr'>συμβεβηκός.</span> 
     </span>
    </p>

    <p class='ocr_par' dir='ltr' id='par_1_14' title="bbox 389 1563 1463 1830">
     <span class='ocr_line' id='line_1_27' title="bbox 389 1563 1462 1619; baseline 0.015 -38"><span class='ocrx_word' id='word_1_179' title='bbox 389 1566 498 1599; x_wconf 55' lang='grc' dir='ltr'>,Αλλιὶ</span> <span class='ocrx_word' id='word_1_180' title='bbox 521 1566 587 1609; x_wconf 76' lang='grc' dir='ltr'>μήν</span> <span class='ocrx_word' id='word_1_181' title='bbox 613 1568 642 1597; x_wconf 84' lang='grc' dir='ltr'>εἴ</span> <span class='ocrx_word' id='word_1_182' title='bbox 665 1567 694 1612; x_wconf 81' lang='grc' dir='ltr'><strong>γ’</strong></span> <span class='ocrx_word' id='word_1_183' title='bbox 725 1564 757 1597; x_wconf 80' lang='grc' dir='ltr'>ἔν</span> <span class='ocrx_word' id='word_1_184' title='bbox 784 1576 851 1597; x_wconf 88' lang='grc' dir='ltr'>τινι</span> <span class='ocrx_word' id='word_1_185' title='bbox 883 1563 1045 1608; x_wconf 73' lang='grc' dir='ltr'>ὑπάρξει,</span> <span class='ocrx_word' id='word_1_186' title='bbox 1072 1564 1101 1595; x_wconf 82' lang='grc' dir='ltr'>εἱ</span> <span class='ocrx_word' id='word_1_187' title='bbox 1125 1563 1184 1608; x_wconf 82' lang='grc' dir='ltr'>μὲν</span> <span class='ocrx_word' id='word_1_188' title='bbox 1216 1564 1462 1619; x_wconf 55' lang='grc' dir='ltr'>κεχωρισμένον</span> 
     </span>
     <span class='ocr_line' id='line_1_28' title="bbox 462 1607 1463 1654; baseline -0.002 -11"><span class='ocrx_word' id='word_1_189' title='bbox 462 1610 568 1647; x_wconf 79' lang='grc' dir='ltr'>οὕτως</span> <span class='ocrx_word' id='word_1_190' title='bbox 595 1610 683 1643; x_wconf 76' lang='grc' dir='ltr'>ὥστε</span> <span class='ocrx_word' id='word_1_191' title='bbox 708 1609 754 1654; x_wconf 75' lang='grc' dir='ltr'><strong>μή</strong></span> <span class='ocrx_word' id='word_1_192' title='bbox 781 1610 907 1642; x_wconf 78' lang='grc' dir='ltr'>ἐκείνου</span> <span class='ocrx_word' id='word_1_193' title='bbox 931 1609 1005 1641; x_wconf 83' lang='grc' dir='ltr'>καθ’</span> <span class='ocrx_word' id='word_1_194' title='bbox 1028 1608 1117 1641; x_wconf 75' lang='grc' dir='ltr'>αὑτὸ</span> <span class='ocrx_word' id='word_1_195' title='bbox 1138 1607 1159 1645; x_wconf 79' lang='grc' dir='ltr'>ἦ</span> <span class='ocrx_word' id='word_1_196' title='bbox 1183 1619 1280 1641; x_wconf 79' lang='grc' dir='ltr'>κατα</span> <span class='ocrx_word' id='word_1_197' title='bbox 1297 1609 1463 1654; x_wconf 82' lang='grc' dir='ltr'>συμβεβη-</span> 
     </span>
     <span class='ocr_line' id='line_1_29' title="bbox 460 1649 1462 1700; baseline -0.002 -13"><span class='ocrx_word' id='word_1_198' title='bbox 460 1654 518 1693; x_wconf 80' lang='grc' dir='ltr'><strong>κός</strong></span> <span class='ocrx_word' id='word_1_199' title='bbox 543 1667 577 1686; x_wconf 89' lang='grc' dir='ltr'><strong>τι</strong></span> <span class='ocrx_word' id='word_1_200' title='bbox 602 1652 702 1696; x_wconf 80' lang='grc' dir='ltr'>εἶναι,</span> <span class='ocrx_word' id='word_1_201' title='bbox 720 1653 936 1698; x_wconf 77' lang='grc' dir='ltr'>συμβήσεται</span> <span class='ocrx_word' id='word_1_202' title='bbox 955 1653 1069 1686; x_wconf 82' lang='grc' dir='ltr'>πολλοὶ</span> <span class='ocrx_word' id='word_1_203' title='bbox 1091 1655 1149 1685; x_wconf 77' lang='grc' dir='ltr'><strong>καὶ</strong></span> <span class='ocrx_word' id='word_1_204' title='bbox 1169 1649 1336 1686; x_wconf 75' lang='grc' dir='ltr'>ἀδύνατο.</span> <span class='ocrx_word' id='word_1_205' title='bbox 1364 1653 1462 1700; x_wconf 85' lang='grc' dir='ltr'>Λέγω</span> 
     </span>
     <span class='ocr_line' id='line_1_30' title="bbox 461 1693 1462 1745; baseline -0.001 -14"><span class='ocrx_word' id='word_1_206' title='bbox 461 1695 492 1731; x_wconf 76' lang='grc' dir='ltr'><strong>δ’</strong></span> <span class='ocrx_word' id='word_1_207' title='bbox 521 1700 589 1731; x_wconf 82' lang='grc' dir='ltr'>οἷον</span> <span class='ocrx_word' id='word_1_208' title='bbox 615 1700 642 1731; x_wconf 84' lang='grc' dir='ltr'>εὶ</span> <span class='ocrx_word' id='word_1_209' title='bbox 666 1701 825 1745; x_wconf 82' lang='grc' dir='ltr'>γίγνεται</span> <span class='ocrx_word' id='word_1_210' title='bbox 852 1698 916 1743; x_wconf 72' lang='grc' dir='ltr'><strong>ἀήρ</strong></span> <span class='ocrx_word' id='word_1_211' title='bbox 942 1697 976 1739; x_wconf 81' lang='grc' dir='ltr'><strong>ἑξ</strong></span> <span class='ocrx_word' id='word_1_212' title='bbox 1003 1693 1152 1738; x_wconf 76' lang='grc' dir='ltr'>ὕδατος,</span> <span class='ocrx_word' id='word_1_213' title='bbox 1179 1698 1217 1729; x_wconf 81' lang='grc' dir='ltr'>οὗ</span> <span class='ocrx_word' id='word_1_214' title='bbox 1243 1698 1306 1730; x_wconf 80' lang='grc' dir='ltr'>τοῦ</span> <span class='ocrx_word' id='word_1_215' title='bbox 1336 1693 1462 1736; x_wconf 72' lang='grc' dir='ltr'>ὕδατος</span> 
     </span>
     <span class='ocr_line' id='line_1_31' title="bbox 462 1737 1462 1789; baseline -0.002 -13"><span class='ocrx_word' id='word_1_216' title='bbox 462 1744 562 1776; x_wconf 84' lang='grc' dir='ltr'>ἔσται</span> <span class='ocrx_word' id='word_1_217' title='bbox 587 1742 886 1787; x_wconf 76' lang='grc' dir='ltr'>μεταβάλλοντος,</span> <span class='ocrx_word' id='word_1_218' title='bbox 907 1740 997 1775; x_wconf 80' lang='grc' dir='ltr'>ἀλλοὶ</span> <span class='ocrx_word' id='word_1_219' title='bbox 1020 1737 1080 1774; x_wconf 78' lang='grc' dir='ltr'><strong>διαὶ</strong></span> <span class='ocrx_word' id='word_1_220' title='bbox 1096 1742 1137 1775; x_wconf 78' lang='grc' dir='ltr'><strong>τὸ</strong></span> <span class='ocrx_word' id='word_1_221' title='bbox 1154 1741 1265 1786; x_wconf 78' lang='grc' dir='ltr'>ὥσπερ</span> <span class='ocrx_word' id='word_1_222' title='bbox 1284 1743 1317 1774; x_wconf 82' lang='grc' dir='ltr'>ὲν</span> <span class='ocrx_word' id='word_1_223' title='bbox 1339 1743 1462 1789; x_wconf 77' lang='grc' dir='ltr'>ἀγγείῳ</span> 
     </span>
     <span class='ocr_line' id='line_1_32' title="bbox 462 1783 1134 1830; baseline -0.003 -8"><span class='ocrx_word' id='word_1_224' title='bbox 462 1789 510 1830; x_wconf 79' lang='grc' dir='ltr'><strong>τῷ</strong></span> <span class='ocrx_word' id='word_1_225' title='bbox 536 1783 638 1820; x_wconf 78' lang='grc' dir='ltr'>ὕδατι</span> <span class='ocrx_word' id='word_1_226' title='bbox 665 1788 786 1820; x_wconf 78' lang='grc' dir='ltr'>ἐνεῖναι</span> <span class='ocrx_word' id='word_1_227' title='bbox 811 1787 875 1824; x_wconf 75' lang='grc' dir='ltr'>τὴν</span> <span class='ocrx_word' id='word_1_228' title='bbox 903 1787 984 1824; x_wconf 76' lang='grc' dir='ltr'>ὕλην</span> <span class='ocrx_word' id='word_1_229' title='bbox 1010 1784 1134 1820; x_wconf 79' lang='grc' dir='ltr'>αὑτοῦ.</span> 
     </span>
    </p>

    <p class='ocr_par' dir='ltr' id='par_1_15' title="bbox 388 1827 1465 1922">
     <span class='ocr_line' id='line_1_33' title="bbox 388 1827 1465 1879; baseline -0.003 -14"><span class='ocrx_word' id='word_1_230' title='bbox 388 1834 485 1866; x_wconf 79' lang='grc' dir='ltr'>Ἀπεί</span> <span class='ocrx_word' id='word_1_231' title='bbox 510 1844 562 1871; x_wconf 84' lang='grc' dir='ltr'>ους</span> <span class='ocrx_word' id='word_1_232' title='bbox 586 1833 651 1879; x_wconf 72' lang='grc' dir='ltr'><strong>γὰρ</strong></span> <span class='ocrx_word' id='word_1_233' title='bbox 676 1827 774 1864; x_wconf 70' lang='grc' dir='ltr'>οὐδέν</span> <span class='ocrx_word' id='word_1_234' title='bbox 797 1830 919 1864; x_wconf 79' lang='grc' dir='ltr'>κωλύει</span> <span class='ocrx_word' id='word_1_235' title='bbox 946 1831 1027 1870; x_wconf 77' lang='grc' dir='ltr'>ὕλας</span> <span class='ocrx_word' id='word_1_236' title='bbox 1046 1828 1147 1873; x_wconf 84' lang='grc' dir='ltr'>εἶναι,</span> <span class='ocrx_word' id='word_1_237' title='bbox 1166 1830 1253 1863; x_wconf 77' lang='grc' dir='ltr'>ὥστε</span> <span class='ocrx_word' id='word_1_238' title='bbox 1278 1833 1335 1863; x_wconf 79' lang='grc' dir='ltr'><strong>καὶ</strong></span> <span class='ocrx_word' id='word_1_239' title='bbox 1354 1834 1465 1877; x_wconf 77' lang='grc' dir='ltr'>γίγνε-</span> 
     </span>
     <span class='ocr_line' id='line_1_34' title="bbox 462 1845 773 1922; baseline -0.006 -12"><span class='ocrx_word' id='word_1_240' title='bbox 462 1845 540 1910; x_wconf 66' lang='lat' dir='ltr'><strong>egat</strong></span> <span class='ocrx_word' id='word_1_241' title='bbox 566 1877 773 1922; x_wconf 80' lang='grc' dir='ltr'>ἐντελεχείᾳ.</span> 
     </span>
    </p>

    <p class='ocr_par' dir='ltr' id='par_1_16' title="bbox 387 1914 1460 2009">
     <span class='ocr_line' id='line_1_35' title="bbox 387 1914 1460 1967; baseline -0.002 -14"><span class='ocrx_word' id='word_1_242' title='bbox 387 1922 465 1955; x_wconf 84' lang='grc' dir='ltr'><strong>Ἔτι</strong></span> <span class='ocrx_word' id='word_1_243' title='bbox 489 1917 518 1953; x_wconf 80' lang='grc' dir='ltr'><strong>δ’</strong></span> <span class='ocrx_word' id='word_1_244' title='bbox 541 1916 610 1953; x_wconf 75' lang='grc' dir='ltr'>οὐδ’</span> <span class='ocrx_word' id='word_1_245' title='bbox 642 1920 730 1954; x_wconf 77' lang='grc' dir='ltr'>οὕτω</span> <span class='ocrx_word' id='word_1_246' title='bbox 756 1922 916 1965; x_wconf 86' lang='grc' dir='ltr'>φαίνεται</span> <span class='ocrx_word' id='word_1_247' title='bbox 940 1920 1138 1967; x_wconf 78' lang='grc' dir='ltr'>γιγνόμενος</span> <span class='ocrx_word' id='word_1_248' title='bbox 1165 1919 1228 1964; x_wconf 73' lang='grc' dir='ltr'><strong>ἀὴρ</strong></span> <span class='ocrx_word' id='word_1_249' title='bbox 1256 1918 1290 1960; x_wconf 78' lang='grc' dir='ltr'><strong>ἐξ</strong></span> <span class='ocrx_word' id='word_1_250' title='bbox 1317 1914 1460 1960; x_wconf 73' lang='grc' dir='ltr'>ὕδατος,</span> 
     </span>
     <span class='ocr_line' id='line_1_36' title="bbox 462 1965 910 2009; baseline -0.002 -11"><span class='ocrx_word' id='word_1_251' title='bbox 462 1967 530 1998; x_wconf 76' lang='grc' dir='ltr'>οἷον</span> <span class='ocrx_word' id='word_1_252' title='bbox 557 1965 649 2007; x_wconf 78' lang='grc' dir='ltr'>ἐξιών</span> <span class='ocrx_word' id='word_1_253' title='bbox 668 1965 910 2009; x_wconf 85' lang='grc' dir='ltr'>ὑπομένοντος.</span> 
     </span>
    </p>

    <p class='ocr_par' dir='ltr' id='par_1_17' title="bbox 393 2006 1461 2098">
     <span class='ocr_line' id='line_1_37' title="bbox 393 2006 1461 2054; baseline -0.003 -12"><span class='ocrx_word' id='word_1_254' title='bbox 393 2010 533 2043; x_wconf 78' lang='grc' dir='ltr'>Βέλτιον</span> <span class='ocrx_word' id='word_1_255' title='bbox 548 2013 658 2043; x_wconf 92' lang='grc' dir='ltr'>τοίνυν</span> <span class='ocrx_word' id='word_1_256' title='bbox 673 2014 780 2042; x_wconf 80' lang='grc' dir='ltr'>ποιεῖν</span> <span class='ocrx_word' id='word_1_257' title='bbox 798 2010 900 2042; x_wconf 81' lang='grc' dir='ltr'>πᾶσιν</span> <span class='ocrx_word' id='word_1_258' title='bbox 916 2008 1104 2054; x_wconf 80' lang='grc' dir='ltr'>ἀχώριστον</span> <span class='ocrx_word' id='word_1_259' title='bbox 1124 2008 1186 2046; x_wconf 73' lang='grc' dir='ltr'>τήν</span> <span class='ocrx_word' id='word_1_260' title='bbox 1206 2006 1287 2044; x_wconf 79' lang='grc' dir='ltr'>ὕλην</span> <span class='ocrx_word' id='word_1_261' title='bbox 1301 2009 1342 2046; x_wconf 82' lang='grc' dir='ltr'><strong>ὠς</strong></span> <span class='ocrx_word' id='word_1_262' title='bbox 1357 2006 1461 2041; x_wconf 75' lang='grc' dir='ltr'>οὖσαν</span> 
     </span>
     <span class='ocr_line' id='line_1_38' title="bbox 462 2048 1457 2098; baseline -0.003 -11"><span class='ocrx_word' id='word_1_263' title='bbox 462 2057 526 2091; x_wconf 72' lang='grc' dir='ltr'>τήν</span> <span class='ocrx_word' id='word_1_264' title='bbox 544 2055 655 2092; x_wconf 74' lang='grc' dir='ltr'>αὑτήν</span> <span class='ocrx_word' id='word_1_265' title='bbox 672 2057 729 2087; x_wconf 82' lang='grc' dir='ltr'><strong>καὶ</strong></span> <span class='ocrx_word' id='word_1_266' title='bbox 747 2057 828 2097; x_wconf 88' lang='grc' dir='ltr'>μίαν</span> <span class='ocrx_word' id='word_1_267' title='bbox 843 2055 891 2096; x_wconf 83' lang='grc' dir='ltr'><strong>τῷ</strong></span> <span class='ocrx_word' id='word_1_268' title='bbox 910 2053 1053 2098; x_wconf 81' lang='grc' dir='ltr'>ἀριθμῷ,</span> <span class='ocrx_word' id='word_1_269' title='bbox 1073 2054 1121 2095; x_wconf 79' lang='grc' dir='ltr'><strong>τῷ</strong></span> <span class='ocrx_word' id='word_1_270' title='bbox 1137 2052 1226 2098; x_wconf 83' lang='grc' dir='ltr'>λόγῳ</span> <span class='ocrx_word' id='word_1_271' title='bbox 1244 2048 1280 2085; x_wconf 79' lang='grc' dir='ltr'><strong>δὲ</strong></span> <span class='ocrx_word' id='word_1_272' title='bbox 1296 2053 1343 2097; x_wconf 76' lang='grc' dir='ltr'><strong>μή</strong></span> <span class='ocrx_word' id='word_1_273' title='bbox 1365 2055 1457 2097; x_wconf 87' lang='grc' dir='ltr'>μίαν.</span> 
     </span>
    </p>
   </div>
   <div class='ocr_carea' id='block_1_12' title="bbox 392 2164 1465 2840">
    <p class='ocr_par' dir='ltr' id='par_1_18' title="bbox 392 2164 1465 2840">
     <span class='ocr_line' id='line_1_39' title="bbox 454 2164 1463 2202; baseline -0.001 -9"><span class='ocrx_word' id='word_1_274' title='bbox 454 2166 604 2194; x_wconf 74' lang='lat' dir='ltr'><strong>Smops1s.</strong></span> <span class='ocrx_word' id='word_1_275' title='bbox 623 2181 657 2186; x_wconf 80' lang='lat'><strong>—-</strong></span> <span class='ocrx_word' id='word_1_276' title='bbox 685 2174 708 2193; x_wconf 89' lang='lat'><strong>1.</strong></span> <span class='ocrx_word' id='word_1_277' title='bbox 726 2166 939 2202; x_wconf 83' lang='lat' dir='ltr'><strong>Argumentum</strong></span> <span class='ocrx_word' id='word_1_278' title='bbox 959 2171 987 2193; x_wconf 90' lang='lat' dir='ltr'><strong>et</strong></span> <span class='ocrx_word' id='word_1_279' title='bbox 1001 2164 1104 2193; x_wconf 90' lang='lat' dir='ltr'><strong>divisio</strong></span> <span class='ocrx_word' id='word_1_280' title='bbox 1118 2170 1220 2193; x_wconf 86' lang='lat' dir='ltr'><strong>textus.</strong></span> <span class='ocrx_word' id='word_1_281' title='bbox 1242 2165 1318 2193; x_wconf 90' lang='lat' dir='ltr'><strong>Cum</strong></span> <span class='ocrx_word' id='word_1_282' title='bbox 1333 2173 1367 2192; x_wconf 87' lang='lat' dir='ltr'><strong>ex</strong></span> <span class='ocrx_word' id='word_1_283' title='bbox 1381 2173 1463 2201; x_wconf 89' lang='lat' dir='ltr'><strong>prae-</strong></span> 
     </span>
     <span class='ocr_line' id='line_1_40' title="bbox 394 2204 1464 2242; baseline -0.001 -9"><span class='ocrx_word' id='word_1_284' title='bbox 394 2205 489 2233; x_wconf 85' lang='lat' dir='ltr'>missis</span> <span class='ocrx_word' id='word_1_285' title='bbox 510 2204 546 2233; x_wconf 90' lang='lat' dir='ltr'><strong>sit</strong></span> <span class='ocrx_word' id='word_1_286' title='bbox 567 2204 752 2234; x_wconf 83' lang='lat' dir='ltr'><strong>manifestum</strong></span> <span class='ocrx_word' id='word_1_287' title='bbox 773 2205 854 2242; x_wconf 92' lang='lat' dir='ltr'><strong>quod</strong></span> <span class='ocrx_word' id='word_1_288' title='bbox 882 2211 979 2233; x_wconf 89' lang='lat' dir='ltr'><strong>motus</strong></span> <span class='ocrx_word' id='word_1_289' title='bbox 1003 2204 1150 2242; x_wconf 86' lang='lat' dir='ltr'><strong>augmenti</strong></span> <span class='ocrx_word' id='word_1_290' title='bbox 1176 2210 1204 2232; x_wconf 90' lang='lat' dir='ltr'><strong>et</strong></span> <span class='ocrx_word' id='word_1_291' title='bbox 1225 2204 1400 2233; x_wconf 86' lang='lat' dir='ltr'><strong>decrementi</strong></span> <span class='ocrx_word' id='word_1_292' title='bbox 1422 2210 1464 2232; x_wconf 89' lang='lat' dir='ltr'><strong>est</strong></span> 
     </span>
     <span class='ocr_line' id='line_1_41' title="bbox 394 2243 1464 2282; baseline -0.002 -8"><span class='ocrx_word' id='word_1_293' title='bbox 394 2245 469 2274; x_wconf 82' lang='lat' dir='ltr'><strong>eirca</strong></span> <span class='ocrx_word' id='word_1_294' title='bbox 494 2244 739 2282; x_wconf 82' lang='lat' dir='ltr'><strong>magnitudinem,</strong></span> <span class='ocrx_word' id='word_1_295' title='bbox 767 2250 898 2273; x_wconf 80' lang='lat' dir='ltr'><strong>remanet</strong></span> <span class='ocrx_word' id='word_1_296' title='bbox 924 2244 1014 2273; x_wconf 91' lang='lat' dir='ltr'><strong>modo</strong></span> <span class='ocrx_word' id='word_1_297' title='bbox 1041 2244 1239 2281; x_wconf 90' lang='lat' dir='ltr'><strong>quaerendum</strong></span> <span class='ocrx_word' id='word_1_298' title='bbox 1267 2243 1390 2282; x_wconf 85' lang='lat' dir='ltr'><strong>qualiter</strong></span> <span class='ocrx_word' id='word_1_299' title='bbox 1414 2243 1464 2272; x_wconf 80' lang='lat' dir='ltr'><strong>fiat</strong></span> 
     </span>
     <span class='ocr_line' id='line_1_42' title="bbox 393 2283 1464 2322; baseline -0.002 -8"><span class='ocrx_word' id='word_1_300' title='bbox 393 2291 591 2322; x_wconf 85' lang='lat' dir='ltr'><strong>augmentum.</strong></span> <span class='ocrx_word' id='word_1_301' title='bbox 619 2286 655 2313; x_wconf 89' lang='lat' dir='ltr'><strong>Et</strong></span> <span class='ocrx_word' id='word_1_302' title='bbox 682 2284 777 2321; x_wconf 88' lang='lat' dir='ltr'><strong>primo</strong></span> <span class='ocrx_word' id='word_1_303' title='bbox 804 2294 837 2312; x_wconf 91' lang='lat' dir='ltr'><strong>ex</strong></span> <span class='ocrx_word' id='word_1_304' title='bbox 860 2290 941 2321; x_wconf 89' lang='lat' dir='ltr'><strong>parte</strong></span> <span class='ocrx_word' id='word_1_305' title='bbox 969 2283 1089 2312; x_wconf 89' lang='lat' dir='ltr'><strong>subiecti</strong></span> <span class='ocrx_word' id='word_1_306' title='bbox 1115 2284 1195 2321; x_wconf 91' lang='lat' dir='ltr'><strong>quod</strong></span> <span class='ocrx_word' id='word_1_307' title='bbox 1220 2290 1350 2321; x_wconf 88' lang='lat' dir='ltr'><strong>augetur.</strong></span> <span class='ocrx_word' id='word_1_308' title='bbox 1379 2283 1464 2312; x_wconf 87' lang='lat' dir='ltr'><strong>Circa</strong></span> 
     </span>
     <span class='ocr_line' id='line_1_43' title="bbox 393 2323 1464 2362; baseline 0 -10"><span class='ocrx_word' id='word_1_309' title='bbox 393 2325 474 2362; x_wconf 93' lang='lat' dir='ltr'><strong>quod</strong></span> <span class='ocrx_word' id='word_1_310' title='bbox 488 2324 635 2362; x_wconf 89' lang='lat' dir='ltr'><strong>quaeritur</strong></span> <span class='ocrx_word' id='word_1_311' title='bbox 649 2331 746 2353; x_wconf 89' lang='lat' dir='ltr'><strong>utrum</strong></span> <span class='ocrx_word' id='word_1_312' title='bbox 767 2324 897 2359; x_wconf 88' lang='lat' dir='ltr'><strong>materia,</strong></span> <span class='ocrx_word' id='word_1_313' title='bbox 919 2333 994 2361; x_wconf 89' lang='lat' dir='ltr'><strong>quae</strong></span> <span class='ocrx_word' id='word_1_314' title='bbox 1015 2330 1058 2352; x_wconf 86' lang='lat' dir='ltr'><strong>est</strong></span> <span class='ocrx_word' id='word_1_315' title='bbox 1072 2323 1234 2352; x_wconf 88' lang='lat' dir='ltr'><strong>subiectum</strong></span> <span class='ocrx_word' id='word_1_316' title='bbox 1248 2324 1404 2361; x_wconf 83' lang='lat' dir='ltr'><strong>augmenti,</strong></span> <span class='ocrx_word' id='word_1_317' title='bbox 1427 2324 1464 2353; x_wconf 90' lang='lat' dir='ltr'><strong>sit</strong></span> 
     </span>
     <span class='ocr_line' id='line_1_44' title="bbox 393 2363 1462 2402; baseline 0 -10"><span class='ocrx_word' id='word_1_318' title='bbox 393 2364 423 2393; x_wconf 95' lang='lat' dir='ltr'><strong>in</strong></span> <span class='ocrx_word' id='word_1_319' title='bbox 441 2363 571 2402; x_wconf 88' lang='lat' dir='ltr'><strong>potentia</strong></span> <span class='ocrx_word' id='word_1_320' title='bbox 584 2365 622 2393; x_wconf 90' lang='lat' dir='ltr'><strong>ad</strong></span> <span class='ocrx_word' id='word_1_321' title='bbox 636 2364 864 2402; x_wconf 85' lang='lat' dir='ltr'><strong>magnitudinem</strong></span> <span class='ocrx_word' id='word_1_322' title='bbox 879 2370 908 2392; x_wconf 91' lang='lat' dir='ltr'><strong>et</strong></span> <span class='ocrx_word' id='word_1_323' title='bbox 921 2363 1157 2401; x_wconf 87' lang='lat' dir='ltr'><strong>corporeitatem;</strong></span> <span class='ocrx_word' id='word_1_324' title='bbox 1178 2364 1222 2392; x_wconf 91' lang='lat' dir='ltr'><strong>vel</strong></span> <span class='ocrx_word' id='word_1_325' title='bbox 1236 2363 1273 2392; x_wconf 92' lang='lat' dir='ltr'><strong>sit</strong></span> <span class='ocrx_word' id='word_1_326' title='bbox 1287 2370 1353 2393; x_wconf 88' lang='lat' dir='ltr'><strong>actu</strong></span> <span class='ocrx_word' id='word_1_327' title='bbox 1367 2363 1462 2392; x_wconf 87' lang='lat' dir='ltr'><strong>subie-</strong></span> 
     </span>
     <span class='ocr_line' id='line_1_45' title="bbox 393 2403 1463 2442; baseline -0.001 -9"><span class='ocrx_word' id='word_1_328' title='bbox 393 2411 438 2433; x_wconf 89' lang='lat' dir='ltr'><strong>cta</strong></span> <span class='ocrx_word' id='word_1_329' title='bbox 459 2404 644 2442; x_wconf 87' lang='lat' dir='ltr'><strong>corporeitati</strong></span> <span class='ocrx_word' id='word_1_330' title='bbox 665 2411 693 2432; x_wconf 87' lang='lat' dir='ltr'><strong>et</strong></span> <span class='ocrx_word' id='word_1_331' title='bbox 714 2404 914 2442; x_wconf 86' lang='lat' dir='ltr'><strong>magnitudini.</strong></span> <span class='ocrx_word' id='word_1_332' title='bbox 937 2403 1095 2441; x_wconf 88' lang='lat' dir='ltr'><strong>Dupliciter</strong></span> <span class='ocrx_word' id='word_1_333' title='bbox 1116 2410 1213 2432; x_wconf 87' lang='lat' dir='ltr'><strong>autem</strong></span> <span class='ocrx_word' id='word_1_334' title='bbox 1235 2403 1353 2441; x_wconf 86' lang='lat' dir='ltr'><strong>intelligi</strong></span> <span class='ocrx_word' id='word_1_335' title='bbox 1367 2410 1463 2441; x_wconf 89' lang='lat' dir='ltr'><strong>potest</strong></span> 
     </span>
     <span class='ocr_line' id='line_1_46' title="bbox 393 2443 1461 2481; baseline 0 -9"><span class='ocrx_word' id='word_1_336' title='bbox 393 2445 475 2481; x_wconf 92' lang='lat' dir='ltr'><strong>quod</strong></span> <span class='ocrx_word' id='word_1_337' title='bbox 496 2444 616 2473; x_wconf 88' lang='lat' dir='ltr'><strong>materia</strong></span> <span class='ocrx_word' id='word_1_338' title='bbox 636 2443 672 2472; x_wconf 91' lang='lat' dir='ltr'><strong>sit</strong></span> <span class='ocrx_word' id='word_1_339' title='bbox 686 2450 751 2472; x_wconf 88' lang='lat' dir='ltr'><strong>actu</strong></span> <span class='ocrx_word' id='word_1_340' title='bbox 772 2444 895 2473; x_wconf 85' lang='lat' dir='ltr'><strong>existens</strong></span> <span class='ocrx_word' id='word_1_341' title='bbox 917 2443 978 2473; x_wconf 90' lang='lat' dir='ltr'><strong>sine</strong></span> <span class='ocrx_word' id='word_1_342' title='bbox 1000 2443 1192 2481; x_wconf 82' lang='lat' dir='ltr'><strong>corporeitate</strong></span> <span class='ocrx_word' id='word_1_343' title='bbox 1206 2450 1234 2472; x_wconf 90' lang='lat' dir='ltr'><strong>et</strong></span> <span class='ocrx_word' id='word_1_344' title='bbox 1248 2443 1461 2481; x_wconf 86' lang='lat' dir='ltr'><strong>magnitudine:</strong></span> 
     </span>
     <span class='ocr_line' id='line_1_47' title="bbox 393 2483 1465 2521; baseline 0 -9"><span class='ocrx_word' id='word_1_345' title='bbox 393 2483 564 2513; x_wconf 88' lang='lat' dir='ltr'><strong>scilicet.vel</strong></span> <span class='ocrx_word' id='word_1_346' title='bbox 578 2484 617 2513; x_wconf 88' lang='lat' dir='ltr'><strong>ita</strong></span> <span class='ocrx_word' id='word_1_347' title='bbox 631 2485 712 2521; x_wconf 92' lang='lat' dir='ltr'><strong>quod</strong></span> <span class='ocrx_word' id='word_1_348' title='bbox 732 2485 892 2513; x_wconf 85' lang='lat' dir='ltr'><strong>secundum</strong></span> <span class='ocrx_word' id='word_1_349' title='bbox 914 2493 945 2513; x_wconf 88' lang='lat' dir='ltr'><strong>se</strong></span> <span class='ocrx_word' id='word_1_350' title='bbox 966 2490 1098 2521; x_wconf 88' lang='lat' dir='ltr'><strong>separata</strong></span> <span class='ocrx_word' id='word_1_351' title='bbox 1125 2483 1235 2519; x_wconf 84' lang='lat' dir='ltr'><strong>existat,</strong></span> <span class='ocrx_word' id='word_1_352' title='bbox 1257 2484 1302 2512; x_wconf 89' lang='lat' dir='ltr'><strong>vel</strong></span> <span class='ocrx_word' id='word_1_353' title='bbox 1322 2483 1362 2513; x_wconf 85' lang='lat' dir='ltr'><strong>ita</strong></span> <span class='ocrx_word' id='word_1_354' title='bbox 1382 2485 1465 2521; x_wconf 90' lang='lat' dir='ltr'><strong>quod</strong></span> 
     </span>
     <span class='ocr_line' id='line_1_48' title="bbox 393 2523 1463 2561; baseline 0 -9"><span class='ocrx_word' id='word_1_355' title='bbox 393 2523 429 2552; x_wconf 92' lang='lat' dir='ltr'><strong>sit</strong></span> <span class='ocrx_word' id='word_1_356' title='bbox 449 2524 479 2552; x_wconf 90' lang='lat' dir='ltr'><strong>in</strong></span> <span class='ocrx_word' id='word_1_357' title='bbox 500 2524 598 2561; x_wconf 85' lang='lat' dir='ltr'><strong>aliquo</strong></span> <span class='ocrx_word' id='word_1_358' title='bbox 620 2533 752 2561; x_wconf 84' lang='lat' dir='ltr'><strong>corpore,</strong></span> <span class='ocrx_word' id='word_1_359' title='bbox 773 2533 836 2553; x_wconf 88' lang='lat' dir='ltr'><strong>non</strong></span> <span class='ocrx_word' id='word_1_360' title='bbox 855 2530 954 2553; x_wconf 90' lang='lat' dir='ltr'><strong>tamen</strong></span> <span class='ocrx_word' id='word_1_361' title='bbox 974 2530 1114 2561; x_wconf 86' lang='lat' dir='ltr'><strong>tanquam</strong></span> <span class='ocrx_word' id='word_1_362' title='bbox 1136 2533 1202 2560; x_wconf 90' lang='lat' dir='ltr'><strong>pars</strong></span> <span class='ocrx_word' id='word_1_363' title='bbox 1223 2523 1294 2552; x_wconf 89' lang='lat' dir='ltr'><strong>eius.</strong></span> <span class='ocrx_word' id='word_1_364' title='bbox 1309 2540 1329 2545; x_wconf 97' lang='lat'>-</span> <span class='ocrx_word' id='word_1_365' title='bbox 1346 2531 1372 2552; x_wconf 91' lang='lat'><strong>2.</strong></span> <span class='ocrx_word' id='word_1_366' title='bbox 1389 2524 1463 2552; x_wconf 92' lang='lat' dir='ltr'><strong>Sub-</strong></span> 
     </span>
     <span class='ocr_line' id='line_1_49' title="bbox 394 2563 1464 2601; baseline 0 -9"><span class='ocrx_word' id='word_1_367' title='bbox 394 2563 496 2592; x_wconf 89' lang='lat' dir='ltr'><strong>divisio</strong></span> <span class='ocrx_word' id='word_1_368' title='bbox 521 2570 623 2592; x_wconf 90' lang='lat' dir='ltr'><strong>textus.</strong></span> <span class='ocrx_word' id='word_1_369' title='bbox 645 2563 771 2592; x_wconf 82' lang='lat' dir='ltr'><strong>Solvitur</strong></span> <span class='ocrx_word' id='word_1_370' title='bbox 792 2564 923 2601; x_wconf 89' lang='lat' dir='ltr'><strong>quaestio</strong></span> <span class='ocrx_word' id='word_1_371' title='bbox 945 2563 1056 2592; x_wconf 89' lang='lat' dir='ltr'><strong>ratione</strong></span> <span class='ocrx_word' id='word_1_372' title='bbox 1077 2570 1196 2600; x_wconf 90' lang='lat' dir='ltr'><strong>accepta</strong></span> <span class='ocrx_word' id='word_1_373' title='bbox 1217 2572 1251 2592; x_wconf 90' lang='lat' dir='ltr'><strong>ex</strong></span> <span class='ocrx_word' id='word_1_374' title='bbox 1271 2569 1352 2600; x_wconf 87' lang='lat' dir='ltr'><strong>parte</strong></span> <span class='ocrx_word' id='word_1_375' title='bbox 1374 2569 1464 2592; x_wconf 89' lang='lat' dir='ltr'><strong>mate-</strong></span> 
     </span>
     <span class='ocr_line' id='line_1_50' title="bbox 392 2603 1464 2642; baseline 0 -10"><span class='ocrx_word' id='word_1_376' title='bbox 392 2603 460 2632; x_wconf 87' lang='lat' dir='ltr'><strong>riae.</strong></span> <span class='ocrx_word' id='word_1_377' title='bbox 482 2605 518 2631; x_wconf 85' lang='lat' dir='ltr'><strong>Et</strong></span> <span class='ocrx_word' id='word_1_378' title='bbox 529 2604 628 2642; x_wconf 80' lang='lat' dir='ltr'><strong>primo</strong></span> <span class='ocrx_word' id='word_1_379' title='bbox 642 2604 803 2632; x_wconf 89' lang='lat' dir='ltr'><strong>secundum</strong></span> <span class='ocrx_word' id='word_1_380' title='bbox 821 2604 902 2641; x_wconf 91' lang='lat' dir='ltr'><strong>quod</strong></span> <span class='ocrx_word' id='word_1_381' title='bbox 923 2603 1044 2632; x_wconf 87' lang='lat' dir='ltr'><strong>materia</strong></span> <span class='ocrx_word' id='word_1_382' title='bbox 1063 2604 1100 2632; x_wconf 88' lang='lat' dir='ltr'><strong>ab</strong></span> <span class='ocrx_word' id='word_1_383' title='bbox 1113 2603 1177 2640; x_wconf 90' lang='lat' dir='ltr'><strong>ipso</strong></span> <span class='ocrx_word' id='word_1_384' title='bbox 1192 2603 1371 2640; x_wconf 88' lang='lat' dir='ltr'><strong>Philosopho</strong></span> <span class='ocrx_word' id='word_1_385' title='bbox 1393 2612 1464 2632; x_wconf 90' lang='lat' dir='ltr'><strong>con-</strong></span> 
     </span>
     <span class='ocr_line' id='line_1_51' title="bbox 393 2642 1465 2680; baseline 0 -9"><span class='ocrx_word' id='word_1_386' title='bbox 393 2643 543 2672; x_wconf 87' lang='lat' dir='ltr'><strong>sideratur.</strong></span> <span class='ocrx_word' id='word_1_387' title='bbox 558 2645 587 2679; x_wconf 86' lang='lat' dir='ltr'><strong>a)</strong></span> <span class='ocrx_word' id='word_1_388' title='bbox 609 2643 788 2680; x_wconf 83' lang='lat' dir='ltr'><strong>Impossibile</strong></span> <span class='ocrx_word' id='word_1_389' title='bbox 809 2650 852 2672; x_wconf 88' lang='lat' dir='ltr'><strong>est</strong></span> <span class='ocrx_word' id='word_1_390' title='bbox 865 2643 1017 2672; x_wconf 87' lang='lat' dir='ltr'><strong>materiam</strong></span> <span class='ocrx_word' id='word_1_391' title='bbox 1038 2642 1236 2680; x_wconf 85' lang='lat' dir='ltr'><strong>magnitudine</strong></span> <span class='ocrx_word' id='word_1_392' title='bbox 1251 2649 1396 2671; x_wconf 83' lang='lat' dir='ltr'><strong>carentem</strong></span> <span class='ocrx_word' id='word_1_393' title='bbox 1413 2652 1465 2680; x_wconf 89' lang='lat' dir='ltr'><strong>per</strong></span> 
     </span>
     <span class='ocr_line' id='line_1_52' title="bbox 394 2683 1463 2720; baseline 0 -9"><span class='ocrx_word' id='word_1_394' title='bbox 394 2692 424 2711; x_wconf 93' lang='lat' dir='ltr'><strong>se</strong></span> <span class='ocrx_word' id='word_1_395' title='bbox 446 2689 608 2720; x_wconf 81' lang='lat' dir='ltr'><strong>separatam</strong></span> <span class='ocrx_word' id='word_1_396' title='bbox 629 2683 757 2712; x_wconf 87' lang='lat' dir='ltr'><strong>existere.</strong></span> <span class='ocrx_word' id='word_1_397' title='bbox 785 2683 907 2720; x_wconf 87' lang='lat' dir='ltr'><strong>Oportet</strong></span> <span class='ocrx_word' id='word_1_398' title='bbox 935 2683 1014 2712; x_wconf 88' lang='lat' dir='ltr'><strong>enim</strong></span> <span class='ocrx_word' id='word_1_399' title='bbox 1041 2683 1071 2711; x_wconf 92' lang='lat' dir='ltr'><strong>in</strong></span> <span class='ocrx_word' id='word_1_400' title='bbox 1098 2692 1166 2711; x_wconf 91' lang='lat' dir='ltr'><strong>casu</strong></span> <span class='ocrx_word' id='word_1_401' title='bbox 1187 2683 1309 2711; x_wconf 89' lang='lat' dir='ltr'><strong>alterum</strong></span> <span class='ocrx_word' id='word_1_402' title='bbox 1337 2683 1463 2711; x_wconf 91' lang='lat' dir='ltr'><strong>duorum</strong></span> 
     </span>
     <span class='ocr_line' id='line_1_53' title="bbox 394 2723 1460 2760; baseline 0 -9"><span class='ocrx_word' id='word_1_403' title='bbox 394 2732 469 2751; x_wconf 85' lang='lat' dir='ltr'><strong>esse:</strong></span> <span class='ocrx_word' id='word_1_404' title='bbox 492 2729 541 2751; x_wconf 91' lang='lat' dir='ltr'><strong>aut</strong></span> <span class='ocrx_word' id='word_1_405' title='bbox 556 2724 636 2760; x_wconf 91' lang='lat' dir='ltr'><strong>quod</strong></span> <span class='ocrx_word' id='word_1_406' title='bbox 658 2723 778 2751; x_wconf 90' lang='lat' dir='ltr'><strong>materia</strong></span> <span class='ocrx_word' id='word_1_407' title='bbox 798 2723 908 2751; x_wconf 91' lang='lat' dir='ltr'><strong>nullum</strong></span> <span class='ocrx_word' id='word_1_408' title='bbox 932 2729 1053 2759; x_wconf 89' lang='lat' dir='ltr'><strong>occupet</strong></span> <span class='ocrx_word' id='word_1_409' title='bbox 1074 2723 1186 2757; x_wconf 85' lang='lat' dir='ltr'><strong>locum;</strong></span> <span class='ocrx_word' id='word_1_410' title='bbox 1208 2729 1258 2751; x_wconf 88' lang='lat' dir='ltr'><strong>aut</strong></span> <span class='ocrx_word' id='word_1_411' title='bbox 1279 2723 1303 2751; x_wconf 90' lang='lat' dir='ltr'><strong>si</strong></span> <span class='ocrx_word' id='word_1_412' title='bbox 1324 2729 1460 2760; x_wconf 89' lang='lat' dir='ltr'><strong>occupat,</strong></span> 
     </span>
     <span class='ocr_line' id='line_1_54' title="bbox 394 2762 1464 2800; baseline 0 -9"><span class='ocrx_word' id='word_1_413' title='bbox 394 2769 510 2800; x_wconf 90' lang='lat' dir='ltr'><strong>oportet</strong></span> <span class='ocrx_word' id='word_1_414' title='bbox 531 2764 611 2800; x_wconf 91' lang='lat' dir='ltr'><strong>quod</strong></span> <span class='ocrx_word' id='word_1_415' title='bbox 633 2763 716 2791; x_wconf 91' lang='lat' dir='ltr'><strong>detur</strong></span> <span class='ocrx_word' id='word_1_416' title='bbox 736 2772 869 2798; x_wconf 85' lang='lat' dir='ltr'><strong>vacuum,</strong></span> <span class='ocrx_word' id='word_1_417' title='bbox 891 2763 935 2791; x_wconf 91' lang='lat' dir='ltr'><strong>vel</strong></span> <span class='ocrx_word' id='word_1_418' title='bbox 957 2763 1037 2800; x_wconf 90' lang='lat' dir='ltr'><strong>quod</strong></span> <span class='ocrx_word' id='word_1_419' title='bbox 1052 2763 1136 2791; x_wconf 90' lang='lat' dir='ltr'><strong>detur</strong></span> <span class='ocrx_word' id='word_1_420' title='bbox 1149 2762 1269 2800; x_wconf 86' lang='lat' dir='ltr'><strong>aliquod</strong></span> <span class='ocrx_word' id='word_1_421' title='bbox 1283 2772 1389 2799; x_wconf 88' lang='lat' dir='ltr'><strong>corpus</strong></span> <span class='ocrx_word' id='word_1_422' title='bbox 1403 2772 1464 2791; x_wconf 92' lang='lat' dir='ltr'><strong>non</strong></span> 
     </span>
     <span class='ocr_line' id='line_1_55' title="bbox 394 2802 1463 2840; baseline 0 -9"><span class='ocrx_word' id='word_1_423' title='bbox 394 2802 536 2831; x_wconf 88' lang='lat' dir='ltr'><strong>sensibile.</strong></span> <span class='ocrx_word' id='word_1_424' title='bbox 559 2802 738 2840; x_wconf 87' lang='lat' dir='ltr'><strong>Impossibile</strong></span> <span class='ocrx_word' id='word_1_425' title='bbox 759 2809 802 2831; x_wconf 89' lang='lat' dir='ltr'><strong>est</strong></span> <span class='ocrx_word' id='word_1_426' title='bbox 822 2809 919 2831; x_wconf 91' lang='lat' dir='ltr'><strong>autem</strong></span> <span class='ocrx_word' id='word_1_427' title='bbox 941 2803 1022 2840; x_wconf 92' lang='lat' dir='ltr'><strong>quod</strong></span> <span class='ocrx_word' id='word_1_428' title='bbox 1036 2802 1072 2831; x_wconf 90' lang='lat' dir='ltr'><strong>sit</strong></span> <span class='ocrx_word' id='word_1_429' title='bbox 1085 2811 1209 2831; x_wconf 88' lang='lat' dir='ltr'><strong>vacuum</strong></span> <span class='ocrx_word' id='word_1_430' title='bbox 1223 2803 1268 2831; x_wconf 92' lang='lat' dir='ltr'><strong>vel</strong></span> <span class='ocrx_word' id='word_1_431' title='bbox 1282 2812 1388 2840; x_wconf 88' lang='lat' dir='ltr'><strong>corpus</strong></span> <span class='ocrx_word' id='word_1_432' title='bbox 1402 2812 1463 2831; x_wconf 91' lang='lat' dir='ltr'><strong>non</strong></span> 
     </span>
    </p>
   </div>
   <div class='ocr_carea' id='block_1_13' title="bbox 449 2920 516 3114">
    <p class='ocr_par' dir='ltr' id='par_1_19' title="bbox 449 2920 516 3114">
     <span class='ocr_line' id='line_1_56' title="bbox 449 2920 516 3114; baseline 0 -49"><span class='ocrx_word' id='word_1_433' title='bbox 449 2920 516 3114; x_wconf 95' lang='lat' dir='ltr'><strong>   </strong></span> 
     </span>
    </p>
   </div>
   <div class='ocr_carea' id='block_1_14' title="bbox 395 2909 1463 3490">
    <p class='ocr_par' dir='ltr' id='par_1_20' title="bbox 395 2909 1463 3384">
     <span class='ocr_line' id='line_1_57' title="bbox 470 2909 1460 2959; baseline 0.002 -15"><span class='ocrx_word' id='word_1_434' title='bbox 470 2924 479 2938; x_wconf 63' lang='grc' dir='ltr'>ι</span> <span class='ocrx_word' id='word_1_435' title='bbox 516 2920 582 2957; x_wconf 52' lang='grc' dir='ltr'><strong>μς</strong></span> <span class='ocrx_word' id='word_1_436' title='bbox 601 2913 837 2958; x_wconf 56' lang='lat' dir='ltr'><strong>,stostquam</strong></span> <span class='ocrx_word' id='word_1_437' title='bbox 871 2909 1128 2959; x_wconf 90' lang='lat' dir='ltr'><strong>Philosophus</strong></span> <span class='ocrx_word' id='word_1_438' title='bbox 1161 2909 1325 2947; x_wconf 89' lang='lat' dir='ltr'><strong>ostendit</strong></span> <span class='ocrx_word' id='word_1_439' title='bbox 1353 2909 1460 2947; x_wconf 84' lang='lat' dir='ltr'><strong>diffe-</strong></span> 
     </span>
     <span class='ocr_line' id='line_1_58' title="bbox 472 2956 1463 3026; baseline 0.004 -30"><span class='ocrx_word' id='word_1_440' title='bbox 472 2958 488 2995; x_wconf 69' lang='grc' dir='ltr'><strong>τ’</strong></span> <span class='ocrx_word' id='word_1_441' title='bbox 515 2956 585 3013; x_wconf 48' lang='lat' dir='ltr'><strong>iffi</strong></span> <span class='ocrx_word' id='word_1_442' title='bbox 603 2962 819 3026; x_wconf 47' lang='lat' dir='ltr'><strong>qwrentiam</strong></span> <span class='ocrx_word' id='word_1_443' title='bbox 839 2962 859 2985; x_wconf 80' lang='lat'><strong>’¹‘</strong></span> <span class='ocrx_word' id='word_1_444' title='bbox 878 2962 1071 3011; x_wconf 87' lang='lat' dir='ltr'><strong>augmenti</strong></span> <span class='ocrx_word' id='word_1_445' title='bbox 1101 2975 1123 3000; x_wconf 89' lang='lat' dir='ltr'><strong>a</strong></span> <span class='ocrx_word' id='word_1_446' title='bbox 1152 2962 1396 3011; x_wconf 85' lang='lat' dir='ltr'><strong>generatione</strong></span> <span class='ocrx_word' id='word_1_447' title='bbox 1425 2971 1463 3000; x_wconf 89' lang='lat' dir='ltr'><strong>et</strong></span> 
     </span>
     <span class='ocr_line' id='line_1_59' title="bbox 481 3015 1461 3066; baseline 0 -13"><span class='ocrx_word' id='word_1_448' title='bbox 481 3040 489 3053; x_wconf 52' lang='lat'><em>2</em></span> <span class='ocrx_word' id='word_1_449' title='bbox 516 3016 612 3065; x_wconf 23' lang='lat'><strong>3¹2:</strong></span> <span class='ocrx_word' id='word_1_450' title='bbox 624 3017 645 3062; x_wconf 52' lang='lat' dir='ltr'><strong>i?</strong></span> <span class='ocrx_word' id='word_1_451' title='bbox 660 3016 881 3054; x_wconf 86' lang='lat' dir='ltr'><strong>alteratione</strong></span> <span class='ocrx_word' id='word_1_452' title='bbox 897 3045 906 3064; x_wconf 90' lang='lat'><strong>,</strong></span> <span class='ocrx_word' id='word_1_453' title='bbox 941 3016 1002 3054; x_wconf 92' lang='lat' dir='ltr'><strong>hic</strong></span> <span class='ocrx_word' id='word_1_454' title='bbox 1031 3015 1160 3065; x_wconf 89' lang='lat' dir='ltr'><strong>incipit</strong></span> <span class='ocrx_word' id='word_1_455' title='bbox 1196 3016 1385 3066; x_wconf 89' lang='lat' dir='ltr'><strong>inquirere</strong></span> <span class='ocrx_word' id='word_1_456' title='bbox 1414 3016 1461 3053; x_wconf 90' lang='lat' dir='ltr'><strong>de</strong></span> 
     </span>
     <span class='ocr_line' id='line_1_60' title="bbox 462 3057 1462 3118; baseline -0.003 -9"><span class='ocrx_word' id='word_1_457' title='bbox 462 3082 489 3098; x_wconf 46' lang='grc' dir='ltr'><strong>ψ’</strong></span> <span class='ocrx_word' id='word_1_458' title='bbox 516 3057 641 3109; x_wconf 37' lang='lat'><strong>‘&#39;&#39;4&#39;1‘593‘</strong></span> <span class='ocrx_word' id='word_1_459' title='bbox 659 3070 778 3107; x_wconf 92' lang='lat' dir='ltr'><strong>modo</strong></span> <span class='ocrx_word' id='word_1_460' title='bbox 799 3069 992 3118; x_wconf 90' lang='lat' dir='ltr'><strong>augmenti</strong></span> <span class='ocrx_word' id='word_1_461' title='bbox 1010 3069 1042 3107; x_wconf 77' lang='lat'><strong>*.</strong></span> <span class='ocrx_word' id='word_1_462' title='bbox 1064 3070 1114 3106; x_wconf 92' lang='lat' dir='ltr'><strong>Et</strong></span> <span class='ocrx_word' id='word_1_463' title='bbox 1131 3069 1256 3118; x_wconf 91' lang='lat' dir='ltr'><strong>primo</strong></span> <span class='ocrx_word' id='word_1_464' title='bbox 1276 3077 1462 3118; x_wconf 89' lang='lat' dir='ltr'><strong>quantum</strong></span> 
     </span>
     <span class='ocr_line' id='line_1_61' title="bbox 395 3122 1460 3172; baseline 0.001 -13"><span class='ocrx_word' id='word_1_465' title='bbox 395 3122 444 3159; x_wconf 89' lang='lat' dir='ltr'><strong>ad</strong></span> <span class='ocrx_word' id='word_1_466' title='bbox 472 3122 685 3160; x_wconf 91' lang='lat' dir='ltr'><strong>subiectum</strong></span> <span class='ocrx_word' id='word_1_467' title='bbox 723 3123 827 3172; x_wconf 90' lang='lat' dir='ltr'><strong>quod</strong></span> <span class='ocrx_word' id='word_1_468' title='bbox 865 3130 1039 3171; x_wconf 84' lang='lat' dir='ltr'><strong>augetur3</strong></span> <span class='ocrx_word' id='word_1_469' title='bbox 1070 3122 1240 3160; x_wconf 90' lang='lat' dir='ltr'><strong>secundo</strong></span> <span class='ocrx_word' id='word_1_470' title='bbox 1275 3130 1460 3172; x_wconf 89' lang='lat' dir='ltr'><strong>quantum</strong></span> 
     </span>
     <span class='ocr_line' id='line_1_62' title="bbox 396 3174 1461 3225; baseline 0.001 -13"><span class='ocrx_word' id='word_1_471' title='bbox 396 3175 445 3212; x_wconf 85' lang='lat' dir='ltr'><strong>ad</strong></span> <span class='ocrx_word' id='word_1_472' title='bbox 464 3174 502 3212; x_wconf 93' lang='lat' dir='ltr'><strong>id</strong></span> <span class='ocrx_word' id='word_1_473' title='bbox 521 3188 598 3224; x_wconf 92' lang='lat' dir='ltr'><strong>quo</strong></span> <span class='ocrx_word' id='word_1_474' title='bbox 619 3175 759 3225; x_wconf 90' lang='lat' dir='ltr'><strong>aliquid</strong></span> <span class='ocrx_word' id='word_1_475' title='bbox 779 3183 937 3224; x_wconf 89' lang='lat' dir='ltr'><strong>augetur</strong></span> <span class='ocrx_word' id='word_1_476' title='bbox 951 3182 980 3224; x_wconf 60' lang='grc' dir='ltr'><strong>α,</strong></span> <span class='ocrx_word' id='word_1_477' title='bbox 1002 3175 1069 3214; x_wconf 88' lang='lat' dir='ltr'><strong>ibi:</strong></span> <span class='ocrx_word' id='word_1_478' title='bbox 1090 3175 1374 3225; x_wconf 85' lang='lat' dir='ltr'><strong>Suscipiendum</strong></span> <span class='ocrx_word' id='word_1_479' title='bbox 1394 3176 1461 3213; x_wconf 85' lang='lat' dir='ltr'><strong>ita-</strong></span> 
     </span>
     <span class='ocr_line' id='line_1_63' title="bbox 397 3228 1462 3279; baseline 0.002 -15"><span class='ocrx_word' id='word_1_480' title='bbox 397 3239 467 3276; x_wconf 86' lang='lat' dir='ltr'><strong>que</strong></span> <span class='ocrx_word' id='word_1_481' title='bbox 494 3228 513 3250; x_wconf 83' lang='lat'>*</span> <span class='ocrx_word' id='word_1_482' title='bbox 542 3236 610 3266; x_wconf 89' lang='lat' dir='ltr'><strong>etc.</strong></span> <span class='ocrx_word' id='word_1_483' title='bbox 633 3228 743 3266; x_wconf 89' lang='lat' dir='ltr'><strong>Circa</strong></span> <span class='ocrx_word' id='word_1_484' title='bbox 760 3229 930 3279; x_wconf 91' lang='lat' dir='ltr'><strong>primum</strong></span> <span class='ocrx_word' id='word_1_485' title='bbox 952 3230 1029 3268; x_wconf 94' lang='lat' dir='ltr'><strong>duo</strong></span> <span class='ocrx_word' id='word_1_486' title='bbox 1059 3229 1162 3266; x_wconf 87' lang='lat' dir='ltr'><strong>facit:</strong></span> <span class='ocrx_word' id='word_1_487' title='bbox 1181 3229 1308 3279; x_wconf 90' lang='lat' dir='ltr'><strong>primo</strong></span> <span class='ocrx_word' id='word_1_488' title='bbox 1329 3236 1462 3267; x_wconf 88' lang='lat' dir='ltr'><strong>movet</strong></span> 
     </span>
     <span class='ocr_line' id='line_1_64' title="bbox 397 3281 1461 3332; baseline 0.003 -15"><span class='ocrx_word' id='word_1_489' title='bbox 397 3281 676 3328; x_wconf 90' lang='lat' dir='ltr'><strong>quaestionem;</strong></span> <span class='ocrx_word' id='word_1_490' title='bbox 707 3282 876 3332; x_wconf 85' lang='lat' dir='ltr'><strong>secundo</strong></span> <span class='ocrx_word' id='word_1_491' title='bbox 896 3282 1047 3332; x_wconf 91' lang='lat' dir='ltr'><strong>inquirit</strong></span> <span class='ocrx_word' id='word_1_492' title='bbox 1066 3281 1298 3332; x_wconf 87' lang='lat' dir='ltr'><strong>quaestionis</strong></span> <span class='ocrx_word' id='word_1_493' title='bbox 1325 3282 1461 3321; x_wconf 85' lang='lat' dir='ltr'><strong>verita-</strong></span> 
     </span>
     <span class='ocr_line' id='line_1_65' title="bbox 397 3333 1076 3384; baseline 0.006 -15"><span class='ocrx_word' id='word_1_494' title='bbox 397 3339 487 3380; x_wconf 88' lang='lat' dir='ltr'><strong>tem,</strong></span> <span class='ocrx_word' id='word_1_495' title='bbox 508 3333 574 3371; x_wconf 91' lang='lat' dir='ltr'><strong>ibi:</strong></span> <span class='ocrx_word' id='word_1_496' title='bbox 603 3336 680 3371; x_wconf 86' lang='lat' dir='ltr'><strong>Aut</strong></span> <span class='ocrx_word' id='word_1_497' title='bbox 708 3336 931 3384; x_wconf 81' lang='lat' dir='ltr'><strong>impossibile</strong></span> <span class='ocrx_word' id='word_1_498' title='bbox 957 3335 977 3358; x_wconf 73' lang='lat'><strong>’¹‘</strong></span> <span class='ocrx_word' id='word_1_499' title='bbox 1006 3343 1076 3373; x_wconf 89' lang='lat' dir='ltr'><strong>ete.</strong></span> 
     </span>
    </p>

    <p class='ocr_par' dir='ltr' id='par_1_21' title="bbox 399 3386 1462 3490">
     <span class='ocr_line' id='line_1_66' title="bbox 451 3386 1462 3438; baseline 0.004 -16"><span class='ocrx_word' id='word_1_500' title='bbox 451 3386 561 3423; x_wconf 90' lang='lat' dir='ltr'><strong>Circa</strong></span> <span class='ocrx_word' id='word_1_501' title='bbox 588 3387 756 3435; x_wconf 90' lang='lat' dir='ltr'><strong>primurn</strong></span> <span class='ocrx_word' id='word_1_502' title='bbox 777 3388 853 3425; x_wconf 92' lang='lat' dir='ltr'><strong>duo</strong></span> <span class='ocrx_word' id='word_1_503' title='bbox 883 3389 979 3426; x_wconf 88' lang='lat' dir='ltr'><strong>facit.</strong></span> <span class='ocrx_word' id='word_1_504' title='bbox 1014 3389 1143 3426; x_wconf 91' lang='lat' dir='ltr'><strong>Primo</strong></span> <span class='ocrx_word' id='word_1_505' title='bbox 1162 3388 1343 3438; x_wconf 87' lang='lat' dir='ltr'><strong>proponit</strong></span> <span class='ocrx_word' id='word_1_506' title='bbox 1369 3388 1462 3437; x_wconf 91' lang='lat' dir='ltr'><strong>quid</strong></span> 
     </span>
     <span class='ocr_line' id='line_1_67' title="bbox 399 3439 1460 3490; baseline 0.005 -16"><span class='ocrx_word' id='word_1_507' title='bbox 399 3450 444 3475; x_wconf 88' lang='lat' dir='ltr'><strong>ex</strong></span> <span class='ocrx_word' id='word_1_508' title='bbox 471 3439 670 3487; x_wconf 86' lang='lat' dir='ltr'><strong>praedictis</strong></span> <span class='ocrx_word' id='word_1_509' title='bbox 710 3441 754 3477; x_wconf 90' lang='lat' dir='ltr'><strong>sit</strong></span> <span class='ocrx_word' id='word_1_510' title='bbox 781 3441 1023 3478; x_wconf 87' lang='lat' dir='ltr'><strong>manifestum</strong></span> <span class='ocrx_word' id='word_1_511' title='bbox 1063 3442 1161 3479; x_wconf 89' lang='lat' dir='ltr'><strong>circa</strong></span> <span class='ocrx_word' id='word_1_512' title='bbox 1189 3449 1460 3490; x_wconf 84' lang='lat' dir='ltr'><strong>augmentum:</strong></span> 
     </span>
    </p>
   </div>
   <div class='ocr_carea' id='block_1_15' title="bbox 1516 945 2594 1996">
    <p class='ocr_par' dir='ltr' id='par_1_22' title="bbox 1588 945 2592 1030">
     <span class='ocr_line' id='line_1_68' title="bbox 1588 945 2592 988; baseline 0.002 -12"><span class='ocrx_word' id='word_1_513' title='bbox 1588 945 1795 977; x_wconf 86' lang='lat' dir='ltr'><strong>minutionis?</strong></span> <span class='ocrx_word' id='word_1_514' title='bbox 1819 946 1912 978; x_wconf 89' lang='lat' dir='ltr'><strong>Circa</strong></span> <span class='ocrx_word' id='word_1_515' title='bbox 1942 948 2197 988; x_wconf 83' lang='lat' dir='ltr'><strong>magnitudinem</strong></span> <span class='ocrx_word' id='word_1_516' title='bbox 2230 954 2340 979; x_wconf 87' lang='lat' dir='ltr'><strong>autem</strong></span> <span class='ocrx_word' id='word_1_517' title='bbox 2368 947 2493 978; x_wconf 88' lang='lat' dir='ltr'><strong>videtur</strong></span> <span class='ocrx_word' id='word_1_518' title='bbox 2524 958 2592 979; x_wconf 83' lang='lat' dir='ltr'><strong>esse</strong></span> 
     </span>
     <span class='ocr_line' id='line_1_69' title="bbox 1588 990 1926 1030; baseline 0.006 -10"><span class='ocrx_word' id='word_1_519' title='bbox 1588 990 1695 1030; x_wconf 88' lang='lat' dir='ltr'><strong>augeri</strong></span> <span class='ocrx_word' id='word_1_520' title='bbox 1718 998 1749 1022; x_wconf 90' lang='lat' dir='ltr'><strong>et</strong></span> <span class='ocrx_word' id='word_1_521' title='bbox 1771 991 1926 1023; x_wconf 90' lang='lat' dir='ltr'><strong>deminui.</strong></span> 
     </span>
    </p>

    <p class='ocr_par' dir='ltr' id='par_1_23' title="bbox 1520 1034 2592 1297">
     <span class='ocr_line' id='line_1_70' title="bbox 1520 1034 2592 1078; baseline 0.003 -13"><span class='ocrx_word' id='word_1_522' title='bbox 1520 1034 1562 1065; x_wconf 89' lang='lat' dir='ltr'><strong>Et</strong></span> <span class='ocrx_word' id='word_1_523' title='bbox 1576 1035 1710 1075; x_wconf 84' lang='lat' dir='ltr'><strong>qualiter</strong></span> <span class='ocrx_word' id='word_1_524' title='bbox 1726 1035 1984 1075; x_wconf 85' lang='lat' dir='ltr'><strong>suscipiendum:</strong></span> <span class='ocrx_word' id='word_1_525' title='bbox 2003 1035 2023 1054; x_wconf 68' lang='lat'><strong>&#39;²‘</strong></span> <span class='ocrx_word' id='word_1_526' title='bbox 2035 1043 2144 1068; x_wconf 90' lang='lat' dir='ltr'><strong>utrum</strong></span> <span class='ocrx_word' id='word_1_527' title='bbox 2159 1046 2196 1067; x_wconf 84' lang='lat' dir='ltr'><strong>ex</strong></span> <span class='ocrx_word' id='word_1_528' title='bbox 2211 1036 2354 1078; x_wconf 84' lang='lat' dir='ltr'><strong>potentia</strong></span> <span class='ocrx_word' id='word_1_529' title='bbox 2378 1035 2510 1077; x_wconf 90' lang='lat' dir='ltr'><strong>quidem</strong></span> <span class='ocrx_word' id='word_1_530' title='bbox 2525 1046 2592 1068; x_wconf 85' lang='lat' dir='ltr'><strong>ma-</strong></span> 
     </span>
     <span class='ocr_line' id='line_1_71' title="bbox 1585 1079 2592 1121; baseline 0.004 -12"><span class='ocrx_word' id='word_1_531' title='bbox 1585 1079 1751 1119; x_wconf 86' lang='lat' dir='ltr'><strong>gnitudine</strong></span> <span class='ocrx_word' id='word_1_532' title='bbox 1775 1086 1806 1110; x_wconf 91' lang='lat' dir='ltr'><strong>et</strong></span> <span class='ocrx_word' id='word_1_533' title='bbox 1829 1089 1974 1119; x_wconf 90' lang='lat' dir='ltr'><strong>corpore,</strong></span> <span class='ocrx_word' id='word_1_534' title='bbox 1988 1086 2061 1111; x_wconf 84' lang='lat' dir='ltr'><strong>actu</strong></span> <span class='ocrx_word' id='word_1_535' title='bbox 2084 1090 2160 1111; x_wconf 89' lang='lat' dir='ltr'><strong>vero</strong></span> <span class='ocrx_word' id='word_1_536' title='bbox 2183 1080 2374 1121; x_wconf 85' lang='lat' dir='ltr'><strong>incorporeo</strong></span> <span class='ocrx_word' id='word_1_537' title='bbox 2389 1086 2421 1111; x_wconf 88' lang='lat' dir='ltr'><strong>et</strong></span> <span class='ocrx_word' id='word_1_538' title='bbox 2443 1080 2510 1111; x_wconf 88' lang='lat' dir='ltr'><strong>sine</strong></span> <span class='ocrx_word' id='word_1_539' title='bbox 2526 1090 2592 1113; x_wconf 82' lang='lat' dir='ltr'><strong>ma-</strong></span> 
     </span>
     <span class='ocr_line' id='line_1_72' title="bbox 1586 1123 2592 1165; baseline 0.003 -12"><span class='ocrx_word' id='word_1_540' title='bbox 1586 1123 1771 1163; x_wconf 88' lang='lat' dir='ltr'><strong>gnitudine,</strong></span> <span class='ocrx_word' id='word_1_541' title='bbox 1795 1123 1936 1164; x_wconf 87' lang='lat' dir='ltr'><strong>generari</strong></span> <span class='ocrx_word' id='word_1_542' title='bbox 1960 1134 2076 1164; x_wconf 89' lang='lat' dir='ltr'><strong>corpus</strong></span> <span class='ocrx_word' id='word_1_543' title='bbox 2109 1131 2141 1156; x_wconf 89' lang='lat' dir='ltr'><strong>et</strong></span> <span class='ocrx_word' id='word_1_544' title='bbox 2163 1124 2428 1165; x_wconf 83' lang='lat' dir='ltr'><strong>magnitudinem.</strong></span> <span class='ocrx_word' id='word_1_545' title='bbox 2451 1124 2494 1155; x_wconf 93' lang='lat' dir='ltr'><strong>Et</strong></span> <span class='ocrx_word' id='word_1_546' title='bbox 2517 1135 2592 1156; x_wconf 89' lang='lat' dir='ltr'><strong>cum</strong></span> 
     </span>
     <span class='ocr_line' id='line_1_73' title="bbox 1586 1167 2590 1209; baseline 0.002 -11"><span class='ocrx_word' id='word_1_547' title='bbox 1586 1167 1648 1198; x_wconf 92' lang='lat' dir='ltr'><strong>hoc</strong></span> <span class='ocrx_word' id='word_1_548' title='bbox 1672 1167 1840 1208; x_wconf 87' lang='lat' dir='ltr'><strong>dupliciter</strong></span> <span class='ocrx_word' id='word_1_549' title='bbox 1863 1168 2027 1208; x_wconf 87' lang='lat' dir='ltr'><strong>contingat</strong></span> <span class='ocrx_word' id='word_1_550' title='bbox 2049 1168 2121 1206; x_wconf 88' lang='lat' dir='ltr'><strong>dici,</strong></span> <span class='ocrx_word' id='word_1_551' title='bbox 2137 1168 2274 1209; x_wconf 87' lang='lat' dir='ltr'><strong>qualiter</strong></span> <span class='ocrx_word' id='word_1_552' title='bbox 2295 1168 2512 1208; x_wconf 85' lang='lat' dir='ltr'><strong>augmentatio</strong></span> <span class='ocrx_word' id='word_1_553' title='bbox 2535 1167 2590 1200; x_wconf 87' lang='lat' dir='ltr'><strong>fit:</strong></span> 
     </span>
     <span class='ocr_line' id='line_1_74' title="bbox 1586 1211 2589 1252; baseline 0.002 -10"><span class='ocrx_word' id='word_1_554' title='bbox 1586 1218 1695 1243; x_wconf 91' lang='lat' dir='ltr'><strong>utrum</strong></span> <span class='ocrx_word' id='word_1_555' title='bbox 1719 1222 1756 1243; x_wconf 84' lang='lat' dir='ltr'><strong>ex</strong></span> <span class='ocrx_word' id='word_1_556' title='bbox 1779 1218 1922 1252; x_wconf 86' lang='lat' dir='ltr'><strong>separata</strong></span> <span class='ocrx_word' id='word_1_557' title='bbox 1944 1212 2014 1252; x_wconf 87' lang='lat' dir='ltr'><strong>ipsa</strong></span> <span class='ocrx_word' id='word_1_558' title='bbox 2045 1212 2224 1243; x_wconf 84' lang='lat' dir='ltr'><strong>secundum</strong></span> <span class='ocrx_word' id='word_1_559' title='bbox 2246 1223 2280 1243; x_wconf 86' lang='lat' dir='ltr'><strong>se</strong></span> <span class='ocrx_word' id='word_1_560' title='bbox 2309 1211 2460 1251; x_wconf 78' lang='lat' dir='ltr'><strong>materia,</strong></span> <span class='ocrx_word' id='word_1_561' title='bbox 2487 1222 2528 1243; x_wconf 86' lang='lat' dir='ltr'><strong>an</strong></span> <span class='ocrx_word' id='word_1_562' title='bbox 2551 1221 2589 1244; x_wconf 81' lang='lat' dir='ltr'><strong>ex</strong></span> 
     </span>
     <span class='ocr_line' id='line_1_75' title="bbox 1585 1256 2045 1297; baseline 0.002 -10"><span class='ocrx_word' id='word_1_563' title='bbox 1585 1256 1735 1288; x_wconf 80' lang='lat' dir='ltr'><strong>existente</strong></span> <span class='ocrx_word' id='word_1_564' title='bbox 1757 1256 1790 1286; x_wconf 92' lang='lat' dir='ltr'><strong>in</strong></span> <span class='ocrx_word' id='word_1_565' title='bbox 1814 1256 1877 1287; x_wconf 86' lang='lat' dir='ltr'><strong>alio</strong></span> <span class='ocrx_word' id='word_1_566' title='bbox 1901 1266 2045 1297; x_wconf 85' lang='lat' dir='ltr'><strong>corpore.</strong></span> 
     </span>
    </p>

    <p class='ocr_par' dir='ltr' id='par_1_24' title="bbox 1518 1300 2594 1561">
     <span class='ocr_line' id='line_1_76' title="bbox 1518 1300 2594 1343; baseline 0.002 -12"><span class='ocrx_word' id='word_1_567' title='bbox 1518 1302 1584 1332; x_wconf 92' lang='lat' dir='ltr'><strong>Aut</strong></span> <span class='ocrx_word' id='word_1_568' title='bbox 1606 1300 1802 1341; x_wconf 89' lang='lat' dir='ltr'><strong>impossibile</strong></span> <span class='ocrx_word' id='word_1_569' title='bbox 1818 1301 2174 1342; x_wconf 76' lang='lat' dir='ltr'><strong>utrumque.,Separata</strong></span> <span class='ocrx_word' id='word_1_570' title='bbox 2189 1300 2276 1332; x_wconf 88' lang='lat' dir='ltr'><strong>enim</strong></span> <span class='ocrx_word' id='word_1_571' title='bbox 2298 1306 2354 1332; x_wconf 88' lang='lat' dir='ltr'><strong>aut</strong></span> <span class='ocrx_word' id='word_1_572' title='bbox 2376 1300 2504 1332; x_wconf 85' lang='lat' dir='ltr'><strong>nullum</strong></span> <span class='ocrx_word' id='word_1_573' title='bbox 2518 1311 2594 1343; x_wconf 78' lang='lat' dir='ltr'><strong>pos·</strong></span> 
     </span>
     <span class='ocr_line' id='line_1_77' title="bbox 1584 1344 2593 1386; baseline 0.001 -10"><span class='ocrx_word' id='word_1_574' title='bbox 1584 1345 1698 1376; x_wconf 89' lang='lat' dir='ltr'><strong>sidebit</strong></span> <span class='ocrx_word' id='word_1_575' title='bbox 1720 1345 1840 1384; x_wconf 88' lang='lat' dir='ltr'><strong>locum,</strong></span> <span class='ocrx_word' id='word_1_576' title='bbox 1858 1352 1894 1376; x_wconf 92' lang='lat' dir='ltr'><strong>ut</strong></span> <span class='ocrx_word' id='word_1_577' title='bbox 1915 1351 2054 1385; x_wconf 88' lang='lat' dir='ltr'><strong>punctus</strong></span> <span class='ocrx_word' id='word_1_578' title='bbox 2078 1344 2208 1386; x_wconf 88' lang='lat' dir='ltr'><strong>aliquis;</strong></span> <span class='ocrx_word' id='word_1_579' title='bbox 2231 1351 2288 1376; x_wconf 87' lang='lat' dir='ltr'><strong>aut</strong></span> <span class='ocrx_word' id='word_1_580' title='bbox 2309 1354 2450 1376; x_wconf 86' lang='lat' dir='ltr'><strong>vacuum</strong></span> <span class='ocrx_word' id='word_1_581' title='bbox 2465 1344 2523 1377; x_wconf 90' lang='lat' dir='ltr'><strong>erit</strong></span> <span class='ocrx_word' id='word_1_582' title='bbox 2537 1351 2593 1378; x_wconf 81' lang='lat' dir='ltr'><strong>aut</strong></span> 
     </span>
     <span class='ocr_line' id='line_1_78' title="bbox 1586 1388 2593 1431; baseline 0 -11"><span class='ocrx_word' id='word_1_583' title='bbox 1586 1399 1701 1430; x_wconf 85' lang='lat' dir='ltr'><strong>corpus</strong></span> <span class='ocrx_word' id='word_1_584' title='bbox 1726 1399 1791 1420; x_wconf 91' lang='lat' dir='ltr'><strong>non</strong></span> <span class='ocrx_word' id='word_1_585' title='bbox 1815 1389 1972 1421; x_wconf 89' lang='lat' dir='ltr'><strong>sensibile.</strong></span> <span class='ocrx_word' id='word_1_586' title='bbox 1991 1389 2120 1420; x_wconf 89' lang='lat' dir='ltr'><strong>Horum</strong></span> <span class='ocrx_word' id='word_1_587' title='bbox 2143 1395 2252 1420; x_wconf 87' lang='lat' dir='ltr'><strong>autem</strong></span> <span class='ocrx_word' id='word_1_588' title='bbox 2274 1389 2337 1420; x_wconf 85' lang='lat' dir='ltr'><strong>hoc</strong></span> <span class='ocrx_word' id='word_1_589' title='bbox 2370 1388 2502 1431; x_wconf 87' lang='lat' dir='ltr'><strong>quidem</strong></span> <span class='ocrx_word' id='word_1_590' title='bbox 2524 1399 2593 1421; x_wconf 87' lang='lat' dir='ltr'><strong>non</strong></span> 
     </span>
     <span class='ocr_line' id='line_1_79' title="bbox 1585 1432 2593 1475; baseline 0 -11"><span class='ocrx_word' id='word_1_591' title='bbox 1585 1434 1750 1475; x_wconf 87' lang='lat' dir='ltr'><strong>contingit,</strong></span> <span class='ocrx_word' id='word_1_592' title='bbox 1781 1434 1844 1465; x_wconf 89' lang='lat' dir='ltr'><strong>hoc</strong></span> <span class='ocrx_word' id='word_1_593' title='bbox 1871 1441 1979 1465; x_wconf 87' lang='lat' dir='ltr'><strong>autem</strong></span> <span class='ocrx_word' id='word_1_594' title='bbox 2009 1443 2135 1464; x_wconf 87' lang='lat' dir='ltr'><strong>necesse</strong></span> <span class='ocrx_word' id='word_1_595' title='bbox 2162 1433 2195 1464; x_wconf 89' lang='lat' dir='ltr'><strong>in</strong></span> <span class='ocrx_word' id='word_1_596' title='bbox 2221 1433 2330 1475; x_wconf 85' lang='lat' dir='ltr'><strong>aliquo</strong></span> <span class='ocrx_word' id='word_1_597' title='bbox 2354 1443 2434 1465; x_wconf 85' lang='lat' dir='ltr'><strong>esse.</strong></span> <span class='ocrx_word' id='word_1_598' title='bbox 2458 1432 2593 1475; x_wconf 85' lang='lat' dir='ltr'><strong>Semper</strong></span> 
     </span>
     <span class='ocr_line' id='line_1_80' title="bbox 1585 1478 2594 1519; baseline 0.001 -10"><span class='ocrx_word' id='word_1_599' title='bbox 1585 1478 1671 1509; x_wconf 90' lang='lat' dir='ltr'><strong>enim</strong></span> <span class='ocrx_word' id='word_1_600' title='bbox 1689 1478 1805 1509; x_wconf 86' lang='lat' dir='ltr'><strong>alicubi</strong></span> <span class='ocrx_word' id='word_1_601' title='bbox 1828 1478 1886 1509; x_wconf 90' lang='lat' dir='ltr'><strong>erit</strong></span> <span class='ocrx_word' id='word_1_602' title='bbox 1908 1478 1999 1519; x_wconf 92' lang='lat' dir='ltr'><strong>quod</strong></span> <span class='ocrx_word' id='word_1_603' title='bbox 2021 1485 2188 1518; x_wconf 89' lang='lat' dir='ltr'><strong>generatur</strong></span> <span class='ocrx_word' id='word_1_604' title='bbox 2211 1487 2248 1508; x_wconf 85' lang='lat' dir='ltr'><strong>ex</strong></span> <span class='ocrx_word' id='word_1_605' title='bbox 2270 1484 2326 1509; x_wconf 86' lang='lat' dir='ltr'><strong>eo:</strong></span> <span class='ocrx_word' id='word_1_606' title='bbox 2349 1484 2546 1519; x_wconf 78' lang='lat' dir='ltr'><strong>quapropter</strong></span> <span class='ocrx_word' id='word_1_607' title='bbox 2561 1483 2594 1510; x_wconf 79' lang='lat' dir='ltr'><strong>et</strong></span> 
     </span>
     <span class='ocr_line' id='line_1_81' title="bbox 1584 1522 2459 1561; baseline 0.001 -8"><span class='ocrx_word' id='word_1_608' title='bbox 1584 1523 1675 1561; x_wconf 91' lang='lat' dir='ltr'><strong>illud,</strong></span> <span class='ocrx_word' id='word_1_609' title='bbox 1691 1530 1747 1554; x_wconf 88' lang='lat' dir='ltr'><strong>aut</strong></span> <span class='ocrx_word' id='word_1_610' title='bbox 1769 1523 1947 1554; x_wconf 89' lang='lat' dir='ltr'><strong>secundum</strong></span> <span class='ocrx_word' id='word_1_611' title='bbox 1970 1532 2002 1553; x_wconf 89' lang='lat' dir='ltr'><strong>se</strong></span> <span class='ocrx_word' id='word_1_612' title='bbox 2026 1529 2081 1553; x_wconf 88' lang='lat' dir='ltr'><strong>aut</strong></span> <span class='ocrx_word' id='word_1_613' title='bbox 2104 1522 2282 1553; x_wconf 88' lang='lat' dir='ltr'><strong>secundum</strong></span> <span class='ocrx_word' id='word_1_614' title='bbox 2305 1522 2459 1557; x_wconf 81' lang='lat' dir='ltr'><strong>accidens.</strong></span> 
     </span>
    </p>

    <p class='ocr_par' dir='ltr' id='par_1_25' title="bbox 1516 1566 2592 1819">
     <span class='ocr_line' id='line_1_82' title="bbox 1516 1566 2592 1608; baseline 0.002 -11"><span class='ocrx_word' id='word_1_615' title='bbox 1516 1566 1534 1586; x_wconf 85' lang='grc'>*</span> <span class='ocrx_word' id='word_1_616' title='bbox 1549 1567 1612 1598; x_wconf 91' lang='lat' dir='ltr'><strong>Sed</strong></span> <span class='ocrx_word' id='word_1_617' title='bbox 1635 1567 1661 1597; x_wconf 94' lang='lat' dir='ltr'><strong>si</strong></span> <span class='ocrx_word' id='word_1_618' title='bbox 1683 1567 1716 1598; x_wconf 86' lang='lat' dir='ltr'><strong>in</strong></span> <span class='ocrx_word' id='word_1_619' title='bbox 1740 1567 1848 1608; x_wconf 87' lang='lat' dir='ltr'><strong>aliquo</strong></span> <span class='ocrx_word' id='word_1_620' title='bbox 1872 1567 1984 1606; x_wconf 85' lang='lat' dir='ltr'><strong>existit,</strong></span> <span class='ocrx_word' id='word_1_621' title='bbox 1997 1566 2023 1597; x_wconf 90' lang='lat' dir='ltr'><strong>si</strong></span> <span class='ocrx_word' id='word_1_622' title='bbox 2039 1566 2170 1608; x_wconf 88' lang='lat' dir='ltr'><strong>quidem</strong></span> <span class='ocrx_word' id='word_1_623' title='bbox 2193 1572 2373 1607; x_wconf 85' lang='lat' dir='ltr'><strong>separatum</strong></span> <span class='ocrx_word' id='word_1_624' title='bbox 2395 1566 2440 1598; x_wconf 84' lang='lat' dir='ltr'><strong>ita</strong></span> <span class='ocrx_word' id='word_1_625' title='bbox 2465 1572 2503 1599; x_wconf 85' lang='lat' dir='ltr'><strong>ut</strong></span> <span class='ocrx_word' id='word_1_626' title='bbox 2523 1575 2592 1599; x_wconf 81' lang='lat' dir='ltr'><strong>non</strong></span> 
     </span>
     <span class='ocr_line' id='line_1_83' title="bbox 1583 1609 2590 1652; baseline 0.001 -10"><span class='ocrx_word' id='word_1_627' title='bbox 1583 1611 1668 1642; x_wconf 90' lang='lat' dir='ltr'><strong>illius</strong></span> <span class='ocrx_word' id='word_1_628' title='bbox 1696 1611 1874 1642; x_wconf 88' lang='lat' dir='ltr'><strong>secundum</strong></span> <span class='ocrx_word' id='word_1_629' title='bbox 1897 1621 1929 1642; x_wconf 91' lang='lat' dir='ltr'><strong>se</strong></span> <span class='ocrx_word' id='word_1_630' title='bbox 1954 1618 2009 1642; x_wconf 90' lang='lat' dir='ltr'><strong>aut</strong></span> <span class='ocrx_word' id='word_1_631' title='bbox 2032 1611 2211 1642; x_wconf 87' lang='lat' dir='ltr'><strong>secundum</strong></span> <span class='ocrx_word' id='word_1_632' title='bbox 2226 1610 2370 1642; x_wconf 84' lang='lat' dir='ltr'><strong>accidens</strong></span> <span class='ocrx_word' id='word_1_633' title='bbox 2394 1609 2517 1652; x_wconf 83' lang='lat' dir='ltr'><strong>aliquid</strong></span> <span class='ocrx_word' id='word_1_634' title='bbox 2538 1609 2590 1650; x_wconf 80' lang='lat' dir='ltr'><strong>sit,</strong></span> 
     </span>
     <span class='ocr_line' id='line_1_84' title="bbox 1584 1654 2589 1696; baseline 0 -10"><span class='ocrx_word' id='word_1_635' title='bbox 1584 1655 1774 1696; x_wconf 90' lang='lat' dir='ltr'><strong>contingunt</strong></span> <span class='ocrx_word' id='word_1_636' title='bbox 1796 1656 1898 1687; x_wconf 90' lang='lat' dir='ltr'><strong>multa</strong></span> <span class='ocrx_word' id='word_1_637' title='bbox 1920 1655 2139 1696; x_wconf 87' lang='lat' dir='ltr'><strong>impossibilia.</strong></span> <span class='ocrx_word' id='word_1_638' title='bbox 2156 1654 2238 1686; x_wconf 88' lang='lat' dir='ltr'><strong>Dico</strong></span> <span class='ocrx_word' id='word_1_639' title='bbox 2262 1661 2386 1694; x_wconf 85' lang='lat' dir='ltr'><strong>autem,</strong></span> <span class='ocrx_word' id='word_1_640' title='bbox 2411 1654 2500 1686; x_wconf 86' lang='lat' dir='ltr'><strong>verbi</strong></span> <span class='ocrx_word' id='word_1_641' title='bbox 2521 1662 2589 1696; x_wconf 79' lang='lat' dir='ltr'><strong>gra-</strong></span> 
     </span>
     <span class='ocr_line' id='line_1_85' title="bbox 1583 1699 2591 1740; baseline 0 -10"><span class='ocrx_word' id='word_1_642' title='bbox 1583 1700 1636 1738; x_wconf 91' lang='lat' dir='ltr'><strong>tia,</strong></span> <span class='ocrx_word' id='word_1_643' title='bbox 1652 1700 1677 1730; x_wconf 90' lang='lat' dir='ltr'><strong>si</strong></span> <span class='ocrx_word' id='word_1_644' title='bbox 1700 1699 1899 1740; x_wconf 89' lang='lat' dir='ltr'><strong>generabitur</strong></span> <span class='ocrx_word' id='word_1_645' title='bbox 1921 1709 1974 1730; x_wconf 88' lang='lat' dir='ltr'><strong>aer</strong></span> <span class='ocrx_word' id='word_1_646' title='bbox 1989 1709 2026 1730; x_wconf 84' lang='lat' dir='ltr'><strong>ex</strong></span> <span class='ocrx_word' id='word_1_647' title='bbox 2049 1709 2143 1740; x_wconf 84' lang='lat' dir='ltr'><strong>aqua,</strong></span> <span class='ocrx_word' id='word_1_648' title='bbox 2159 1709 2227 1730; x_wconf 89' lang='lat' dir='ltr'><strong>non</strong></span> <span class='ocrx_word' id='word_1_649' title='bbox 2247 1709 2331 1740; x_wconf 86' lang='lat' dir='ltr'><strong>aqua</strong></span> <span class='ocrx_word' id='word_1_650' title='bbox 2354 1699 2412 1730; x_wconf 90' lang='lat' dir='ltr'><strong>erit</strong></span> <span class='ocrx_word' id='word_1_651' title='bbox 2433 1705 2591 1730; x_wconf 77' lang='lat' dir='ltr'><strong>transmu-</strong></span> 
     </span>
     <span class='ocr_line' id='line_1_86' title="bbox 1584 1743 2592 1785; baseline -0.001 -10"><span class='ocrx_word' id='word_1_652' title='bbox 1584 1750 1658 1782; x_wconf 86' lang='lat' dir='ltr'><strong>tata,</strong></span> <span class='ocrx_word' id='word_1_653' title='bbox 1674 1744 1730 1775; x_wconf 86' lang='lat' dir='ltr'><strong>sed</strong></span> <span class='ocrx_word' id='word_1_654' title='bbox 1746 1751 1912 1784; x_wconf 89' lang='lat' dir='ltr'><strong>propterea</strong></span> <span class='ocrx_word' id='word_1_655' title='bbox 1926 1745 2016 1785; x_wconf 91' lang='lat' dir='ltr'><strong>quod</strong></span> <span class='ocrx_word' id='word_1_656' title='bbox 2036 1743 2069 1774; x_wconf 93' lang='lat' dir='ltr'><strong>in</strong></span> <span class='ocrx_word' id='word_1_657' title='bbox 2086 1753 2179 1784; x_wconf 81' lang='lat' dir='ltr'><strong>aqua,</strong></span> <span class='ocrx_word' id='word_1_658' title='bbox 2196 1749 2234 1774; x_wconf 93' lang='lat' dir='ltr'><strong>ut</strong></span> <span class='ocrx_word' id='word_1_659' title='bbox 2255 1743 2290 1774; x_wconf 89' lang='lat' dir='ltr'><strong>in</strong></span> <span class='ocrx_word' id='word_1_660' title='bbox 2312 1753 2397 1782; x_wconf 81' lang='lat' dir='ltr'><strong>vase,</strong></span> <span class='ocrx_word' id='word_1_661' title='bbox 2419 1743 2502 1775; x_wconf 85' lang='lat' dir='ltr'><strong>inest</strong></span> <span class='ocrx_word' id='word_1_662' title='bbox 2523 1752 2592 1774; x_wconf 72' lang='lat' dir='ltr'><strong>mn-</strong></span> 
     </span>
     <span class='ocr_line' id='line_1_87' title="bbox 1585 1788 1762 1819; baseline 0 0"><span class='ocrx_word' id='word_1_663' title='bbox 1585 1788 1661 1819; x_wconf 85' lang='lat' dir='ltr'><strong>teria</strong></span> <span class='ocrx_word' id='word_1_664' title='bbox 1684 1788 1762 1819; x_wconf 83' lang='lat' dir='ltr'><strong>eius.</strong></span> 
     </span>
    </p>

    <p class='ocr_par' dir='ltr' id='par_1_26' title="bbox 1518 1831 2592 1917">
     <span class='ocr_line' id='line_1_88' title="bbox 1518 1831 2592 1873; baseline 0 -10"><span class='ocrx_word' id='word_1_665' title='bbox 1518 1832 1657 1864; x_wconf 88' lang='lat' dir='ltr'><strong>Infinitas</strong></span> <span class='ocrx_word' id='word_1_666' title='bbox 1681 1833 1767 1863; x_wconf 89' lang='lat' dir='ltr'><strong>enim</strong></span> <span class='ocrx_word' id='word_1_667' title='bbox 1790 1831 1869 1863; x_wconf 91' lang='lat' dir='ltr'><strong>nihil</strong></span> <span class='ocrx_word' id='word_1_668' title='bbox 1891 1831 2039 1873; x_wconf 88' lang='lat' dir='ltr'><strong>prohibet</strong></span> <span class='ocrx_word' id='word_1_669' title='bbox 2061 1831 2208 1863; x_wconf 80' lang='lat' dir='ltr'><strong>materias</strong></span> <span class='ocrx_word' id='word_1_670' title='bbox 2231 1841 2308 1863; x_wconf 88' lang='lat' dir='ltr'><strong>esse.</strong></span> <span class='ocrx_word' id='word_1_671' title='bbox 2333 1832 2538 1872; x_wconf 80' lang='lat' dir='ltr'><strong>Quapropter</strong></span> <span class='ocrx_word' id='word_1_672' title='bbox 2561 1837 2592 1863; x_wconf 85' lang='lat' dir='ltr'><strong>et</strong></span> 
     </span>
     <span class='ocr_line' id='line_1_89' title="bbox 1584 1876 1830 1917; baseline 0 -10"><span class='ocrx_word' id='word_1_673' title='bbox 1584 1876 1725 1917; x_wconf 90' lang='lat' dir='ltr'><strong>generari</strong></span> <span class='ocrx_word' id='word_1_674' title='bbox 1748 1883 1830 1907; x_wconf 90' lang='lat' dir='ltr'><strong>actu.</strong></span> 
     </span>
    </p>

    <p class='ocr_par' dir='ltr' id='par_1_27' title="bbox 1517 1917 2592 1996">
     <span class='ocr_line' id='line_1_90' title="bbox 1517 1917 2592 1962; baseline -0.002 -10"><span class='ocrx_word' id='word_1_675' title='bbox 1517 1921 1677 1962; x_wconf 87' lang='lat' dir='ltr'><strong>Amplius,</strong></span> <span class='ocrx_word' id='word_1_676' title='bbox 1693 1931 1798 1962; x_wconf 89' lang='lat' dir='ltr'><strong>neque</strong></span> <span class='ocrx_word' id='word_1_677' title='bbox 1821 1920 1866 1951; x_wconf 89' lang='lat' dir='ltr'><strong>sic</strong></span> <span class='ocrx_word' id='word_1_678' title='bbox 1888 1920 2013 1951; x_wconf 89' lang='lat' dir='ltr'><strong>videtur</strong></span> <span class='ocrx_word' id='word_1_679' title='bbox 2027 1918 2168 1960; x_wconf 88' lang='lat' dir='ltr'><strong>generari</strong></span> <span class='ocrx_word' id='word_1_680' title='bbox 2193 1929 2245 1951; x_wconf 85' lang='lat' dir='ltr'><strong>aer</strong></span> <span class='ocrx_word' id='word_1_681' title='bbox 2263 1928 2302 1950; x_wconf 81' lang='lat' dir='ltr'><strong>ex</strong></span> <span class='ocrx_word' id='word_1_682' title='bbox 2323 1929 2418 1961; x_wconf 84' lang='lat' dir='ltr'><strong>aqua,</strong></span> <span class='ocrx_word' id='word_1_683' title='bbox 2435 1925 2472 1950; x_wconf 89' lang='lat' dir='ltr'><strong>ut</strong></span> <span class='ocrx_word' id='word_1_684' title='bbox 2487 1917 2592 1950; x_wconf 68' lang='lat' dir='ltr'><strong>exiens</strong></span> 
     </span>
     <span class='ocr_line' id='line_1_91' title="bbox 1584 1972 1784 1996; baseline 0 0"><span class='ocrx_word' id='word_1_685' title='bbox 1584 1976 1602 1996; x_wconf 85' lang='lat' dir='ltr'><strong>a</strong></span> <span class='ocrx_word' id='word_1_686' title='bbox 1626 1972 1784 1996; x_wconf 87' lang='lat' dir='ltr'><strong>manente.</strong></span> 
     </span>
    </p>
   </div>
   <div class='ocr_carea' id='block_1_16' title="bbox 1516 2007 2630 2050">
    <p class='ocr_par' dir='ltr' id='par_1_28' title="bbox 1516 2007 2630 2050">
     <span class='ocr_line' id='line_1_92' title="bbox 1516 2007 2630 2050; baseline -0.002 -9"><span class='ocrx_word' id='word_1_687' title='bbox 1516 2010 1534 2029; x_wconf 81' lang='grc'>*</span> <span class='ocrx_word' id='word_1_688' title='bbox 1554 2010 1668 2041; x_wconf 89' lang='lat' dir='ltr'><strong>Melius</strong></span> <span class='ocrx_word' id='word_1_689' title='bbox 1699 2019 1774 2050; x_wconf 87' lang='lat' dir='ltr'><strong>ergo</strong></span> <span class='ocrx_word' id='word_1_690' title='bbox 1809 2015 1856 2040; x_wconf 86' lang='lat' dir='ltr'><strong>est</strong></span> <span class='ocrx_word' id='word_1_691' title='bbox 1888 2008 1988 2040; x_wconf 85' lang='lat' dir='ltr'><strong>facere</strong></span> <span class='ocrx_word' id='word_1_692' title='bbox 2012 2007 2163 2039; x_wconf 88' lang='lat' dir='ltr'><strong>omnibus</strong></span> <span class='ocrx_word' id='word_1_693' title='bbox 2189 2008 2400 2049; x_wconf 81' lang='lat' dir='ltr'><strong>inseparatam</strong></span> <span class='ocrx_word' id='word_1_694' title='bbox 2426 2007 2592 2039; x_wconf 68' lang='lat' dir='ltr'><strong>maneriam</strong></span> <span class='ocrx_word' id='word_1_695' title='bbox 2618 2014 2630 2027; x_wconf 73' lang='grc'><strong>”</strong></span> 
     </span>
    </p>
   </div>
   <div class='ocr_carea' id='block_1_17' title="bbox 1584 2053 2559 2092">
    <p class='ocr_par' dir='ltr' id='par_1_29' title="bbox 1584 2053 2559 2092">
     <span class='ocr_line' id='line_1_93' title="bbox 1584 2053 2559 2092; baseline -0.001 -7"><span class='ocrx_word' id='word_1_696' title='bbox 1584 2055 1718 2086; x_wconf 90' lang='lat' dir='ltr'><strong>eandem</strong></span> <span class='ocrx_word' id='word_1_697' title='bbox 1741 2060 1772 2085; x_wconf 91' lang='lat' dir='ltr'><strong>et</strong></span> <span class='ocrx_word' id='word_1_698' title='bbox 1794 2063 1893 2085; x_wconf 89' lang='lat' dir='ltr'><strong>unam</strong></span> <span class='ocrx_word' id='word_1_699' title='bbox 1916 2062 2064 2092; x_wconf 80' lang='lat' dir='ltr'><strong>numere,</strong></span> <span class='ocrx_word' id='word_1_700' title='bbox 2083 2053 2205 2084; x_wconf 86' lang='lat' dir='ltr'><strong>ratione</strong></span> <span class='ocrx_word' id='word_1_701' title='bbox 2228 2059 2337 2084; x_wconf 86' lang='lat' dir='ltr'><strong>autem</strong></span> <span class='ocrx_word' id='word_1_702' title='bbox 2359 2062 2428 2084; x_wconf 86' lang='lat' dir='ltr'><strong>non</strong></span> <span class='ocrx_word' id='word_1_703' title='bbox 2450 2061 2559 2084; x_wconf 78' lang='lat' dir='ltr'><strong>unam.</strong></span> 
     </span>
    </p>
   </div>
   <div class='ocr_carea' id='block_1_18' title="bbox 1517 2161 2593 2361">
    <p class='ocr_par' dir='ltr' id='par_1_30' title="bbox 1517 2161 2593 2361">
     <span class='ocr_line' id='line_1_94' title="bbox 1517 2161 2592 2200; baseline 0 -8"><span class='ocrx_word' id='word_1_704' title='bbox 1517 2163 1660 2192; x_wconf 88' lang='lat' dir='ltr'><strong>sensibile.</strong></span> <span class='ocrx_word' id='word_1_705' title='bbox 1689 2163 1841 2198; x_wconf 87' lang='lat' dir='ltr'><strong>Similiter,</strong></span> <span class='ocrx_word' id='word_1_706' title='bbox 1870 2171 1938 2191; x_wconf 88' lang='lat' dir='ltr'><strong>cum</strong></span> <span class='ocrx_word' id='word_1_707' title='bbox 1965 2161 1996 2190; x_wconf 90' lang='lat' dir='ltr'><strong>id</strong></span> <span class='ocrx_word' id='word_1_708' title='bbox 2024 2162 2105 2200; x_wconf 89' lang='lat' dir='ltr'><strong>quod</strong></span> <span class='ocrx_word' id='word_1_709' title='bbox 2131 2168 2286 2200; x_wconf 83' lang='lat' dir='ltr'><strong>generatur</strong></span> <span class='ocrx_word' id='word_1_710' title='bbox 2306 2171 2340 2191; x_wconf 88' lang='lat' dir='ltr'><strong>ex</strong></span> <span class='ocrx_word' id='word_1_711' title='bbox 2360 2161 2477 2200; x_wconf 79' lang='lat' dir='ltr'><strong>aliquo,</strong></span> <span class='ocrx_word' id='word_1_712' title='bbox 2504 2161 2542 2192; x_wconf 75' lang='lat' dir='ltr'><strong>sit</strong></span> <span class='ocrx_word' id='word_1_713' title='bbox 2561 2161 2592 2192; x_wconf 83' lang='lat' dir='ltr'><strong>in</strong></span> 
     </span>
     <span class='ocr_line' id='line_1_95' title="bbox 1517 2201 2592 2240; baseline -0.001 -8"><span class='ocrx_word' id='word_1_714' title='bbox 1517 2204 1622 2233; x_wconf 91' lang='lat' dir='ltr'><strong>eodem</strong></span> <span class='ocrx_word' id='word_1_715' title='bbox 1643 2204 1710 2232; x_wconf 88' lang='lat' dir='ltr'><strong>loco</strong></span> <span class='ocrx_word' id='word_1_716' title='bbox 1725 2203 1775 2232; x_wconf 93' lang='lat' dir='ltr'><strong>ubi</strong></span> <span class='ocrx_word' id='word_1_717' title='bbox 1795 2202 1848 2231; x_wconf 83' lang='lat' dir='ltr'><strong>fuit</strong></span> <span class='ocrx_word' id='word_1_718' title='bbox 1862 2202 1934 2231; x_wconf 89' lang='lat' dir='ltr'><strong>illud</strong></span> <span class='ocrx_word' id='word_1_719' title='bbox 1955 2211 1989 2231; x_wconf 88' lang='lat' dir='ltr'><strong>ex</strong></span> <span class='ocrx_word' id='word_1_720' title='bbox 2004 2211 2064 2240; x_wconf 91' lang='lat' dir='ltr'><strong>quo</strong></span> <span class='ocrx_word' id='word_1_721' title='bbox 2082 2208 2254 2240; x_wconf 84' lang='lat' dir='ltr'><strong>generatum</strong></span> <span class='ocrx_word' id='word_1_722' title='bbox 2274 2208 2326 2238; x_wconf 88' lang='lat' dir='ltr'><strong>est,</strong></span> <span class='ocrx_word' id='word_1_723' title='bbox 2348 2201 2528 2240; x_wconf 80' lang='lat' dir='ltr'><strong>impossibile</strong></span> <span class='ocrx_word' id='word_1_724' title='bbox 2548 2207 2592 2232; x_wconf 86' lang='lat' dir='ltr'><strong>est</strong></span> 
     </span>
     <span class='ocr_line' id='line_1_96' title="bbox 1517 2240 2592 2281; baseline -0.002 -9"><span class='ocrx_word' id='word_1_725' title='bbox 1517 2244 1598 2281; x_wconf 89' lang='lat' dir='ltr'><strong>quod</strong></span> <span class='ocrx_word' id='word_1_726' title='bbox 1619 2243 1752 2279; x_wconf 87' lang='lat' dir='ltr'><strong>materia,</strong></span> <span class='ocrx_word' id='word_1_727' title='bbox 1774 2252 1809 2272; x_wconf 89' lang='lat' dir='ltr'><strong>ex</strong></span> <span class='ocrx_word' id='word_1_728' title='bbox 1830 2251 1889 2280; x_wconf 85' lang='lat' dir='ltr'><strong>qua</strong></span> <span class='ocrx_word' id='word_1_729' title='bbox 1909 2248 2083 2280; x_wconf 84' lang='lat' dir='ltr'><strong>generantur</strong></span> <span class='ocrx_word' id='word_1_730' title='bbox 2103 2251 2228 2280; x_wconf 87' lang='lat' dir='ltr'><strong>corpora</strong></span> <span class='ocrx_word' id='word_1_731' title='bbox 2247 2242 2399 2277; x_wconf 83' lang='lat' dir='ltr'><strong>naturalia,</strong></span> <span class='ocrx_word' id='word_1_732' title='bbox 2420 2251 2483 2272; x_wconf 88' lang='lat' dir='ltr'><strong>non</strong></span> <span class='ocrx_word' id='word_1_733' title='bbox 2503 2240 2541 2271; x_wconf 82' lang='lat' dir='ltr'><strong>sit</strong></span> <span class='ocrx_word' id='word_1_734' title='bbox 2561 2240 2592 2271; x_wconf 87' lang='lat' dir='ltr'><strong>in</strong></span> 
     </span>
     <span class='ocr_line' id='line_1_97' title="bbox 1517 2281 2593 2321; baseline -0.001 -9"><span class='ocrx_word' id='word_1_735' title='bbox 1517 2283 1616 2321; x_wconf 84' lang='lat' dir='ltr'><strong>aliquo</strong></span> <span class='ocrx_word' id='word_1_736' title='bbox 1631 2284 1707 2319; x_wconf 86' lang='lat' dir='ltr'><strong>loco,</strong></span> <span class='ocrx_word' id='word_1_737' title='bbox 1721 2283 1767 2312; x_wconf 89' lang='lat' dir='ltr'><strong>vel</strong></span> <span class='ocrx_word' id='word_1_738' title='bbox 1781 2292 1832 2320; x_wconf 89' lang='lat' dir='ltr'><strong>per</strong></span> <span class='ocrx_word' id='word_1_739' title='bbox 1846 2291 1877 2311; x_wconf 90' lang='lat' dir='ltr'><strong>se</strong></span> <span class='ocrx_word' id='word_1_740' title='bbox 1890 2282 1935 2311; x_wconf 92' lang='lat' dir='ltr'><strong>vel</strong></span> <span class='ocrx_word' id='word_1_741' title='bbox 1949 2291 2002 2319; x_wconf 89' lang='lat' dir='ltr'><strong>per</strong></span> <span class='ocrx_word' id='word_1_742' title='bbox 2015 2282 2164 2311; x_wconf 83' lang='lat' dir='ltr'><strong>accidens:</strong></span> <span class='ocrx_word' id='word_1_743' title='bbox 2181 2291 2241 2321; x_wconf 78' lang='lat' dir='ltr'><strong>per</strong></span> <span class='ocrx_word' id='word_1_744' title='bbox 2256 2291 2288 2311; x_wconf 79' lang='lat' dir='ltr'><strong>se</strong></span> <span class='ocrx_word' id='word_1_745' title='bbox 2304 2282 2423 2320; x_wconf 85' lang='lat' dir='ltr'><strong>quidem</strong></span> <span class='ocrx_word' id='word_1_746' title='bbox 2437 2281 2462 2311; x_wconf 86' lang='lat' dir='ltr'><strong>si</strong></span> <span class='ocrx_word' id='word_1_747' title='bbox 2480 2281 2593 2311; x_wconf 62' lang='lat' dir='ltr'><strong>dicatur</strong></span> 
     </span>
     <span class='ocr_line' id='line_1_98' title="bbox 1518 2321 2592 2361; baseline -0.001 -9"><span class='ocrx_word' id='word_1_748' title='bbox 1518 2323 1637 2352; x_wconf 86' lang='lat' dir='ltr'><strong>materia</strong></span> <span class='ocrx_word' id='word_1_749' title='bbox 1658 2333 1720 2352; x_wconf 89' lang='lat' dir='ltr'><strong>esse</strong></span> <span class='ocrx_word' id='word_1_750' title='bbox 1741 2323 1862 2360; x_wconf 89' lang='lat' dir='ltr'><strong>aliquod</strong></span> <span class='ocrx_word' id='word_1_751' title='bbox 1883 2331 1990 2359; x_wconf 86' lang='lat' dir='ltr'><strong>corpus</strong></span> <span class='ocrx_word' id='word_1_752' title='bbox 2010 2329 2086 2358; x_wconf 84' lang='lat' dir='ltr'><strong>actu,</strong></span> <span class='ocrx_word' id='word_1_753' title='bbox 2103 2331 2163 2361; x_wconf 79' lang='lat' dir='ltr'><strong>per</strong></span> <span class='ocrx_word' id='word_1_754' title='bbox 2182 2322 2318 2351; x_wconf 78' lang='lat' dir='ltr'><strong>accidens</strong></span> <span class='ocrx_word' id='word_1_755' title='bbox 2338 2321 2364 2351; x_wconf 89' lang='lat' dir='ltr'><strong>si</strong></span> <span class='ocrx_word' id='word_1_756' title='bbox 2383 2328 2511 2359; x_wconf 81' lang='lat' dir='ltr'><strong>ponatur</strong></span> <span class='ocrx_word' id='word_1_757' title='bbox 2527 2330 2592 2351; x_wconf 68' lang='lat' dir='ltr'><strong>esse</strong></span> 
     </span>
    </p>
   </div>
   <div class='ocr_carea' id='block_1_19' title="bbox 2619 937 2779 962">
    <p class='ocr_par' dir='ltr' id='par_1_31' title="bbox 2619 937 2779 962">
     <span class='ocr_line' id='line_1_99' title="bbox 2619 937 2779 962; baseline 0.019 -3"><span class='ocrx_word' id='word_1_758' title='bbox 2619 940 2676 960; x_wconf 78' lang='lat' dir='ltr'><strong>text.</strong></span> <span class='ocrx_word' id='word_1_759' title='bbox 2690 937 2728 960; x_wconf 81' lang='lat'><strong>26.</strong></span> <span class='ocrx_word' id='word_1_760' title='bbox 2748 955 2750 957; x_wconf 88' lang='lat'>-</span> <span class='ocrx_word' id='word_1_761' title='bbox 2776 960 2779 962; x_wconf 94' lang='lat'><strong>.</strong></span> 
     </span>
    </p>
   </div>
   <div class='ocr_carea' id='block_1_20' title="bbox 2619 1038 2762 1068">
    <p class='ocr_par' dir='ltr' id='par_1_32' title="bbox 2619 1038 2762 1068">
     <span class='ocr_line' id='line_1_100' title="bbox 2619 1038 2762 1068; baseline 0 -6"><span class='ocrx_word' id='word_1_762' title='bbox 2619 1041 2628 1051; x_wconf 86' lang='grc'><strong>’</strong></span> <span class='ocrx_word' id='word_1_763' title='bbox 2644 1038 2713 1062; x_wconf 80' lang='lat' dir='ltr'><strong>Text.</strong></span> <span class='ocrx_word' id='word_1_764' title='bbox 2726 1045 2762 1068; x_wconf 74' lang='lat'><strong>³7.</strong></span> 
     </span>
    </p>
   </div>
   <div class='ocr_carea' id='block_1_21' title="bbox 2618 1569 2763 1593">
    <p class='ocr_par' dir='ltr' id='par_1_33' title="bbox 2618 1569 2763 1593">
     <span class='ocr_line' id='line_1_101' title="bbox 2618 1569 2763 1593; baseline 0 -1"><span class='ocrx_word' id='word_1_765' title='bbox 2618 1570 2628 1580; x_wconf 89' lang='grc'><em>·</em></span> <span class='ocrx_word' id='word_1_766' title='bbox 2642 1569 2711 1593; x_wconf 78' lang='lat' dir='ltr'><strong>Text.</strong></span> <span class='ocrx_word' id='word_1_767' title='bbox 2725 1570 2763 1593; x_wconf 78' lang='lat'><strong>28.</strong></span> 
     </span>
    </p>
   </div>
   <div class='ocr_carea' id='block_1_22' title="bbox 1517 2361 2637 2400">
    <p class='ocr_par' dir='ltr' id='par_1_34' title="bbox 1517 2361 2637 2400">
     <span class='ocr_line' id='line_1_102' title="bbox 1517 2361 2637 2400; baseline 0 -8"><span class='ocrx_word' id='word_1_768' title='bbox 1517 2373 1569 2392; x_wconf 87' lang='lat' dir='ltr'><strong>ens</strong></span> <span class='ocrx_word' id='word_1_769' title='bbox 1589 2363 1620 2392; x_wconf 91' lang='lat' dir='ltr'><strong>in</strong></span> <span class='ocrx_word' id='word_1_770' title='bbox 1637 2363 1775 2400; x_wconf 87' lang='lat' dir='ltr'><strong>potentia.</strong></span> <span class='ocrx_word' id='word_1_771' title='bbox 1789 2379 1811 2384; x_wconf 89' lang='lat'>—</span> <span class='ocrx_word' id='word_1_772' title='bbox 1826 2363 1853 2392; x_wconf 88' lang='lat'><strong>3.</strong></span> <span class='ocrx_word' id='word_1_773' title='bbox 1870 2363 1897 2399; x_wconf 88' lang='lat' dir='ltr'><strong>b)</strong></span> <span class='ocrx_word' id='word_1_774' title='bbox 1920 2362 2011 2391; x_wconf 90' lang='lat' dir='ltr'><strong>Multa</strong></span> <span class='ocrx_word' id='word_1_775' title='bbox 2031 2361 2223 2400; x_wconf 88' lang='lat' dir='ltr'><strong>impossibilia</strong></span> <span class='ocrx_word' id='word_1_776' title='bbox 2237 2361 2418 2400; x_wconf 85' lang='lat' dir='ltr'><strong>contingunt,</strong></span> <span class='ocrx_word' id='word_1_777' title='bbox 2433 2362 2457 2391; x_wconf 91' lang='lat' dir='ltr'><strong>si</strong></span> <span class='ocrx_word' id='word_1_778' title='bbox 2471 2361 2593 2392; x_wconf 73' lang='lat' dir='ltr'><strong>materia</strong></span> <span class='ocrx_word' id='word_1_779' title='bbox 2634 2384 2637 2387; x_wconf 87' lang='lat'><em>-</em></span> 
     </span>
    </p>
   </div>
   <div class='ocr_carea' id='block_1_23' title="bbox 1517 2401 2592 2839">
    <p class='ocr_par' dir='ltr' id='par_1_35' title="bbox 1517 2401 2592 2839">
     <span class='ocr_line' id='line_1_103' title="bbox 1517 2401 2592 2441; baseline -0.001 -9"><span class='ocrx_word' id='word_1_780' title='bbox 1517 2409 1649 2441; x_wconf 86' lang='lat' dir='ltr'><strong>separata</strong></span> <span class='ocrx_word' id='word_1_781' title='bbox 1669 2413 1687 2432; x_wconf 90' lang='lat' dir='ltr'><strong>a</strong></span> <span class='ocrx_word' id='word_1_782' title='bbox 1709 2401 1906 2440; x_wconf 84' lang='lat' dir='ltr'><strong>magnitudine</strong></span> <span class='ocrx_word' id='word_1_783' title='bbox 1928 2402 1968 2430; x_wconf 87' lang='lat' dir='ltr'><strong>ita</strong></span> <span class='ocrx_word' id='word_1_784' title='bbox 1988 2402 2024 2430; x_wconf 87' lang='lat' dir='ltr'><strong>sit</strong></span> <span class='ocrx_word' id='word_1_785' title='bbox 2044 2401 2075 2430; x_wconf 87' lang='lat' dir='ltr'><strong>in</strong></span> <span class='ocrx_word' id='word_1_786' title='bbox 2095 2402 2195 2440; x_wconf 91' lang='lat' dir='ltr'><strong>aliquo</strong></span> <span class='ocrx_word' id='word_1_787' title='bbox 2217 2411 2349 2440; x_wconf 86' lang='lat' dir='ltr'><strong>corpore,</strong></span> <span class='ocrx_word' id='word_1_788' title='bbox 2371 2402 2452 2440; x_wconf 89' lang='lat' dir='ltr'><strong>quod</strong></span> <span class='ocrx_word' id='word_1_789' title='bbox 2472 2410 2534 2431; x_wconf 85' lang='lat' dir='ltr'><strong>uon</strong></span> <span class='ocrx_word' id='word_1_790' title='bbox 2554 2401 2592 2430; x_wconf 80' lang='lat' dir='ltr'><strong>sit</strong></span> 
     </span>
     <span class='ocr_line' id='line_1_104' title="bbox 1517 2440 2587 2480; baseline -0.002 -8"><span class='ocrx_word' id='word_1_791' title='bbox 1517 2443 1627 2480; x_wconf 85' lang='lat' dir='ltr'><strong>aliquid</strong></span> <span class='ocrx_word' id='word_1_792' title='bbox 1647 2442 1718 2479; x_wconf 91' lang='lat' dir='ltr'><strong>eius,</strong></span> <span class='ocrx_word' id='word_1_793' title='bbox 1740 2452 1794 2471; x_wconf 90' lang='lat' dir='ltr'><strong>nec</strong></span> <span class='ocrx_word' id='word_1_794' title='bbox 1807 2451 1859 2480; x_wconf 89' lang='lat' dir='ltr'><strong>per</strong></span> <span class='ocrx_word' id='word_1_795' title='bbox 1873 2451 1904 2471; x_wconf 89' lang='lat' dir='ltr'><strong>se</strong></span> <span class='ocrx_word' id='word_1_796' title='bbox 1924 2451 1979 2470; x_wconf 86' lang='lat' dir='ltr'><strong>nec</strong></span> <span class='ocrx_word' id='word_1_797' title='bbox 1998 2451 2051 2479; x_wconf 90' lang='lat' dir='ltr'><strong>per</strong></span> <span class='ocrx_word' id='word_1_798' title='bbox 2071 2441 2214 2478; x_wconf 86' lang='lat' dir='ltr'><strong>accidens,</strong></span> <span class='ocrx_word' id='word_1_799' title='bbox 2236 2442 2287 2471; x_wconf 88' lang='lat' dir='ltr'><strong>sed</strong></span> <span class='ocrx_word' id='word_1_800' title='bbox 2308 2441 2344 2470; x_wconf 87' lang='lat' dir='ltr'><strong>sit</strong></span> <span class='ocrx_word' id='word_1_801' title='bbox 2365 2441 2396 2470; x_wconf 88' lang='lat' dir='ltr'><strong>in</strong></span> <span class='ocrx_word' id='word_1_802' title='bbox 2411 2451 2448 2471; x_wconf 85' lang='lat' dir='ltr'><strong>eo</strong></span> <span class='ocrx_word' id='word_1_803' title='bbox 2468 2441 2543 2472; x_wconf 76' lang='lat' dir='ltr'><strong>sieut</strong></span> <span class='ocrx_word' id='word_1_804' title='bbox 2555 2440 2587 2470; x_wconf 80' lang='lat' dir='ltr'><strong>in</strong></span> 
     </span>
     <span class='ocr_line' id='line_1_105' title="bbox 1518 2480 2590 2520; baseline -0.002 -8"><span class='ocrx_word' id='word_1_805' title='bbox 1518 2484 1647 2520; x_wconf 82' lang='lat' dir='ltr'><strong>quodam</strong></span> <span class='ocrx_word' id='word_1_806' title='bbox 1658 2492 1734 2511; x_wconf 83' lang='lat' dir='ltr'><strong>vase.</strong></span> <span class='ocrx_word' id='word_1_807' title='bbox 1743 2483 1818 2511; x_wconf 89' lang='lat' dir='ltr'><strong>Nam</strong></span> <span class='ocrx_word' id='word_1_808' title='bbox 1833 2486 1873 2518; x_wconf 85' lang='lat'><strong>1⁰,</strong></span> <span class='ocrx_word' id='word_1_809' title='bbox 1885 2481 1915 2510; x_wconf 90' lang='lat' dir='ltr'><strong>in</strong></span> <span class='ocrx_word' id='word_1_810' title='bbox 1925 2490 2011 2519; x_wconf 81' lang='lat' dir='ltr'><strong>aqua,</strong></span> <span class='ocrx_word' id='word_1_811' title='bbox 2022 2488 2102 2518; x_wconf 84' lang='lat' dir='ltr'><strong>puta,</strong></span> <span class='ocrx_word' id='word_1_812' title='bbox 2113 2481 2137 2510; x_wconf 89' lang='lat' dir='ltr'><strong>si</strong></span> <span class='ocrx_word' id='word_1_813' title='bbox 2147 2487 2262 2519; x_wconf 83' lang='lat' dir='ltr'><strong>praeter</strong></span> <span class='ocrx_word' id='word_1_814' title='bbox 2270 2481 2422 2510; x_wconf 83' lang='lat' dir='ltr'><strong>materiam</strong></span> <span class='ocrx_word' id='word_1_815' title='bbox 2430 2480 2590 2519; x_wconf 79' lang='lat' dir='ltr'><strong>propriam,</strong></span> 
     </span>
     <span class='ocr_line' id='line_1_106' title="bbox 1517 2520 2591 2559; baseline -0.001 -8"><span class='ocrx_word' id='word_1_816' title='bbox 1517 2529 1561 2551; x_wconf 91' lang='lat' dir='ltr'><strong>est</strong></span> <span class='ocrx_word' id='word_1_817' title='bbox 1581 2522 1667 2552; x_wconf 88' lang='lat' dir='ltr'><strong>etiam</strong></span> <span class='ocrx_word' id='word_1_818' title='bbox 1690 2522 1809 2551; x_wconf 80' lang='lat' dir='ltr'><strong>materia</strong></span> <span class='ocrx_word' id='word_1_819' title='bbox 1830 2521 1913 2558; x_wconf 83' lang='lat' dir='ltr'><strong>aeris,</strong></span> <span class='ocrx_word' id='word_1_820' title='bbox 1934 2521 1997 2559; x_wconf 88' lang='lat' dir='ltr'><strong>pari</strong></span> <span class='ocrx_word' id='word_1_821' title='bbox 2012 2521 2125 2550; x_wconf 89' lang='lat' dir='ltr'><strong>ratione</strong></span> <span class='ocrx_word' id='word_1_822' title='bbox 2145 2527 2241 2558; x_wconf 88' lang='lat' dir='ltr'><strong>potest</strong></span> <span class='ocrx_word' id='word_1_823' title='bbox 2262 2530 2324 2550; x_wconf 87' lang='lat' dir='ltr'><strong>esse</strong></span> <span class='ocrx_word' id='word_1_824' title='bbox 2344 2521 2402 2550; x_wconf 84' lang='lat' dir='ltr'><strong>alia</strong></span> <span class='ocrx_word' id='word_1_825' title='bbox 2415 2527 2443 2550; x_wconf 90' lang='lat' dir='ltr'><strong>et</strong></span> <span class='ocrx_word' id='word_1_826' title='bbox 2456 2520 2513 2550; x_wconf 76' lang='lat' dir='ltr'><strong>alia</strong></span> <span class='ocrx_word' id='word_1_827' title='bbox 2526 2529 2591 2550; x_wconf 84' lang='lat' dir='ltr'><strong>ma-</strong></span> 
     </span>
     <span class='ocr_line' id='line_1_107' title="bbox 1517 2561 2590 2600; baseline -0.001 -9"><span class='ocrx_word' id='word_1_828' title='bbox 1517 2562 1589 2591; x_wconf 87' lang='lat' dir='ltr'><strong>teria</strong></span> <span class='ocrx_word' id='word_1_829' title='bbox 1603 2562 1633 2591; x_wconf 91' lang='lat' dir='ltr'><strong>in</strong></span> <span class='ocrx_word' id='word_1_830' title='bbox 1646 2561 1802 2590; x_wconf 84' lang='lat' dir='ltr'><strong>infinitum.</strong></span> <span class='ocrx_word' id='word_1_831' title='bbox 1825 2562 1883 2590; x_wconf 92' lang='lat' dir='ltr'><strong>Sed</strong></span> <span class='ocrx_word' id='word_1_832' title='bbox 1898 2571 1931 2590; x_wconf 86' lang='lat' dir='ltr'><strong>ex</strong></span> <span class='ocrx_word' id='word_1_833' title='bbox 1946 2561 2074 2598; x_wconf 88' lang='lat' dir='ltr'><strong>qualibet</strong></span> <span class='ocrx_word' id='word_1_834' title='bbox 2095 2561 2215 2590; x_wconf 87' lang='lat' dir='ltr'><strong>materia</strong></span> <span class='ocrx_word' id='word_1_835' title='bbox 2228 2567 2324 2598; x_wconf 88' lang='lat' dir='ltr'><strong>potest</strong></span> <span class='ocrx_word' id='word_1_836' title='bbox 2338 2561 2448 2599; x_wconf 85' lang='lat' dir='ltr'><strong>aliquid</strong></span> <span class='ocrx_word' id='word_1_837' title='bbox 2461 2565 2527 2590; x_wconf 83' lang='lat' dir='ltr'><strong>actu</strong></span> <span class='ocrx_word' id='word_1_838' title='bbox 2541 2569 2590 2600; x_wconf 86' lang='lat' dir='ltr'><strong>ge-</strong></span> 
     </span>
     <span class='ocr_line' id='line_1_108' title="bbox 1518 2600 2591 2639; baseline -0.001 -8"><span class='ocrx_word' id='word_1_839' title='bbox 1518 2602 1621 2631; x_wconf 88' lang='lat' dir='ltr'><strong>nerari.</strong></span> <span class='ocrx_word' id='word_1_840' title='bbox 1642 2603 1720 2639; x_wconf 84' lang='lat' dir='ltr'><strong>Ergo</strong></span> <span class='ocrx_word' id='word_1_841' title='bbox 1741 2611 1776 2630; x_wconf 89' lang='lat' dir='ltr'><strong>ex</strong></span> <span class='ocrx_word' id='word_1_842' title='bbox 1794 2610 1853 2630; x_wconf 84' lang='lat' dir='ltr'><strong>una</strong></span> <span class='ocrx_word' id='word_1_843' title='bbox 1867 2608 1895 2630; x_wconf 89' lang='lat' dir='ltr'><strong>et</strong></span> <span class='ocrx_word' id='word_1_844' title='bbox 1913 2602 2017 2630; x_wconf 87' lang='lat' dir='ltr'><strong>eadam</strong></span> <span class='ocrx_word' id='word_1_845' title='bbox 2038 2610 2115 2638; x_wconf 88' lang='lat' dir='ltr'><strong>aqua</strong></span> <span class='ocrx_word' id='word_1_846' title='bbox 2128 2607 2266 2638; x_wconf 86' lang='lat' dir='ltr'><strong>poterunt</strong></span> <span class='ocrx_word' id='word_1_847' title='bbox 2285 2600 2407 2638; x_wconf 81' lang='lat' dir='ltr'><strong>infinita,</strong></span> <span class='ocrx_word' id='word_1_848' title='bbox 2419 2610 2480 2630; x_wconf 85' lang='lat' dir='ltr'><strong>non</strong></span> <span class='ocrx_word' id='word_1_849' title='bbox 2494 2600 2591 2630; x_wconf 79' lang='lat' dir='ltr'><strong>solum</strong></span> 
     </span>
     <span class='ocr_line' id='line_1_109' title="bbox 1517 2640 2590 2679; baseline 0 -9"><span class='ocrx_word' id='word_1_850' title='bbox 1517 2642 1548 2671; x_wconf 88' lang='lat' dir='ltr'><strong>in</strong></span> <span class='ocrx_word' id='word_1_851' title='bbox 1569 2642 1707 2679; x_wconf 89' lang='lat' dir='ltr'><strong>potentia,</strong></span> <span class='ocrx_word' id='word_1_852' title='bbox 1729 2642 1781 2670; x_wconf 92' lang='lat' dir='ltr'><strong>sed</strong></span> <span class='ocrx_word' id='word_1_853' title='bbox 1801 2641 1889 2671; x_wconf 88' lang='lat' dir='ltr'><strong>etiam</strong></span> <span class='ocrx_word' id='word_1_854' title='bbox 1910 2641 1941 2670; x_wconf 93' lang='lat' dir='ltr'><strong>in</strong></span> <span class='ocrx_word' id='word_1_855' title='bbox 1961 2647 2027 2670; x_wconf 85' lang='lat' dir='ltr'><strong>actu</strong></span> <span class='ocrx_word' id='word_1_856' title='bbox 2047 2641 2191 2679; x_wconf 86' lang='lat' dir='ltr'><strong>generari:</strong></span> <span class='ocrx_word' id='word_1_857' title='bbox 2220 2641 2302 2679; x_wconf 90' lang='lat' dir='ltr'><strong>quod</strong></span> <span class='ocrx_word' id='word_1_858' title='bbox 2329 2647 2372 2670; x_wconf 89' lang='lat' dir='ltr'><strong>est</strong></span> <span class='ocrx_word' id='word_1_859' title='bbox 2398 2640 2590 2678; x_wconf 77' lang='lat' dir='ltr'><strong>impossibile.</strong></span> 
     </span>
     <span class='ocr_line' id='line_1_110' title="bbox 1519 2681 2591 2718; baseline -0.001 -8"><span class='ocrx_word' id='word_1_860' title='bbox 1519 2687 1553 2710; x_wconf 91' lang='lat'><strong>20</strong></span> <span class='ocrx_word' id='word_1_861' title='bbox 1568 2682 1707 2710; x_wconf 90' lang='lat' dir='ltr'><strong>Videmus</strong></span> <span class='ocrx_word' id='word_1_862' title='bbox 1721 2691 1836 2718; x_wconf 89' lang='lat' dir='ltr'><strong>semper</strong></span> <span class='ocrx_word' id='word_1_863' title='bbox 1850 2691 1883 2710; x_wconf 90' lang='lat' dir='ltr'><strong>ex</strong></span> <span class='ocrx_word' id='word_1_864' title='bbox 1898 2681 1996 2718; x_wconf 88' lang='lat' dir='ltr'><strong>aliquo</strong></span> <span class='ocrx_word' id='word_1_865' title='bbox 2011 2687 2148 2718; x_wconf 86' lang='lat' dir='ltr'><strong>corrupto</strong></span> <span class='ocrx_word' id='word_1_866' title='bbox 2163 2681 2293 2718; x_wconf 86' lang='lat' dir='ltr'><strong>generari</strong></span> <span class='ocrx_word' id='word_1_867' title='bbox 2314 2681 2402 2716; x_wconf 89' lang='lat' dir='ltr'><strong>aliud,</strong></span> <span class='ocrx_word' id='word_1_868' title='bbox 2417 2689 2479 2710; x_wconf 88' lang='lat' dir='ltr'><strong>non</strong></span> <span class='ocrx_word' id='word_1_869' title='bbox 2492 2687 2591 2710; x_wconf 82' lang='lat' dir='ltr'><strong>autem</strong></span> 
     </span>
     <span class='ocr_line' id='line_1_111' title="bbox 1518 2720 2592 2759; baseline -0.002 -8"><span class='ocrx_word' id='word_1_870' title='bbox 1518 2732 1552 2751; x_wconf 84' lang='lat' dir='ltr'><strong>ex</strong></span> <span class='ocrx_word' id='word_1_871' title='bbox 1569 2728 1768 2759; x_wconf 85' lang='lat' dir='ltr'><strong>permanente:</strong></span> <span class='ocrx_word' id='word_1_872' title='bbox 1791 2727 1907 2758; x_wconf 89' lang='lat' dir='ltr'><strong>oportet</strong></span> <span class='ocrx_word' id='word_1_873' title='bbox 1916 2727 2014 2750; x_wconf 89' lang='lat' dir='ltr'><strong>autem</strong></span> <span class='ocrx_word' id='word_1_874' title='bbox 2028 2722 2109 2758; x_wconf 91' lang='lat' dir='ltr'><strong>quod</strong></span> <span class='ocrx_word' id='word_1_875' title='bbox 2125 2721 2256 2749; x_wconf 91' lang='lat' dir='ltr'><strong>sensibus</strong></span> <span class='ocrx_word' id='word_1_876' title='bbox 2270 2727 2399 2758; x_wconf 85' lang='lat' dir='ltr'><strong>apparet,</strong></span> <span class='ocrx_word' id='word_1_877' title='bbox 2414 2720 2545 2758; x_wconf 84' lang='lat' dir='ltr'><strong>accipere</strong></span> <span class='ocrx_word' id='word_1_878' title='bbox 2558 2726 2592 2749; x_wconf 87' lang='lat' dir='ltr'><strong>ut</strong></span> 
     </span>
     <span class='ocr_line' id='line_1_112' title="bbox 1518 2759 2592 2800; baseline 0 -10"><span class='ocrx_word' id='word_1_879' title='bbox 1518 2762 1692 2800; x_wconf 89' lang='lat' dir='ltr'><strong>principium</strong></span> <span class='ocrx_word' id='word_1_880' title='bbox 1712 2762 1742 2790; x_wconf 92' lang='lat' dir='ltr'><strong>in</strong></span> <span class='ocrx_word' id='word_1_881' title='bbox 1757 2761 1876 2790; x_wconf 87' lang='lat' dir='ltr'><strong>scientia</strong></span> <span class='ocrx_word' id='word_1_882' title='bbox 1890 2761 2022 2790; x_wconf 89' lang='lat' dir='ltr'><strong>naturali.</strong></span> <span class='ocrx_word' id='word_1_883' title='bbox 2037 2778 2056 2782; x_wconf 98' lang='lat'><em>-</em></span> <span class='ocrx_word' id='word_1_884' title='bbox 2069 2771 2099 2797; x_wconf 90' lang='lat'><strong>4.</strong></span> <span class='ocrx_word' id='word_1_885' title='bbox 2116 2761 2307 2790; x_wconf 87' lang='lat' dir='ltr'><strong>Concluditur</strong></span> <span class='ocrx_word' id='word_1_886' title='bbox 2321 2761 2403 2798; x_wconf 90' lang='lat' dir='ltr'><strong>quod</strong></span> <span class='ocrx_word' id='word_1_887' title='bbox 2416 2760 2538 2790; x_wconf 74' lang='lat' dir='ltr'><strong>materia</strong></span> <span class='ocrx_word' id='word_1_888' title='bbox 2550 2759 2592 2790; x_wconf 77' lang='lat' dir='ltr'><strong>ita</strong></span> 
     </span>
     <span class='ocr_line' id='line_1_113' title="bbox 1519 2799 2591 2839; baseline -0.001 -8"><span class='ocrx_word' id='word_1_889' title='bbox 1519 2802 1593 2831; x_wconf 90' lang='lat' dir='ltr'><strong>inest</strong></span> <span class='ocrx_word' id='word_1_890' title='bbox 1607 2802 1753 2837; x_wconf 89' lang='lat' dir='ltr'><strong>omnibus,</strong></span> <span class='ocrx_word' id='word_1_891' title='bbox 1769 2802 1850 2839; x_wconf 90' lang='lat' dir='ltr'><strong>quod</strong></span> <span class='ocrx_word' id='word_1_892' title='bbox 1864 2807 1907 2830; x_wconf 91' lang='lat' dir='ltr'><strong>est</strong></span> <span class='ocrx_word' id='word_1_893' title='bbox 1920 2801 1951 2830; x_wconf 89' lang='lat' dir='ltr'><strong>in</strong></span> <span class='ocrx_word' id='word_1_894' title='bbox 1964 2810 2146 2839; x_wconf 90' lang='lat' dir='ltr'><strong>unoquoque</strong></span> <span class='ocrx_word' id='word_1_895' title='bbox 2164 2807 2230 2830; x_wconf 83' lang='lat' dir='ltr'><strong>actu</strong></span> <span class='ocrx_word' id='word_1_896' title='bbox 2245 2800 2374 2830; x_wconf 79' lang='lat' dir='ltr'><strong>subiecta</strong></span> <span class='ocrx_word' id='word_1_897' title='bbox 2388 2799 2591 2838; x_wconf 76' lang='lat' dir='ltr'><strong>magnitudini.</strong></span> 
     </span>
    </p>
   </div>
   <div class='ocr_carea' id='block_1_24' title="bbox 1514 2908 2591 3491">
    <p class='ocr_par' dir='ltr' id='par_1_36' title="bbox 1514 2908 2591 3107">
     <span class='ocr_line' id='line_1_114' title="bbox 1516 2908 2590 2958; baseline -0.001 -12"><span class='ocrx_word' id='word_1_898' title='bbox 1516 2916 1552 2946; x_wconf 91' lang='lat' dir='ltr'><strong>et</strong></span> <span class='ocrx_word' id='word_1_899' title='bbox 1579 2908 1727 2958; x_wconf 89' lang='lat' dir='ltr'><strong>quaerit</strong></span> <span class='ocrx_word' id='word_1_900' title='bbox 1764 2908 1862 2946; x_wconf 88' lang='lat' dir='ltr'><strong>circa</strong></span> <span class='ocrx_word' id='word_1_901' title='bbox 1889 2908 1980 2958; x_wconf 92' lang='lat' dir='ltr'><strong>quid</strong></span> <span class='ocrx_word' id='word_1_902' title='bbox 2017 2908 2063 2946; x_wconf 89' lang='lat' dir='ltr'><strong>sit</strong></span> <span class='ocrx_word' id='word_1_903' title='bbox 2096 2908 2358 2946; x_wconf 88' lang='lat' dir='ltr'><strong>transmutatio</strong></span> <span class='ocrx_word' id='word_1_904' title='bbox 2397 2908 2590 2957; x_wconf 87' lang='lat' dir='ltr'><strong>augmenti</strong></span> 
     </span>
     <span class='ocr_line' id='line_1_115' title="bbox 1516 2961 2591 3012; baseline 0.002 -13"><span class='ocrx_word' id='word_1_905' title='bbox 1516 2971 1551 2999; x_wconf 93' lang='lat' dir='ltr'><strong>et</strong></span> <span class='ocrx_word' id='word_1_906' title='bbox 1579 2961 1862 3000; x_wconf 90' lang='lat' dir='ltr'><strong>deminutionis.</strong></span> <span class='ocrx_word' id='word_1_907' title='bbox 1894 2961 1944 2998; x_wconf 92' lang='lat' dir='ltr'><strong>Et</strong></span> <span class='ocrx_word' id='word_1_908' title='bbox 1972 2961 2180 3011; x_wconf 86' lang='lat' dir='ltr'><strong>respondet</strong></span> <span class='ocrx_word' id='word_1_909' title='bbox 2207 2961 2314 3012; x_wconf 91' lang='lat' dir='ltr'><strong>quod</strong></span> <span class='ocrx_word' id='word_1_910' title='bbox 2342 2969 2472 3000; x_wconf 87' lang='lat' dir='ltr'><strong>motus</strong></span> <span class='ocrx_word' id='word_1_911' title='bbox 2498 2974 2591 3011; x_wconf 81' lang='lat' dir='ltr'><strong>aug·</strong></span> 
     </span>
     <span class='ocr_line' id='line_1_116' title="bbox 1514 3014 2590 3064; baseline 0 -11"><span class='ocrx_word' id='word_1_912' title='bbox 1514 3015 1632 3053; x_wconf 90' lang='lat' dir='ltr'><strong>menti</strong></span> <span class='ocrx_word' id='word_1_913' title='bbox 1662 3023 1698 3053; x_wconf 92' lang='lat' dir='ltr'><strong>et</strong></span> <span class='ocrx_word' id='word_1_914' title='bbox 1726 3014 1999 3053; x_wconf 90' lang='lat' dir='ltr'><strong>deminutionis</strong></span> <span class='ocrx_word' id='word_1_915' title='bbox 2025 3014 2178 3052; x_wconf 86' lang='lat' dir='ltr'><strong>videtur</strong></span> <span class='ocrx_word' id='word_1_916' title='bbox 2206 3027 2289 3052; x_wconf 91' lang='lat' dir='ltr'><strong>esse</strong></span> <span class='ocrx_word' id='word_1_917' title='bbox 2319 3015 2418 3052; x_wconf 89' lang='lat' dir='ltr'><strong>circa</strong></span> <span class='ocrx_word' id='word_1_918' title='bbox 2444 3015 2590 3064; x_wconf 83' lang='lat' dir='ltr'><strong>magni-</strong></span> 
     </span>
     <span class='ocr_line' id='line_1_117' title="bbox 1516 3068 1701 3107; baseline 0 -1"><span class='ocrx_word' id='word_1_919' title='bbox 1516 3068 1701 3107; x_wconf 88' lang='lat' dir='ltr'><strong>tudinem.</strong></span> 
     </span>
    </p>

    <p class='ocr_par' dir='ltr' id='par_1_37' title="bbox 1515 3120 2591 3491">
     <span class='ocr_line' id='line_1_118' title="bbox 1571 3120 2589 3171; baseline -0.001 -11"><span class='ocrx_word' id='word_1_920' title='bbox 1571 3122 1749 3160; x_wconf 90' lang='lat' dir='ltr'><strong>Secundo</strong></span> <span class='ocrx_word' id='word_1_921' title='bbox 1778 3121 1846 3158; x_wconf 91' lang='lat' dir='ltr'><strong>ibi:</strong></span> <span class='ocrx_word' id='word_1_922' title='bbox 1875 3122 1925 3158; x_wconf 88' lang='lat' dir='ltr'><strong>Et</strong></span> <span class='ocrx_word' id='word_1_923' title='bbox 1943 3121 2104 3170; x_wconf 84' lang='lat' dir='ltr'><strong>qualiter</strong></span> <span class='ocrx_word' id='word_1_924' title='bbox 2123 3129 2207 3170; x_wconf 90' lang='lat' dir='ltr'><strong>etc.‚</strong></span> <span class='ocrx_word' id='word_1_925' title='bbox 2229 3121 2394 3159; x_wconf 87' lang='lat' dir='ltr'><strong>ostendit</strong></span> <span class='ocrx_word' id='word_1_926' title='bbox 2417 3120 2511 3171; x_wconf 89' lang='lat' dir='ltr'><strong>quid</strong></span> <span class='ocrx_word' id='word_1_927' title='bbox 2530 3133 2589 3159; x_wconf 87' lang='lat' dir='ltr'><strong>re-</strong></span> 
     </span>
     <span class='ocr_line' id='line_1_119' title="bbox 1516 3174 2591 3224; baseline 0 -11"><span class='ocrx_word' id='word_1_928' title='bbox 1516 3183 1587 3213; x_wconf 89' lang='lat' dir='ltr'><strong>stet</strong></span> <span class='ocrx_word' id='word_1_929' title='bbox 1600 3174 1621 3197; x_wconf 75' lang='lat'>*</span> <span class='ocrx_word' id='word_1_930' title='bbox 1639 3174 1923 3224; x_wconf 89' lang='lat' dir='ltr'><strong>inquirendum.</strong></span> <span class='ocrx_word' id='word_1_931' title='bbox 1946 3175 1995 3212; x_wconf 91' lang='lat' dir='ltr'><strong>Et</strong></span> <span class='ocrx_word' id='word_1_932' title='bbox 2014 3174 2103 3212; x_wconf 88' lang='lat' dir='ltr'><strong>dicit</strong></span> <span class='ocrx_word' id='word_1_933' title='bbox 2121 3175 2227 3224; x_wconf 92' lang='lat' dir='ltr'><strong>quod</strong></span> <span class='ocrx_word' id='word_1_934' title='bbox 2245 3174 2513 3224; x_wconf 89' lang='lat' dir='ltr'><strong>accipiendum</strong></span> <span class='ocrx_word' id='word_1_935' title='bbox 2534 3182 2591 3213; x_wconf 87' lang='lat' dir='ltr'><strong>est</strong></span> 
     </span>
     <span class='ocr_line' id='line_1_120' title="bbox 1517 3227 2587 3276; baseline 0 -10"><span class='ocrx_word' id='word_1_936' title='bbox 1517 3228 1563 3266; x_wconf 90' lang='lat' dir='ltr'><strong>de</strong></span> <span class='ocrx_word' id='word_1_937' title='bbox 1585 3236 1710 3265; x_wconf 88' lang='lat' dir='ltr'><strong>cetero</strong></span> <span class='ocrx_word' id='word_1_938' title='bbox 1741 3227 1900 3276; x_wconf 87' lang='lat' dir='ltr'><strong>qualiter</strong></span> <span class='ocrx_word' id='word_1_939' title='bbox 1919 3228 1986 3265; x_wconf 89' lang='lat' dir='ltr'><strong>fiat</strong></span> <span class='ocrx_word' id='word_1_940' title='bbox 2007 3236 2257 3276; x_wconf 87' lang='lat' dir='ltr'><strong>augmentum</strong></span> <span class='ocrx_word' id='word_1_941' title='bbox 2273 3229 2335 3265; x_wconf 86' lang='lat' dir='ltr'><strong>vel</strong></span> <span class='ocrx_word' id='word_1_942' title='bbox 2363 3227 2587 3267; x_wconf 88' lang='lat' dir='ltr'><strong>deminutio.</strong></span> 
     </span>
     <span class='ocr_line' id='line_1_121' title="bbox 1516 3281 2588 3331; baseline 0.001 -13"><span class='ocrx_word' id='word_1_943' title='bbox 1516 3283 1565 3319; x_wconf 90' lang='lat' dir='ltr'><strong>Et</strong></span> <span class='ocrx_word' id='word_1_944' title='bbox 1594 3289 1782 3330; x_wconf 88' lang='lat' dir='ltr'><strong>quantum</strong></span> <span class='ocrx_word' id='word_1_945' title='bbox 1810 3282 1859 3319; x_wconf 90' lang='lat' dir='ltr'><strong>ad</strong></span> <span class='ocrx_word' id='word_1_946' title='bbox 1887 3281 2102 3319; x_wconf 89' lang='lat' dir='ltr'><strong>subiectum</strong></span> <span class='ocrx_word' id='word_1_947' title='bbox 2122 3281 2327 3330; x_wconf 86' lang='lat' dir='ltr'><strong>augmenti,</strong></span> <span class='ocrx_word' id='word_1_948' title='bbox 2347 3281 2475 3331; x_wconf 89' lang='lat' dir='ltr'><strong>primo</strong></span> <span class='ocrx_word' id='word_1_949' title='bbox 2503 3293 2588 3319; x_wconf 90' lang='lat' dir='ltr'><strong>mo-</strong></span> 
     </span>
     <span class='ocr_line' id='line_1_122' title="bbox 1515 3334 2588 3384; baseline 0 -12"><span class='ocrx_word' id='word_1_950' title='bbox 1515 3343 1581 3373; x_wconf 90' lang='lat' dir='ltr'><strong>vet</strong></span> <span class='ocrx_word' id='word_1_951' title='bbox 1599 3336 1698 3372; x_wconf 87' lang='lat' dir='ltr'><strong>hanc</strong></span> <span class='ocrx_word' id='word_1_952' title='bbox 1718 3334 2000 3384; x_wconf 84' lang='lat' dir='ltr'><strong>quaestionem:</strong></span> <span class='ocrx_word' id='word_1_953' title='bbox 2029 3343 2158 3372; x_wconf 91' lang='lat' dir='ltr'><strong>utrum</strong></span> <span class='ocrx_word' id='word_1_954' title='bbox 2180 3334 2372 3383; x_wconf 84' lang='lat' dir='ltr'><strong>contingat</strong></span> <span class='ocrx_word' id='word_1_955' title='bbox 2394 3334 2500 3384; x_wconf 93' lang='lat' dir='ltr'><strong>quod</strong></span> <span class='ocrx_word' id='word_1_956' title='bbox 2518 3346 2588 3384; x_wconf 90' lang='lat' dir='ltr'><strong>per</strong></span> 
     </span>
     <span class='ocr_line' id='line_1_123' title="bbox 1517 3388 2588 3437; baseline 0 -12"><span class='ocrx_word' id='word_1_957' title='bbox 1517 3396 1764 3437; x_wconf 90' lang='lat' dir='ltr'><strong>augmentum</strong></span> <span class='ocrx_word' id='word_1_958' title='bbox 1797 3396 1998 3437; x_wconf 86' lang='lat' dir='ltr'><strong>generetur</strong></span> <span class='ocrx_word' id='word_1_959' title='bbox 2035 3388 2256 3437; x_wconf 88' lang='lat' dir='ltr'><strong>magnitudo</strong></span> <span class='ocrx_word' id='word_1_960' title='bbox 2286 3395 2322 3425; x_wconf 90' lang='lat' dir='ltr'><strong>et</strong></span> <span class='ocrx_word' id='word_1_961' title='bbox 2351 3400 2511 3437; x_wconf 90' lang='lat' dir='ltr'><strong>corpus,</strong></span> <span class='ocrx_word' id='word_1_962' title='bbox 2541 3399 2588 3425; x_wconf 85' lang='lat' dir='ltr'><strong>ex</strong></span> 
     </span>
     <span class='ocr_line' id='line_1_124' title="bbox 1517 3441 2587 3491; baseline 0 -13"><span class='ocrx_word' id='word_1_963' title='bbox 1517 3454 1563 3478; x_wconf 92' lang='lat' dir='ltr'><strong>eo</strong></span> <span class='ocrx_word' id='word_1_964' title='bbox 1589 3442 1694 3490; x_wconf 93' lang='lat' dir='ltr'><strong>quod</strong></span> <span class='ocrx_word' id='word_1_965' title='bbox 1715 3449 1769 3479; x_wconf 90' lang='lat' dir='ltr'><strong>est</strong></span> <span class='ocrx_word' id='word_1_966' title='bbox 1797 3441 1835 3478; x_wconf 88' lang='lat' dir='ltr'><strong>in</strong></span> <span class='ocrx_word' id='word_1_967' title='bbox 1854 3441 2022 3491; x_wconf 90' lang='lat' dir='ltr'><strong>potentia</strong></span> <span class='ocrx_word' id='word_1_968' title='bbox 2044 3442 2093 3479; x_wconf 92' lang='lat' dir='ltr'><strong>ad</strong></span> <span class='ocrx_word' id='word_1_969' title='bbox 2112 3441 2416 3490; x_wconf 88' lang='lat' dir='ltr'><strong>magnitudinem</strong></span> <span class='ocrx_word' id='word_1_970' title='bbox 2445 3448 2482 3478; x_wconf 94' lang='lat' dir='ltr'><strong>et</strong></span> <span class='ocrx_word' id='word_1_971' title='bbox 2505 3452 2587 3478; x_wconf 87' lang='lat' dir='ltr'><strong>cor-</strong></span> 
     </span>
    </p>
   </div>
   <div class='ocr_carea' id='block_1_25' title="bbox 453 3612 1665 3650">
    <p class='ocr_par' dir='ltr' id='par_1_38' title="bbox 453 3612 1665 3650">
     <span class='ocr_line' id='line_1_125' title="bbox 453 3612 1665 3650; baseline 0.005 -13"><span class='ocrx_word' id='word_1_972' title='bbox 453 3612 480 3645; x_wconf 86' lang='grc' dir='ltr'><strong>α)</strong></span> <span class='ocrx_word' id='word_1_973' title='bbox 500 3612 528 3637; x_wconf 79' lang='lat' dir='ltr'><strong>id</strong></span> <span class='ocrx_word' id='word_1_974' title='bbox 546 3620 598 3645; x_wconf 84' lang='lat' dir='ltr'><strong>quo</strong></span> <span class='ocrx_word' id='word_1_975' title='bbox 616 3613 718 3646; x_wconf 78' lang='lat' dir='ltr'><strong>aliquid</strong></span> <span class='ocrx_word' id='word_1_976' title='bbox 736 3617 859 3647; x_wconf 79' lang='lat' dir='ltr'><strong>augetur.</strong></span> <span class='ocrx_word' id='word_1_977' title='bbox 872 3628 891 3634; x_wconf 89' lang='lat'><em>—</em></span> <span class='ocrx_word' id='word_1_978' title='bbox 910 3615 938 3640; x_wconf 79' lang='lat' dir='ltr'><strong>id</strong></span> <span class='ocrx_word' id='word_1_979' title='bbox 956 3616 1027 3647; x_wconf 83' lang='lat' dir='ltr'><strong>quod</strong></span> <span class='ocrx_word' id='word_1_980' title='bbox 1045 3619 1160 3649; x_wconf 80' lang='lat' dir='ltr'><strong>augetur</strong></span> <span class='ocrx_word' id='word_1_981' title='bbox 1178 3617 1214 3647; x_wconf 73' lang='lat' dir='ltr'><strong>A;</strong></span> <span class='ocrx_word' id='word_1_982' title='bbox 1233 3617 1381 3643; x_wconf 82' lang='lat' dir='ltr'><strong>secundo...</strong></span> <span class='ocrx_word' id='word_1_983' title='bbox 1401 3620 1516 3650; x_wconf 80' lang='lat' dir='ltr'><strong>augetur</strong></span> <span class='ocrx_word' id='word_1_984' title='bbox 1534 3625 1586 3643; x_wconf 85' lang='lat' dir='ltr'><strong>om.</strong></span> <span class='ocrx_word' id='word_1_985' title='bbox 1602 3617 1665 3642; x_wconf 81' lang='lat' dir='ltr'><strong>Cab-</strong></span> 
     </span>
    </p>
   </div>
   <div class='ocr_carea' id='block_1_26' title="bbox 2617 3183 2782 3206">
    <p class='ocr_par' dir='ltr' id='par_1_39' title="bbox 2617 3183 2782 3206">
     <span class='ocr_line' id='line_1_126' title="bbox 2617 3183 2782 3206; baseline 0 0"><span class='ocrx_word' id='word_1_986' title='bbox 2617 3184 2627 3194; x_wconf 70' lang='lat'>²</span> <span class='ocrx_word' id='word_1_987' title='bbox 2641 3184 2720 3206; x_wconf 68' lang='lat' dir='ltr'><strong>restae</strong></span> <span class='ocrx_word' id='word_1_988' title='bbox 2731 3183 2782 3206; x_wconf 67' lang='lat' dir='ltr'><strong>real</strong></span> 
     </span>
    </p>
   </div>
  </div>
 </body>
</html>
