<?xml version="1.0" encoding="UTF-8"?>
<!DOCTYPE html PUBLIC "-//W3C//DTD XHTML 1.0 Transitional//EN"
    "http://www.w3.org/TR/xhtml1/DTD/xhtml1-transitional.dtd">
<html xmlns="http://www.w3.org/1999/xhtml" xml:lang="en" lang="en">
 <head>
  <title>
</title>
<meta http-equiv="Content-Type" content="text/html;charset=utf-8" />
  <meta name='ocr-system' content='tesseract 3.04.00' />
  <meta name='ocr-capabilities' content='ocr_page ocr_carea ocr_par ocr_line ocrx_word'/>
</head>
<body>
  <div class='ocr_page' id='page_1' title='image "./operaomniaiussui03thom/operaomniaiussui03thom_0505.png"; bbox 0 0 2690 4062; ppageno 0'>
   <div class='ocr_carea' id='block_1_1' title="bbox 0 169 202 3879">
    <p class='ocr_par' dir='ltr' id='par_1_1' title="bbox 0 169 202 3879">
     <span class='ocr_line' id='line_1_1' title="bbox 0 169 202 3879; baseline 0 0"><span class='ocrx_word' id='word_1_1' title='bbox 0 169 202 3879; x_wconf 95' lang='lat' dir='ltr'> </span> 
     </span>
    </p>
   </div>
   <div class='ocr_carea' id='block_1_2' title="bbox 1052 261 2416 309">
    <p class='ocr_par' dir='ltr' id='par_1_2' title="bbox 1052 261 2416 309">
     <span class='ocr_line' id='line_1_2' title="bbox 1052 261 2416 309; baseline 0.007 -12"><span class='ocrx_word' id='word_1_2' title='bbox 1052 261 1163 298; x_wconf 90' lang='lat' dir='ltr'>CAP.</span> <span class='ocrx_word' id='word_1_3' title='bbox 1193 261 1279 309; x_wconf 88' lang='lat' dir='ltr'>VII,</span> <span class='ocrx_word' id='word_1_4' title='bbox 1310 262 1461 299; x_wconf 91' lang='lat' dir='ltr'>LECT.</span> <span class='ocrx_word' id='word_1_5' title='bbox 1492 263 1582 300; x_wconf 86' lang='lat' dir='ltr'>XIX</span> <span class='ocrx_word' id='word_1_6' title='bbox 2393 281 2416 306; x_wconf 95' lang='lat' dir='ltr'>v</span> 
     </span>
    </p>
   </div>
   <div class='ocr_carea' id='block_1_3' title="bbox 291 333 1294 559">
    <p class='ocr_par' dir='ltr' id='par_1_3' title="bbox 291 333 1294 559">
     <span class='ocr_line' id='line_1_3' title="bbox 320 333 1294 384; baseline 0 -14"><span class='ocrx_word' id='word_1_7' title='bbox 320 341 353 372; x_wconf 81' lang='grc' dir='ltr'>ἐν</span> <span class='ocrx_word' id='word_1_8' title='bbox 377 339 443 384; x_wconf 78' lang='grc' dir='ltr'>γοίρ</span> <span class='ocrx_word' id='word_1_9' title='bbox 470 339 530 369; x_wconf 73' lang='grc' dir='ltr'>τὸν</span> <span class='ocrx_word' id='word_1_10' title='bbox 557 336 731 380; x_wconf 77' lang='grc' dir='ltr'>ἄνθρωπόν</span> <span class='ocrx_word' id='word_1_11' title='bbox 756 348 863 381; x_wconf 81' lang='grc' dir='ltr'>φαμεν</span> <span class='ocrx_word' id='word_1_12' title='bbox 885 336 1085 382; x_wconf 72' lang='grc' dir='ltr'>θερμᾳίνειν,</span> <span class='ocrx_word' id='word_1_13' title='bbox 1107 339 1166 370; x_wconf 81' lang='grc' dir='ltr'>ὀτέ</span> <span class='ocrx_word' id='word_1_14' title='bbox 1189 333 1228 370; x_wconf 75' lang='grc' dir='ltr'>δὲ</span> <span class='ocrx_word' id='word_1_15' title='bbox 1251 340 1294 370; x_wconf 69' lang='grc' dir='ltr'>τό</span> 
     </span>
     <span class='ocr_line' id='line_1_4' title="bbox 292 352 1292 428; baseline -0.002 -13"><span class='ocrx_word' id='word_1_16' title='bbox 292 352 429 428; x_wconf 50' lang='grc' dir='ltr'>ὔερμόν·</span> <span class='ocrx_word' id='word_1_17' title='bbox 456 382 530 414; x_wconf 80' lang='grc' dir='ltr'>ἔστι</span> <span class='ocrx_word' id='word_1_18' title='bbox 555 384 614 426; x_wconf 80' lang='grc' dir='ltr'>μὲν</span> <span class='ocrx_word' id='word_1_19' title='bbox 638 382 702 428; x_wconf 78' lang='grc' dir='ltr'><strong>γοὶρ</strong></span> <span class='ocrx_word' id='word_1_20' title='bbox 728 382 769 419; x_wconf 83' lang='grc' dir='ltr'>ὠς</span> <span class='ocrx_word' id='word_1_21' title='bbox 796 383 817 419; x_wconf 76' lang='grc' dir='ltr'>γ’)</span> <span class='ocrx_word' id='word_1_22' title='bbox 844 380 905 418; x_wconf 77' lang='grc' dir='ltr'>ὕλη</span> <span class='ocrx_word' id='word_1_23' title='bbox 933 381 1073 427; x_wconf 81' lang='grc' dir='ltr'>ποία-χει,</span> <span class='ocrx_word' id='word_1_24' title='bbox 1099 382 1174 415; x_wconf 86' lang='grc' dir='ltr'><strong>ἔστι</strong></span> <span class='ocrx_word' id='word_1_25' title='bbox 1198 377 1227 413; x_wconf 78' lang='grc' dir='ltr'>δ’</span> <span class='ocrx_word' id='word_1_26' title='bbox 1251 383 1292 420; x_wconf 84' lang='grc' dir='ltr'>ὠς</span> 
     </span>
     <span class='ocr_line' id='line_1_5' title="bbox 293 425 1291 470; baseline -0.003 -10"><span class='ocrx_word' id='word_1_27' title='bbox 293 428 509 462; x_wconf 79' lang='grc' dir='ltr'>τούναντίον.</span> <span class='ocrx_word' id='word_1_28' title='bbox 534 428 572 458; x_wconf 84' lang='grc' dir='ltr'>Οἱ</span> <span class='ocrx_word' id='word_1_29' title='bbox 597 427 656 469; x_wconf 77' lang='grc' dir='ltr'>μὲν</span> <span class='ocrx_word' id='word_1_30' title='bbox 684 425 740 458; x_wconf 78' lang='grc' dir='ltr'>οὖν</span> <span class='ocrx_word' id='word_1_31' title='bbox 758 426 803 463; x_wconf 87' lang='grc' dir='ltr'>εἰς</span> <span class='ocrx_word' id='word_1_32' title='bbox 822 426 928 458; x_wconf 80' lang='grc' dir='ltr'>ἐκεῖνο</span> <span class='ocrx_word' id='word_1_33' title='bbox 946 426 1133 470; x_wconf 82' lang='grc' dir='ltr'>βλέψαντες</span> <span class='ocrx_word' id='word_1_34' title='bbox 1159 425 1291 459; x_wconf 81' lang='grc' dir='ltr'>ταύτόν</span> 
     </span>
     <span class='ocr_line' id='line_1_6' title="bbox 293 468 1290 515; baseline -0.002 -12"><span class='ocrx_word' id='word_1_35' title='bbox 293 483 328 503; x_wconf 80' lang='grc' dir='ltr'>τι</span> <span class='ocrx_word' id='word_1_36' title='bbox 351 468 419 505; x_wconf 76' lang='grc' dir='ltr'>δεῖν</span> <span class='ocrx_word' id='word_1_37' title='bbox 446 470 606 512; x_wconf 74' lang='grc' dir='ltr'>ᾠήθησαν</span> <span class='ocrx_word' id='word_1_38' title='bbox 632 470 673 501; x_wconf 76' lang='grc' dir='ltr'>τὸ</span> <span class='ocrx_word' id='word_1_39' title='bbox 692 471 810 501; x_wconf 84' lang='grc' dir='ltr'>ποιοῦν</span> <span class='ocrx_word' id='word_1_40' title='bbox 829 470 916 515; x_wconf 80' lang='grc' dir='ltr'>ἔχειν</span> <span class='ocrx_word' id='word_1_41' title='bbox 941 474 999 502; x_wconf 79' lang='grc' dir='ltr'>καὶ</span> <span class='ocrx_word' id='word_1_42' title='bbox 1025 472 1067 503; x_wconf 75' lang='grc' dir='ltr'>τὸ</span> <span class='ocrx_word' id='word_1_43' title='bbox 1092 470 1240 515; x_wconf 82' lang='grc' dir='ltr'>πσίσχον,</span> <span class='ocrx_word' id='word_1_44' title='bbox 1262 473 1290 502; x_wconf 88' lang='grc' dir='ltr'>οἱ</span> 
     </span>
     <span class='ocr_line' id='line_1_7' title="bbox 291 511 788 559; baseline -0.008 -10"><span class='ocrx_word' id='word_1_45' title='bbox 291 511 321 548; x_wconf 77' lang='grc' dir='ltr'>δ’</span> <span class='ocrx_word' id='word_1_46' title='bbox 350 517 395 556; x_wconf 79' lang='grc' dir='ltr'>εἰς</span> <span class='ocrx_word' id='word_1_47' title='bbox 419 515 550 559; x_wconf 81' lang='grc' dir='ltr'>θοίτερα</span> <span class='ocrx_word' id='word_1_48' title='bbox 574 514 788 547; x_wconf 82' lang='grc' dir='ltr'>τούναντίον.</span> 
     </span>
    </p>
   </div>
   <div class='ocr_carea' id='block_1_4' title="bbox 225 623 479 815">
    <p class='ocr_par' dir='ltr' id='par_1_4' title="bbox 225 623 479 815">
     <span class='ocr_line' id='line_1_8' title="bbox 225 623 479 815; baseline 0 0"><span class='ocrx_word' id='word_1_49' title='bbox 225 623 479 815; x_wconf 95' lang='lat' dir='ltr'>  </span> 
     </span>
    </p>
   </div>
   <div class='ocr_carea' id='block_1_5' title="bbox 190 602 1295 2860">
    <p class='ocr_par' dir='ltr' id='par_1_5' title="bbox 191 602 1295 1579">
     <span class='ocr_line' id='line_1_9' title="bbox 288 602 1293 648; baseline -0.003 -11"><span class='ocrx_word' id='word_1_50' title='bbox 288 639 293 647; x_wconf 46' lang='grc'>,</span> <span class='ocrx_word' id='word_1_51' title='bbox 360 635 370 645; x_wconf 85' lang='grc'>,</span> <span class='ocrx_word' id='word_1_52' title='bbox 422 631 426 636; x_wconf 38' lang='lat'><em>1</em></span> <span class='ocrx_word' id='word_1_53' title='bbox 448 636 452 642; x_wconf 86' lang='grc'><em>,</em></span> <span class='ocrx_word' id='word_1_54' title='bbox 481 612 634 648; x_wconf 89' lang='lat' dir='ltr'>ostquam</span> <span class='ocrx_word' id='word_1_55' title='bbox 649 602 786 636; x_wconf 82' lang='lat' dir='ltr'>Philoso</span> <span class='ocrx_word' id='word_1_56' title='bbox 812 602 874 635; x_wconf 91' lang='lat' dir='ltr'>hus</span> <span class='ocrx_word' id='word_1_57' title='bbox 891 602 1120 635; x_wconf 85' lang='lat' dir='ltr'>determinavit</span> <span class='ocrx_word' id='word_1_58' title='bbox 1139 602 1178 635; x_wconf 91' lang='lat' dir='ltr'>de</span> <span class='ocrx_word' id='word_1_59' title='bbox 1195 611 1293 642; x_wconf 88' lang='lat' dir='ltr'>tactu,</span> 
     </span>
     <span class='ocr_line' id='line_1_10' title="bbox 287 645 1295 693; baseline -0.004 -11"><span class='ocrx_word' id='word_1_60' title='bbox 287 646 308 670; x_wconf 45' lang='grc' dir='ltr'><strong><em>Ἴ</em></strong></span> <span class='ocrx_word' id='word_1_61' title='bbox 348 672 366 687; x_wconf 70' lang='grc'>,,,</span> <span class='ocrx_word' id='word_1_62' title='bbox 394 645 399 648; x_wconf 60' lang='grc'><strong>”</strong></span> <span class='ocrx_word' id='word_1_63' title='bbox 436 646 465 692; x_wconf 58' lang='lat'>3„</span> <span class='ocrx_word' id='word_1_64' title='bbox 480 648 572 693; x_wconf 90' lang='lat' dir='ltr'>quod</span> <span class='ocrx_word' id='word_1_65' title='bbox 586 656 637 681; x_wconf 88' lang='lat' dir='ltr'>est</span> <span class='ocrx_word' id='word_1_66' title='bbox 652 658 758 680; x_wconf 90' lang='lat' dir='ltr'>unum</span> <span class='ocrx_word' id='word_1_67' title='bbox 797 658 815 679; x_wconf 91' lang='lat' dir='ltr'>e</span> <span class='ocrx_word' id='word_1_68' title='bbox 830 646 933 680; x_wconf 90' lang='lat' dir='ltr'>tribus</span> <span class='ocrx_word' id='word_1_69' title='bbox 950 647 1140 679; x_wconf 85' lang='lat' dir='ltr'>necessariis</span> <span class='ocrx_word' id='word_1_70' title='bbox 1157 646 1197 679; x_wconf 91' lang='lat' dir='ltr'>ad</span> <span class='ocrx_word' id='word_1_71' title='bbox 1209 647 1295 690; x_wconf 92' lang='lat' dir='ltr'>prin-</span> 
     </span>
     <span class='ocr_line' id='line_1_11' title="bbox 374 690 1294 736; baseline -0.003 -10"><span class='ocrx_word' id='word_1_72' title='bbox 374 703 384 709; x_wconf 77' lang='grc'><em>”</em></span> <span class='ocrx_word' id='word_1_73' title='bbox 427 727 432 731; x_wconf 67' lang='grc'>,</span> <span class='ocrx_word' id='word_1_74' title='bbox 458 691 584 736; x_wconf 91' lang='lat' dir='ltr'>cipale</span> <span class='ocrx_word' id='word_1_75' title='bbox 608 692 839 736; x_wconf 88' lang='lat' dir='ltr'>propositum,</span> <span class='ocrx_word' id='word_1_76' title='bbox 865 690 918 723; x_wconf 89' lang='lat' dir='ltr'>hic</span> <span class='ocrx_word' id='word_1_77' title='bbox 942 691 1056 734; x_wconf 91' lang='lat' dir='ltr'>incipit</span> <span class='ocrx_word' id='word_1_78' title='bbox 1079 690 1294 723; x_wconf 89' lang='lat' dir='ltr'>determinare</span> 
     </span>
     <span class='ocr_line' id='line_1_12' title="bbox 452 734 1295 779; baseline -0.004 -9"><span class='ocrx_word' id='word_1_79' title='bbox 452 766 461 775; x_wconf 76' lang='grc'><em>,</em></span> <span class='ocrx_word' id='word_1_80' title='bbox 480 736 520 770; x_wconf 91' lang='lat' dir='ltr'>de</span> <span class='ocrx_word' id='word_1_81' title='bbox 543 736 647 769; x_wconf 88' lang='lat' dir='ltr'>facere</span> <span class='ocrx_word' id='word_1_82' title='bbox 671 744 704 769; x_wconf 90' lang='lat' dir='ltr'>et</span> <span class='ocrx_word' id='word_1_83' title='bbox 719 736 795 779; x_wconf 91' lang='lat' dir='ltr'>pati.</span> <span class='ocrx_word' id='word_1_84' title='bbox 820 735 861 768; x_wconf 93' lang='lat' dir='ltr'>Et</span> <span class='ocrx_word' id='word_1_85' title='bbox 876 743 925 768; x_wconf 91' lang='lat' dir='ltr'>est</span> <span class='ocrx_word' id='word_1_86' title='bbox 944 743 1050 767; x_wconf 91' lang='lat' dir='ltr'>rectus</span> <span class='ocrx_word' id='word_1_87' title='bbox 1063 736 1080 756; x_wconf 89' lang='lat'>*</span> <span class='ocrx_word' id='word_1_88' title='bbox 1095 734 1193 767; x_wconf 89' lang='lat' dir='ltr'>ordo:</span> <span class='ocrx_word' id='word_1_89' title='bbox 1218 735 1295 778; x_wconf 90' lang='lat' dir='ltr'>quia</span> 
     </span>
     <span class='ocr_line' id='line_1_13' title="bbox 480 779 1294 823; baseline -0.003 -9.19"><span class='ocrx_word' id='word_1_90' title='bbox 480 781 565 814; x_wconf 91' lang='lat' dir='ltr'>sicut</span> <span class='ocrx_word' id='word_1_91' title='bbox 574 788 679 813; x_wconf 88' lang='lat' dir='ltr'>tactus</span> <span class='ocrx_word' id='word_1_92' title='bbox 694 779 859 823; x_wconf 89' lang='lat' dir='ltr'>praecedit</span> <span class='ocrx_word' id='word_1_93' title='bbox 875 780 1038 812; x_wconf 87' lang='lat' dir='ltr'>actionem</span> <span class='ocrx_word' id='word_1_94' title='bbox 1051 787 1083 811; x_wconf 91' lang='lat' dir='ltr'>et</span> <span class='ocrx_word' id='word_1_95' title='bbox 1095 779 1294 822; x_wconf 88' lang='lat' dir='ltr'>passionem,</span> 
     </span>
     <span class='ocr_line' id='line_1_14' title="bbox 225 822 1293 870; baseline -0.005 -10"><span class='ocrx_word' id='word_1_96' title='bbox 225 837 266 860; x_wconf 92' lang='lat' dir='ltr'>eo</span> <span class='ocrx_word' id='word_1_97' title='bbox 290 825 380 870; x_wconf 91' lang='lat' dir='ltr'>quod</span> <span class='ocrx_word' id='word_1_98' title='bbox 395 826 525 869; x_wconf 87' lang='lat' dir='ltr'>agentia</span> <span class='ocrx_word' id='word_1_99' title='bbox 541 833 574 858; x_wconf 91' lang='lat' dir='ltr'>et</span> <span class='ocrx_word' id='word_1_100' title='bbox 589 825 744 868; x_wconf 86' lang='lat' dir='ltr'>patientia</span> <span class='ocrx_word' id='word_1_101' title='bbox 768 835 901 857; x_wconf 91' lang='lat' dir='ltr'>necesse</span> <span class='ocrx_word' id='word_1_102' title='bbox 926 832 975 856; x_wconf 90' lang='lat' dir='ltr'>est</span> <span class='ocrx_word' id='word_1_103' title='bbox 998 822 1088 868; x_wconf 92' lang='lat' dir='ltr'>quod</span> <span class='ocrx_word' id='word_1_104' title='bbox 1110 822 1293 856; x_wconf 87' lang='lat' dir='ltr'>adinvicem</span> 
     </span>
     <span class='ocr_line' id='line_1_15' title="bbox 225 867 1293 914; baseline -0.003 -11"><span class='ocrx_word' id='word_1_105' title='bbox 225 882 260 904; x_wconf 93' lang='lat' dir='ltr'>se</span> <span class='ocrx_word' id='word_1_106' title='bbox 283 878 435 914; x_wconf 87' lang='lat' dir='ltr'>tangant,</span> <span class='ocrx_word' id='word_1_107' title='bbox 464 870 510 902; x_wconf 92' lang='lat' dir='ltr'>ita</span> <span class='ocrx_word' id='word_1_108' title='bbox 539 880 635 913; x_wconf 91' lang='lat' dir='ltr'>agere</span> <span class='ocrx_word' id='word_1_109' title='bbox 664 877 696 901; x_wconf 93' lang='lat' dir='ltr'>et</span> <span class='ocrx_word' id='word_1_110' title='bbox 723 868 790 912; x_wconf 91' lang='lat' dir='ltr'>pati</span> <span class='ocrx_word' id='word_1_111' title='bbox 819 867 984 912; x_wconf 86' lang='lat' dir='ltr'>praecedit</span> <span class='ocrx_word' id='word_1_112' title='bbox 1012 868 1223 907; x_wconf 88' lang='lat' dir='ltr'>mixtionem,</span> <span class='ocrx_word' id='word_1_113' title='bbox 1252 878 1293 900; x_wconf 92' lang='lat' dir='ltr'>eo</span> 
     </span>
     <span class='ocr_line' id='line_1_16' title="bbox 225 911 1292 960; baseline -0.004 -12"><span class='ocrx_word' id='word_1_114' title='bbox 225 913 316 960; x_wconf 89' lang='lat' dir='ltr'>quod</span> <span class='ocrx_word' id='word_1_115' title='bbox 341 913 382 947; x_wconf 90' lang='lat' dir='ltr'>ad</span> <span class='ocrx_word' id='word_1_116' title='bbox 403 913 598 946; x_wconf 88' lang='lat' dir='ltr'>mixtionem</span> <span class='ocrx_word' id='word_1_117' title='bbox 616 914 755 946; x_wconf 49' lang='lat' dir='ltr'>*necesse</span> <span class='ocrx_word' id='word_1_118' title='bbox 779 921 829 945; x_wconf 90' lang='lat' dir='ltr'>est</span> <span class='ocrx_word' id='word_1_119' title='bbox 849 912 939 957; x_wconf 93' lang='lat' dir='ltr'>quod</span> <span class='ocrx_word' id='word_1_120' title='bbox 955 911 1078 956; x_wconf 89' lang='lat' dir='ltr'>aliquid</span> <span class='ocrx_word' id='word_1_121' title='bbox 1095 920 1168 955; x_wconf 89' lang='lat' dir='ltr'>agat</span> <span class='ocrx_word' id='word_1_122' title='bbox 1184 920 1216 944; x_wconf 89' lang='lat' dir='ltr'>et</span> <span class='ocrx_word' id='word_1_123' title='bbox 1235 911 1292 944; x_wconf 90' lang='lat' dir='ltr'>ali-</span> 
     </span>
     <span class='ocr_line' id='line_1_17' title="bbox 247 956 1293 1002; baseline -0.003 -11"><span class='ocrx_word' id='word_1_124' title='bbox 247 957 306 992; x_wconf 90' lang='lat' dir='ltr'>uid</span> <span class='ocrx_word' id='word_1_125' title='bbox 329 958 470 1002; x_wconf 90' lang='lat' dir='ltr'>patiatur</span> <span class='ocrx_word' id='word_1_126' title='bbox 492 966 530 990; x_wconf 93' lang='lat' dir='ltr'>ut</span> <span class='ocrx_word' id='word_1_127' title='bbox 552 956 635 990; x_wconf 91' lang='lat' dir='ltr'>infra</span> <span class='ocrx_word' id='word_1_128' title='bbox 659 956 802 997; x_wconf 89' lang='lat' dir='ltr'>dicetur;</span> <span class='ocrx_word' id='word_1_129' title='bbox 830 966 862 990; x_wconf 90' lang='lat' dir='ltr'>et</span> <span class='ocrx_word' id='word_1_130' title='bbox 891 956 966 990; x_wconf 91' lang='lat' dir='ltr'>ideo</span> <span class='ocrx_word' id='word_1_131' title='bbox 995 965 1068 989; x_wconf 91' lang='lat' dir='ltr'>ante</span> <span class='ocrx_word' id='word_1_132' title='bbox 1099 956 1293 989; x_wconf 86' lang='lat' dir='ltr'>mixtionem</span> 
     </span>
     <span class='ocr_line' id='line_1_18' title="bbox 225 971 1292 1045; baseline -0.005 -8"><span class='ocrx_word' id='word_1_133' title='bbox 225 971 420 1037; x_wconf 69' lang='lat' dir='ltr'>determinat</span> <span class='ocrx_word' id='word_1_134' title='bbox 442 1001 482 1035; x_wconf 89' lang='lat' dir='ltr'>de</span> <span class='ocrx_word' id='word_1_135' title='bbox 506 1013 601 1045; x_wconf 89' lang='lat' dir='ltr'>agere</span> <span class='ocrx_word' id='word_1_136' title='bbox 616 1010 649 1034; x_wconf 90' lang='lat' dir='ltr'>et</span> <span class='ocrx_word' id='word_1_137' title='bbox 665 1002 741 1045; x_wconf 89' lang='lat' dir='ltr'>pati.</span> <span class='ocrx_word' id='word_1_138' title='bbox 768 1001 864 1035; x_wconf 91' lang='lat' dir='ltr'>Circa</span> <span class='ocrx_word' id='word_1_139' title='bbox 888 1001 952 1034; x_wconf 94' lang='lat' dir='ltr'>hoc</span> <span class='ocrx_word' id='word_1_140' title='bbox 976 1000 1043 1034; x_wconf 94' lang='lat' dir='ltr'>duo</span> <span class='ocrx_word' id='word_1_141' title='bbox 1068 999 1158 1033; x_wconf 87' lang='lat' dir='ltr'>facit:</span> <span class='ocrx_word' id='word_1_142' title='bbox 1184 1001 1292 1044; x_wconf 89' lang='lat' dir='ltr'>primo</span> 
     </span>
     <span class='ocr_line' id='line_1_19' title="bbox 225 1044 1292 1090; baseline -0.003 -10"><span class='ocrx_word' id='word_1_143' title='bbox 225 1046 420 1081; x_wconf 87' lang='lat' dir='ltr'>determinat</span> <span class='ocrx_word' id='word_1_144' title='bbox 449 1045 488 1079; x_wconf 93' lang='lat' dir='ltr'>de</span> <span class='ocrx_word' id='word_1_145' title='bbox 512 1057 608 1090; x_wconf 89' lang='lat' dir='ltr'>agere</span> <span class='ocrx_word' id='word_1_146' title='bbox 632 1054 664 1079; x_wconf 90' lang='lat' dir='ltr'>et</span> <span class='ocrx_word' id='word_1_147' title='bbox 687 1046 779 1089; x_wconf 91' lang='lat' dir='ltr'>pati;</span> <span class='ocrx_word' id='word_1_148' title='bbox 803 1044 950 1078; x_wconf 92' lang='lat' dir='ltr'>secundo</span> <span class='ocrx_word' id='word_1_149' title='bbox 978 1044 1018 1078; x_wconf 91' lang='lat' dir='ltr'>de</span> <span class='ocrx_word' id='word_1_150' title='bbox 1041 1044 1151 1078; x_wconf 90' lang='lat' dir='ltr'>modis</span> <span class='ocrx_word' id='word_1_151' title='bbox 1175 1045 1292 1088; x_wconf 88' lang='lat' dir='ltr'>agendi</span> 
     </span>
     <span class='ocr_line' id='line_1_20' title="bbox 225 1089 1293 1135; baseline -0.003 -10"><span class='ocrx_word' id='word_1_152' title='bbox 225 1099 259 1125; x_wconf 90' lang='lat' dir='ltr'>et</span> <span class='ocrx_word' id='word_1_153' title='bbox 281 1090 448 1135; x_wconf 90' lang='lat' dir='ltr'>patiendi,</span> <span class='ocrx_word' id='word_1_154' title='bbox 479 1089 545 1123; x_wconf 84' lang='lat' dir='ltr'>ibi:</span> <span class='ocrx_word' id='word_1_155' title='bbox 585 1090 742 1132; x_wconf 81' lang='lat' dir='ltr'>Quomodo</span> <span class='ocrx_word' id='word_1_156' title='bbox 773 1096 874 1122; x_wconf 85' lang='lat' dir='ltr'>autem</span> <span class='ocrx_word' id='word_1_157' title='bbox 901 1090 1051 1133; x_wconf 80' lang='lat' dir='ltr'>contingat</span> <span class='ocrx_word' id='word_1_158' title='bbox 1072 1089 1088 1106; x_wconf 76' lang='lat'>&#39;¹</span> <span class='ocrx_word' id='word_1_159' title='bbox 1111 1097 1170 1122; x_wconf 90' lang='lat' dir='ltr'>etc.</span> <span class='ocrx_word' id='word_1_160' title='bbox 1197 1089 1293 1123; x_wconf 88' lang='lat' dir='ltr'>Circa</span> 
     </span>
     <span class='ocr_line' id='line_1_21' title="bbox 225 1132 1293 1180; baseline -0.001 -12"><span class='ocrx_word' id='word_1_161' title='bbox 225 1135 371 1180; x_wconf 88' lang='lat' dir='ltr'>primum</span> <span class='ocrx_word' id='word_1_162' title='bbox 394 1135 454 1168; x_wconf 90' lang='lat' dir='ltr'>tria</span> <span class='ocrx_word' id='word_1_163' title='bbox 477 1133 574 1167; x_wconf 88' lang='lat' dir='ltr'>facit:</span> <span class='ocrx_word' id='word_1_164' title='bbox 606 1135 713 1178; x_wconf 91' lang='lat' dir='ltr'>primo</span> <span class='ocrx_word' id='word_1_165' title='bbox 738 1134 880 1167; x_wconf 90' lang='lat' dir='ltr'>ostendit</span> <span class='ocrx_word' id='word_1_166' title='bbox 915 1145 998 1177; x_wconf 91' lang='lat' dir='ltr'>quae</span> <span class='ocrx_word' id='word_1_167' title='bbox 1029 1142 1062 1166; x_wconf 89' lang='lat' dir='ltr'>et</span> <span class='ocrx_word' id='word_1_168' title='bbox 1107 1132 1192 1165; x_wconf 89' lang='lat' dir='ltr'>ualia</span> <span class='ocrx_word' id='word_1_169' title='bbox 1216 1143 1293 1167; x_wconf 91' lang='lat' dir='ltr'>sunt</span> 
     </span>
     <span class='ocr_line' id='line_1_22' title="bbox 225 1177 1291 1223; baseline -0.003 -10"><span class='ocrx_word' id='word_1_170' title='bbox 225 1180 331 1214; x_wconf 88' lang='lat' dir='ltr'>activa</span> <span class='ocrx_word' id='word_1_171' title='bbox 353 1187 387 1212; x_wconf 92' lang='lat' dir='ltr'>et</span> <span class='ocrx_word' id='word_1_172' title='bbox 409 1179 554 1223; x_wconf 88' lang='lat' dir='ltr'>passiva;</span> <span class='ocrx_word' id='word_1_173' title='bbox 578 1177 724 1212; x_wconf 90' lang='lat' dir='ltr'>secundo</span> <span class='ocrx_word' id='word_1_174' title='bbox 749 1178 942 1211; x_wconf 88' lang='lat' dir='ltr'>determinat</span> <span class='ocrx_word' id='word_1_175' title='bbox 965 1177 1014 1211; x_wconf 71' lang='lat' dir='ltr'>de,</span> <span class='ocrx_word' id='word_1_176' title='bbox 1028 1188 1084 1210; x_wconf 92' lang='lat' dir='ltr'>mo</span> <span class='ocrx_word' id='word_1_177' title='bbox 1110 1178 1137 1210; x_wconf 93' lang='lat' dir='ltr'>is</span> <span class='ocrx_word' id='word_1_178' title='bbox 1160 1188 1291 1219; x_wconf 89' lang='lat' dir='ltr'>eorum,</span> 
     </span>
     <span class='ocr_line' id='line_1_23' title="bbox 191 1222 1292 1268; baseline -0.003 -11"><span class='ocrx_word' id='word_1_179' title='bbox 191 1244 197 1250; x_wconf 92' lang='lat'><em>·</em></span> <span class='ocrx_word' id='word_1_180' title='bbox 225 1223 293 1258; x_wconf 90' lang='lat' dir='ltr'>ibi:</span> <span class='ocrx_word' id='word_1_181' title='bbox 328 1223 439 1257; x_wconf 80' lang='lat' dir='ltr'>Eodem</span> <span class='ocrx_word' id='word_1_182' title='bbox 466 1223 552 1257; x_wconf 81' lang='lat' dir='ltr'>modo</span> <span class='ocrx_word' id='word_1_183' title='bbox 574 1222 792 1268; x_wconf 83' lang='lat' dir='ltr'>suscipiendum</span> <span class='ocrx_word' id='word_1_184' title='bbox 815 1229 856 1255; x_wconf 82' lang='lat' dir='ltr'>est</span> <span class='ocrx_word' id='word_1_185' title='bbox 878 1224 896 1243; x_wconf 88' lang='grc'><em>*</em></span> <span class='ocrx_word' id='word_1_186' title='bbox 920 1230 999 1262; x_wconf 89' lang='lat' dir='ltr'>etc.;</span> <span class='ocrx_word' id='word_1_187' title='bbox 1024 1222 1120 1254; x_wconf 91' lang='lat' dir='ltr'>tertio</span> <span class='ocrx_word' id='word_1_188' title='bbox 1149 1222 1292 1255; x_wconf 89' lang='lat' dir='ltr'>ostendit</span> 
     </span>
     <span class='ocr_line' id='line_1_24' title="bbox 225 1265 1292 1313; baseline -0.002 -11"><span class='ocrx_word' id='word_1_189' title='bbox 225 1268 359 1313; x_wconf 73' lang='lat' dir='ltr'>ad-thas</span> <span class='ocrx_word' id='word_1_190' title='bbox 381 1271 497 1301; x_wconf 77' lang='lat' dir='ltr'>causas</span> <span class='ocrx_word' id='word_1_191' title='bbox 521 1268 591 1311; x_wconf 85' lang='lat' dir='ltr'>ipsa</span> <span class='ocrx_word' id='word_1_192' title='bbox 615 1268 719 1301; x_wconf 90' lang='lat' dir='ltr'>activa</span> <span class='ocrx_word' id='word_1_193' title='bbox 735 1276 768 1300; x_wconf 91' lang='lat' dir='ltr'>et</span> <span class='ocrx_word' id='word_1_194' title='bbox 783 1267 912 1310; x_wconf 88' lang='lat' dir='ltr'>passiva</span> <span class='ocrx_word' id='word_1_195' title='bbox 928 1265 1135 1305; x_wconf 89' lang='lat' dir='ltr'>reducantur,</span> <span class='ocrx_word' id='word_1_196' title='bbox 1154 1265 1216 1298; x_wconf 88' lang='lat' dir='ltr'>ibi:</span> <span class='ocrx_word' id='word_1_197' title='bbox 1238 1267 1292 1300; x_wconf 86' lang='lat' dir='ltr'>Est</span> 
     </span>
     <span class='ocr_line' id='line_1_25' title="bbox 225 1310 1290 1362; baseline -0.005 -15"><span class='ocrx_word' id='word_1_198' title='bbox 225 1318 326 1347; x_wconf 76' lang='lat' dir='ltr'>autem</span> <span class='ocrx_word' id='word_1_199' title='bbox 340 1312 493 1357; x_wconf 80' lang='lat' dir='ltr'>factivum</span> <span class='ocrx_word' id='word_1_200' title='bbox 509 1322 602 1345; x_wconf 83' lang='lat' dir='ltr'>causa</span> <span class='ocrx_word' id='word_1_201' title='bbox 623 1318 658 1345; x_wconf 89' lang='lat' dir='ltr'>ut</span> <span class='ocrx_word' id='word_1_202' title='bbox 679 1312 757 1346; x_wconf 86' lang='lat' dir='ltr'>unde</span> <span class='ocrx_word' id='word_1_203' title='bbox 774 1311 959 1362; x_wconf 80' lang='lat' dir='ltr'>principium</span> <span class='ocrx_word' id='word_1_204' title='bbox 982 1312 999 1331; x_wconf 90' lang='lat'><em>*</em></span> <span class='ocrx_word' id='word_1_205' title='bbox 1021 1317 1082 1343; x_wconf 93' lang='lat' dir='ltr'>etc.</span> <span class='ocrx_word' id='word_1_206' title='bbox 1109 1310 1204 1343; x_wconf 91' lang='lat' dir='ltr'>Circa</span> <span class='ocrx_word' id='word_1_207' title='bbox 1227 1311 1290 1354; x_wconf 92' lang='lat' dir='ltr'>pri-</span> 
     </span>
     <span class='ocr_line' id='line_1_26' title="bbox 225 1353 1290 1401; baseline -0.003 -10"><span class='ocrx_word' id='word_1_208' title='bbox 225 1368 320 1391; x_wconf 89' lang='lat' dir='ltr'>mum</span> <span class='ocrx_word' id='word_1_209' title='bbox 343 1357 404 1390; x_wconf 86' lang='lat' dir='ltr'>tria</span> <span class='ocrx_word' id='word_1_210' title='bbox 422 1355 514 1389; x_wconf 90' lang='lat' dir='ltr'>facit:</span> <span class='ocrx_word' id='word_1_211' title='bbox 539 1357 647 1400; x_wconf 88' lang='lat' dir='ltr'>primo</span> <span class='ocrx_word' id='word_1_212' title='bbox 671 1357 766 1401; x_wconf 91' lang='lat' dir='ltr'>ponit</span> <span class='ocrx_word' id='word_1_213' title='bbox 789 1366 810 1388; x_wconf 93' lang='lat' dir='ltr'>o</span> <span class='ocrx_word' id='word_1_214' title='bbox 836 1355 964 1388; x_wconf 82' lang='lat' dir='ltr'>iniones</span> <span class='ocrx_word' id='word_1_215' title='bbox 989 1353 1128 1387; x_wconf 89' lang='lat' dir='ltr'>aliorum</span> <span class='ocrx_word' id='word_1_216' title='bbox 1153 1354 1193 1388; x_wconf 93' lang='lat' dir='ltr'>de</span> <span class='ocrx_word' id='word_1_217' title='bbox 1217 1355 1290 1399; x_wconf 92' lang='lat' dir='ltr'>ipso</span> 
     </span>
     <span class='ocr_line' id='line_1_27' title="bbox 225 1397 1289 1444; baseline -0.003 -10"><span class='ocrx_word' id='word_1_218' title='bbox 225 1400 330 1435; x_wconf 80' lang='lat' dir='ltr'>facere</span> <span class='ocrx_word' id='word_1_219' title='bbox 358 1409 391 1434; x_wconf 89' lang='lat' dir='ltr'>et</span> <span class='ocrx_word' id='word_1_220' title='bbox 414 1401 504 1444; x_wconf 87' lang='lat' dir='ltr'>pati;</span> <span class='ocrx_word' id='word_1_221' title='bbox 533 1400 680 1434; x_wconf 89' lang='lat' dir='ltr'>secundo</span> <span class='ocrx_word' id='word_1_222' title='bbox 710 1400 799 1433; x_wconf 90' lang='lat' dir='ltr'>mani</span> <span class='ocrx_word' id='word_1_223' title='bbox 813 1407 915 1440; x_wconf 92' lang='lat' dir='ltr'>estat,</span> <span class='ocrx_word' id='word_1_224' title='bbox 939 1397 1144 1432; x_wconf 89' lang='lat' dir='ltr'>ostendendo</span> <span class='ocrx_word' id='word_1_225' title='bbox 1177 1410 1289 1432; x_wconf 89' lang='lat' dir='ltr'>causas</span> 
     </span>
     <span class='ocr_line' id='line_1_28' title="bbox 225 1443 1290 1488; baseline -0.004 -8"><span class='ocrx_word' id='word_1_226' title='bbox 225 1445 462 1480; x_wconf 84' lang='lat' dir='ltr'>contrarietatis</span> <span class='ocrx_word' id='word_1_227' title='bbox 485 1445 603 1488; x_wconf 88' lang='lat' dir='ltr'>ipsius,</span> <span class='ocrx_word' id='word_1_228' title='bbox 631 1445 694 1478; x_wconf 90' lang='lat' dir='ltr'>ibi:</span> <span class='ocrx_word' id='word_1_229' title='bbox 723 1444 870 1478; x_wconf 81' lang='lat' dir='ltr'>Videntur</span> <span class='ocrx_word' id='word_1_230' title='bbox 891 1450 991 1477; x_wconf 83' lang='lat' dir='ltr'>autem</span> <span class='ocrx_word' id='word_1_231' title='bbox 1014 1443 1066 1477; x_wconf 82' lang='lat' dir='ltr'>hoc</span> <span class='ocrx_word' id='word_1_232' title='bbox 1087 1443 1202 1476; x_wconf 88' lang='lat' dir='ltr'>modo*</span> <span class='ocrx_word' id='word_1_233' title='bbox 1217 1453 1290 1485; x_wconf 88' lang='lat' dir='ltr'>etc.;</span> 
     </span>
     <span class='ocr_line' id='line_1_29' title="bbox 224 1487 1289 1534; baseline -0.003 -10"><span class='ocrx_word' id='word_1_234' title='bbox 224 1490 321 1524; x_wconf 82' lang='lat' dir='ltr'>tertio</span> <span class='ocrx_word' id='word_1_235' title='bbox 345 1489 441 1534; x_wconf 93' lang='lat' dir='ltr'>ponit</span> <span class='ocrx_word' id='word_1_236' title='bbox 464 1489 658 1533; x_wconf 89' lang='lat' dir='ltr'>opinionem</span> <span class='ocrx_word' id='word_1_237' title='bbox 674 1500 779 1529; x_wconf 87' lang='lat' dir='ltr'>suam,</span> <span class='ocrx_word' id='word_1_238' title='bbox 795 1487 854 1521; x_wconf 87' lang='lat' dir='ltr'>ibi:</span> <span class='ocrx_word' id='word_1_239' title='bbox 879 1488 935 1522; x_wconf 83' lang='lat' dir='ltr'>Sed</span> <span class='ocrx_word' id='word_1_240' title='bbox 953 1488 1098 1532; x_wconf 88' lang='lat' dir='ltr'>quoniam</span> <span class='ocrx_word' id='word_1_241' title='bbox 1120 1499 1180 1521; x_wconf 88' lang='lat' dir='ltr'>non</span> <span class='ocrx_word' id='word_1_242' title='bbox 1195 1488 1289 1532; x_wconf 87' lang='lat' dir='ltr'>quod-</span> 
     </span>
     <span class='ocr_line' id='line_1_30' title="bbox 224 1534 646 1579; baseline -0.005 -11"><span class='ocrx_word' id='word_1_243' title='bbox 224 1545 350 1579; x_wconf 83' lang='lat' dir='ltr'>cumque</span> <span class='ocrx_word' id='word_1_244' title='bbox 367 1539 475 1568; x_wconf 77' lang='lat' dir='ltr'>natum</span> <span class='ocrx_word' id='word_1_245' title='bbox 497 1534 570 1566; x_wconf 83' lang='lat' dir='ltr'>est*</span> <span class='ocrx_word' id='word_1_246' title='bbox 585 1541 646 1566; x_wconf 90' lang='lat' dir='ltr'>etc.</span> 
     </span>
    </p>

    <p class='ocr_par' dir='ltr' id='par_1_6' title="bbox 248 1575 1290 1710">
     <span class='ocr_line' id='line_1_31' title="bbox 292 1575 1290 1622; baseline -0.003 -10"><span class='ocrx_word' id='word_1_247' title='bbox 292 1587 322 1612; x_wconf 83' lang='lat'>2.</span> <span class='ocrx_word' id='word_1_248' title='bbox 341 1578 437 1612; x_wconf 88' lang='lat' dir='ltr'>Circa</span> <span class='ocrx_word' id='word_1_249' title='bbox 452 1577 597 1622; x_wconf 87' lang='lat' dir='ltr'>primum</span> <span class='ocrx_word' id='word_1_250' title='bbox 613 1577 708 1621; x_wconf 90' lang='lat' dir='ltr'>ponit</span> <span class='ocrx_word' id='word_1_251' title='bbox 723 1587 824 1610; x_wconf 89' lang='lat' dir='ltr'>unam</span> <span class='ocrx_word' id='word_1_252' title='bbox 841 1577 1047 1620; x_wconf 88' lang='lat' dir='ltr'>opinionem,</span> <span class='ocrx_word' id='word_1_253' title='bbox 1064 1575 1175 1610; x_wconf 91' lang='lat' dir='ltr'>dicens</span> <span class='ocrx_word' id='word_1_254' title='bbox 1199 1577 1290 1622; x_wconf 91' lang='lat' dir='ltr'>quod</span> 
     </span>
     <span class='ocr_line' id='line_1_32' title="bbox 248 1620 1289 1667; baseline -0.002 -11"><span class='ocrx_word' id='word_1_255' title='bbox 248 1631 402 1667; x_wconf 88' lang='lat' dir='ltr'>ostquam</span> <span class='ocrx_word' id='word_1_256' title='bbox 425 1621 678 1655; x_wconf 87' lang='lat' dir='ltr'>determinatum</span> <span class='ocrx_word' id='word_1_257' title='bbox 701 1630 751 1654; x_wconf 91' lang='lat' dir='ltr'>est</span> <span class='ocrx_word' id='word_1_258' title='bbox 773 1620 813 1654; x_wconf 90' lang='lat' dir='ltr'>de</span> <span class='ocrx_word' id='word_1_259' title='bbox 837 1629 924 1654; x_wconf 88' lang='lat' dir='ltr'>tactu</span> <span class='ocrx_word' id='word_1_260' title='bbox 938 1647 947 1661; x_wconf 88' lang='lat'>‚</span> <span class='ocrx_word' id='word_1_261' title='bbox 976 1620 1153 1654; x_wconf 89' lang='lat' dir='ltr'>dicendum</span> <span class='ocrx_word' id='word_1_262' title='bbox 1177 1630 1226 1654; x_wconf 91' lang='lat' dir='ltr'>est</span> <span class='ocrx_word' id='word_1_263' title='bbox 1249 1621 1289 1655; x_wconf 89' lang='lat' dir='ltr'>de</span> 
     </span>
     <span class='ocr_line' id='line_1_33' title="bbox 257 1664 1289 1710; baseline -0.002 -10"><span class='ocrx_word' id='word_1_264' title='bbox 257 1677 330 1700; x_wconf 86' lang='lat' dir='ltr'>cere</span> <span class='ocrx_word' id='word_1_265' title='bbox 352 1674 386 1700; x_wconf 85' lang='lat' dir='ltr'>et</span> <span class='ocrx_word' id='word_1_266' title='bbox 407 1666 485 1710; x_wconf 90' lang='lat' dir='ltr'>pati.</span> <span class='ocrx_word' id='word_1_267' title='bbox 509 1666 605 1699; x_wconf 92' lang='lat' dir='ltr'>Prius</span> <span class='ocrx_word' id='word_1_268' title='bbox 629 1674 740 1699; x_wconf 91' lang='lat' dir='ltr'>tamen</span> <span class='ocrx_word' id='word_1_269' title='bbox 762 1664 943 1698; x_wconf 92' lang='lat' dir='ltr'>videndum</span> <span class='ocrx_word' id='word_1_270' title='bbox 975 1673 1024 1698; x_wconf 90' lang='lat' dir='ltr'>est</span> <span class='ocrx_word' id='word_1_271' title='bbox 1047 1664 1127 1709; x_wconf 93' lang='lat' dir='ltr'>quid</span> <span class='ocrx_word' id='word_1_272' title='bbox 1151 1665 1191 1699; x_wconf 91' lang='lat' dir='ltr'>de</span> <span class='ocrx_word' id='word_1_273' title='bbox 1215 1666 1289 1709; x_wconf 91' lang='lat' dir='ltr'>ipso</span> 
     </span>
    </p>

    <p class='ocr_par' dir='ltr' id='par_1_7' title="bbox 190 1709 1290 2462">
     <span class='ocr_line' id='line_1_34' title="bbox 224 1709 1290 1755; baseline -0.003 -10"><span class='ocrx_word' id='word_1_274' title='bbox 224 1709 335 1745; x_wconf 85' lang='lat' dir='ltr'>dixere</span> <span class='ocrx_word' id='word_1_275' title='bbox 357 1711 484 1755; x_wconf 89' lang='lat' dir='ltr'>priores</span> <span class='ocrx_word' id='word_1_276' title='bbox 507 1709 717 1754; x_wconf 76' lang='lat' dir='ltr'>philosophi3</span> <span class='ocrx_word' id='word_1_277' title='bbox 740 1709 893 1743; x_wconf 91' lang='lat' dir='ltr'>videntur</span> <span class='ocrx_word' id='word_1_278' title='bbox 915 1710 1004 1743; x_wconf 90' lang='lat' dir='ltr'>enim</span> <span class='ocrx_word' id='word_1_279' title='bbox 1023 1720 1140 1742; x_wconf 92' lang='lat' dir='ltr'>eorum</span> <span class='ocrx_word' id='word_1_280' title='bbox 1162 1711 1290 1754; x_wconf 89' lang='lat' dir='ltr'>opinio-</span> 
     </span>
     <span class='ocr_line' id='line_1_35' title="bbox 223 1753 1288 1798; baseline -0.001 -9"><span class='ocrx_word' id='word_1_281' title='bbox 223 1765 284 1789; x_wconf 85' lang='lat' dir='ltr'>nes</span> <span class='ocrx_word' id='word_1_282' title='bbox 306 1754 348 1789; x_wconf 87' lang='lat' dir='ltr'>de</span> <span class='ocrx_word' id='word_1_283' title='bbox 370 1754 476 1788; x_wconf 89' lang='lat' dir='ltr'>facere</span> <span class='ocrx_word' id='word_1_284' title='bbox 506 1762 539 1788; x_wconf 90' lang='lat' dir='ltr'>et</span> <span class='ocrx_word' id='word_1_285' title='bbox 562 1755 630 1798; x_wconf 90' lang='lat' dir='ltr'>pati</span> <span class='ocrx_word' id='word_1_286' title='bbox 653 1765 724 1787; x_wconf 90' lang='lat' dir='ltr'>esse</span> <span class='ocrx_word' id='word_1_287' title='bbox 751 1754 941 1787; x_wconf 90' lang='lat' dir='ltr'>contrariae.</span> <span class='ocrx_word' id='word_1_288' title='bbox 972 1754 1061 1788; x_wconf 92' lang='lat' dir='ltr'>Nam</span> <span class='ocrx_word' id='word_1_289' title='bbox 1089 1753 1184 1787; x_wconf 91' lang='lat' dir='ltr'>multi</span> <span class='ocrx_word' id='word_1_290' title='bbox 1208 1766 1288 1788; x_wconf 90' lang='lat' dir='ltr'>con-</span> 
     </span>
     <span class='ocr_line' id='line_1_36' title="bbox 224 1798 1290 1843; baseline -0.001 -9"><span class='ocrx_word' id='word_1_291' title='bbox 224 1798 443 1834; x_wconf 86' lang='lat' dir='ltr'>cordaverunt</span> <span class='ocrx_word' id='word_1_292' title='bbox 466 1798 501 1831; x_wconf 88' lang='lat' dir='ltr'>in</span> <span class='ocrx_word' id='word_1_293' title='bbox 524 1798 611 1839; x_wconf 92' lang='lat' dir='ltr'>hoc,</span> <span class='ocrx_word' id='word_1_294' title='bbox 643 1798 733 1843; x_wconf 94' lang='lat' dir='ltr'>quod</span> <span class='ocrx_word' id='word_1_295' title='bbox 756 1810 794 1832; x_wconf 89' lang='lat' dir='ltr'>ea</span> <span class='ocrx_word' id='word_1_296' title='bbox 817 1810 900 1843; x_wconf 90' lang='lat' dir='ltr'>quae</span> <span class='ocrx_word' id='word_1_297' title='bbox 924 1807 1027 1842; x_wconf 88' lang='lat' dir='ltr'>agunt</span> <span class='ocrx_word' id='word_1_298' title='bbox 1059 1806 1092 1831; x_wconf 92' lang='lat' dir='ltr'>et</span> <span class='ocrx_word' id='word_1_299' title='bbox 1121 1799 1290 1842; x_wconf 89' lang='lat' dir='ltr'>patiuntur</span> 
     </span>
     <span class='ocr_line' id='line_1_37' title="bbox 208 1841 1289 1887; baseline -0.001 -9"><span class='ocrx_word' id='word_1_300' title='bbox 208 1842 419 1883; x_wconf 58' lang='lat' dir='ltr'>adinvicem,</span> <span class='ocrx_word' id='word_1_301' title='bbox 441 1853 575 1876; x_wconf 90' lang='lat' dir='ltr'>necesse</span> <span class='ocrx_word' id='word_1_302' title='bbox 599 1851 648 1876; x_wconf 92' lang='lat' dir='ltr'>est</span> <span class='ocrx_word' id='word_1_303' title='bbox 671 1843 802 1887; x_wconf 90' lang='lat' dir='ltr'>penitus</span> <span class='ocrx_word' id='word_1_304' title='bbox 819 1854 890 1876; x_wconf 91' lang='lat' dir='ltr'>esse</span> <span class='ocrx_word' id='word_1_305' title='bbox 914 1841 1093 1876; x_wconf 89' lang='lat' dir='ltr'>dissimilia.</span> <span class='ocrx_word' id='word_1_306' title='bbox 1119 1843 1224 1876; x_wconf 91' lang='lat' dir='ltr'>Cuius</span> <span class='ocrx_word' id='word_1_307' title='bbox 1239 1854 1289 1877; x_wconf 91' lang='lat' dir='ltr'>ra-</span> 
     </span>
     <span class='ocr_line' id='line_1_38' title="bbox 223 1886 1288 1931; baseline -0.001 -9"><span class='ocrx_word' id='word_1_308' title='bbox 223 1887 350 1922; x_wconf 84' lang='lat' dir='ltr'>tionem</span> <span class='ocrx_word' id='word_1_309' title='bbox 378 1886 606 1931; x_wconf 89' lang='lat' dir='ltr'>assignabant,</span> <span class='ocrx_word' id='word_1_310' title='bbox 636 1887 782 1920; x_wconf 86' lang='lat' dir='ltr'>dicentes</span> <span class='ocrx_word' id='word_1_311' title='bbox 810 1886 900 1931; x_wconf 94' lang='lat' dir='ltr'>quod</span> <span class='ocrx_word' id='word_1_312' title='bbox 923 1887 1007 1920; x_wconf 92' lang='lat' dir='ltr'>inter</span> <span class='ocrx_word' id='word_1_313' title='bbox 1030 1886 1149 1920; x_wconf 86' lang='lat' dir='ltr'>similia</span> <span class='ocrx_word' id='word_1_314' title='bbox 1183 1899 1288 1921; x_wconf 89' lang='lat' dir='ltr'>unum</span> 
     </span>
     <span class='ocr_line' id='line_1_39' title="bbox 224 1930 1289 1976; baseline 0 -10"><span class='ocrx_word' id='word_1_315' title='bbox 224 1942 295 1966; x_wconf 86' lang='lat' dir='ltr'>non</span> <span class='ocrx_word' id='word_1_316' title='bbox 309 1931 408 1965; x_wconf 90' lang='lat' dir='ltr'>habet</span> <span class='ocrx_word' id='word_1_317' title='bbox 422 1932 528 1975; x_wconf 89' lang='lat' dir='ltr'>magis</span> <span class='ocrx_word' id='word_1_318' title='bbox 544 1932 707 1965; x_wconf 90' lang='lat' dir='ltr'>rationem</span> <span class='ocrx_word' id='word_1_319' title='bbox 730 1932 855 1975; x_wconf 90' lang='lat' dir='ltr'>agentis</span> <span class='ocrx_word' id='word_1_320' title='bbox 878 1942 977 1976; x_wconf 89' lang='lat' dir='ltr'>quam</span> <span class='ocrx_word' id='word_1_321' title='bbox 994 1930 1093 1972; x_wconf 90' lang='lat' dir='ltr'>aliud,</span> <span class='ocrx_word' id='word_1_322' title='bbox 1109 1942 1170 1965; x_wconf 90' lang='lat' dir='ltr'>nec</span> <span class='ocrx_word' id='word_1_323' title='bbox 1182 1943 1201 1965; x_wconf 92' lang='lat' dir='ltr'>e</span> <span class='ocrx_word' id='word_1_324' title='bbox 1212 1943 1289 1966; x_wconf 89' lang='lat' dir='ltr'>con-</span> 
     </span>
     <span class='ocr_line' id='line_1_40' title="bbox 223 1975 1286 2028; baseline 0 -18"><span class='ocrx_word' id='word_1_325' title='bbox 223 1985 340 2017; x_wconf 68' lang='lat' dir='ltr'>verso}</span> <span class='ocrx_word' id='word_1_326' title='bbox 372 1975 460 2009; x_wconf 91' lang='lat' dir='ltr'>unde</span> <span class='ocrx_word' id='word_1_327' title='bbox 484 1987 553 2009; x_wconf 91' lang='lat' dir='ltr'>non</span> <span class='ocrx_word' id='word_1_328' title='bbox 577 1975 674 2009; x_wconf 90' lang='lat' dir='ltr'>habet</span> <span class='ocrx_word' id='word_1_329' title='bbox 697 1976 802 2019; x_wconf 90' lang='lat' dir='ltr'>magis</span> <span class='ocrx_word' id='word_1_330' title='bbox 826 1976 988 2009; x_wconf 87' lang='lat' dir='ltr'>rationem</span> <span class='ocrx_word' id='word_1_331' title='bbox 1013 1975 1165 2020; x_wconf 86' lang='lat' dir='ltr'>patientis</span> <span class='ocrx_word' id='word_1_332' title='bbox 1188 1987 1286 2028; x_wconf 79' lang='lat' dir='ltr'>quam</span> 
     </span>
     <span class='ocr_line' id='line_1_41' title="bbox 225 2019 1290 2064; baseline -0.001 -10"><span class='ocrx_word' id='word_1_333' title='bbox 225 2019 332 2061; x_wconf 80' lang='lat' dir='ltr'>aliud3</span> <span class='ocrx_word' id='word_1_334' title='bbox 356 2020 468 2053; x_wconf 85' lang='lat' dir='ltr'>omnia</span> <span class='ocrx_word' id='word_1_335' title='bbox 491 2021 581 2054; x_wconf 89' lang='lat' dir='ltr'>enim</span> <span class='ocrx_word' id='word_1_336' title='bbox 603 2019 696 2061; x_wconf 90' lang='lat' dir='ltr'>haec,</span> <span class='ocrx_word' id='word_1_337' title='bbox 719 2020 842 2053; x_wconf 88' lang='lat' dir='ltr'>scilicet</span> <span class='ocrx_word' id='word_1_338' title='bbox 864 2031 959 2064; x_wconf 89' lang='lat' dir='ltr'>agere</span> <span class='ocrx_word' id='word_1_339' title='bbox 984 2027 1017 2053; x_wconf 87' lang='lat' dir='ltr'>et</span> <span class='ocrx_word' id='word_1_340' title='bbox 1039 2020 1117 2064; x_wconf 91' lang='lat' dir='ltr'>pati,</span> <span class='ocrx_word' id='word_1_341' title='bbox 1141 2020 1290 2054; x_wconf 81' lang='lat' dir='ltr'>similiter</span> 
     </span>
     <span class='ocr_line' id='line_1_42' title="bbox 194 2063 1288 2109; baseline 0 -10"><span class='ocrx_word' id='word_1_342' title='bbox 194 2096 197 2099; x_wconf 72' lang='grc'><strong>,</strong></span> <span class='ocrx_word' id='word_1_343' title='bbox 223 2063 344 2099; x_wconf 74' lang='lat' dir='ltr'>endem</span> <span class='ocrx_word' id='word_1_344' title='bbox 362 2063 465 2098; x_wconf 89' lang='lat' dir='ltr'>modo</span> <span class='ocrx_word' id='word_1_345' title='bbox 481 2065 595 2098; x_wconf 91' lang='lat' dir='ltr'>insunt</span> <span class='ocrx_word' id='word_1_346' title='bbox 617 2064 668 2097; x_wconf 91' lang='lat' dir='ltr'>his</span> <span class='ocrx_word' id='word_1_347' title='bbox 693 2076 776 2109; x_wconf 91' lang='lat' dir='ltr'>quae</span> <span class='ocrx_word' id='word_1_348' title='bbox 800 2073 877 2097; x_wconf 91' lang='lat' dir='ltr'>sunt</span> <span class='ocrx_word' id='word_1_349' title='bbox 900 2063 1027 2097; x_wconf 87' lang='lat' dir='ltr'>similia.</span> <span class='ocrx_word' id='word_1_350' title='bbox 1053 2063 1118 2098; x_wconf 91' lang='lat' dir='ltr'>Sed</span> <span class='ocrx_word' id='word_1_351' title='bbox 1134 2063 1189 2098; x_wconf 86' lang='lat' dir='ltr'>illa</span> <span class='ocrx_word' id='word_1_352' title='bbox 1204 2076 1288 2109; x_wconf 88' lang='lat' dir='ltr'>quae</span> 
     </span>
     <span class='ocr_line' id='line_1_43' title="bbox 225 2107 1290 2153; baseline 0.001 -11"><span class='ocrx_word' id='word_1_353' title='bbox 225 2117 303 2143; x_wconf 89' lang='lat' dir='ltr'>sunt</span> <span class='ocrx_word' id='word_1_354' title='bbox 318 2107 489 2142; x_wconf 83' lang='lat' dir='ltr'>dissimilia</span> <span class='ocrx_word' id='word_1_355' title='bbox 504 2117 537 2142; x_wconf 86' lang='lat' dir='ltr'>et</span> <span class='ocrx_word' id='word_1_356' title='bbox 553 2108 708 2142; x_wconf 89' lang='lat' dir='ltr'>differunt</span> <span class='ocrx_word' id='word_1_357' title='bbox 730 2109 764 2142; x_wconf 92' lang='lat' dir='ltr'>in</span> <span class='ocrx_word' id='word_1_358' title='bbox 783 2108 898 2142; x_wconf 90' lang='lat' dir='ltr'>formis</span> <span class='ocrx_word' id='word_1_359' title='bbox 921 2117 953 2142; x_wconf 90' lang='lat' dir='ltr'>et</span> <span class='ocrx_word' id='word_1_360' title='bbox 977 2108 1197 2153; x_wconf 37' lang='lat' dir='ltr'>qualitatibus</span> <span class='ocrx_word' id='word_1_361' title='bbox 1213 2118 1290 2143; x_wconf 86' lang='lat' dir='ltr'>nata</span> 
     </span>
     <span class='ocr_line' id='line_1_44' title="bbox 225 2152 1290 2198; baseline 0.001 -12"><span class='ocrx_word' id='word_1_362' title='bbox 225 2160 303 2187; x_wconf 86' lang='lat' dir='ltr'>sunt</span> <span class='ocrx_word' id='word_1_363' title='bbox 325 2163 421 2197; x_wconf 90' lang='lat' dir='ltr'>agere</span> <span class='ocrx_word' id='word_1_364' title='bbox 453 2161 486 2186; x_wconf 91' lang='lat' dir='ltr'>et</span> <span class='ocrx_word' id='word_1_365' title='bbox 513 2153 580 2198; x_wconf 89' lang='lat' dir='ltr'>pati</span> <span class='ocrx_word' id='word_1_366' title='bbox 603 2153 796 2186; x_wconf 85' lang='lat' dir='ltr'>adinvicem.</span> <span class='ocrx_word' id='word_1_367' title='bbox 829 2153 864 2186; x_wconf 91' lang='lat' dir='ltr'>Si</span> <span class='ocrx_word' id='word_1_368' title='bbox 889 2154 962 2197; x_wconf 92' lang='lat' dir='ltr'>quis</span> <span class='ocrx_word' id='word_1_369' title='bbox 993 2161 1103 2186; x_wconf 89' lang='lat' dir='ltr'>autem</span> <span class='ocrx_word' id='word_1_370' title='bbox 1133 2152 1290 2187; x_wconf 89' lang='lat' dir='ltr'>obiiceret</span> 
     </span>
     <span class='ocr_line' id='line_1_45' title="bbox 224 2196 1290 2241; baseline 0 -10"><span class='ocrx_word' id='word_1_371' title='bbox 224 2205 339 2232; x_wconf 89' lang='lat' dir='ltr'>contra</span> <span class='ocrx_word' id='word_1_372' title='bbox 361 2207 442 2238; x_wconf 89' lang='lat' dir='ltr'>eos,</span> <span class='ocrx_word' id='word_1_373' title='bbox 474 2197 586 2231; x_wconf 91' lang='lat' dir='ltr'>dicens</span> <span class='ocrx_word' id='word_1_374' title='bbox 633 2197 701 2231; x_wconf 94' lang='lat' dir='ltr'>uod</span> <span class='ocrx_word' id='word_1_375' title='bbox 728 2196 847 2230; x_wconf 92' lang='lat' dir='ltr'>similia</span> <span class='ocrx_word' id='word_1_376' title='bbox 878 2206 911 2230; x_wconf 92' lang='lat' dir='ltr'>et</span> <span class='ocrx_word' id='word_1_377' title='bbox 933 2205 1034 2240; x_wconf 90' lang='lat' dir='ltr'>agunt</span> <span class='ocrx_word' id='word_1_378' title='bbox 1065 2206 1098 2230; x_wconf 91' lang='lat' dir='ltr'>et</span> <span class='ocrx_word' id='word_1_379' title='bbox 1121 2198 1290 2241; x_wconf 90' lang='lat' dir='ltr'>patiuntur</span> 
     </span>
     <span class='ocr_line' id='line_1_46' title="bbox 223 2241 1289 2286; baseline -0.002 -10"><span class='ocrx_word' id='word_1_380' title='bbox 223 2241 431 2283; x_wconf 77' lang='lat' dir='ltr'>adinvicem,</span> <span class='ocrx_word' id='word_1_381' title='bbox 462 2242 547 2275; x_wconf 87' lang='lat' dir='ltr'>sicut</span> <span class='ocrx_word' id='word_1_382' title='bbox 569 2250 695 2274; x_wconf 91' lang='lat' dir='ltr'>mutus</span> <span class='ocrx_word' id='word_1_383' title='bbox 723 2242 791 2274; x_wconf 91' lang='lat' dir='ltr'>sive</span> <span class='ocrx_word' id='word_1_384' title='bbox 820 2252 960 2285; x_wconf 89' lang='lat' dir='ltr'>magnus</span> <span class='ocrx_word' id='word_1_385' title='bbox 991 2242 1076 2285; x_wconf 90' lang='lat' dir='ltr'>ignis</span> <span class='ocrx_word' id='word_1_386' title='bbox 1108 2243 1289 2286; x_wconf 90' lang='lat' dir='ltr'>corrumpit</span> 
     </span>
     <span class='ocr_line' id='line_1_47' title="bbox 224 2285 1289 2331; baseline -0.002 -11"><span class='ocrx_word' id='word_1_387' title='bbox 224 2297 364 2331; x_wconf 83' lang='lat' dir='ltr'>parvum</span> <span class='ocrx_word' id='word_1_388' title='bbox 387 2286 516 2330; x_wconf 88' lang='lat' dir='ltr'>ignem,</span> <span class='ocrx_word' id='word_1_389' title='bbox 563 2286 618 2319; x_wconf 91' lang='lat' dir='ltr'>uia</span> <span class='ocrx_word' id='word_1_390' title='bbox 641 2294 718 2319; x_wconf 92' lang='lat' dir='ltr'>sunt</span> <span class='ocrx_word' id='word_1_391' title='bbox 741 2285 864 2318; x_wconf 90' lang='lat' dir='ltr'>similes</span> <span class='ocrx_word' id='word_1_392' title='bbox 887 2294 920 2319; x_wconf 91' lang='lat' dir='ltr'>et</span> <span class='ocrx_word' id='word_1_393' title='bbox 943 2286 1042 2319; x_wconf 90' lang='lat' dir='ltr'>unius</span> <span class='ocrx_word' id='word_1_394' title='bbox 1065 2294 1216 2319; x_wconf 89' lang='lat' dir='ltr'>naturae:</span> <span class='ocrx_word' id='word_1_395' title='bbox 1241 2297 1289 2319; x_wconf 91' lang='lat' dir='ltr'>re—</span> 
     </span>
     <span class='ocr_line' id='line_1_48' title="bbox 190 2329 1288 2375; baseline 0 -11"><span class='ocrx_word' id='word_1_396' title='bbox 190 2351 198 2359; x_wconf 89' lang='lat'><em>·</em></span> <span class='ocrx_word' id='word_1_397' title='bbox 224 2329 408 2375; x_wconf 87' lang='lat' dir='ltr'>spondetur</span> <span class='ocrx_word' id='word_1_398' title='bbox 419 2331 438 2350; x_wconf 54' lang='grc' dir='ltr'>ὓ</span> <span class='ocrx_word' id='word_1_399' title='bbox 451 2329 541 2375; x_wconf 90' lang='lat' dir='ltr'>quod</span> <span class='ocrx_word' id='word_1_400' title='bbox 578 2341 619 2363; x_wconf 94' lang='lat' dir='ltr'>oc</span> <span class='ocrx_word' id='word_1_401' title='bbox 632 2341 700 2363; x_wconf 91' lang='lat' dir='ltr'>non</span> <span class='ocrx_word' id='word_1_402' title='bbox 716 2339 766 2363; x_wconf 90' lang='lat' dir='ltr'>est</span> <span class='ocrx_word' id='word_1_403' title='bbox 778 2338 912 2374; x_wconf 90' lang='lat' dir='ltr'>propter</span> <span class='ocrx_word' id='word_1_404' title='bbox 927 2329 1175 2364; x_wconf 84' lang='lat' dir='ltr'>sim1litudinem</span> <span class='ocrx_word' id='word_1_405' title='bbox 1189 2342 1288 2374; x_wconf 91' lang='lat' dir='ltr'>quam</span> 
     </span>
     <span class='ocr_line' id='line_1_49' title="bbox 223 2373 1289 2419; baseline 0 -11"><span class='ocrx_word' id='word_1_406' title='bbox 223 2373 356 2415; x_wconf 86' lang='lat' dir='ltr'>habent,</span> <span class='ocrx_word' id='word_1_407' title='bbox 372 2373 430 2408; x_wconf 88' lang='lat' dir='ltr'>sed</span> <span class='ocrx_word' id='word_1_408' title='bbox 445 2382 495 2408; x_wconf 90' lang='lat' dir='ltr'>est</span> <span class='ocrx_word' id='word_1_409' title='bbox 510 2382 645 2419; x_wconf 91' lang='lat' dir='ltr'>propter</span> <span class='ocrx_word' id='word_1_410' title='bbox 667 2375 930 2407; x_wconf 87' lang='lat' dir='ltr'>contrarietatem</span> <span class='ocrx_word' id='word_1_411' title='bbox 953 2374 987 2407; x_wconf 92' lang='lat' dir='ltr'>in</span> <span class='ocrx_word' id='word_1_412' title='bbox 1007 2375 1185 2419; x_wconf 88' lang='lat' dir='ltr'>quantitate</span> <span class='ocrx_word' id='word_1_413' title='bbox 1201 2375 1289 2419; x_wconf 92' lang='lat' dir='ltr'>ipso-</span> 
     </span>
     <span class='ocr_line' id='line_1_50' title="bbox 223 2419 987 2462; baseline -0.001 -10"><span class='ocrx_word' id='word_1_414' title='bbox 223 2427 316 2452; x_wconf 88' lang='lat' dir='ltr'>rum:</span> <span class='ocrx_word' id='word_1_415' title='bbox 340 2429 499 2462; x_wconf 88' lang='lat' dir='ltr'>magnum</span> <span class='ocrx_word' id='word_1_416' title='bbox 523 2419 612 2451; x_wconf 92' lang='lat' dir='ltr'>enim</span> <span class='ocrx_word' id='word_1_417' title='bbox 637 2419 852 2452; x_wconf 86' lang='lat' dir='ltr'>contrariatur</span> <span class='ocrx_word' id='word_1_418' title='bbox 874 2429 987 2462; x_wconf 90' lang='lat' dir='ltr'>parvo.</span> 
     </span>
    </p>

    <p class='ocr_par' dir='ltr' id='par_1_8' title="bbox 223 2462 1290 2684">
     <span class='ocr_line' id='line_1_51' title="bbox 293 2462 1290 2506; baseline -0.001 -10"><span class='ocrx_word' id='word_1_419' title='bbox 293 2473 321 2506; x_wconf 86' lang='lat'>3.</span> <span class='ocrx_word' id='word_1_420' title='bbox 347 2462 502 2496; x_wconf 90' lang='lat' dir='ltr'>Secundo</span> <span class='ocrx_word' id='word_1_421' title='bbox 526 2474 602 2495; x_wconf 92' lang='lat' dir='ltr'>cum</span> <span class='ocrx_word' id='word_1_422' title='bbox 626 2462 726 2496; x_wconf 87' lang='lat' dir='ltr'>dicit:</span> <span class='ocrx_word' id='word_1_423' title='bbox 756 2463 944 2496; x_wconf 79' lang='lat' dir='ltr'>Democritus</span> <span class='ocrx_word' id='word_1_424' title='bbox 967 2468 1067 2496; x_wconf 79' lang='lat' dir='ltr'>autem</span> <span class='ocrx_word' id='word_1_425' title='bbox 1090 2471 1170 2503; x_wconf 91' lang='lat' dir='ltr'>etc.‚</span> <span class='ocrx_word' id='word_1_426' title='bbox 1195 2464 1290 2506; x_wconf 90' lang='lat' dir='ltr'>ponit</span> 
     </span>
     <span class='ocr_line' id='line_1_52' title="bbox 223 2506 1290 2551; baseline 0 -11"><span class='ocrx_word' id='word_1_427' title='bbox 223 2507 321 2541; x_wconf 84' lang='lat' dir='ltr'>aliam</span> <span class='ocrx_word' id='word_1_428' title='bbox 337 2507 542 2551; x_wconf 89' lang='lat' dir='ltr'>opinionem,</span> <span class='ocrx_word' id='word_1_429' title='bbox 559 2518 644 2551; x_wconf 91' lang='lat' dir='ltr'>quae</span> <span class='ocrx_word' id='word_1_430' title='bbox 659 2508 783 2549; x_wconf 87' lang='lat' dir='ltr'>primae</span> <span class='ocrx_word' id='word_1_431' title='bbox 806 2506 936 2540; x_wconf 90' lang='lat' dir='ltr'>videtur</span> <span class='ocrx_word' id='word_1_432' title='bbox 959 2518 1030 2540; x_wconf 90' lang='lat' dir='ltr'>esse</span> <span class='ocrx_word' id='word_1_433' title='bbox 1054 2507 1223 2540; x_wconf 85' lang='lat' dir='ltr'>contraria.</span> <span class='ocrx_word' id='word_1_434' title='bbox 1249 2507 1290 2540; x_wconf 92' lang='lat' dir='ltr'>Et</span> 
     </span>
     <span class='ocr_line' id='line_1_53' title="bbox 223 2550 1289 2596; baseline -0.001 -11"><span class='ocrx_word' id='word_1_435' title='bbox 223 2559 274 2585; x_wconf 89' lang='lat' dir='ltr'>est</span> <span class='ocrx_word' id='word_1_436' title='bbox 296 2562 318 2585; x_wconf 95' lang='lat' dir='ltr'>o</span> <span class='ocrx_word' id='word_1_437' title='bbox 343 2552 412 2585; x_wconf 91' lang='lat' dir='ltr'>inio</span> <span class='ocrx_word' id='word_1_438' title='bbox 435 2551 630 2592; x_wconf 90' lang='lat' dir='ltr'>Democriti,</span> <span class='ocrx_word' id='word_1_439' title='bbox 654 2552 711 2596; x_wconf 90' lang='lat' dir='ltr'>qui</span> <span class='ocrx_word' id='word_1_440' title='bbox 727 2552 761 2584; x_wconf 93' lang='lat' dir='ltr'>in</span> <span class='ocrx_word' id='word_1_441' title='bbox 777 2551 838 2584; x_wconf 88' lang='lat' dir='ltr'>hac</span> <span class='ocrx_word' id='word_1_442' title='bbox 862 2551 1020 2595; x_wconf 92' lang='lat' dir='ltr'>opinione</span> <span class='ocrx_word' id='word_1_443' title='bbox 1039 2550 1100 2583; x_wconf 91' lang='lat' dir='ltr'>fuit</span> <span class='ocrx_word' id='word_1_444' title='bbox 1115 2551 1289 2595; x_wconf 90' lang='lat' dir='ltr'>singularis</span> 
     </span>
     <span class='ocr_line' id='line_1_54' title="bbox 223 2562 1288 2640; baseline -0.001 -10"><span class='ocrx_word' id='word_1_445' title='bbox 223 2604 257 2630; x_wconf 89' lang='lat' dir='ltr'>et</span> <span class='ocrx_word' id='word_1_446' title='bbox 280 2562 381 2629; x_wconf 58' lang='lat' dir='ltr'>soi’us.</span> <span class='ocrx_word' id='word_1_447' title='bbox 406 2595 498 2629; x_wconf 86' lang='lat' dir='ltr'>Dixit</span> <span class='ocrx_word' id='word_1_448' title='bbox 521 2596 610 2629; x_wconf 88' lang='lat' dir='ltr'>enim</span> <span class='ocrx_word' id='word_1_449' title='bbox 634 2595 724 2640; x_wconf 91' lang='lat' dir='ltr'>quod</span> <span class='ocrx_word' id='word_1_450' title='bbox 748 2606 848 2639; x_wconf 88' lang='lat' dir='ltr'>agens</span> <span class='ocrx_word' id='word_1_451' title='bbox 875 2604 908 2628; x_wconf 91' lang='lat' dir='ltr'>et</span> <span class='ocrx_word' id='word_1_452' title='bbox 927 2596 1053 2639; x_wconf 87' lang='lat' dir='ltr'>patiens</span> <span class='ocrx_word' id='word_1_453' title='bbox 1077 2603 1127 2628; x_wconf 91' lang='lat' dir='ltr'>est</span> <span class='ocrx_word' id='word_1_454' title='bbox 1149 2596 1288 2629; x_wconf 90' lang='lat' dir='ltr'>omnino</span> 
     </span>
     <span class='ocr_line' id='line_1_55' title="bbox 223 2639 1289 2684; baseline -0.002 -10"><span class='ocrx_word' id='word_1_455' title='bbox 223 2639 312 2674; x_wconf 87' lang='lat' dir='ltr'>idem</span> <span class='ocrx_word' id='word_1_456' title='bbox 331 2648 364 2673; x_wconf 92' lang='lat' dir='ltr'>et</span> <span class='ocrx_word' id='word_1_457' title='bbox 388 2639 511 2673; x_wconf 82' lang='lat' dir='ltr'>simile:</span> <span class='ocrx_word' id='word_1_458' title='bbox 537 2640 614 2684; x_wconf 90' lang='lat' dir='ltr'>quia</span> <span class='ocrx_word' id='word_1_459' title='bbox 633 2651 716 2684; x_wconf 92' lang='lat' dir='ltr'>quae</span> <span class='ocrx_word' id='word_1_460' title='bbox 732 2648 810 2672; x_wconf 88' lang='lat' dir='ltr'>sunt</span> <span class='ocrx_word' id='word_1_461' title='bbox 833 2639 959 2673; x_wconf 90' lang='lat' dir='ltr'>diversa</span> <span class='ocrx_word' id='word_1_462' title='bbox 975 2648 1008 2672; x_wconf 90' lang='lat' dir='ltr'>et</span> <span class='ocrx_word' id='word_1_463' title='bbox 1024 2639 1204 2680; x_wconf 89' lang='lat' dir='ltr'>dissimilia,</span> <span class='ocrx_word' id='word_1_464' title='bbox 1227 2651 1289 2673; x_wconf 93' lang='lat' dir='ltr'>nec</span> 
     </span>
    </p>

    <p class='ocr_par' dir='ltr' id='par_1_9' title="bbox 223 2683 1288 2860">
     <span class='ocr_line' id='line_1_56' title="bbox 290 2683 1288 2728; baseline 0 -11"><span class='ocrx_word' id='word_1_465' title='bbox 290 2692 328 2717; x_wconf 87' lang='lat' dir='ltr'>nt</span> <span class='ocrx_word' id='word_1_466' title='bbox 355 2695 417 2717; x_wconf 90' lang='lat' dir='ltr'>nec</span> <span class='ocrx_word' id='word_1_467' title='bbox 444 2684 614 2728; x_wconf 88' lang='lat' dir='ltr'>patiuntur</span> <span class='ocrx_word' id='word_1_468' title='bbox 642 2683 835 2717; x_wconf 87' lang='lat' dir='ltr'>adinvicem.</span> <span class='ocrx_word' id='word_1_469' title='bbox 866 2683 931 2717; x_wconf 91' lang='lat' dir='ltr'>Sed</span> <span class='ocrx_word' id='word_1_470' title='bbox 954 2684 982 2716; x_wconf 91' lang='lat' dir='ltr'>si</span> <span class='ocrx_word' id='word_1_471' title='bbox 1007 2684 1118 2717; x_wconf 90' lang='lat' dir='ltr'>contin</span> <span class='ocrx_word' id='word_1_472' title='bbox 1143 2692 1175 2717; x_wconf 89' lang='lat' dir='ltr'>at</span> <span class='ocrx_word' id='word_1_473' title='bbox 1198 2684 1288 2728; x_wconf 94' lang='lat' dir='ltr'>quod</span> 
     </span>
     <span class='ocr_line' id='line_1_57' title="bbox 224 2695 1287 2773; baseline -0.001 -11"><span class='ocrx_word' id='word_1_474' title='bbox 224 2695 332 2773; x_wconf 50' lang='lat' dir='ltr'>:fii-{ua</span> <span class='ocrx_word' id='word_1_475' title='bbox 355 2728 483 2762; x_wconf 88' lang='lat' dir='ltr'>diversa</span> <span class='ocrx_word' id='word_1_476' title='bbox 501 2736 534 2761; x_wconf 94' lang='lat' dir='ltr'>et</span> <span class='ocrx_word' id='word_1_477' title='bbox 549 2727 719 2761; x_wconf 86' lang='lat' dir='ltr'>dissimilia</span> <span class='ocrx_word' id='word_1_478' title='bbox 738 2736 835 2771; x_wconf 88' lang='lat' dir='ltr'>agant</span> <span class='ocrx_word' id='word_1_479' title='bbox 859 2737 891 2761; x_wconf 91' lang='lat' dir='ltr'>et</span> <span class='ocrx_word' id='word_1_480' title='bbox 938 2728 1078 2761; x_wconf 89' lang='lat' dir='ltr'>atiantur</span> <span class='ocrx_word' id='word_1_481' title='bbox 1094 2739 1111 2760; x_wconf 92' lang='lat' dir='ltr'>a</span> <span class='ocrx_word' id='word_1_482' title='bbox 1136 2729 1287 2769; x_wconf 91' lang='lat' dir='ltr'>invicem,</span> 
     </span>
     <span class='ocr_line' id='line_1_58' title="bbox 223 2739 1287 2817; baseline 0 -11"><span class='ocrx_word' id='word_1_483' title='bbox 223 2771 288 2806; x_wconf 81' lang='lat' dir='ltr'>hoc</span> <span class='ocrx_word' id='word_1_484' title='bbox 311 2783 381 2806; x_wconf 90' lang='lat' dir='ltr'>non</span> <span class='ocrx_word' id='word_1_485' title='bbox 403 2781 454 2806; x_wconf 87' lang='lat' dir='ltr'>est</span> <span class='ocrx_word' id='word_1_486' title='bbox 476 2772 672 2816; x_wconf 88' lang='lat' dir='ltr'>inquantum</span> <span class='ocrx_word' id='word_1_487' title='bbox 695 2771 843 2812; x_wconf 88' lang='lat' dir='ltr'>diversa,</span> <span class='ocrx_word' id='word_1_488' title='bbox 875 2739 935 2805; x_wconf 59' lang='lat' dir='ltr'>sed</span> <span class='ocrx_word' id='word_1_489' title='bbox 955 2773 1152 2816; x_wconf 89' lang='lat' dir='ltr'>inquantum</span> <span class='ocrx_word' id='word_1_490' title='bbox 1176 2772 1287 2817; x_wconf 89' lang='lat' dir='ltr'>aliquo</span> 
     </span>
     <span class='ocr_line' id='line_1_59' title="bbox 223 2815 1288 2860; baseline -0.001 -9"><span class='ocrx_word' id='word_1_491' title='bbox 223 2815 326 2851; x_wconf 87' lang='lat' dir='ltr'>modo</span> <span class='ocrx_word' id='word_1_492' title='bbox 349 2825 428 2850; x_wconf 90' lang='lat' dir='ltr'>sunt</span> <span class='ocrx_word' id='word_1_493' title='bbox 450 2815 538 2850; x_wconf 90' lang='lat' dir='ltr'>idem</span> <span class='ocrx_word' id='word_1_494' title='bbox 561 2824 594 2849; x_wconf 90' lang='lat' dir='ltr'>et</span> <span class='ocrx_word' id='word_1_495' title='bbox 616 2815 744 2849; x_wconf 85' lang='lat' dir='ltr'>similia.</span> <span class='ocrx_word' id='word_1_496' title='bbox 776 2816 866 2848; x_wconf 90' lang='lat' dir='ltr'>Haec</span> <span class='ocrx_word' id='word_1_497' title='bbox 890 2827 969 2860; x_wconf 90' lang='lat' dir='ltr'>ergo</span> <span class='ocrx_word' id='word_1_498' title='bbox 993 2825 1071 2849; x_wconf 91' lang='lat' dir='ltr'>sunt</span> <span class='ocrx_word' id='word_1_499' title='bbox 1092 2828 1175 2860; x_wconf 91' lang='lat' dir='ltr'>quae</span> <span class='ocrx_word' id='word_1_500' title='bbox 1199 2828 1288 2850; x_wconf 89' lang='lat' dir='ltr'>acce-</span> 
     </span>
    </p>
   </div>
   <div class='ocr_carea' id='block_1_6' title="bbox 166 2859 1038 2906">
    <p class='ocr_par' dir='ltr' id='par_1_10' title="bbox 166 2859 1038 2906">
     <span class='ocr_line' id='line_1_60' title="bbox 166 2859 1038 2906; baseline 0.001 -14"><span class='ocrx_word' id='word_1_501' title='bbox 166 2885 173 2892; x_wconf 88' lang='lat'>.</span> <span class='ocrx_word' id='word_1_502' title='bbox 224 2861 335 2906; x_wconf 90' lang='lat' dir='ltr'>pimus</span> <span class='ocrx_word' id='word_1_503' title='bbox 349 2860 366 2878; x_wconf 76' lang='grc'>*</span> <span class='ocrx_word' id='word_1_504' title='bbox 389 2860 428 2894; x_wconf 90' lang='lat' dir='ltr'>ab</span> <span class='ocrx_word' id='word_1_505' title='bbox 452 2860 595 2905; x_wconf 88' lang='lat' dir='ltr'>antiquis</span> <span class='ocrx_word' id='word_1_506' title='bbox 619 2859 659 2893; x_wconf 96' lang='lat' dir='ltr'>de</span> <span class='ocrx_word' id='word_1_507' title='bbox 682 2861 756 2904; x_wconf 95' lang='lat' dir='ltr'>ipso</span> <span class='ocrx_word' id='word_1_508' title='bbox 778 2859 882 2893; x_wconf 88' lang='lat' dir='ltr'>facere</span> <span class='ocrx_word' id='word_1_509' title='bbox 907 2869 939 2893; x_wconf 91' lang='lat' dir='ltr'>et</span> <span class='ocrx_word' id='word_1_510' title='bbox 962 2861 1038 2904; x_wconf 91' lang='lat' dir='ltr'>pati.</span> 
     </span>
    </p>
   </div>
   <div class='ocr_carea' id='block_1_7' title="bbox 191 2903 1290 3653">
    <p class='ocr_par' dir='ltr' id='par_1_11' title="bbox 191 2903 1290 3653">
     <span class='ocr_line' id='line_1_61' title="bbox 290 2903 1287 2948; baseline -0.001 -9"><span class='ocrx_word' id='word_1_511' title='bbox 290 2915 321 2948; x_wconf 86' lang='lat'><em>4</em></span> <span class='ocrx_word' id='word_1_512' title='bbox 345 2904 474 2939; x_wconf 90' lang='lat' dir='ltr'>Deinde</span> <span class='ocrx_word' id='word_1_513' title='bbox 498 2915 575 2938; x_wconf 88' lang='lat' dir='ltr'>cum</span> <span class='ocrx_word' id='word_1_514' title='bbox 603 2903 700 2937; x_wconf 86' lang='lat' dir='ltr'>dicit:</span> <span class='ocrx_word' id='word_1_515' title='bbox 729 2904 876 2938; x_wconf 84' lang='lat' dir='ltr'>Videntur</span> <span class='ocrx_word' id='word_1_516' title='bbox 898 2910 998 2937; x_wconf 81' lang='lat' dir='ltr'>autem</span> <span class='ocrx_word' id='word_1_517' title='bbox 1021 2904 1072 2938; x_wconf 86' lang='lat' dir='ltr'>hoc</span> <span class='ocrx_word' id='word_1_518' title='bbox 1094 2905 1180 2938; x_wconf 86' lang='lat' dir='ltr'>modo</span> <span class='ocrx_word' id='word_1_519' title='bbox 1204 2913 1264 2938; x_wconf 93' lang='lat' dir='ltr'>etc.</span> <span class='ocrx_word' id='word_1_520' title='bbox 1278 2932 1287 2946; x_wconf 92' lang='lat'>,</span> 
     </span>
     <span class='ocr_line' id='line_1_62' title="bbox 224 2948 1287 2993; baseline 0 -11"><span class='ocrx_word' id='word_1_521' title='bbox 224 2948 410 2983; x_wconf 86' lang='lat' dir='ltr'>manifestat</span> <span class='ocrx_word' id='word_1_522' title='bbox 432 2949 554 2993; x_wconf 90' lang='lat' dir='ltr'>primas</span> <span class='ocrx_word' id='word_1_523' title='bbox 577 2948 752 2992; x_wconf 89' lang='lat' dir='ltr'>opiniones</span> <span class='ocrx_word' id='word_1_524' title='bbox 775 2948 980 2981; x_wconf 88' lang='lat' dir='ltr'>ostendendo</span> <span class='ocrx_word' id='word_1_525' title='bbox 1007 2960 1139 2982; x_wconf 91' lang='lat' dir='ltr'>causam</span> <span class='ocrx_word' id='word_1_526' title='bbox 1159 2957 1287 2983; x_wconf 90' lang='lat' dir='ltr'>contra-</span> 
     </span>
     <span class='ocr_line' id='line_1_63' title="bbox 223 2992 1287 3037; baseline 0.001 -11"><span class='ocrx_word' id='word_1_527' title='bbox 223 2993 346 3027; x_wconf 88' lang='lat' dir='ltr'>rietatis</span> <span class='ocrx_word' id='word_1_528' title='bbox 361 2994 396 3026; x_wconf 91' lang='lat' dir='ltr'>in</span> <span class='ocrx_word' id='word_1_529' title='bbox 410 2993 501 3037; x_wconf 90' lang='lat' dir='ltr'>ipsis,</span> <span class='ocrx_word' id='word_1_530' title='bbox 525 2992 637 3026; x_wconf 87' lang='lat' dir='ltr'>dicens</span> <span class='ocrx_word' id='word_1_531' title='bbox 661 2992 752 3037; x_wconf 92' lang='lat' dir='ltr'>quod</span> <span class='ocrx_word' id='word_1_532' title='bbox 770 2993 896 3036; x_wconf 90' lang='lat' dir='ltr'>antiqui</span> <span class='ocrx_word' id='word_1_533' title='bbox 945 2992 1112 3037; x_wconf 92' lang='lat' dir='ltr'>hilosophi</span> <span class='ocrx_word' id='word_1_534' title='bbox 1135 2993 1287 3027; x_wconf 91' lang='lat' dir='ltr'>videntur</span> 
     </span>
     <span class='ocr_line' id='line_1_64' title="bbox 224 3036 1288 3081; baseline 0 -10"><span class='ocrx_word' id='word_1_535' title='bbox 224 3036 332 3071; x_wconf 90' lang='lat' dir='ltr'>dicere</span> <span class='ocrx_word' id='word_1_536' title='bbox 358 3037 580 3071; x_wconf 72' lang='lat' dir='ltr'>subcontrarias</span> <span class='ocrx_word' id='word_1_537' title='bbox 603 3046 789 3078; x_wconf 89' lang='lat' dir='ltr'>sermones;</span> <span class='ocrx_word' id='word_1_538' title='bbox 813 3037 870 3081; x_wconf 91' lang='lat' dir='ltr'>qui</span> <span class='ocrx_word' id='word_1_539' title='bbox 893 3037 903 3069; x_wconf 90' lang='lat' dir='ltr'>i</span> <span class='ocrx_word' id='word_1_540' title='bbox 927 3048 968 3070; x_wconf 89' lang='lat' dir='ltr'>eo</span> <span class='ocrx_word' id='word_1_541' title='bbox 992 3036 1146 3070; x_wconf 91' lang='lat' dir='ltr'>dicuntur</span> <span class='ocrx_word' id='word_1_542' title='bbox 1167 3038 1288 3071; x_wconf 83' lang='lat' dir='ltr'>subcon-</span> 
     </span>
     <span class='ocr_line' id='line_1_65' title="bbox 225 3080 1287 3126; baseline 0 -11"><span class='ocrx_word' id='word_1_543' title='bbox 225 3082 316 3116; x_wconf 78' lang='lat' dir='ltr'>trarii</span> <span class='ocrx_word' id='word_1_544' title='bbox 325 3107 337 3123; x_wconf 92' lang='lat'><em>‚</em></span> <span class='ocrx_word' id='word_1_545' title='bbox 371 3082 448 3126; x_wconf 91' lang='lat' dir='ltr'>quia</span> <span class='ocrx_word' id='word_1_546' title='bbox 478 3080 728 3126; x_wconf 88' lang='lat' dir='ltr'>quodammodo</span> <span class='ocrx_word' id='word_1_547' title='bbox 758 3089 835 3114; x_wconf 92' lang='lat' dir='ltr'>sunt</span> <span class='ocrx_word' id='word_1_548' title='bbox 856 3081 925 3114; x_wconf 92' lang='lat' dir='ltr'>veri</span> <span class='ocrx_word' id='word_1_549' title='bbox 939 3105 948 3122; x_wconf 88' lang='lat'>,</span> <span class='ocrx_word' id='word_1_550' title='bbox 979 3089 1011 3114; x_wconf 94' lang='lat' dir='ltr'>et</span> <span class='ocrx_word' id='word_1_551' title='bbox 1039 3081 1287 3126; x_wconf 90' lang='lat' dir='ltr'>quodammodo</span> 
     </span>
     <span class='ocr_line' id='line_1_66' title="bbox 224 3124 1288 3170; baseline 0 -11"><span class='ocrx_word' id='word_1_552' title='bbox 224 3124 315 3159; x_wconf 82' lang='lat' dir='ltr'>falsi:</span> <span class='ocrx_word' id='word_1_553' title='bbox 339 3125 427 3159; x_wconf 92' lang='lat' dir='ltr'>unde</span> <span class='ocrx_word' id='word_1_554' title='bbox 450 3124 633 3170; x_wconf 89' lang='lat' dir='ltr'>aliqualiter</span> <span class='ocrx_word' id='word_1_555' title='bbox 655 3126 901 3168; x_wconf 89' lang='lat' dir='ltr'>compatiuntur</span> <span class='ocrx_word' id='word_1_556' title='bbox 923 3136 958 3158; x_wconf 92' lang='lat' dir='ltr'>se</span> <span class='ocrx_word' id='word_1_557' title='bbox 981 3124 1179 3166; x_wconf 90' lang='lat' dir='ltr'>adinvicem,</span> <span class='ocrx_word' id='word_1_558' title='bbox 1203 3127 1288 3159; x_wconf 90' lang='lat' dir='ltr'>sicut</span> 
     </span>
     <span class='ocr_line' id='line_1_67' title="bbox 191 3169 1289 3213; baseline 0 -10"><span class='ocrx_word' id='word_1_559' title='bbox 191 3191 198 3198; x_wconf 92' lang='lat'><em>-</em></span> <span class='ocrx_word' id='word_1_560' title='bbox 225 3169 494 3203; x_wconf 71' lang='lat' dir='ltr'>subcontrariae*</span> <span class='ocrx_word' id='word_1_561' title='bbox 509 3169 763 3213; x_wconf 80' lang='lat' dir='ltr'>propositiones,</span> <span class='ocrx_word' id='word_1_562' title='bbox 789 3169 898 3203; x_wconf 90' lang='lat' dir='ltr'>Causa</span> <span class='ocrx_word' id='word_1_563' title='bbox 912 3178 1022 3202; x_wconf 91' lang='lat' dir='ltr'>autem</span> <span class='ocrx_word' id='word_1_564' title='bbox 1046 3169 1239 3203; x_wconf 90' lang='lat' dir='ltr'>diversitatis</span> <span class='ocrx_word' id='word_1_565' title='bbox 1256 3179 1289 3203; x_wconf 91' lang='lat' dir='ltr'>et</span> 
     </span>
     <span class='ocr_line' id='line_1_68' title="bbox 225 3213 1289 3264; baseline 0 -17"><span class='ocrx_word' id='word_1_566' title='bbox 225 3214 462 3247; x_wconf 86' lang='lat' dir='ltr'>contrarietatis</span> <span class='ocrx_word' id='word_1_567' title='bbox 484 3214 621 3247; x_wconf 88' lang='lat' dir='ltr'>istarum</span> <span class='ocrx_word' id='word_1_568' title='bbox 645 3213 843 3256; x_wconf 89' lang='lat' dir='ltr'>opinionum</span> <span class='ocrx_word' id='word_1_569' title='bbox 866 3221 925 3253; x_wconf 91' lang='lat' dir='ltr'>est,</span> <span class='ocrx_word' id='word_1_570' title='bbox 941 3214 1018 3264; x_wconf 86' lang='lat' dir='ltr'>quia</span> <span class='ocrx_word' id='word_1_571' title='bbox 1041 3225 1117 3246; x_wconf 91' lang='lat' dir='ltr'>cum</span> <span class='ocrx_word' id='word_1_572' title='bbox 1138 3223 1289 3258; x_wconf 89' lang='lat' dir='ltr'>oporteat</span> 
     </span>
     <span class='ocr_line' id='line_1_69' title="bbox 226 3257 1288 3302; baseline 0 -11"><span class='ocrx_word' id='word_1_573' title='bbox 226 3257 431 3291; x_wconf 88' lang='lat' dir='ltr'>considerare</span> <span class='ocrx_word' id='word_1_574' title='bbox 454 3266 605 3291; x_wconf 89' lang='lat' dir='ltr'>naturam</span> <span class='ocrx_word' id='word_1_575' title='bbox 626 3258 808 3290; x_wconf 86' lang='lat' dir='ltr'>activorum</span> <span class='ocrx_word' id='word_1_576' title='bbox 825 3265 858 3290; x_wconf 92' lang='lat' dir='ltr'>et</span> <span class='ocrx_word' id='word_1_577' title='bbox 873 3268 1079 3300; x_wconf 88' lang='lat' dir='ltr'>pass1vorum</span> <span class='ocrx_word' id='word_1_578' title='bbox 1096 3269 1135 3290; x_wconf 91' lang='lat' dir='ltr'>ex</span> <span class='ocrx_word' id='word_1_579' title='bbox 1150 3266 1288 3302; x_wconf 89' lang='lat' dir='ltr'>utraque</span> 
     </span>
     <span class='ocr_line' id='line_1_70' title="bbox 225 3301 1288 3346; baseline 0 -11"><span class='ocrx_word' id='word_1_580' title='bbox 225 3310 335 3346; x_wconf 81' lang='lat' dir='ltr'>parte,</span> <span class='ocrx_word' id='word_1_581' title='bbox 358 3301 482 3334; x_wconf 89' lang='lat' dir='ltr'>scilicet</span> <span class='ocrx_word' id='word_1_582' title='bbox 503 3310 571 3334; x_wconf 89' lang='lat' dir='ltr'>tam</span> <span class='ocrx_word' id='word_1_583' title='bbox 594 3312 634 3334; x_wconf 87' lang='lat' dir='ltr'>ex</span> <span class='ocrx_word' id='word_1_584' title='bbox 657 3309 747 3345; x_wconf 89' lang='lat' dir='ltr'>parte</span> <span class='ocrx_word' id='word_1_585' title='bbox 771 3301 988 3334; x_wconf 87' lang='lat' dir='ltr'>terminorum</span> <span class='ocrx_word' id='word_1_586' title='bbox 1011 3312 1111 3345; x_wconf 87' lang='lat' dir='ltr'>quam</span> <span class='ocrx_word' id='word_1_587' title='bbox 1134 3312 1174 3334; x_wconf 90' lang='lat' dir='ltr'>ex</span> <span class='ocrx_word' id='word_1_588' title='bbox 1197 3311 1288 3345; x_wconf 89' lang='lat' dir='ltr'>parte</span> 
     </span>
     <span class='ocr_line' id='line_1_71' title="bbox 226 3345 1288 3388; baseline 0 -10"><span class='ocrx_word' id='word_1_589' title='bbox 226 3345 374 3386; x_wconf 89' lang='lat' dir='ltr'>subiecti,</span> <span class='ocrx_word' id='word_1_590' title='bbox 398 3346 466 3378; x_wconf 91' lang='lat' dir='ltr'>sive</span> <span class='ocrx_word' id='word_1_591' title='bbox 490 3353 558 3378; x_wconf 83' lang='lat' dir='ltr'>tam</span> <span class='ocrx_word' id='word_1_592' title='bbox 581 3356 621 3378; x_wconf 83' lang='lat' dir='ltr'>ex</span> <span class='ocrx_word' id='word_1_593' title='bbox 644 3353 735 3388; x_wconf 92' lang='lat' dir='ltr'>parte</span> <span class='ocrx_word' id='word_1_594' title='bbox 758 3345 913 3377; x_wconf 90' lang='lat' dir='ltr'>materiae</span> <span class='ocrx_word' id='word_1_595' title='bbox 937 3355 1036 3388; x_wconf 89' lang='lat' dir='ltr'>quarn</span> <span class='ocrx_word' id='word_1_596' title='bbox 1060 3356 1100 3377; x_wconf 86' lang='lat' dir='ltr'>ex</span> <span class='ocrx_word' id='word_1_597' title='bbox 1118 3353 1208 3388; x_wconf 90' lang='lat' dir='ltr'>parte</span> <span class='ocrx_word' id='word_1_598' title='bbox 1224 3345 1288 3378; x_wconf 92' lang='lat' dir='ltr'>for-</span> 
     </span>
     <span class='ocr_line' id='line_1_72' title="bbox 226 3387 1288 3433; baseline 0 -11"><span class='ocrx_word' id='word_1_599' title='bbox 226 3400 311 3430; x_wconf 87' lang='lat' dir='ltr'>mae,</span> <span class='ocrx_word' id='word_1_600' title='bbox 328 3388 419 3433; x_wconf 92' lang='lat' dir='ltr'>quod</span> <span class='ocrx_word' id='word_1_601' title='bbox 441 3388 529 3422; x_wconf 91' lang='lat' dir='ltr'>idem</span> <span class='ocrx_word' id='word_1_602' title='bbox 552 3397 612 3429; x_wconf 91' lang='lat' dir='ltr'>est,</span> <span class='ocrx_word' id='word_1_603' title='bbox 637 3387 925 3421; x_wconf 90' lang='lat' dir='ltr'>consideraverunt</span> <span class='ocrx_word' id='word_1_604' title='bbox 947 3396 1076 3421; x_wconf 86' lang='lat' dir='ltr'>tantum</span> <span class='ocrx_word' id='word_1_605' title='bbox 1099 3399 1199 3421; x_wconf 90' lang='lat' dir='ltr'>unam</span> <span class='ocrx_word' id='word_1_606' title='bbox 1215 3400 1288 3433; x_wconf 91' lang='lat' dir='ltr'>par-</span> 
     </span>
     <span class='ocr_line' id='line_1_73' title="bbox 227 3431 1288 3483; baseline -0.001 -17"><span class='ocrx_word' id='word_1_607' title='bbox 227 3441 311 3474; x_wconf 86' lang='lat' dir='ltr'>tem;</span> <span class='ocrx_word' id='word_1_608' title='bbox 327 3441 360 3466; x_wconf 95' lang='lat' dir='ltr'>et</span> <span class='ocrx_word' id='word_1_609' title='bbox 375 3432 449 3466; x_wconf 92' lang='lat' dir='ltr'>ideo</span> <span class='ocrx_word' id='word_1_610' title='bbox 462 3433 496 3465; x_wconf 93' lang='lat' dir='ltr'>in</span> <span class='ocrx_word' id='word_1_611' title='bbox 513 3440 603 3483; x_wconf 87' lang='lat' dir='ltr'>parte</span> <span class='ocrx_word' id='word_1_612' title='bbox 614 3443 730 3465; x_wconf 88' lang='lat' dir='ltr'>verum</span> <span class='ocrx_word' id='word_1_613' title='bbox 746 3432 907 3472; x_wconf 86' lang='lat' dir='ltr'>dixerunt,</span> <span class='ocrx_word' id='word_1_614' title='bbox 924 3440 956 3464; x_wconf 93' lang='lat' dir='ltr'>et</span> <span class='ocrx_word' id='word_1_615' title='bbox 971 3433 1006 3464; x_wconf 90' lang='lat' dir='ltr'>in</span> <span class='ocrx_word' id='word_1_616' title='bbox 1021 3440 1111 3476; x_wconf 91' lang='lat' dir='ltr'>parte</span> <span class='ocrx_word' id='word_1_617' title='bbox 1126 3431 1255 3465; x_wconf 91' lang='lat' dir='ltr'>falsum.</span> <span class='ocrx_word' id='word_1_618' title='bbox 1269 3451 1288 3458; x_wconf 84' lang='lat'>—</span> 
     </span>
     <span class='ocr_line' id='line_1_74' title="bbox 227 3475 1287 3520; baseline -0.001 -10"><span class='ocrx_word' id='word_1_619' title='bbox 227 3477 330 3510; x_wconf 90' lang='lat' dir='ltr'>Primi</span> <span class='ocrx_word' id='word_1_620' title='bbox 353 3477 442 3510; x_wconf 90' lang='lat' dir='ltr'>enim</span> <span class='ocrx_word' id='word_1_621' title='bbox 488 3487 523 3508; x_wconf 91' lang='lat' dir='ltr'>u1</span> <span class='ocrx_word' id='word_1_622' title='bbox 546 3475 697 3509; x_wconf 87' lang='lat' dir='ltr'>dixerunt</span> <span class='ocrx_word' id='word_1_623' title='bbox 720 3476 824 3509; x_wconf 91' lang='lat' dir='ltr'>activa</span> <span class='ocrx_word' id='word_1_624' title='bbox 846 3484 879 3508; x_wconf 92' lang='lat' dir='ltr'>et</span> <span class='ocrx_word' id='word_1_625' title='bbox 902 3476 1030 3520; x_wconf 91' lang='lat' dir='ltr'>passiva</span> <span class='ocrx_word' id='word_1_626' title='bbox 1054 3476 1192 3509; x_wconf 91' lang='lat' dir='ltr'>omnino</span> <span class='ocrx_word' id='word_1_627' title='bbox 1222 3476 1287 3509; x_wconf 90' lang='lat' dir='ltr'>dis-</span> 
     </span>
     <span class='ocr_line' id='line_1_75' title="bbox 228 3520 1288 3563; baseline -0.002 -9"><span class='ocrx_word' id='word_1_628' title='bbox 228 3520 358 3560; x_wconf 88' lang='lat' dir='ltr'>similia,</span> <span class='ocrx_word' id='word_1_629' title='bbox 375 3520 467 3553; x_wconf 90' lang='lat' dir='ltr'>consi</span> <span class='ocrx_word' id='word_1_630' title='bbox 492 3528 664 3553; x_wconf 88' lang='lat' dir='ltr'>eraverunt</span> <span class='ocrx_word' id='word_1_631' title='bbox 681 3531 719 3552; x_wconf 91' lang='lat' dir='ltr'>ea</span> <span class='ocrx_word' id='word_1_632' title='bbox 734 3528 862 3552; x_wconf 88' lang='lat' dir='ltr'>tantum</span> <span class='ocrx_word' id='word_1_633' title='bbox 886 3531 925 3552; x_wconf 87' lang='lat' dir='ltr'>ex</span> <span class='ocrx_word' id='word_1_634' title='bbox 948 3528 1038 3563; x_wconf 90' lang='lat' dir='ltr'>parte</span> <span class='ocrx_word' id='word_1_635' title='bbox 1061 3520 1288 3560; x_wconf 89' lang='lat' dir='ltr'>terminorum,</span> 
     </span>
     <span class='ocr_line' id='line_1_76' title="bbox 228 3563 1290 3607; baseline -0.002 -9"><span class='ocrx_word' id='word_1_636' title='bbox 228 3565 296 3598; x_wconf 88' lang='lat' dir='ltr'>sive</span> <span class='ocrx_word' id='word_1_637' title='bbox 319 3566 508 3598; x_wconf 86' lang='lat' dir='ltr'>formarum.</span> <span class='ocrx_word' id='word_1_638' title='bbox 533 3564 575 3597; x_wconf 92' lang='lat' dir='ltr'>Et</span> <span class='ocrx_word' id='word_1_639' title='bbox 598 3565 631 3596; x_wconf 91' lang='lat' dir='ltr'>in</span> <span class='ocrx_word' id='word_1_640' title='bbox 654 3563 719 3597; x_wconf 93' lang='lat' dir='ltr'>hoc</span> <span class='ocrx_word' id='word_1_641' title='bbox 741 3563 824 3597; x_wconf 90' lang='lat' dir='ltr'>bene</span> <span class='ocrx_word' id='word_1_642' title='bbox 849 3563 1018 3597; x_wconf 84' lang='lat' dir='ltr'>dixerunt:</span> <span class='ocrx_word' id='word_1_643' title='bbox 1050 3564 1126 3607; x_wconf 91' lang='lat' dir='ltr'>quia</span> <span class='ocrx_word' id='word_1_644' title='bbox 1148 3575 1217 3596; x_wconf 92' lang='lat' dir='ltr'>non</span> <span class='ocrx_word' id='word_1_645' title='bbox 1241 3572 1290 3597; x_wconf 91' lang='lat' dir='ltr'>est</span> 
     </span>
     <span class='ocr_line' id='line_1_77' title="bbox 228 3607 1288 3653; baseline -0.002 -11"><span class='ocrx_word' id='word_1_646' title='bbox 228 3609 428 3642; x_wconf 91' lang='lat' dir='ltr'>conveniens</span> <span class='ocrx_word' id='word_1_647' title='bbox 452 3607 542 3653; x_wconf 93' lang='lat' dir='ltr'>quod</span> <span class='ocrx_word' id='word_1_648' title='bbox 566 3608 703 3641; x_wconf 89' lang='lat' dir='ltr'>omnino</span> <span class='ocrx_word' id='word_1_649' title='bbox 727 3607 832 3641; x_wconf 89' lang='lat' dir='ltr'>simile</span> <span class='ocrx_word' id='word_1_650' title='bbox 855 3608 890 3640; x_wconf 91' lang='lat' dir='ltr'>in</span> <span class='ocrx_word' id='word_1_651' title='bbox 913 3608 1047 3640; x_wconf 89' lang='lat' dir='ltr'>materia</span> <span class='ocrx_word' id='word_1_652' title='bbox 1063 3616 1095 3640; x_wconf 90' lang='lat' dir='ltr'>et</span> <span class='ocrx_word' id='word_1_653' title='bbox 1117 3608 1150 3640; x_wconf 90' lang='lat' dir='ltr'>in</span> <span class='ocrx_word' id='word_1_654' title='bbox 1174 3607 1288 3648; x_wconf 88' lang='lat' dir='ltr'>forma,</span> 
     </span>
    </p>
   </div>
   <div class='ocr_carea' id='block_1_8' title="bbox 1413 342 2415 516">
    <p class='ocr_par' dir='ltr' id='par_1_12' title="bbox 1413 342 2415 516">
     <span class='ocr_line' id='line_1_78' title="bbox 1414 342 2415 388; baseline 0.009 -17"><span class='ocrx_word' id='word_1_655' title='bbox 1414 347 1522 372; x_wconf 86' lang='lat' dir='ltr'>autem</span> <span class='ocrx_word' id='word_1_656' title='bbox 1539 342 1694 382; x_wconf 86' lang='lat' dir='ltr'>calidum;</span> <span class='ocrx_word' id='word_1_657' title='bbox 1719 351 1765 375; x_wconf 87' lang='lat' dir='ltr'>est</span> <span class='ocrx_word' id='word_1_658' title='bbox 1780 345 1911 385; x_wconf 85' lang='lat' dir='ltr'>quidem</span> <span class='ocrx_word' id='word_1_659' title='bbox 1927 345 2012 376; x_wconf 86' lang='lat' dir='ltr'>enirn</span> <span class='ocrx_word' id='word_1_660' title='bbox 2025 353 2061 377; x_wconf 92' lang='lat' dir='ltr'>ut</span> <span class='ocrx_word' id='word_1_661' title='bbox 2076 347 2204 377; x_wconf 83' lang='lat' dir='ltr'>materia</span> <span class='ocrx_word' id='word_1_662' title='bbox 2221 348 2349 388; x_wconf 83' lang='lat' dir='ltr'>patitur,</span> <span class='ocrx_word' id='word_1_663' title='bbox 2367 356 2415 381; x_wconf 88' lang='lat' dir='ltr'>est</span> 
     </span>
     <span class='ocr_line' id='line_1_79' title="bbox 1414 388 2413 432; baseline 0.008 -16"><span class='ocrx_word' id='word_1_664' title='bbox 1414 392 1521 416; x_wconf 87' lang='lat' dir='ltr'>autem</span> <span class='ocrx_word' id='word_1_665' title='bbox 1545 393 1580 418; x_wconf 92' lang='lat' dir='ltr'>ut</span> <span class='ocrx_word' id='word_1_666' title='bbox 1603 388 1806 420; x_wconf 85' lang='lat' dir='ltr'>contrarium.</span> <span class='ocrx_word' id='word_1_667' title='bbox 1831 390 1881 420; x_wconf 90' lang='lat' dir='ltr'>Ad</span> <span class='ocrx_word' id='word_1_668' title='bbox 1900 390 1933 420; x_wconf 91' lang='lat' dir='ltr'>id</span> <span class='ocrx_word' id='word_1_669' title='bbox 1949 389 2079 431; x_wconf 90' lang='lat' dir='ltr'>quidem</span> <span class='ocrx_word' id='word_1_670' title='bbox 2094 391 2190 431; x_wconf 87' lang='lat' dir='ltr'>igitur</span> <span class='ocrx_word' id='word_1_671' title='bbox 2212 392 2413 432; x_wconf 89' lang='lat' dir='ltr'>respicientes</span> 
     </span>
     <span class='ocr_line' id='line_1_80' title="bbox 1413 430 2412 477; baseline 0.008 -17"><span class='ocrx_word' id='word_1_672' title='bbox 1413 430 1499 460; x_wconf 91' lang='lat' dir='ltr'>idem</span> <span class='ocrx_word' id='word_1_673' title='bbox 1518 438 1663 471; x_wconf 90' lang='lat' dir='ltr'>oportere</span> <span class='ocrx_word' id='word_1_674' title='bbox 1679 432 1792 463; x_wconf 79' lang='lat' dir='ltr'>habere</span> <span class='ocrx_word' id='word_1_675' title='bbox 1810 433 2065 465; x_wconf 88' lang='lat' dir='ltr'>existimaverunt</span> <span class='ocrx_word' id='word_1_676' title='bbox 2081 435 2196 466; x_wconf 89' lang='lat' dir='ltr'>faciens</span> <span class='ocrx_word' id='word_1_677' title='bbox 2220 443 2251 467; x_wconf 90' lang='lat' dir='ltr'>et</span> <span class='ocrx_word' id='word_1_678' title='bbox 2273 437 2412 477; x_wconf 87' lang='lat' dir='ltr'>patiens;</span> 
     </span>
     <span class='ocr_line' id='line_1_81' title="bbox 1413 474 1978 516; baseline 0.009 -12"><span class='ocrx_word' id='word_1_679' title='bbox 1413 474 1453 504; x_wconf 92' lang='lat' dir='ltr'>ad</span> <span class='ocrx_word' id='word_1_680' title='bbox 1476 475 1610 506; x_wconf 82' lang='lat' dir='ltr'>alterum</span> <span class='ocrx_word' id='word_1_681' title='bbox 1633 483 1751 516; x_wconf 79' lang='lat' dir='ltr'>autem,</span> <span class='ocrx_word' id='word_1_682' title='bbox 1775 478 1978 509; x_wconf 82' lang='lat' dir='ltr'>contrarium.</span> 
     </span>
    </p>
   </div>
   <div class='ocr_carea' id='block_1_9' title="bbox 1350 604 2423 650">
    <p class='ocr_par' dir='ltr' id='par_1_13' title="bbox 1350 604 2423 650">
     <span class='ocr_line' id='line_1_82' title="bbox 1350 604 2423 650; baseline 0.008 -15"><span class='ocrx_word' id='word_1_683' title='bbox 1350 604 1491 646; x_wconf 88' lang='lat' dir='ltr'>patiatur</span> <span class='ocrx_word' id='word_1_684' title='bbox 1514 604 1552 637; x_wconf 88' lang='lat' dir='ltr'>ab</span> <span class='ocrx_word' id='word_1_685' title='bbox 1577 607 1714 639; x_wconf 89' lang='lat' dir='ltr'>omnino</span> <span class='ocrx_word' id='word_1_686' title='bbox 1738 606 1799 640; x_wconf 90' lang='lat' dir='ltr'>sibi</span> <span class='ocrx_word' id='word_1_687' title='bbox 1823 608 1920 641; x_wconf 89' lang='lat' dir='ltr'>simili</span> <span class='ocrx_word' id='word_1_688' title='bbox 1944 610 1978 642; x_wconf 91' lang='lat' dir='ltr'>in</span> <span class='ocrx_word' id='word_1_689' title='bbox 2001 610 2135 642; x_wconf 88' lang='lat' dir='ltr'>materia</span> <span class='ocrx_word' id='word_1_690' title='bbox 2165 617 2198 643; x_wconf 90' lang='lat' dir='ltr'>et</span> <span class='ocrx_word' id='word_1_691' title='bbox 2227 610 2260 642; x_wconf 93' lang='lat' dir='ltr'>in</span> <span class='ocrx_word' id='word_1_692' title='bbox 2284 609 2423 650; x_wconf 88' lang='lat' dir='ltr'>forma;&#39;</span> 
     </span>
    </p>
   </div>
   <div class='ocr_carea' id='block_1_10' title="bbox 1341 648 2411 3652">
    <p class='ocr_par' dir='ltr' id='par_1_14' title="bbox 1345 648 2411 1698">
     <span class='ocr_line' id='line_1_83' title="bbox 1351 648 2411 698; baseline 0.009 -20"><span class='ocrx_word' id='word_1_693' title='bbox 1351 648 1509 698; x_wconf 78' lang='lat' dir='ltr'>quoniam</span> <span class='ocrx_word' id='word_1_694' title='bbox 1521 649 1605 682; x_wconf 89' lang='lat' dir='ltr'>sicut</span> <span class='ocrx_word' id='word_1_695' title='bbox 1618 651 1743 695; x_wconf 90' lang='lat' dir='ltr'>antiqui</span> <span class='ocrx_word' id='word_1_696' title='bbox 1760 651 1919 694; x_wconf 90' lang='lat' dir='ltr'>dicebant,</span> <span class='ocrx_word' id='word_1_697' title='bbox 1931 652 2060 686; x_wconf 90' lang='lat' dir='ltr'>nullum</span> <span class='ocrx_word' id='word_1_698' title='bbox 2073 665 2193 698; x_wconf 87' lang='lat' dir='ltr'>corpus</span> <span class='ocrx_word' id='word_1_699' title='bbox 2210 662 2259 687; x_wconf 92' lang='lat' dir='ltr'>est</span> <span class='ocrx_word' id='word_1_700' title='bbox 2280 653 2411 698; x_wconf 88' lang='lat' dir='ltr'>dignius</span> 
     </span>
     <span class='ocr_line' id='line_1_84' title="bbox 1350 692 2411 739; baseline 0.009 -17"><span class='ocrx_word' id='word_1_701' title='bbox 1350 701 1446 733; x_wconf 89' lang='lat' dir='ltr'>agere</span> <span class='ocrx_word' id='word_1_702' title='bbox 1461 702 1495 724; x_wconf 90' lang='lat'>111</span> <span class='ocrx_word' id='word_1_703' title='bbox 1511 692 1648 727; x_wconf 88' lang='lat' dir='ltr'>alterum</span> <span class='ocrx_word' id='word_1_704' title='bbox 1673 707 1771 739; x_wconf 87' lang='lat' dir='ltr'>quam</span> <span class='ocrx_word' id='word_1_705' title='bbox 1788 695 1935 730; x_wconf 89' lang='lat' dir='ltr'>alterum.</span> <span class='ocrx_word' id='word_1_706' title='bbox 1959 697 2033 731; x_wconf 91' lang='lat' dir='ltr'>Alia</span> <span class='ocrx_word' id='word_1_707' title='bbox 2056 698 2154 731; x_wconf 87' lang='lat' dir='ltr'>etiam</span> <span class='ocrx_word' id='word_1_708' title='bbox 2170 699 2296 731; x_wconf 90' lang='lat' dir='ltr'>ratione</span> <span class='ocrx_word' id='word_1_709' title='bbox 2315 698 2411 732; x_wconf 87' lang='lat' dir='ltr'>indu-</span> 
     </span>
     <span class='ocr_line' id='line_1_85' title="bbox 1351 734 2410 786; baseline 0.009 -20"><span class='ocrx_word' id='word_1_710' title='bbox 1351 734 1506 786; x_wconf 74' lang='lat' dir='ltr'>cebantur</span> <span class='ocrx_word' id='word_1_711' title='bbox 1518 736 1558 770; x_wconf 83' lang='lat' dir='ltr'>ad</span> <span class='ocrx_word' id='word_1_712' title='bbox 1578 737 1641 771; x_wconf 91' lang='lat' dir='ltr'>hoc</span> <span class='ocrx_word' id='word_1_713' title='bbox 1658 739 1867 782; x_wconf 88' lang='lat' dir='ltr'>ponendum:</span> <span class='ocrx_word' id='word_1_714' title='bbox 1893 741 1983 785; x_wconf 91' lang='lat' dir='ltr'>quod</span> <span class='ocrx_word' id='word_1_715' title='bbox 1999 743 2026 774; x_wconf 91' lang='lat' dir='ltr'>si</span> <span class='ocrx_word' id='word_1_716' title='bbox 2039 742 2144 775; x_wconf 90' lang='lat' dir='ltr'>simile</span> <span class='ocrx_word' id='word_1_717' title='bbox 2160 743 2227 786; x_wconf 88' lang='lat' dir='ltr'>agit</span> <span class='ocrx_word' id='word_1_718' title='bbox 2242 743 2276 775; x_wconf 92' lang='lat' dir='ltr'>in</span> <span class='ocrx_word' id='word_1_719' title='bbox 2292 742 2410 783; x_wconf 86' lang='lat' dir='ltr'>simile,</span> 
     </span>
     <span class='ocr_line' id='line_1_86' title="bbox 1350 777 2411 830; baseline 0.011 -21"><span class='ocrx_word' id='word_1_720' title='bbox 1350 777 1406 810; x_wconf 79' lang='lat' dir='ltr'>ubi</span> <span class='ocrx_word' id='word_1_721' title='bbox 1428 790 1534 830; x_wconf 67' lang='lat' dir='ltr'>maior</span> <span class='ocrx_word' id='word_1_722' title='bbox 1557 790 1606 814; x_wconf 91' lang='lat' dir='ltr'>est</span> <span class='ocrx_word' id='word_1_723' title='bbox 1630 783 1821 824; x_wconf 88' lang='lat' dir='ltr'>similitudo,</span> <span class='ocrx_word' id='word_1_724' title='bbox 1845 786 1949 829; x_wconf 89' lang='lat' dir='ltr'>magis</span> <span class='ocrx_word' id='word_1_725' title='bbox 1973 786 2017 819; x_wconf 90' lang='lat' dir='ltr'>ibi</span> <span class='ocrx_word' id='word_1_726' title='bbox 2041 795 2090 819; x_wconf 91' lang='lat' dir='ltr'>est</span> <span class='ocrx_word' id='word_1_727' title='bbox 2111 788 2195 820; x_wconf 87' lang='lat' dir='ltr'>ratio</span> <span class='ocrx_word' id='word_1_728' title='bbox 2217 788 2354 820; x_wconf 91' lang='lat' dir='ltr'>actionis</span> <span class='ocrx_word' id='word_1_729' title='bbox 2378 796 2411 820; x_wconf 87' lang='lat' dir='ltr'>et</span> 
     </span>
     <span class='ocr_line' id='line_1_87' title="bbox 1350 825 2409 876; baseline 0.01 -22"><span class='ocrx_word' id='word_1_730' title='bbox 1350 833 1532 874; x_wconf 70' lang='lat' dir='ltr'>P.³⁵.⁵¹.⁰n¹.⁵3</span> <span class='ocrx_word' id='word_1_731' title='bbox 1556 825 1613 858; x_wconf 92' lang='lat' dir='ltr'>sed</span> <span class='ocrx_word' id='word_1_732' title='bbox 1637 826 1712 859; x_wconf 79' lang='lat' dir='ltr'>cufn</span> <span class='ocrx_word' id='word_1_733' title='bbox 1736 827 1817 860; x_wconf 91' lang='lat' dir='ltr'>nihil</span> <span class='ocrx_word' id='word_1_734' title='bbox 1841 829 1882 861; x_wconf 91' lang='lat' dir='ltr'>sit</span> <span class='ocrx_word' id='word_1_735' title='bbox 1912 830 2051 863; x_wconf 86' lang='lat' dir='ltr'>similius</span> <span class='ocrx_word' id='word_1_736' title='bbox 2080 830 2171 864; x_wconf 84' lang='lat' dir='ltr'>alten</span> <span class='ocrx_word' id='word_1_737' title='bbox 2203 843 2302 876; x_wconf 89' lang='lat' dir='ltr'>quam</span> <span class='ocrx_word' id='word_1_738' title='bbox 2321 831 2409 865; x_wconf 88' lang='lat' dir='ltr'>idern</span> 
     </span>
     <span class='ocr_line' id='line_1_88' title="bbox 1350 866 2407 920; baseline 0.01 -22"><span class='ocrx_word' id='word_1_739' title='bbox 1350 866 1508 918; x_wconf 36' lang='lat' dir='ltr'>sibi-1pS1,</span> <span class='ocrx_word' id='word_1_740' title='bbox 1533 868 1619 919; x_wconf 82' lang='lat' dir='ltr'>idem</span> <span class='ocrx_word' id='word_1_741' title='bbox 1636 881 1654 902; x_wconf 91' lang='lat' dir='ltr'>a</span> <span class='ocrx_word' id='word_1_742' title='bbox 1670 871 1715 903; x_wconf 91' lang='lat' dir='ltr'>sei</span> <span class='ocrx_word' id='word_1_743' title='bbox 1742 883 1778 904; x_wconf 90' lang='lat' dir='ltr'>so</span> <span class='ocrx_word' id='word_1_744' title='bbox 1803 873 1953 916; x_wconf 87' lang='lat' dir='ltr'>patietur,</span> <span class='ocrx_word' id='word_1_745' title='bbox 1978 883 2011 907; x_wconf 92' lang='lat' dir='ltr'>et</span> <span class='ocrx_word' id='word_1_746' title='bbox 2033 876 2179 919; x_wconf 88' lang='lat' dir='ltr'>seipsum</span> <span class='ocrx_word' id='word_1_747' title='bbox 2204 877 2407 920; x_wconf 85' lang='lat' dir='ltr'>corrumpet:</span> 
     </span>
     <span class='ocr_line' id='line_1_89' title="bbox 1350 910 2408 962; baseline 0.01 -19"><span class='ocrx_word' id='word_1_748' title='bbox 1350 910 1431 962; x_wconf 68' lang='lat' dir='ltr'>nihll</span> <span class='ocrx_word' id='word_1_749' title='bbox 1447 923 1526 955; x_wconf 89' lang='lat' dir='ltr'>ergo</span> <span class='ocrx_word' id='word_1_750' title='bbox 1543 915 1723 958; x_wconf 81' lang='lat' dir='ltr'>incorrupti</span> <span class='ocrx_word' id='word_1_751' title='bbox 1748 915 1799 955; x_wconf 93' lang='lat' dir='ltr'>ile,</span> <span class='ocrx_word' id='word_1_752' title='bbox 1824 917 1904 949; x_wconf 91' lang='lat' dir='ltr'>nihil</span> <span class='ocrx_word' id='word_1_753' title='bbox 1928 918 2097 952; x_wconf 90' lang='lat' dir='ltr'>immobile</span> <span class='ocrx_word' id='word_1_754' title='bbox 2121 920 2221 952; x_wconf 88' lang='lat' dir='ltr'>erit.—</span> <span class='ocrx_word' id='word_1_755' title='bbox 2235 920 2305 960; x_wconf 91' lang='lat' dir='ltr'>Qui</span> <span class='ocrx_word' id='word_1_756' title='bbox 2329 931 2408 953; x_wconf 89' lang='lat' dir='ltr'>vero</span> 
     </span>
     <span class='ocr_line' id='line_1_90' title="bbox 1350 954 2408 1003; baseline 0.01 -16"><span class='ocrx_word' id='word_1_757' title='bbox 1350 954 1501 989; x_wconf 79' lang='lat' dir='ltr'>dixerunt</span> <span class='ocrx_word' id='word_1_758' title='bbox 1517 958 1621 990; x_wconf 89' lang='lat' dir='ltr'>activa</span> <span class='ocrx_word' id='word_1_759' title='bbox 1637 967 1669 991; x_wconf 90' lang='lat' dir='ltr'>et</span> <span class='ocrx_word' id='word_1_760' title='bbox 1687 960 1815 1002; x_wconf 91' lang='lat' dir='ltr'>passiva</span> <span class='ocrx_word' id='word_1_761' title='bbox 1831 972 1901 994; x_wconf 91' lang='lat' dir='ltr'>esse</span> <span class='ocrx_word' id='word_1_762' title='bbox 1921 962 2049 1003; x_wconf 90' lang='lat' dir='ltr'>similia,</span> <span class='ocrx_word' id='word_1_763' title='bbox 2067 963 2355 997; x_wconf 90' lang='lat' dir='ltr'>consideraverunt</span> <span class='ocrx_word' id='word_1_764' title='bbox 2370 975 2408 997; x_wconf 87' lang='lat' dir='ltr'>ea</span> 
     </span>
     <span class='ocr_line' id='line_1_91' title="bbox 1349 999 2407 1050; baseline 0.01 -19"><span class='ocrx_word' id='word_1_765' title='bbox 1349 999 1458 1050; x_wconf 84' lang='lat' dir='ltr'>solum</span> <span class='ocrx_word' id='word_1_766' title='bbox 1490 1001 1672 1035; x_wconf 89' lang='lat' dir='ltr'>secundum</span> <span class='ocrx_word' id='word_1_767' title='bbox 1703 1005 1880 1037; x_wconf 87' lang='lat' dir='ltr'>materiam.</span> <span class='ocrx_word' id='word_1_768' title='bbox 1912 1006 1953 1038; x_wconf 93' lang='lat' dir='ltr'>Et</span> <span class='ocrx_word' id='word_1_769' title='bbox 1976 1016 2136 1050; x_wconf 90' lang='lat' dir='ltr'>quantum</span> <span class='ocrx_word' id='word_1_770' title='bbox 2168 1008 2208 1042; x_wconf 90' lang='lat' dir='ltr'>ad</span> <span class='ocrx_word' id='word_1_771' title='bbox 2237 1008 2301 1042; x_wconf 89' lang='lat' dir='ltr'>hoc</span> <span class='ocrx_word' id='word_1_772' title='bbox 2323 1008 2407 1042; x_wconf 89' lang='lat' dir='ltr'>bene</span> 
     </span>
     <span class='ocr_line' id='line_1_92' title="bbox 1349 1043 2407 1123; baseline 0.009 -47"><span class='ocrx_word' id='word_1_773' title='bbox 1349 1043 1516 1094; x_wconf 83' lang='lat' dir='ltr'>d1xerunt:</span> <span class='ocrx_word' id='word_1_774' title='bbox 1537 1046 1613 1090; x_wconf 92' lang='lat' dir='ltr'>quia</span> <span class='ocrx_word' id='word_1_775' title='bbox 1633 1045 1665 1079; x_wconf 92' lang='lat' dir='ltr'>id</span> <span class='ocrx_word' id='word_1_776' title='bbox 1689 1047 1778 1123; x_wconf 77' lang='lat' dir='ltr'>quod</span> <span class='ocrx_word' id='word_1_777' title='bbox 1800 1057 1848 1080; x_wconf 90' lang='lat' dir='ltr'>est</span> <span class='ocrx_word' id='word_1_778' title='bbox 1865 1050 2002 1083; x_wconf 90' lang='lat' dir='ltr'>omnino</span> <span class='ocrx_word' id='word_1_779' title='bbox 2018 1051 2155 1084; x_wconf 89' lang='lat' dir='ltr'>alterum</span> <span class='ocrx_word' id='word_1_780' title='bbox 2171 1061 2203 1085; x_wconf 89' lang='lat' dir='ltr'>et</span> <span class='ocrx_word' id='word_1_781' title='bbox 2218 1052 2407 1085; x_wconf 90' lang='lat' dir='ltr'>nullatenus</span> 
     </span>
     <span class='ocr_line' id='line_1_93' title="bbox 1348 1087 2406 1141; baseline 0.009 -20"><span class='ocrx_word' id='word_1_782' title='bbox 1348 1087 1446 1129; x_wconf 78' lang='lat' dir='ltr'>idem,</span> <span class='ocrx_word' id='word_1_783' title='bbox 1459 1100 1527 1140; x_wconf 80' lang='lat' dir='ltr'>non</span> <span class='ocrx_word' id='word_1_784' title='bbox 1545 1098 1618 1133; x_wconf 88' lang='lat' dir='ltr'>aget</span> <span class='ocrx_word' id='word_1_785' title='bbox 1630 1091 1663 1123; x_wconf 90' lang='lat' dir='ltr'>in</span> <span class='ocrx_word' id='word_1_786' title='bbox 1680 1102 1697 1123; x_wconf 90' lang='lat' dir='ltr'>a</span> <span class='ocrx_word' id='word_1_787' title='bbox 1712 1099 1828 1132; x_wconf 89' lang='lat' dir='ltr'>terum,</span> <span class='ocrx_word' id='word_1_788' title='bbox 1841 1103 1901 1125; x_wconf 92' lang='lat' dir='ltr'>nec</span> <span class='ocrx_word' id='word_1_789' title='bbox 1918 1094 2058 1137; x_wconf 91' lang='lat' dir='ltr'>patietur</span> <span class='ocrx_word' id='word_1_790' title='bbox 2074 1095 2112 1128; x_wconf 91' lang='lat' dir='ltr'>ab</span> <span class='ocrx_word' id='word_1_791' title='bbox 2129 1106 2187 1137; x_wconf 90' lang='lat' dir='ltr'>eo;</span> <span class='ocrx_word' id='word_1_792' title='bbox 2204 1096 2406 1141; x_wconf 91' lang='lat' dir='ltr'>impossibile</span> 
     </span>
     <span class='ocr_line' id='line_1_94' title="bbox 1348 1134 2406 1182; baseline 0.01 -18"><span class='ocrx_word' id='word_1_793' title='bbox 1348 1141 1397 1164; x_wconf 93' lang='lat' dir='ltr'>est</span> <span class='ocrx_word' id='word_1_794' title='bbox 1420 1144 1509 1166; x_wconf 87' lang='lat' dir='ltr'>emm</span> <span class='ocrx_word' id='word_1_795' title='bbox 1540 1134 1630 1178; x_wconf 93' lang='lat' dir='ltr'>quod</span> <span class='ocrx_word' id='word_1_796' title='bbox 1654 1146 1691 1167; x_wconf 91' lang='lat' dir='ltr'>ea</span> <span class='ocrx_word' id='word_1_797' title='bbox 1716 1147 1798 1179; x_wconf 90' lang='lat' dir='ltr'>quae</span> <span class='ocrx_word' id='word_1_798' title='bbox 1821 1147 1889 1169; x_wconf 91' lang='lat' dir='ltr'>non</span> <span class='ocrx_word' id='word_1_799' title='bbox 1921 1140 2166 1173; x_wconf 89' lang='lat' dir='ltr'>communicant</span> <span class='ocrx_word' id='word_1_800' title='bbox 2196 1141 2230 1173; x_wconf 92' lang='lat' dir='ltr'>in</span> <span class='ocrx_word' id='word_1_801' title='bbox 2261 1141 2406 1182; x_wconf 83' lang='lat' dir='ltr'>materia,</span> 
     </span>
     <span class='ocr_line' id='line_1_95' title="bbox 1348 1179 2407 1228; baseline 0.009 -19"><span class='ocrx_word' id='word_1_802' title='bbox 1348 1185 1446 1219; x_wconf 87' lang='lat' dir='ltr'>agant</span> <span class='ocrx_word' id='word_1_803' title='bbox 1461 1186 1493 1210; x_wconf 92' lang='lat' dir='ltr'>et</span> <span class='ocrx_word' id='word_1_804' title='bbox 1508 1179 1673 1222; x_wconf 87' lang='lat' dir='ltr'>patiantur</span> <span class='ocrx_word' id='word_1_805' title='bbox 1688 1188 1816 1213; x_wconf 89' lang='lat' dir='ltr'>mutuo.</span> <span class='ocrx_word' id='word_1_806' title='bbox 1842 1181 1883 1213; x_wconf 92' lang='lat' dir='ltr'>Et</span> <span class='ocrx_word' id='word_1_807' title='bbox 1899 1182 1992 1225; x_wconf 93' lang='lat' dir='ltr'>ponit</span> <span class='ocrx_word' id='word_1_808' title='bbox 2011 1184 2198 1228; x_wconf 89' lang='lat' dir='ltr'>exemplum</span> <span class='ocrx_word' id='word_1_809' title='bbox 2218 1184 2257 1218; x_wconf 93' lang='lat' dir='ltr'>de</span> <span class='ocrx_word' id='word_1_810' title='bbox 2273 1185 2359 1218; x_wconf 81' lang='lat' dir='ltr'>linea</span> <span class='ocrx_word' id='word_1_811' title='bbox 2375 1195 2407 1219; x_wconf 93' lang='lat' dir='ltr'>et</span> 
     </span>
     <span class='ocr_line' id='line_1_96' title="bbox 1347 1220 2406 1273; baseline 0.01 -20"><span class='ocrx_word' id='word_1_812' title='bbox 1347 1220 1512 1271; x_wconf 79' lang='lat' dir='ltr'>albedine:</span> <span class='ocrx_word' id='word_1_813' title='bbox 1538 1234 1620 1266; x_wconf 91' lang='lat' dir='ltr'>quae</span> <span class='ocrx_word' id='word_1_814' title='bbox 1636 1234 1711 1255; x_wconf 91' lang='lat' dir='ltr'>cum</span> <span class='ocrx_word' id='word_1_815' title='bbox 1727 1235 1795 1257; x_wconf 91' lang='lat' dir='ltr'>non</span> <span class='ocrx_word' id='word_1_816' title='bbox 1812 1226 2056 1260; x_wconf 88' lang='lat' dir='ltr'>communicant</span> <span class='ocrx_word' id='word_1_817' title='bbox 2071 1229 2105 1260; x_wconf 90' lang='lat' dir='ltr'>in</span> <span class='ocrx_word' id='word_1_818' title='bbox 2124 1230 2269 1268; x_wconf 90' lang='lat' dir='ltr'>materia,</span> <span class='ocrx_word' id='word_1_819' title='bbox 2286 1230 2406 1273; x_wconf 91' lang='lat' dir='ltr'>impas-</span> 
     </span>
     <span class='ocr_line' id='line_1_97' title="bbox 1346 1264 2405 1314; baseline 0.01 -17"><span class='ocrx_word' id='word_1_820' title='bbox 1346 1264 1451 1298; x_wconf 84' lang='lat' dir='ltr'>sibilia</span> <span class='ocrx_word' id='word_1_821' title='bbox 1467 1275 1545 1299; x_wconf 92' lang='lat' dir='ltr'>sunt</span> <span class='ocrx_word' id='word_1_822' title='bbox 1560 1266 1761 1308; x_wconf 88' lang='lat' dir='ltr'>adinvicem;</span> <span class='ocrx_word' id='word_1_823' title='bbox 1785 1269 1847 1301; x_wconf 91' lang='lat' dir='ltr'>nisi</span> <span class='ocrx_word' id='word_1_824' title='bbox 1871 1268 1952 1302; x_wconf 89' lang='lat' dir='ltr'>forte</span> <span class='ocrx_word' id='word_1_825' title='bbox 1976 1282 2034 1314; x_wconf 88' lang='lat' dir='ltr'>per</span> <span class='ocrx_word' id='word_1_826' title='bbox 2049 1272 2198 1305; x_wconf 89' lang='lat' dir='ltr'>accidens</span> <span class='ocrx_word' id='word_1_827' title='bbox 2223 1273 2405 1307; x_wconf 87' lang='lat' dir='ltr'>adinvicem</span> 
     </span>
     <span class='ocr_line' id='line_1_98' title="bbox 1346 1310 2406 1363; baseline 0.01 -22"><span class='ocrx_word' id='word_1_828' title='bbox 1346 1310 1524 1352; x_wconf 88' lang='lat' dir='ltr'>patiantur,</span> <span class='ocrx_word' id='word_1_829' title='bbox 1549 1311 1633 1343; x_wconf 93' lang='lat' dir='ltr'>sicut</span> <span class='ocrx_word' id='word_1_830' title='bbox 1656 1311 1788 1355; x_wconf 82' lang='lat' dir='ltr'>quando</span> <span class='ocrx_word' id='word_1_831' title='bbox 1812 1312 1897 1346; x_wconf 88' lang='lat' dir='ltr'>linea</span> <span class='ocrx_word' id='word_1_832' title='bbox 1919 1313 1955 1346; x_wconf 92' lang='lat' dir='ltr'>fit</span> <span class='ocrx_word' id='word_1_833' title='bbox 1972 1314 2042 1348; x_wconf 88' lang='lat' dir='ltr'>alba</span> <span class='ocrx_word' id='word_1_834' title='bbox 2058 1316 2110 1349; x_wconf 90' lang='lat' dir='ltr'>vel</span> <span class='ocrx_word' id='word_1_835' title='bbox 2133 1317 2233 1360; x_wconf 90' lang='lat' dir='ltr'>nigra.</span> <span class='ocrx_word' id='word_1_836' title='bbox 2259 1318 2300 1351; x_wconf 90' lang='lat' dir='ltr'>Et</span> <span class='ocrx_word' id='word_1_837' title='bbox 2316 1318 2406 1363; x_wconf 93' lang='lat' dir='ltr'>quod</span> 
     </span>
     <span class='ocr_line' id='line_1_99' title="bbox 1346 1353 2406 1406; baseline 0.009 -20"><span class='ocrx_word' id='word_1_838' title='bbox 1346 1353 1420 1386; x_wconf 94' lang='lat' dir='ltr'>talia</span> <span class='ocrx_word' id='word_1_839' title='bbox 1455 1366 1523 1387; x_wconf 92' lang='lat' dir='ltr'>non</span> <span class='ocrx_word' id='word_1_840' title='bbox 1558 1356 1623 1388; x_wconf 92' lang='lat' dir='ltr'>sint</span> <span class='ocrx_word' id='word_1_841' title='bbox 1656 1355 1838 1389; x_wconf 86' lang='lat' dir='ltr'>adinvicem</span> <span class='ocrx_word' id='word_1_842' title='bbox 1874 1359 1977 1391; x_wconf 90' lang='lat' dir='ltr'>activa</span> <span class='ocrx_word' id='word_1_843' title='bbox 2012 1368 2044 1392; x_wconf 86' lang='lat' dir='ltr'>et</span> <span class='ocrx_word' id='word_1_844' title='bbox 2074 1362 2222 1403; x_wconf 87' lang='lat' dir='ltr'>passiva,</span> <span class='ocrx_word' id='word_1_845' title='bbox 2249 1371 2338 1406; x_wconf 86' lang='lat' dir='ltr'>patet</span> <span class='ocrx_word' id='word_1_846' title='bbox 2367 1374 2406 1395; x_wconf 86' lang='lat' dir='ltr'>ex</span> 
     </span>
     <span class='ocr_line' id='line_1_100' title="bbox 1346 1397 2405 1449; baseline 0.009 -19"><span class='ocrx_word' id='word_1_847' title='bbox 1346 1397 1421 1449; x_wconf 64' lang='lat' dir='ltr'>hoc,</span> <span class='ocrx_word' id='word_1_848' title='bbox 1438 1398 1528 1443; x_wconf 91' lang='lat' dir='ltr'>quod</span> <span class='ocrx_word' id='word_1_849' title='bbox 1551 1399 1605 1432; x_wconf 92' lang='lat' dir='ltr'>illa</span> <span class='ocrx_word' id='word_1_850' title='bbox 1629 1411 1712 1444; x_wconf 93' lang='lat' dir='ltr'>quae</span> <span class='ocrx_word' id='word_1_851' title='bbox 1735 1411 1804 1434; x_wconf 90' lang='lat' dir='ltr'>non</span> <span class='ocrx_word' id='word_1_852' title='bbox 1837 1410 1914 1434; x_wconf 88' lang='lat' dir='ltr'>sunt</span> <span class='ocrx_word' id='word_1_853' title='bbox 1943 1405 2114 1444; x_wconf 89' lang='lat' dir='ltr'>contraria,</span> <span class='ocrx_word' id='word_1_854' title='bbox 2130 1416 2191 1438; x_wconf 91' lang='lat' dir='ltr'>nec</span> <span class='ocrx_word' id='word_1_855' title='bbox 2215 1417 2254 1438; x_wconf 88' lang='lat' dir='ltr'>ex</span> <span class='ocrx_word' id='word_1_856' title='bbox 2278 1415 2405 1440; x_wconf 91' lang='lat' dir='ltr'>contra-</span> 
     </span>
     <span class='ocr_line' id='line_1_101' title="bbox 1345 1443 2406 1491; baseline 0.009 -17"><span class='ocrx_word' id='word_1_857' title='bbox 1345 1453 1415 1483; x_wconf 72' lang='grc' dir='ltr'>ωε,</span> <span class='ocrx_word' id='word_1_858' title='bbox 1439 1454 1500 1476; x_wconf 87' lang='lat' dir='ltr'>non</span> <span class='ocrx_word' id='word_1_859' title='bbox 1522 1443 1644 1487; x_wconf 79' lang='lat' dir='ltr'>faciunt</span> <span class='ocrx_word' id='word_1_860' title='bbox 1672 1445 1766 1488; x_wconf 86' lang='lat' dir='ltr'>seipsa</span> <span class='ocrx_word' id='word_1_861' title='bbox 1796 1445 1959 1479; x_wconf 79' lang='lat' dir='ltr'>adinvicem</span> <span class='ocrx_word' id='word_1_862' title='bbox 1982 1449 2108 1481; x_wconf 87' lang='lat' dir='ltr'>exterius</span> <span class='ocrx_word' id='word_1_863' title='bbox 2131 1460 2151 1481; x_wconf 92' lang='lat' dir='ltr'>a</span> <span class='ocrx_word' id='word_1_864' title='bbox 2172 1456 2297 1491; x_wconf 85' lang='lat' dir='ltr'>natura,</span> <span class='ocrx_word' id='word_1_865' title='bbox 2322 1450 2406 1484; x_wconf 90' lang='lat' dir='ltr'>idest</span> 
     </span>
     <span class='ocr_line' id='line_1_102' title="bbox 1345 1489 2405 1537; baseline 0.009 -18"><span class='ocrx_word' id='word_1_866' title='bbox 1345 1498 1413 1519; x_wconf 92' lang='lat' dir='ltr'>non</span> <span class='ocrx_word' id='word_1_867' title='bbox 1444 1496 1662 1520; x_wconf 89' lang='lat' dir='ltr'>transmutant</span> <span class='ocrx_word' id='word_1_868' title='bbox 1685 1500 1719 1521; x_wconf 91' lang='lat' dir='ltr'>se</span> <span class='ocrx_word' id='word_1_869' title='bbox 1750 1489 1932 1522; x_wconf 90' lang='lat' dir='ltr'>adinvicem</span> <span class='ocrx_word' id='word_1_870' title='bbox 1955 1491 2007 1524; x_wconf 91' lang='lat' dir='ltr'>vel</span> <span class='ocrx_word' id='word_1_871' title='bbox 2031 1503 2295 1537; x_wconf 89' lang='lat' dir='ltr'>corrumpuntur.</span> <span class='ocrx_word' id='word_1_872' title='bbox 2310 1495 2405 1528; x_wconf 63' lang='lat' dir='ltr'>,Cum</span> 
     </span>
     <span class='ocr_line' id='line_1_103' title="bbox 1345 1531 2404 1578; baseline 0.008 -15"><span class='ocrx_word' id='word_1_873' title='bbox 1345 1531 1434 1564; x_wconf 91' lang='lat' dir='ltr'>enim</span> <span class='ocrx_word' id='word_1_874' title='bbox 1450 1531 1530 1565; x_wconf 91' lang='lat' dir='ltr'>illud</span> <span class='ocrx_word' id='word_1_875' title='bbox 1554 1531 1644 1576; x_wconf 93' lang='lat' dir='ltr'>quod</span> <span class='ocrx_word' id='word_1_876' title='bbox 1669 1534 1889 1577; x_wconf 91' lang='lat' dir='ltr'>corrumpitur</span> <span class='ocrx_word' id='word_1_877' title='bbox 1903 1534 1956 1567; x_wconf 89' lang='lat' dir='ltr'>vel</span> <span class='ocrx_word' id='word_1_878' title='bbox 1971 1545 2144 1578; x_wconf 90' lang='lat' dir='ltr'>generatur</span> <span class='ocrx_word' id='word_1_879' title='bbox 2167 1537 2280 1571; x_wconf 90' lang='lat' dir='ltr'>induat</span> <span class='ocrx_word' id='word_1_880' title='bbox 2309 1538 2404 1572; x_wconf 89' lang='lat' dir='ltr'>aliam</span> 
     </span>
     <span class='ocr_line' id='line_1_104' title="bbox 1345 1574 2405 1621; baseline 0.008 -14"><span class='ocrx_word' id='word_1_881' title='bbox 1345 1574 1485 1608; x_wconf 89' lang='lat' dir='ltr'>formam</span> <span class='ocrx_word' id='word_1_882' title='bbox 1501 1601 1509 1616; x_wconf 91' lang='lat'><strong>‚</strong></span> <span class='ocrx_word' id='word_1_883' title='bbox 1538 1575 1655 1609; x_wconf 89' lang='lat' dir='ltr'>dicitur</span> <span class='ocrx_word' id='word_1_884' title='bbox 1677 1576 1746 1610; x_wconf 90' lang='lat' dir='ltr'>fieri</span> <span class='ocrx_word' id='word_1_885' title='bbox 1770 1579 1910 1611; x_wconf 89' lang='lat' dir='ltr'>exterius</span> <span class='ocrx_word' id='word_1_886' title='bbox 1938 1590 1956 1611; x_wconf 93' lang='lat' dir='ltr'>a</span> <span class='ocrx_word' id='word_1_887' title='bbox 1986 1586 2122 1621; x_wconf 83' lang='lat' dir='ltr'>natura,</span> <span class='ocrx_word' id='word_1_888' title='bbox 2150 1581 2234 1614; x_wconf 89' lang='lat' dir='ltr'>idest</span> <span class='ocrx_word' id='word_1_889' title='bbox 2259 1594 2277 1615; x_wconf 93' lang='lat' dir='ltr'>a</span> <span class='ocrx_word' id='word_1_890' title='bbox 2300 1582 2405 1616; x_wconf 88' lang='lat' dir='ltr'>forma</span> 
     </span>
     <span class='ocr_line' id='line_1_105' title="bbox 1345 1620 2404 1697; baseline 0.008 -45"><span class='ocrx_word' id='word_1_891' title='bbox 1345 1631 1445 1697; x_wconf 45' lang='lat' dir='ltr'>31:111,ss</span> <span class='ocrx_word' id='word_1_892' title='bbox 1468 1621 1559 1671; x_wconf 81' lang='lat' dir='ltr'>prius</span> <span class='ocrx_word' id='word_1_893' title='bbox 1583 1620 1741 1662; x_wconf 90' lang='lat' dir='ltr'>habebat,</span> <span class='ocrx_word' id='word_1_894' title='bbox 1766 1633 1849 1665; x_wconf 88' lang='lat' dir='ltr'>quae</span> <span class='ocrx_word' id='word_1_895' title='bbox 1873 1622 1991 1656; x_wconf 90' lang='lat' dir='ltr'>dicitur</span> <span class='ocrx_word' id='word_1_896' title='bbox 2020 1633 2146 1666; x_wconf 84' lang='lat' dir='ltr'>natura,</span> <span class='ocrx_word' id='word_1_897' title='bbox 2170 1634 2206 1658; x_wconf 92' lang='lat' dir='ltr'>ut</span> <span class='ocrx_word' id='word_1_898' title='bbox 2231 1626 2348 1660; x_wconf 87' lang='lat' dir='ltr'>dicitur</span> <span class='ocrx_word' id='word_1_899' title='bbox 2370 1628 2404 1660; x_wconf 90' lang='lat' dir='ltr'>in</span> 
     </span>
     <span class='ocr_line' id='line_1_106' title="bbox 1465 1675 1514 1698; baseline 0 -1"><span class='ocrx_word' id='word_1_900' title='bbox 1465 1675 1514 1698; x_wconf 75' lang='lat' dir='ltr'>sic.</span> 
     </span>
    </p>

    <p class='ocr_par' dir='ltr' id='par_1_15' title="bbox 1342 1676 2405 2328">
     <span class='ocr_line' id='line_1_107' title="bbox 1413 1676 2403 1788; baseline 0.008 -47"><span class='ocrx_word' id='word_1_901' title='bbox 1413 1676 1586 1750; x_wconf 67' lang='lat' dir='ltr'>5.yDeinde</span> <span class='ocrx_word' id='word_1_902' title='bbox 1603 1720 1678 1742; x_wconf 90' lang='lat' dir='ltr'>cum</span> <span class='ocrx_word' id='word_1_903' title='bbox 1694 1708 1788 1742; x_wconf 86' lang='lat' dir='ltr'>dicit:</span> <span class='ocrx_word' id='word_1_904' title='bbox 1807 1710 1862 1743; x_wconf 82' lang='lat' dir='ltr'>Sed</span> <span class='ocrx_word' id='word_1_905' title='bbox 1875 1712 2018 1788; x_wconf 56' lang='lat' dir='ltr'>‹Etoniam</span> <span class='ocrx_word' id='word_1_906' title='bbox 2039 1724 2099 1746; x_wconf 90' lang='lat' dir='ltr'>non</span> <span class='ocrx_word' id='word_1_907' title='bbox 2113 1714 2315 1765; x_wconf 82' lang='lat' dir='ltr'>quodcumque</span> <span class='ocrx_word' id='word_1_908' title='bbox 2331 1724 2403 1755; x_wconf 68' lang='lat' dir='ltr'>etc„</span> 
     </span>
     <span class='ocr_line' id='line_1_108' title="bbox 1343 1753 2404 1804; baseline 0.008 -19"><span class='ocrx_word' id='word_1_909' title='bbox 1343 1753 1439 1796; x_wconf 91' lang='lat' dir='ltr'>ponit</span> <span class='ocrx_word' id='word_1_910' title='bbox 1462 1753 1655 1797; x_wconf 89' lang='lat' dir='ltr'>opinionem</span> <span class='ocrx_word' id='word_1_911' title='bbox 1678 1754 1854 1798; x_wconf 89' lang='lat' dir='ltr'>propriam.</span> <span class='ocrx_word' id='word_1_912' title='bbox 1908 1764 1920 1788; x_wconf 93' lang='lat' dir='ltr'>t</span> <span class='ocrx_word' id='word_1_913' title='bbox 1937 1756 2019 1788; x_wconf 91' lang='lat' dir='ltr'>circa</span> <span class='ocrx_word' id='word_1_914' title='bbox 2043 1756 2106 1790; x_wconf 91' lang='lat' dir='ltr'>hoc</span> <span class='ocrx_word' id='word_1_915' title='bbox 2127 1757 2193 1791; x_wconf 90' lang='lat' dir='ltr'>duo</span> <span class='ocrx_word' id='word_1_916' title='bbox 2210 1758 2302 1792; x_wconf 84' lang='lat' dir='ltr'>facit:</span> <span class='ocrx_word' id='word_1_917' title='bbox 2327 1760 2404 1804; x_wconf 90' lang='lat' dir='ltr'>quia</span> 
     </span>
     <span class='ocr_line' id='line_1_109' title="bbox 1343 1797 2403 1847; baseline 0.008 -18"><span class='ocrx_word' id='word_1_918' title='bbox 1343 1797 1452 1841; x_wconf 87' lang='lat' dir='ltr'>primo</span> <span class='ocrx_word' id='word_1_919' title='bbox 1475 1798 1570 1841; x_wconf 92' lang='lat' dir='ltr'>ponit</span> <span class='ocrx_word' id='word_1_920' title='bbox 1593 1807 1684 1838; x_wconf 89' lang='lat' dir='ltr'>eam;</span> <span class='ocrx_word' id='word_1_921' title='bbox 1708 1798 1854 1831; x_wconf 91' lang='lat' dir='ltr'>secundo</span> <span class='ocrx_word' id='word_1_922' title='bbox 1877 1799 1959 1832; x_wconf 90' lang='lat' dir='ltr'>redit</span> <span class='ocrx_word' id='word_1_923' title='bbox 1982 1801 2100 1834; x_wconf 89' lang='lat' dir='ltr'>iterum</span> <span class='ocrx_word' id='word_1_924' title='bbox 2115 1813 2214 1846; x_wconf 90' lang='lat' dir='ltr'>super</span> <span class='ocrx_word' id='word_1_925' title='bbox 2229 1804 2403 1847; x_wconf 92' lang='lat' dir='ltr'>opiniones</span> 
     </span>
     <span class='ocr_line' id='line_1_110' title="bbox 1343 1841 2404 1888; baseline 0.007 -14"><span class='ocrx_word' id='word_1_926' title='bbox 1343 1842 1555 1886; x_wconf 87' lang='lat' dir='ltr'>antiquorum</span> <span class='ocrx_word' id='word_1_927' title='bbox 1580 1841 1784 1875; x_wconf 90' lang='lat' dir='ltr'>ostendendo</span> <span class='ocrx_word' id='word_1_928' title='bbox 1809 1843 1898 1887; x_wconf 91' lang='lat' dir='ltr'>quod</span> <span class='ocrx_word' id='word_1_929' title='bbox 1922 1845 1956 1876; x_wconf 91' lang='lat' dir='ltr'>in</span> <span class='ocrx_word' id='word_1_930' title='bbox 1979 1854 2069 1888; x_wconf 89' lang='lat' dir='ltr'>parte</span> <span class='ocrx_word' id='word_1_931' title='bbox 2093 1845 2174 1879; x_wconf 88' lang='lat' dir='ltr'>bene</span> <span class='ocrx_word' id='word_1_932' title='bbox 2199 1846 2350 1881; x_wconf 88' lang='lat' dir='ltr'>dixerunt</span> <span class='ocrx_word' id='word_1_933' title='bbox 2372 1857 2404 1881; x_wconf 92' lang='lat' dir='ltr'>et</span> 
     </span>
     <span class='ocr_line' id='line_1_111' title="bbox 1343 1886 2405 1934; baseline 0.008 -16"><span class='ocrx_word' id='word_1_934' title='bbox 1343 1886 1378 1918; x_wconf 92' lang='lat' dir='ltr'>in</span> <span class='ocrx_word' id='word_1_935' title='bbox 1401 1894 1491 1930; x_wconf 88' lang='lat' dir='ltr'>parte</span> <span class='ocrx_word' id='word_1_936' title='bbox 1514 1895 1717 1927; x_wconf 88' lang='lat' dir='ltr'>erraverunt,</span> <span class='ocrx_word' id='word_1_937' title='bbox 1741 1895 1773 1919; x_wconf 93' lang='lat' dir='ltr'>et</span> <span class='ocrx_word' id='word_1_938' title='bbox 1800 1898 1931 1920; x_wconf 87' lang='lat' dir='ltr'>causam</span> <span class='ocrx_word' id='word_1_939' title='bbox 1956 1890 2072 1922; x_wconf 87' lang='lat' dir='ltr'>erroris</span> <span class='ocrx_word' id='word_1_940' title='bbox 2096 1890 2256 1934; x_wconf 88' lang='lat' dir='ltr'>ipsorum,</span> <span class='ocrx_word' id='word_1_941' title='bbox 2280 1891 2341 1925; x_wconf 85' lang='lat' dir='ltr'>ibi:</span> <span class='ocrx_word' id='word_1_942' title='bbox 2365 1893 2405 1926; x_wconf 84' lang='lat' dir='ltr'>Et</span> 
     </span>
     <span class='ocr_line' id='line_1_112' title="bbox 1342 1930 2405 1969; baseline 0.006 -6"><span class='ocrx_word' id='word_1_943' title='bbox 1342 1930 1503 1964; x_wconf 81' lang='lat' dir='ltr'>secundum</span> <span class='ocrx_word' id='word_1_944' title='bbox 1526 1931 1672 1965; x_wconf 80' lang='lat' dir='ltr'>rationem</span> <span class='ocrx_word' id='word_1_945' title='bbox 1700 1937 1799 1964; x_wconf 83' lang='lat' dir='ltr'>autem</span> <span class='ocrx_word' id='word_1_946' title='bbox 1828 1943 1889 1965; x_wconf 88' lang='lat' dir='ltr'>non</span> <span class='ocrx_word' id='word_1_947' title='bbox 1922 1932 2022 1966; x_wconf 88' lang='lat' dir='ltr'>eadem</span> <span class='ocrx_word' id='word_1_948' title='bbox 2054 1934 2176 1968; x_wconf 84' lang='lat' dir='ltr'>dicentes</span> <span class='ocrx_word' id='word_1_949' title='bbox 2191 1937 2208 1956; x_wconf 91' lang='lat'><em>*</em></span> <span class='ocrx_word' id='word_1_950' title='bbox 2231 1944 2291 1968; x_wconf 90' lang='lat' dir='ltr'>etc.</span> <span class='ocrx_word' id='word_1_951' title='bbox 2315 1936 2405 1969; x_wconf 90' lang='lat' dir='ltr'>Dicit</span> 
     </span>
     <span class='ocr_line' id='line_1_113' title="bbox 1343 1974 2402 2026; baseline 0.007 -19"><span class='ocrx_word' id='word_1_952' title='bbox 1343 1985 1423 2018; x_wconf 89' lang='lat' dir='ltr'>ergo</span> <span class='ocrx_word' id='word_1_953' title='bbox 1447 1974 1548 2026; x_wconf 90' lang='lat' dir='ltr'>quod,</span> <span class='ocrx_word' id='word_1_954' title='bbox 1567 1975 1644 2019; x_wconf 92' lang='lat' dir='ltr'>quia</span> <span class='ocrx_word' id='word_1_955' title='bbox 1667 1986 1735 2008; x_wconf 91' lang='lat' dir='ltr'>non</span> <span class='ocrx_word' id='word_1_956' title='bbox 1760 1987 1988 2020; x_wconf 87' lang='lat' dir='ltr'>quaecumque</span> <span class='ocrx_word' id='word_1_957' title='bbox 2012 1986 2087 2021; x_wconf 90' lang='lat' dir='ltr'>apta</span> <span class='ocrx_word' id='word_1_958' title='bbox 2110 1986 2186 2012; x_wconf 87' lang='lat' dir='ltr'>nata</span> <span class='ocrx_word' id='word_1_959' title='bbox 2209 1989 2284 2012; x_wconf 92' lang='lat' dir='ltr'>sunt</span> <span class='ocrx_word' id='word_1_960' title='bbox 2307 1992 2402 2024; x_wconf 90' lang='lat' dir='ltr'>agere</span> 
     </span>
     <span class='ocr_line' id='line_1_114' title="bbox 1343 2018 2404 2065; baseline 0.007 -14"><span class='ocrx_word' id='word_1_961' title='bbox 1343 2027 1376 2052; x_wconf 90' lang='lat' dir='ltr'>et</span> <span class='ocrx_word' id='word_1_962' title='bbox 1399 2027 1467 2063; x_wconf 80' lang='lat' dir='ltr'>pati</span> <span class='ocrx_word' id='word_1_963' title='bbox 1490 2018 1684 2060; x_wconf 86' lang='lat' dir='ltr'>adinvicem,</span> <span class='ocrx_word' id='word_1_964' title='bbox 1700 2019 1757 2053; x_wconf 87' lang='lat' dir='ltr'>sed</span> <span class='ocrx_word' id='word_1_965' title='bbox 1774 2019 1882 2052; x_wconf 91' lang='lat' dir='ltr'>solum</span> <span class='ocrx_word' id='word_1_966' title='bbox 1903 2020 1956 2053; x_wconf 90' lang='lat' dir='ltr'>illa</span> <span class='ocrx_word' id='word_1_967' title='bbox 1973 2032 2056 2065; x_wconf 89' lang='lat' dir='ltr'>quae</span> <span class='ocrx_word' id='word_1_968' title='bbox 2073 2031 2150 2055; x_wconf 88' lang='lat' dir='ltr'>sunt</span> <span class='ocrx_word' id='word_1_969' title='bbox 2165 2025 2336 2065; x_wconf 88' lang='lat' dir='ltr'>contraria,</span> <span class='ocrx_word' id='word_1_970' title='bbox 2352 2025 2404 2058; x_wconf 90' lang='lat' dir='ltr'>vel</span> 
     </span>
     <span class='ocr_line' id='line_1_115' title="bbox 1343 2062 2403 2112; baseline 0.006 -16"><span class='ocrx_word' id='word_1_971' title='bbox 1343 2062 1465 2096; x_wconf 89' lang='lat' dir='ltr'>habent</span> <span class='ocrx_word' id='word_1_972' title='bbox 1488 2064 1761 2103; x_wconf 86' lang='lat' dir='ltr'>contrarietatem,</span> <span class='ocrx_word' id='word_1_973' title='bbox 1777 2075 1910 2097; x_wconf 90' lang='lat' dir='ltr'>necesse</span> <span class='ocrx_word' id='word_1_974' title='bbox 1926 2074 1975 2098; x_wconf 89' lang='lat' dir='ltr'>est</span> <span class='ocrx_word' id='word_1_975' title='bbox 1994 2066 2083 2109; x_wconf 93' lang='lat' dir='ltr'>quod</span> <span class='ocrx_word' id='word_1_976' title='bbox 2100 2078 2199 2110; x_wconf 88' lang='lat' dir='ltr'>agens</span> <span class='ocrx_word' id='word_1_977' title='bbox 2222 2077 2255 2101; x_wconf 89' lang='lat' dir='ltr'>et</span> <span class='ocrx_word' id='word_1_978' title='bbox 2277 2069 2403 2112; x_wconf 89' lang='lat' dir='ltr'>patiens</span> 
     </span>
     <span class='ocr_line' id='line_1_116' title="bbox 1344 2107 2403 2155; baseline 0.006 -15"><span class='ocrx_word' id='word_1_979' title='bbox 1344 2108 1378 2141; x_wconf 93' lang='lat' dir='ltr'>in</span> <span class='ocrx_word' id='word_1_980' title='bbox 1401 2118 1520 2151; x_wconf 86' lang='lat' dir='ltr'>genere</span> <span class='ocrx_word' id='word_1_981' title='bbox 1544 2109 1608 2141; x_wconf 92' lang='lat' dir='ltr'>sint</span> <span class='ocrx_word' id='word_1_982' title='bbox 1623 2107 1711 2140; x_wconf 88' lang='lat' dir='ltr'>idern</span> <span class='ocrx_word' id='word_1_983' title='bbox 1727 2117 1759 2141; x_wconf 92' lang='lat' dir='ltr'>et</span> <span class='ocrx_word' id='word_1_984' title='bbox 1775 2110 1792 2129; x_wconf 90' lang='lat'><strong>*</strong></span> <span class='ocrx_word' id='word_1_985' title='bbox 1814 2108 1943 2148; x_wconf 87' lang='lat' dir='ltr'>similia,</span> <span class='ocrx_word' id='word_1_986' title='bbox 1960 2118 1992 2142; x_wconf 95' lang='lat' dir='ltr'>et</span> <span class='ocrx_word' id='word_1_987' title='bbox 2008 2109 2134 2144; x_wconf 89' lang='lat' dir='ltr'>diversa</span> <span class='ocrx_word' id='word_1_988' title='bbox 2154 2112 2262 2155; x_wconf 86' lang='lat' dir='ltr'>specie</span> <span class='ocrx_word' id='word_1_989' title='bbox 2278 2121 2311 2145; x_wconf 91' lang='lat' dir='ltr'>et</span> <span class='ocrx_word' id='word_1_990' title='bbox 2327 2124 2403 2146; x_wconf 92' lang='lat' dir='ltr'>con—</span> 
     </span>
     <span class='ocr_line' id='line_1_117' title="bbox 1344 2151 2403 2199; baseline 0.007 -15"><span class='ocrx_word' id='word_1_991' title='bbox 1344 2152 1448 2185; x_wconf 90' lang='lat' dir='ltr'>traria.</span> <span class='ocrx_word' id='word_1_992' title='bbox 1463 2171 1482 2176; x_wconf 94' lang='lat'>-</span> <span class='ocrx_word' id='word_1_993' title='bbox 1499 2152 1540 2185; x_wconf 89' lang='lat' dir='ltr'>Et</span> <span class='ocrx_word' id='word_1_994' title='bbox 1555 2163 1624 2185; x_wconf 93' lang='lat' dir='ltr'>non</span> <span class='ocrx_word' id='word_1_995' title='bbox 1640 2153 1780 2185; x_wconf 90' lang='lat' dir='ltr'>sumitur</span> <span class='ocrx_word' id='word_1_996' title='bbox 1797 2151 1850 2185; x_wconf 93' lang='lat' dir='ltr'>hic</span> <span class='ocrx_word' id='word_1_997' title='bbox 1865 2164 1969 2196; x_wconf 90' lang='lat' dir='ltr'>genus</span> <span class='ocrx_word' id='word_1_998' title='bbox 1988 2153 2111 2197; x_wconf 87' lang='lat' dir='ltr'>logice:</span> <span class='ocrx_word' id='word_1_999' title='bbox 2130 2157 2206 2199; x_wconf 90' lang='lat' dir='ltr'>quia</span> <span class='ocrx_word' id='word_1_1000' title='bbox 2221 2155 2285 2189; x_wconf 92' lang='lat' dir='ltr'>hoc</span> <span class='ocrx_word' id='word_1_1001' title='bbox 2301 2157 2403 2191; x_wconf 92' lang='lat' dir='ltr'>modo</span> 
     </span>
     <span class='ocr_line' id='line_1_118' title="bbox 1343 2195 2402 2245; baseline 0.007 -17"><span class='ocrx_word' id='word_1_1002' title='bbox 1343 2195 1405 2228; x_wconf 87' lang='lat' dir='ltr'>alia</span> <span class='ocrx_word' id='word_1_1003' title='bbox 1424 2207 1564 2240; x_wconf 89' lang='lat' dir='ltr'>corpora</span> <span class='ocrx_word' id='word_1_1004' title='bbox 1587 2204 1696 2229; x_wconf 90' lang='lat' dir='ltr'>essent</span> <span class='ocrx_word' id='word_1_1005' title='bbox 1718 2195 1865 2230; x_wconf 91' lang='lat' dir='ltr'>eiusdem</span> <span class='ocrx_word' id='word_1_1006' title='bbox 1884 2198 2012 2240; x_wconf 90' lang='lat' dir='ltr'>generis</span> <span class='ocrx_word' id='word_1_1007' title='bbox 2020 2210 2029 2238; x_wconf 95' lang='lat'>;</span> <span class='ocrx_word' id='word_1_1008' title='bbox 2054 2198 2110 2232; x_wconf 93' lang='lat' dir='ltr'>sed</span> <span class='ocrx_word' id='word_1_1009' title='bbox 2134 2201 2274 2233; x_wconf 90' lang='lat' dir='ltr'>sumitur</span> <span class='ocrx_word' id='word_1_1010' title='bbox 2296 2212 2402 2245; x_wconf 89' lang='lat' dir='ltr'>genus</span> 
     </span>
     <span class='ocr_line' id='line_1_119' title="bbox 1343 2239 2403 2286; baseline 0.007 -14"><span class='ocrx_word' id='word_1_1011' title='bbox 1343 2239 1548 2273; x_wconf 88' lang='lat' dir='ltr'>naturaliter:</span> <span class='ocrx_word' id='word_1_1012' title='bbox 1573 2248 1605 2273; x_wconf 94' lang='lat' dir='ltr'>et</span> <span class='ocrx_word' id='word_1_1013' title='bbox 1627 2239 1692 2273; x_wconf 92' lang='lat' dir='ltr'>hoc</span> <span class='ocrx_word' id='word_1_1014' title='bbox 1715 2240 1818 2274; x_wconf 91' lang='lat' dir='ltr'>modo</span> <span class='ocrx_word' id='word_1_1015' title='bbox 1849 2242 1960 2274; x_wconf 89' lang='lat' dir='ltr'>omnia</span> <span class='ocrx_word' id='word_1_1016' title='bbox 1990 2253 2073 2286; x_wconf 91' lang='lat' dir='ltr'>quae</span> <span class='ocrx_word' id='word_1_1017' title='bbox 2101 2245 2347 2279; x_wconf 88' lang='lat' dir='ltr'>communicant</span> <span class='ocrx_word' id='word_1_1018' title='bbox 2369 2247 2403 2280; x_wconf 91' lang='lat' dir='ltr'>in</span> 
     </span>
     <span class='ocr_line' id='line_1_120' title="bbox 1343 2283 2059 2328; baseline 0.003 -11"><span class='ocrx_word' id='word_1_1019' title='bbox 1343 2285 1489 2324; x_wconf 90' lang='lat' dir='ltr'>materia,</span> <span class='ocrx_word' id='word_1_1020' title='bbox 1513 2293 1591 2317; x_wconf 91' lang='lat' dir='ltr'>sunt</span> <span class='ocrx_word' id='word_1_1021' title='bbox 1613 2283 1760 2317; x_wconf 91' lang='lat' dir='ltr'>eiusdem</span> <span class='ocrx_word' id='word_1_1022' title='bbox 1783 2285 1919 2328; x_wconf 90' lang='lat' dir='ltr'>generis.</span> <span class='ocrx_word' id='word_1_1023' title='bbox 2048 2319 2059 2326; x_wconf 67' lang='grc'><em>,</em></span> 
     </span>
    </p>

    <p class='ocr_par' dir='ltr' id='par_1_16' title="bbox 1342 2328 2404 2815">
     <span class='ocr_line' id='line_1_121' title="bbox 1411 2328 2404 2377; baseline 0.007 -16"><span class='ocrx_word' id='word_1_1024' title='bbox 1411 2328 1516 2368; x_wconf 90' lang='lat' dir='ltr'>Quod</span> <span class='ocrx_word' id='word_1_1025' title='bbox 1539 2337 1649 2362; x_wconf 86' lang='lat' dir='ltr'>autem</span> <span class='ocrx_word' id='word_1_1026' title='bbox 1673 2329 1776 2362; x_wconf 87' lang='lat' dir='ltr'>activa</span> <span class='ocrx_word' id='word_1_1027' title='bbox 1807 2338 1838 2362; x_wconf 93' lang='lat' dir='ltr'>et</span> <span class='ocrx_word' id='word_1_1028' title='bbox 1861 2330 1989 2373; x_wconf 88' lang='lat' dir='ltr'>passiva</span> <span class='ocrx_word' id='word_1_1029' title='bbox 2012 2331 2077 2363; x_wconf 92' lang='lat' dir='ltr'>sint</span> <span class='ocrx_word' id='word_1_1030' title='bbox 2108 2331 2200 2373; x_wconf 91' lang='lat' dir='ltr'>talia,</span> <span class='ocrx_word' id='word_1_1031' title='bbox 2232 2333 2404 2377; x_wconf 89' lang='lat' dir='ltr'>dupliciter</span> 
     </span>
     <span class='ocr_line' id='line_1_122' title="bbox 1344 2372 2404 2421; baseline 0.007 -16"><span class='ocrx_word' id='word_1_1032' title='bbox 1344 2372 1469 2417; x_wconf 89' lang='lat' dir='ltr'>probat.</span> <span class='ocrx_word' id='word_1_1033' title='bbox 1495 2373 1607 2406; x_wconf 93' lang='lat' dir='ltr'>Primo</span> <span class='ocrx_word' id='word_1_1034' title='bbox 1631 2384 1690 2416; x_wconf 91' lang='lat' dir='ltr'>per</span> <span class='ocrx_word' id='word_1_1035' title='bbox 1712 2373 1964 2414; x_wconf 67' lang='lat' dir='ltr'>inductionem,</span> <span class='ocrx_word' id='word_1_1036' title='bbox 1983 2373 2093 2407; x_wconf 90' lang='lat' dir='ltr'>dicens</span> <span class='ocrx_word' id='word_1_1037' title='bbox 2124 2376 2214 2420; x_wconf 92' lang='lat' dir='ltr'>quod</span> <span class='ocrx_word' id='word_1_1038' title='bbox 2237 2389 2336 2421; x_wconf 91' lang='lat' dir='ltr'>agens</span> <span class='ocrx_word' id='word_1_1039' title='bbox 2372 2387 2404 2412; x_wconf 94' lang='lat' dir='ltr'>et</span> 
     </span>
     <span class='ocr_line' id='line_1_123' title="bbox 1343 2417 2402 2466; baseline 0.006 -16"><span class='ocrx_word' id='word_1_1040' title='bbox 1343 2418 1470 2461; x_wconf 86' lang='lat' dir='ltr'>patiens</span> <span class='ocrx_word' id='word_1_1041' title='bbox 1493 2429 1564 2450; x_wconf 89' lang='lat' dir='ltr'>esse</span> <span class='ocrx_word' id='word_1_1042' title='bbox 1588 2417 1736 2451; x_wconf 89' lang='lat' dir='ltr'>eiusdem</span> <span class='ocrx_word' id='word_1_1043' title='bbox 1759 2418 1887 2461; x_wconf 89' lang='lat' dir='ltr'>generis</span> <span class='ocrx_word' id='word_1_1044' title='bbox 1911 2426 1943 2451; x_wconf 94' lang='lat' dir='ltr'>et</span> <span class='ocrx_word' id='word_1_1045' title='bbox 1959 2417 2084 2452; x_wconf 91' lang='lat' dir='ltr'>diversa</span> <span class='ocrx_word' id='word_1_1046' title='bbox 2108 2421 2227 2464; x_wconf 89' lang='lat' dir='ltr'>specie,</span> <span class='ocrx_word' id='word_1_1047' title='bbox 2251 2431 2340 2466; x_wconf 88' lang='lat' dir='ltr'>patet</span> <span class='ocrx_word' id='word_1_1048' title='bbox 2354 2423 2402 2456; x_wconf 88' lang='lat' dir='ltr'>in-</span> 
     </span>
     <span class='ocr_line' id='line_1_124' title="bbox 1344 2461 2402 2509; baseline 0.007 -15"><span class='ocrx_word' id='word_1_1049' title='bbox 1344 2461 1495 2495; x_wconf 88' lang='lat' dir='ltr'>ducendo</span> <span class='ocrx_word' id='word_1_1050' title='bbox 1514 2462 1548 2495; x_wconf 91' lang='lat' dir='ltr'>in</span> <span class='ocrx_word' id='word_1_1051' title='bbox 1567 2461 1715 2506; x_wconf 88' lang='lat' dir='ltr'>singulis.</span> <span class='ocrx_word' id='word_1_1052' title='bbox 1741 2461 1872 2505; x_wconf 91' lang='lat' dir='ltr'>Corpus</span> <span class='ocrx_word' id='word_1_1053' title='bbox 1896 2463 1984 2495; x_wconf 91' lang='lat' dir='ltr'>enim</span> <span class='ocrx_word' id='word_1_1054' title='bbox 2007 2472 2122 2496; x_wconf 89' lang='lat' dir='ltr'>natum</span> <span class='ocrx_word' id='word_1_1055' title='bbox 2145 2473 2194 2498; x_wconf 92' lang='lat' dir='ltr'>est</span> <span class='ocrx_word' id='word_1_1056' title='bbox 2216 2467 2283 2509; x_wconf 89' lang='lat' dir='ltr'>pati</span> <span class='ocrx_word' id='word_1_1057' title='bbox 2299 2478 2317 2500; x_wconf 91' lang='lat' dir='ltr'>a</span> <span class='ocrx_word' id='word_1_1058' title='bbox 2333 2478 2402 2500; x_wconf 88' lang='lat' dir='ltr'>cor-</span> 
     </span>
     <span class='ocr_line' id='line_1_125' title="bbox 1344 2505 2402 2554; baseline 0.007 -16"><span class='ocrx_word' id='word_1_1059' title='bbox 1344 2517 1424 2550; x_wconf 92' lang='lat' dir='ltr'>pore</span> <span class='ocrx_word' id='word_1_1060' title='bbox 1449 2506 1539 2550; x_wconf 93' lang='lat' dir='ltr'>quod</span> <span class='ocrx_word' id='word_1_1061' title='bbox 1562 2514 1610 2539; x_wconf 90' lang='lat' dir='ltr'>est</span> <span class='ocrx_word' id='word_1_1062' title='bbox 1633 2505 1780 2539; x_wconf 81' lang='lat' dir='ltr'>eiusdem</span> <span class='ocrx_word' id='word_1_1063' title='bbox 1810 2507 1938 2549; x_wconf 91' lang='lat' dir='ltr'>generis</span> <span class='ocrx_word' id='word_1_1064' title='bbox 1967 2507 2001 2539; x_wconf 91' lang='lat' dir='ltr'>in</span> <span class='ocrx_word' id='word_1_1065' title='bbox 2024 2507 2203 2542; x_wconf 88' lang='lat' dir='ltr'>substantia</span> <span class='ocrx_word' id='word_1_1066' title='bbox 2226 2509 2270 2554; x_wconf 91' lang='lat' dir='ltr'>(si</span> <span class='ocrx_word' id='word_1_1067' title='bbox 2293 2519 2402 2545; x_wconf 84' lang='lat' dir='ltr'>tamen</span> 
     </span>
     <span class='ocr_line' id='line_1_126' title="bbox 1344 2550 2403 2607; baseline 0.006 -24"><span class='ocrx_word' id='word_1_1068' title='bbox 1344 2551 1590 2584; x_wconf 91' lang='lat' dir='ltr'>communicent</span> <span class='ocrx_word' id='word_1_1069' title='bbox 1620 2551 1654 2583; x_wconf 90' lang='lat' dir='ltr'>in</span> <span class='ocrx_word' id='word_1_1070' title='bbox 1685 2550 1839 2583; x_wconf 85' lang='lat' dir='ltr'>materia:</span> <span class='ocrx_word' id='word_1_1071' title='bbox 1875 2550 1965 2595; x_wconf 93' lang='lat' dir='ltr'>quod</span> <span class='ocrx_word' id='word_1_1072' title='bbox 1997 2551 2071 2584; x_wconf 93' lang='lat' dir='ltr'>dico</span> <span class='ocrx_word' id='word_1_1073' title='bbox 2101 2562 2235 2597; x_wconf 90' lang='lat' dir='ltr'>propter</span> <span class='ocrx_word' id='word_1_1074' title='bbox 2265 2566 2403 2607; x_wconf 81' lang='lat' dir='ltr'>corpora</span> 
     </span>
     <span class='ocr_line' id='line_1_127' title="bbox 1343 2593 2402 2639; baseline 0.006 -12"><span class='ocrx_word' id='word_1_1075' title='bbox 1343 2594 1504 2635; x_wconf 87' lang='lat' dir='ltr'>caelestia,</span> <span class='ocrx_word' id='word_1_1076' title='bbox 1529 2606 1612 2639; x_wconf 87' lang='lat' dir='ltr'>quae</span> <span class='ocrx_word' id='word_1_1077' title='bbox 1636 2605 1704 2627; x_wconf 90' lang='lat' dir='ltr'>non</span> <span class='ocrx_word' id='word_1_1078' title='bbox 1727 2593 1847 2627; x_wconf 90' lang='lat' dir='ltr'>habent</span> <span class='ocrx_word' id='word_1_1079' title='bbox 1871 2594 2008 2628; x_wconf 87' lang='lat' dir='ltr'>eandem</span> <span class='ocrx_word' id='word_1_1080' title='bbox 2032 2598 2201 2630; x_wconf 87' lang='lat' dir='ltr'>materiam</span> <span class='ocrx_word' id='word_1_1081' title='bbox 2225 2609 2300 2632; x_wconf 93' lang='lat' dir='ltr'>cum</span> <span class='ocrx_word' id='word_1_1082' title='bbox 2323 2599 2402 2633; x_wconf 92' lang='lat' dir='ltr'>1nfe-</span> 
     </span>
     <span class='ocr_line' id='line_1_128' title="bbox 1342 2639 2403 2685; baseline 0.006 -13"><span class='ocrx_word' id='word_1_1083' title='bbox 1342 2639 1512 2684; x_wconf 84' lang='lat' dir='ltr'>rioribus),</span> <span class='ocrx_word' id='word_1_1084' title='bbox 1536 2649 1633 2683; x_wconf 88' lang='lat' dir='ltr'>sapor</span> <span class='ocrx_word' id='word_1_1085' title='bbox 1656 2647 1765 2672; x_wconf 88' lang='lat' dir='ltr'>autem</span> <span class='ocrx_word' id='word_1_1086' title='bbox 1789 2647 1884 2672; x_wconf 90' lang='lat' dir='ltr'>natus</span> <span class='ocrx_word' id='word_1_1087' title='bbox 1908 2648 1957 2672; x_wconf 92' lang='lat' dir='ltr'>est</span> <span class='ocrx_word' id='word_1_1088' title='bbox 1980 2640 2046 2683; x_wconf 90' lang='lat' dir='ltr'>pati</span> <span class='ocrx_word' id='word_1_1089' title='bbox 2069 2652 2087 2673; x_wconf 86' lang='lat' dir='ltr'>a</span> <span class='ocrx_word' id='word_1_1090' title='bbox 2110 2652 2237 2685; x_wconf 90' lang='lat' dir='ltr'>sapore,</span> <span class='ocrx_word' id='word_1_1091' title='bbox 2256 2651 2289 2676; x_wconf 91' lang='lat' dir='ltr'>et</span> <span class='ocrx_word' id='word_1_1092' title='bbox 2312 2643 2403 2677; x_wconf 92' lang='lat' dir='ltr'>color</span> 
     </span>
     <span class='ocr_line' id='line_1_129' title="bbox 1343 2682 2401 2729; baseline 0.004 -12"><span class='ocrx_word' id='word_1_1093' title='bbox 1343 2695 1361 2716; x_wconf 93' lang='lat' dir='ltr'>a</span> <span class='ocrx_word' id='word_1_1094' title='bbox 1385 2683 1507 2724; x_wconf 91' lang='lat' dir='ltr'>colore,</span> <span class='ocrx_word' id='word_1_1095' title='bbox 1531 2695 1614 2728; x_wconf 90' lang='lat' dir='ltr'>quae</span> <span class='ocrx_word' id='word_1_1096' title='bbox 1638 2691 1714 2716; x_wconf 90' lang='lat' dir='ltr'>sunt</span> <span class='ocrx_word' id='word_1_1097' title='bbox 1737 2682 1884 2716; x_wconf 91' lang='lat' dir='ltr'>eiusdem</span> <span class='ocrx_word' id='word_1_1098' title='bbox 1908 2684 2036 2727; x_wconf 88' lang='lat' dir='ltr'>generis</span> <span class='ocrx_word' id='word_1_1099' title='bbox 2053 2685 2086 2717; x_wconf 89' lang='lat' dir='ltr'>in</span> <span class='ocrx_word' id='word_1_1100' title='bbox 2103 2685 2266 2729; x_wconf 89' lang='lat' dir='ltr'>qualitate,</span> <span class='ocrx_word' id='word_1_1101' title='bbox 2283 2696 2315 2720; x_wconf 92' lang='lat' dir='ltr'>et</span> <span class='ocrx_word' id='word_1_1102' title='bbox 2330 2689 2401 2721; x_wconf 90' lang='lat' dir='ltr'>uni-</span> 
     </span>
     <span class='ocr_line' id='line_1_130' title="bbox 1342 2727 2402 2772; baseline 0.006 -12"><span class='ocrx_word' id='word_1_1103' title='bbox 1342 2727 1508 2761; x_wconf 87' lang='lat' dir='ltr'>versaliter</span> <span class='ocrx_word' id='word_1_1104' title='bbox 1523 2739 1574 2761; x_wconf 91' lang='lat' dir='ltr'>res</span> <span class='ocrx_word' id='word_1_1105' title='bbox 1591 2727 1738 2760; x_wconf 91' lang='lat' dir='ltr'>eiusdem</span> <span class='ocrx_word' id='word_1_1106' title='bbox 1753 2727 1881 2771; x_wconf 90' lang='lat' dir='ltr'>generis</span> <span class='ocrx_word' id='word_1_1107' title='bbox 1905 2727 1943 2760; x_wconf 94' lang='lat' dir='ltr'>ab</span> <span class='ocrx_word' id='word_1_1108' title='bbox 1968 2727 2158 2772; x_wconf 82' lang='lat' dir='ltr'>homogeneis,</span> <span class='ocrx_word' id='word_1_1109' title='bbox 2174 2730 2257 2764; x_wconf 89' lang='lat' dir='ltr'>idest</span> <span class='ocrx_word' id='word_1_1110' title='bbox 2272 2743 2290 2764; x_wconf 91' lang='lat' dir='ltr'>a</span> <span class='ocrx_word' id='word_1_1111' title='bbox 2305 2732 2402 2766; x_wconf 90' lang='lat' dir='ltr'>rebus</span> 
     </span>
     <span class='ocr_line' id='line_1_131' title="bbox 1342 2771 1875 2815; baseline -0.002 -10"><span class='ocrx_word' id='word_1_1112' title='bbox 1342 2772 1542 2805; x_wconf 89' lang='lat' dir='ltr'>naturalibus</span> <span class='ocrx_word' id='word_1_1113' title='bbox 1566 2771 1714 2805; x_wconf 90' lang='lat' dir='ltr'>eiusdem</span> <span class='ocrx_word' id='word_1_1114' title='bbox 1737 2772 1875 2815; x_wconf 89' lang='lat' dir='ltr'>generis.</span> 
     </span>
    </p>

    <p class='ocr_par' dir='ltr' id='par_1_17' title="bbox 1341 2815 2402 3652">
     <span class='ocr_line' id='line_1_132' title="bbox 1408 2815 2402 2858; baseline 0.004 -9"><span class='ocrx_word' id='word_1_1115' title='bbox 1408 2818 1438 2849; x_wconf 89' lang='lat'>6.</span> <span class='ocrx_word' id='word_1_1116' title='bbox 1468 2816 1622 2850; x_wconf 91' lang='lat' dir='ltr'>Secundo</span> <span class='ocrx_word' id='word_1_1117' title='bbox 1656 2815 1720 2848; x_wconf 86' lang='lat' dir='ltr'>ibi:</span> <span class='ocrx_word' id='word_1_1118' title='bbox 1750 2815 1856 2848; x_wconf 90' lang='lat' dir='ltr'>Huius</span> <span class='ocrx_word' id='word_1_1119' title='bbox 1889 2822 1989 2849; x_wconf 86' lang='lat' dir='ltr'>autem</span> <span class='ocrx_word' id='word_1_1120' title='bbox 2020 2827 2112 2850; x_wconf 86' lang='lat' dir='ltr'>causa</span> <span class='ocrx_word' id='word_1_1121' title='bbox 2144 2827 2203 2851; x_wconf 90' lang='lat' dir='ltr'>etc.</span> <span class='ocrx_word' id='word_1_1122' title='bbox 2219 2843 2227 2858; x_wconf 96' lang='lat'><strong><em>‚</em></strong></span> <span class='ocrx_word' id='word_1_1123' title='bbox 2260 2819 2402 2853; x_wconf 91' lang='lat' dir='ltr'>ostendit</span> 
     </span>
     <span class='ocr_line' id='line_1_133' title="bbox 1342 2859 2401 2905; baseline 0.004 -12"><span class='ocrx_word' id='word_1_1124' title='bbox 1342 2860 1430 2894; x_wconf 88' lang='lat' dir='ltr'>idem</span> <span class='ocrx_word' id='word_1_1125' title='bbox 1446 2860 1623 2894; x_wconf 89' lang='lat' dir='ltr'>similiter*</span> <span class='ocrx_word' id='word_1_1126' title='bbox 1638 2861 1694 2893; x_wconf 90' lang='lat' dir='ltr'>sic.</span> <span class='ocrx_word' id='word_1_1127' title='bbox 1722 2859 1963 2904; x_wconf 91' lang='lat' dir='ltr'>Quaecumque</span> <span class='ocrx_word' id='word_1_1128' title='bbox 1986 2869 2088 2903; x_wconf 89' lang='lat' dir='ltr'>agunt</span> <span class='ocrx_word' id='word_1_1129' title='bbox 2110 2870 2142 2894; x_wconf 90' lang='lat' dir='ltr'>et</span> <span class='ocrx_word' id='word_1_1130' title='bbox 2157 2863 2325 2905; x_wconf 91' lang='lat' dir='ltr'>patiuntur</span> <span class='ocrx_word' id='word_1_1131' title='bbox 2347 2863 2401 2897; x_wconf 92' lang='lat' dir='ltr'>ad-</span> 
     </span>
     <span class='ocr_line' id='line_1_134' title="bbox 1342 2904 2401 2945; baseline 0.004 -8"><span class='ocrx_word' id='word_1_1132' title='bbox 1342 2905 1493 2945; x_wconf 89' lang='lat' dir='ltr'>invicem,</span> <span class='ocrx_word' id='word_1_1133' title='bbox 1510 2914 1587 2938; x_wconf 85' lang='lat' dir='ltr'>sunt</span> <span class='ocrx_word' id='word_1_1134' title='bbox 1610 2905 1789 2944; x_wconf 88' lang='lat' dir='ltr'>contraria;</span> <span class='ocrx_word' id='word_1_1135' title='bbox 1813 2904 1973 2937; x_wconf 93' lang='lat' dir='ltr'>contraria</span> <span class='ocrx_word' id='word_1_1136' title='bbox 1996 2913 2106 2937; x_wconf 90' lang='lat' dir='ltr'>autem</span> <span class='ocrx_word' id='word_1_1137' title='bbox 2126 2914 2202 2938; x_wconf 90' lang='lat' dir='ltr'>sunt</span> <span class='ocrx_word' id='word_1_1138' title='bbox 2225 2907 2259 2939; x_wconf 93' lang='lat' dir='ltr'>in</span> <span class='ocrx_word' id='word_1_1139' title='bbox 2283 2907 2401 2941; x_wconf 90' lang='lat' dir='ltr'>eodem</span> 
     </span>
     <span class='ocr_line' id='line_1_135' title="bbox 1341 2947 2401 2995; baseline 0.003 -13"><span class='ocrx_word' id='word_1_1140' title='bbox 1341 2960 1472 2992; x_wconf 90' lang='lat' dir='ltr'>genere,</span> <span class='ocrx_word' id='word_1_1141' title='bbox 1495 2957 1534 2982; x_wconf 91' lang='lat' dir='ltr'>ut</span> <span class='ocrx_word' id='word_1_1142' title='bbox 1557 2948 1712 2993; x_wconf 90' lang='lat' dir='ltr'>probatur</span> <span class='ocrx_word' id='word_1_1143' title='bbox 1735 2949 1768 2981; x_wconf 94' lang='lat' dir='ltr'>in</span> <span class='ocrx_word' id='word_1_1144' title='bbox 1793 2948 1825 2980; x_wconf 92' lang='lat' dir='ltr'><strong>X</strong></span> <span class='ocrx_word' id='word_1_1145' title='bbox 1847 2947 2032 2992; x_wconf 79' lang='lat' dir='ltr'>Metaphys.;</span> <span class='ocrx_word' id='word_1_1146' title='bbox 2055 2960 2134 2992; x_wconf 90' lang='lat' dir='ltr'>ergo</span> <span class='ocrx_word' id='word_1_1147' title='bbox 2157 2950 2260 2983; x_wconf 79' lang='lat' dir='ltr'>acn&#39;va</span> <span class='ocrx_word' id='word_1_1148' title='bbox 2283 2960 2315 2984; x_wconf 94' lang='lat' dir='ltr'>et</span> <span class='ocrx_word' id='word_1_1149' title='bbox 2330 2963 2401 2995; x_wconf 91' lang='lat' dir='ltr'>pas-</span> 
     </span>
     <span class='ocr_line' id='line_1_136' title="bbox 1342 2991 2402 3040; baseline 0.003 -14"><span class='ocrx_word' id='word_1_1150' title='bbox 1342 2994 1411 3026; x_wconf 90' lang='lat' dir='ltr'>siva</span> <span class='ocrx_word' id='word_1_1151' title='bbox 1446 3002 1523 3026; x_wconf 93' lang='lat' dir='ltr'>sunt</span> <span class='ocrx_word' id='word_1_1152' title='bbox 1554 2994 1588 3026; x_wconf 92' lang='lat' dir='ltr'>in</span> <span class='ocrx_word' id='word_1_1153' title='bbox 1619 2993 1735 3026; x_wconf 90' lang='lat' dir='ltr'>eodem</span> <span class='ocrx_word' id='word_1_1154' title='bbox 1758 3001 1895 3035; x_wconf 90' lang='lat' dir='ltr'>genere;</span> <span class='ocrx_word' id='word_1_1155' title='bbox 1920 3000 1952 3024; x_wconf 92' lang='lat' dir='ltr'>et</span> <span class='ocrx_word' id='word_1_1156' title='bbox 1978 2991 2053 3024; x_wconf 92' lang='lat' dir='ltr'>ideo</span> <span class='ocrx_word' id='word_1_1157' title='bbox 2083 3004 2215 3027; x_wconf 93' lang='lat' dir='ltr'>necesse</span> <span class='ocrx_word' id='word_1_1158' title='bbox 2249 3004 2298 3028; x_wconf 89' lang='lat' dir='ltr'>est</span> <span class='ocrx_word' id='word_1_1159' title='bbox 2331 2996 2402 3040; x_wconf 89' lang='lat' dir='ltr'>ipsa</span> 
     </span>
     <span class='ocr_line' id='line_1_137' title="bbox 1341 3035 2402 3081; baseline 0.003 -11"><span class='ocrx_word' id='word_1_1160' title='bbox 1341 3037 1483 3081; x_wconf 80' lang='lat' dir='ltr'>qualiter,</span> <span class='ocrx_word' id='word_1_1161' title='bbox 1503 3036 1586 3070; x_wconf 91' lang='lat' dir='ltr'>idest</span> <span class='ocrx_word' id='word_1_1162' title='bbox 1610 3035 1868 3081; x_wconf 89' lang='lat' dir='ltr'>quodammodo,</span> <span class='ocrx_word' id='word_1_1163' title='bbox 1885 3046 1955 3068; x_wconf 89' lang='lat' dir='ltr'>esse</span> <span class='ocrx_word' id='word_1_1164' title='bbox 1979 3035 2108 3077; x_wconf 90' lang='lat' dir='ltr'>similia,</span> <span class='ocrx_word' id='word_1_1165' title='bbox 2132 3038 2209 3081; x_wconf 90' lang='lat' dir='ltr'>quia</span> <span class='ocrx_word' id='word_1_1166' title='bbox 2231 3038 2346 3072; x_wconf 91' lang='lat' dir='ltr'>eadem</span> <span class='ocrx_word' id='word_1_1167' title='bbox 2369 3049 2402 3073; x_wconf 92' lang='lat' dir='ltr'>et</span> 
     </span>
     <span class='ocr_line' id='line_1_138' title="bbox 1342 3078 2402 3124; baseline 0.003 -10"><span class='ocrx_word' id='word_1_1168' title='bbox 1342 3081 1461 3114; x_wconf 91' lang='lat' dir='ltr'>similia</span> <span class='ocrx_word' id='word_1_1169' title='bbox 1484 3091 1620 3124; x_wconf 89' lang='lat' dir='ltr'>genere,</span> <span class='ocrx_word' id='word_1_1170' title='bbox 1644 3089 1676 3114; x_wconf 91' lang='lat' dir='ltr'>et</span> <span class='ocrx_word' id='word_1_1171' title='bbox 1698 3080 1839 3124; x_wconf 85' lang='lat' dir='ltr'>qualiter,</span> <span class='ocrx_word' id='word_1_1172' title='bbox 1864 3078 1947 3112; x_wconf 86' lang='lat' dir='ltr'>idest</span> <span class='ocrx_word' id='word_1_1173' title='bbox 1970 3079 2229 3123; x_wconf 91' lang='lat' dir='ltr'>quodammodo,</span> <span class='ocrx_word' id='word_1_1174' title='bbox 2247 3082 2347 3116; x_wconf 87' lang='lat' dir='ltr'>altera</span> <span class='ocrx_word' id='word_1_1175' title='bbox 2369 3093 2402 3117; x_wconf 91' lang='lat' dir='ltr'>et</span> 
     </span>
     <span class='ocr_line' id='line_1_139' title="bbox 1343 3123 2401 3169; baseline 0.002 -10"><span class='ocrx_word' id='word_1_1176' title='bbox 1343 3125 1511 3159; x_wconf 90' lang='lat' dir='ltr'>dissimilia</span> <span class='ocrx_word' id='word_1_1177' title='bbox 1534 3125 1662 3169; x_wconf 92' lang='lat' dir='ltr'>specie,</span> <span class='ocrx_word' id='word_1_1178' title='bbox 1692 3133 1729 3157; x_wconf 93' lang='lat' dir='ltr'>ut</span> <span class='ocrx_word' id='word_1_1179' title='bbox 1752 3123 1903 3156; x_wconf 86' lang='lat' dir='ltr'>dixerunt</span> <span class='ocrx_word' id='word_1_1180' title='bbox 1930 3123 1997 3156; x_wconf 90' lang='lat' dir='ltr'>anti</span> <span class='ocrx_word' id='word_1_1181' title='bbox 2022 3124 2066 3156; x_wconf 91' lang='lat' dir='ltr'>ui.</span> <span class='ocrx_word' id='word_1_1182' title='bbox 2095 3125 2189 3158; x_wconf 88' lang='lat' dir='ltr'>Hanc</span> <span class='ocrx_word' id='word_1_1183' title='bbox 2216 3135 2324 3160; x_wconf 91' lang='lat' dir='ltr'>autem</span> <span class='ocrx_word' id='word_1_1184' title='bbox 2352 3139 2401 3161; x_wconf 90' lang='lat' dir='ltr'>ra-</span> 
     </span>
     <span class='ocr_line' id='line_1_140' title="bbox 1342 3166 2400 3215; baseline 0.002 -13"><span class='ocrx_word' id='word_1_1185' title='bbox 1342 3170 1468 3202; x_wconf 91' lang='lat' dir='ltr'>tionem</span> <span class='ocrx_word' id='word_1_1186' title='bbox 1495 3169 1656 3201; x_wconf 90' lang='lat' dir='ltr'>convertit</span> <span class='ocrx_word' id='word_1_1187' title='bbox 1687 3167 1726 3201; x_wconf 92' lang='lat' dir='ltr'>de</span> <span class='ocrx_word' id='word_1_1188' title='bbox 1755 3166 1966 3200; x_wconf 90' lang='lat' dir='ltr'>conclusione</span> <span class='ocrx_word' id='word_1_1189' title='bbox 2009 3168 2116 3200; x_wconf 88' lang='lat' dir='ltr'>aciens</span> <span class='ocrx_word' id='word_1_1190' title='bbox 2146 3169 2279 3203; x_wconf 89' lang='lat' dir='ltr'>alteram</span> <span class='ocrx_word' id='word_1_1191' title='bbox 2307 3183 2400 3215; x_wconf 89' lang='lat' dir='ltr'>prae-</span> 
     </span>
     <span class='ocr_line' id='line_1_141' title="bbox 1342 3210 2402 3259; baseline 0.004 -13"><span class='ocrx_word' id='word_1_1192' title='bbox 1342 3214 1533 3252; x_wconf 88' lang='lat' dir='ltr'>missarum,</span> <span class='ocrx_word' id='word_1_1193' title='bbox 1560 3212 1624 3245; x_wconf 90' lang='lat' dir='ltr'>hoc</span> <span class='ocrx_word' id='word_1_1194' title='bbox 1647 3211 1765 3244; x_wconf 92' lang='lat' dir='ltr'>modo:</span> <span class='ocrx_word' id='word_1_1195' title='bbox 1797 3210 1850 3243; x_wconf 85' lang='lat' dir='ltr'>illa</span> <span class='ocrx_word' id='word_1_1196' title='bbox 1874 3222 1956 3255; x_wconf 87' lang='lat' dir='ltr'>quae</span> <span class='ocrx_word' id='word_1_1197' title='bbox 1987 3220 2063 3244; x_wconf 94' lang='lat' dir='ltr'>sunt</span> <span class='ocrx_word' id='word_1_1198' title='bbox 2086 3212 2204 3246; x_wconf 90' lang='lat' dir='ltr'>similia</span> <span class='ocrx_word' id='word_1_1199' title='bbox 2226 3214 2260 3247; x_wconf 90' lang='lat' dir='ltr'>in</span> <span class='ocrx_word' id='word_1_1200' title='bbox 2283 3227 2402 3259; x_wconf 91' lang='lat' dir='ltr'>genere</span> 
     </span>
     <span class='ocr_line' id='line_1_142' title="bbox 1342 3255 2402 3303; baseline 0.005 -14"><span class='ocrx_word' id='word_1_1201' title='bbox 1342 3266 1375 3289; x_wconf 91' lang='lat' dir='ltr'>et</span> <span class='ocrx_word' id='word_1_1202' title='bbox 1398 3256 1524 3289; x_wconf 88' lang='lat' dir='ltr'>diversa</span> <span class='ocrx_word' id='word_1_1203' title='bbox 1546 3257 1672 3300; x_wconf 87' lang='lat' dir='ltr'>specie,</span> <span class='ocrx_word' id='word_1_1204' title='bbox 1700 3263 1777 3288; x_wconf 92' lang='lat' dir='ltr'>sunt</span> <span class='ocrx_word' id='word_1_1205' title='bbox 1800 3255 1979 3295; x_wconf 83' lang='lat' dir='ltr'>contraria;</span> <span class='ocrx_word' id='word_1_1206' title='bbox 2002 3255 2060 3288; x_wconf 92' lang='lat' dir='ltr'>sed</span> <span class='ocrx_word' id='word_1_1207' title='bbox 2087 3257 2192 3290; x_wconf 74' lang='lat' dir='ltr'>activa</span> <span class='ocrx_word' id='word_1_1208' title='bbox 2218 3267 2251 3291; x_wconf 93' lang='lat' dir='ltr'>et</span> <span class='ocrx_word' id='word_1_1209' title='bbox 2274 3261 2402 3303; x_wconf 87' lang='lat' dir='ltr'>passiva</span> 
     </span>
     <span class='ocr_line' id='line_1_143' title="bbox 1343 3299 2401 3345; baseline 0.004 -12"><span class='ocrx_word' id='word_1_1210' title='bbox 1343 3309 1420 3333; x_wconf 88' lang='lat' dir='ltr'>sunt</span> <span class='ocrx_word' id='word_1_1211' title='bbox 1443 3300 1536 3340; x_wconf 82' lang='lat' dir='ltr'>talia3</span> <span class='ocrx_word' id='word_1_1212' title='bbox 1556 3311 1634 3343; x_wconf 89' lang='lat' dir='ltr'>ergo</span> <span class='ocrx_word' id='word_1_1213' title='bbox 1659 3308 1736 3332; x_wconf 90' lang='lat' dir='ltr'>sunt</span> <span class='ocrx_word' id='word_1_1214' title='bbox 1759 3299 1936 3339; x_wconf 90' lang='lat' dir='ltr'>contraria;</span> <span class='ocrx_word' id='word_1_1215' title='bbox 1955 3307 1987 3331; x_wconf 91' lang='lat' dir='ltr'>et</span> <span class='ocrx_word' id='word_1_1216' title='bbox 2003 3300 2101 3332; x_wconf 90' lang='lat' dir='ltr'>etiam</span> <span class='ocrx_word' id='word_1_1217' title='bbox 2117 3301 2266 3344; x_wconf 87' lang='lat' dir='ltr'>ipsorum</span> <span class='ocrx_word' id='word_1_1218' title='bbox 2282 3304 2401 3345; x_wconf 90' lang='lat' dir='ltr'>media,</span> 
     </span>
     <span class='ocr_line' id='line_1_144' title="bbox 1344 3342 2400 3388; baseline 0.004 -11"><span class='ocrx_word' id='word_1_1219' title='bbox 1344 3356 1426 3388; x_wconf 89' lang='lat' dir='ltr'>quae</span> <span class='ocrx_word' id='word_1_1220' title='bbox 1455 3343 1495 3377; x_wconf 92' lang='lat' dir='ltr'>ad</span> <span class='ocrx_word' id='word_1_1221' title='bbox 1526 3352 1668 3376; x_wconf 88' lang='lat' dir='ltr'>extrema</span> <span class='ocrx_word' id='word_1_1222' title='bbox 1696 3351 1900 3387; x_wconf 89' lang='lat' dir='ltr'>comparata,</span> <span class='ocrx_word' id='word_1_1223' title='bbox 1925 3342 2173 3387; x_wconf 92' lang='lat' dir='ltr'>quodammodo</span> <span class='ocrx_word' id='word_1_1224' title='bbox 2202 3349 2400 3382; x_wconf 89' lang='lat' dir='ltr'>contrarian-</span> 
     </span>
     <span class='ocr_line' id='line_1_145' title="bbox 1343 3387 2401 3434; baseline 0.005 -13"><span class='ocrx_word' id='word_1_1225' title='bbox 1343 3397 1405 3421; x_wconf 87' lang='lat' dir='ltr'>tur.</span> <span class='ocrx_word' id='word_1_1226' title='bbox 1431 3388 1466 3421; x_wconf 90' lang='lat' dir='ltr'>Si</span> <span class='ocrx_word' id='word_1_1227' title='bbox 1490 3399 1569 3431; x_wconf 88' lang='lat' dir='ltr'>ergo</span> <span class='ocrx_word' id='word_1_1228' title='bbox 1586 3387 1767 3420; x_wconf 91' lang='lat' dir='ltr'>secundum</span> <span class='ocrx_word' id='word_1_1229' title='bbox 1790 3387 1884 3419; x_wconf 88' lang='lat' dir='ltr'>istam</span> <span class='ocrx_word' id='word_1_1230' title='bbox 1903 3387 1991 3420; x_wconf 88' lang='lat' dir='ltr'>viam</span> <span class='ocrx_word' id='word_1_1231' title='bbox 2010 3389 2130 3431; x_wconf 91' lang='lat' dir='ltr'>poterit</span> <span class='ocrx_word' id='word_1_1232' title='bbox 2145 3401 2216 3423; x_wconf 88' lang='lat' dir='ltr'>esse</span> <span class='ocrx_word' id='word_1_1233' title='bbox 2234 3393 2401 3434; x_wconf 87' lang='lat' dir='ltr'>generatio</span> 
     </span>
     <span class='ocr_line' id='line_1_146' title="bbox 1343 3430 2400 3475; baseline 0.006 -11"><span class='ocrx_word' id='word_1_1234' title='bbox 1343 3440 1375 3465; x_wconf 92' lang='lat' dir='ltr'>et</span> <span class='ocrx_word' id='word_1_1235' title='bbox 1399 3433 1577 3474; x_wconf 90' lang='lat' dir='ltr'>corruptio,</span> <span class='ocrx_word' id='word_1_1236' title='bbox 1594 3431 1683 3475; x_wconf 95' lang='lat' dir='ltr'>quod</span> <span class='ocrx_word' id='word_1_1237' title='bbox 1698 3432 1716 3452; x_wconf 83' lang='grc'><strong>*</strong></span> <span class='ocrx_word' id='word_1_1238' title='bbox 1737 3430 1820 3463; x_wconf 89' lang='lat' dir='ltr'>fiunt</span> <span class='ocrx_word' id='word_1_1239' title='bbox 1835 3430 1944 3463; x_wconf 90' lang='lat' dir='ltr'>solum</span> <span class='ocrx_word' id='word_1_1240' title='bbox 1963 3442 2021 3474; x_wconf 91' lang='lat' dir='ltr'>per</span> <span class='ocrx_word' id='word_1_1241' title='bbox 2044 3434 2214 3474; x_wconf 89' lang='lat' dir='ltr'>contraria,</span> <span class='ocrx_word' id='word_1_1242' title='bbox 2238 3436 2285 3468; x_wconf 91' lang='lat' dir='ltr'>sic</span> <span class='ocrx_word' id='word_1_1243' title='bbox 2304 3437 2400 3470; x_wconf 89' lang='lat' dir='ltr'>etiam</span> 
     </span>
     <span class='ocr_line' id='line_1_147' title="bbox 1343 3474 2402 3526; baseline 0.006 -18"><span class='ocrx_word' id='word_1_1244' title='bbox 1343 3476 1428 3519; x_wconf 91' lang='lat' dir='ltr'>ignis</span> <span class='ocrx_word' id='word_1_1245' title='bbox 1449 3476 1572 3526; x_wconf 83' lang='lat' dir='ltr'>poterit</span> <span class='ocrx_word' id='word_1_1246' title='bbox 1596 3474 1783 3515; x_wconf 90' lang='lat' dir='ltr'>calefacere,</span> <span class='ocrx_word' id='word_1_1247' title='bbox 1807 3483 1839 3508; x_wconf 91' lang='lat' dir='ltr'>et</span> <span class='ocrx_word' id='word_1_1248' title='bbox 1861 3474 2016 3518; x_wconf 90' lang='lat' dir='ltr'>frigidum</span> <span class='ocrx_word' id='word_1_1249' title='bbox 2045 3475 2246 3520; x_wconf 89' lang='lat' dir='ltr'>infrigidare,</span> <span class='ocrx_word' id='word_1_1250' title='bbox 2275 3488 2307 3512; x_wconf 92' lang='lat' dir='ltr'>et</span> <span class='ocrx_word' id='word_1_1251' title='bbox 2330 3481 2402 3514; x_wconf 92' lang='lat' dir='ltr'>uni-</span> 
     </span>
     <span class='ocr_line' id='line_1_148' title="bbox 1343 3518 2402 3565; baseline 0.006 -13"><span class='ocrx_word' id='word_1_1252' title='bbox 1343 3518 1508 3552; x_wconf 84' lang='lat' dir='ltr'>versahter</span> <span class='ocrx_word' id='word_1_1253' title='bbox 1530 3519 1650 3552; x_wconf 91' lang='lat' dir='ltr'>faciens</span> <span class='ocrx_word' id='word_1_1254' title='bbox 1674 3520 1795 3563; x_wconf 88' lang='lat' dir='ltr'>poterit</span> <span class='ocrx_word' id='word_1_1255' title='bbox 1817 3518 1878 3551; x_wconf 91' lang='lat' dir='ltr'>sibi</span> <span class='ocrx_word' id='word_1_1256' title='bbox 1901 3519 2078 3553; x_wconf 90' lang='lat' dir='ltr'>assimilare</span> <span class='ocrx_word' id='word_1_1257' title='bbox 2097 3523 2233 3565; x_wconf 90' lang='lat' dir='ltr'>patiens,</span> <span class='ocrx_word' id='word_1_1258' title='bbox 2251 3535 2327 3557; x_wconf 92' lang='lat' dir='ltr'>cum</span> <span class='ocrx_word' id='word_1_1259' title='bbox 2346 3524 2402 3557; x_wconf 87' lang='lat' dir='ltr'>ha-</span> 
     </span>
     <span class='ocr_line' id='line_1_149' title="bbox 1343 3563 2402 3608; baseline 0.006 -12"><span class='ocrx_word' id='word_1_1260' title='bbox 1343 3563 1417 3596; x_wconf 92' lang='lat' dir='ltr'>beat</span> <span class='ocrx_word' id='word_1_1261' title='bbox 1435 3575 1540 3596; x_wconf 91' lang='lat' dir='ltr'>unum</span> <span class='ocrx_word' id='word_1_1262' title='bbox 1563 3574 1740 3596; x_wconf 89' lang='lat' dir='ltr'>commune</span> <span class='ocrx_word' id='word_1_1263' title='bbox 1764 3563 1947 3596; x_wconf 89' lang='lat' dir='ltr'>subiectum</span> <span class='ocrx_word' id='word_1_1264' title='bbox 1973 3566 2196 3608; x_wconf 90' lang='lat' dir='ltr'>susceptivum</span> <span class='ocrx_word' id='word_1_1265' title='bbox 2224 3569 2402 3601; x_wconf 89' lang='lat' dir='ltr'>contrario-</span> 
     </span>
     <span class='ocr_line' id='line_1_150' title="bbox 1343 3606 2402 3652; baseline 0.006 -12"><span class='ocrx_word' id='word_1_1266' title='bbox 1343 3616 1433 3640; x_wconf 85' lang='lat' dir='ltr'>rum:</span> <span class='ocrx_word' id='word_1_1267' title='bbox 1457 3606 1578 3640; x_wconf 90' lang='lat' dir='ltr'>faciens</span> <span class='ocrx_word' id='word_1_1268' title='bbox 1608 3608 1696 3640; x_wconf 91' lang='lat' dir='ltr'>enim</span> <span class='ocrx_word' id='word_1_1269' title='bbox 1719 3616 1752 3640; x_wconf 92' lang='lat' dir='ltr'>et</span> <span class='ocrx_word' id='word_1_1270' title='bbox 1775 3608 1901 3651; x_wconf 90' lang='lat' dir='ltr'>patiens</span> <span class='ocrx_word' id='word_1_1271' title='bbox 1931 3616 2008 3641; x_wconf 92' lang='lat' dir='ltr'>sunt</span> <span class='ocrx_word' id='word_1_1272' title='bbox 2031 3610 2202 3652; x_wconf 89' lang='lat' dir='ltr'>contraria,</span> <span class='ocrx_word' id='word_1_1273' title='bbox 2227 3620 2258 3644; x_wconf 92' lang='lat' dir='ltr'>et</span> <span class='ocrx_word' id='word_1_1274' title='bbox 2282 3611 2402 3646; x_wconf 89' lang='lat' dir='ltr'>faciens</span> 
     </span>
    </p>
   </div>
   <div class='ocr_carea' id='block_1_11' title="bbox 2433 1945 2563 1974">
    <p class='ocr_par' dir='ltr' id='par_1_18' title="bbox 2433 1945 2563 1974">
     <span class='ocr_line' id='line_1_151' title="bbox 2433 1945 2563 1974; baseline 0.008 -7"><span class='ocrx_word' id='word_1_1275' title='bbox 2433 1947 2440 1954; x_wconf 83' lang='lat'><strong>·</strong></span> <span class='ocrx_word' id='word_1_1276' title='bbox 2455 1945 2526 1967; x_wconf 84' lang='lat' dir='ltr'>Num.</span> <span class='ocrx_word' id='word_1_1277' title='bbox 2540 1953 2563 1974; x_wconf 94' lang='lat'>7.</span> 
     </span>
    </p>
   </div>
   <div class='ocr_carea' id='block_1_12' title="bbox 2432 2120 2642 2143">
    <p class='ocr_par' dir='ltr' id='par_1_19' title="bbox 2432 2120 2642 2143">
     <span class='ocr_line' id='line_1_152' title="bbox 2432 2120 2642 2143; baseline 0.01 -2"><span class='ocrx_word' id='word_1_1278' title='bbox 2432 2121 2440 2129; x_wconf 91' lang='grc'>·</span> <span class='ocrx_word' id='word_1_1279' title='bbox 2448 2120 2508 2142; x_wconf 79' lang='lat' dir='ltr'>idem</span> <span class='ocrx_word' id='word_1_1280' title='bbox 2515 2123 2539 2142; x_wconf 84' lang='lat' dir='ltr'>et</span> <span class='ocrx_word' id='word_1_1281' title='bbox 2547 2127 2596 2143; x_wconf 84' lang='lat' dir='ltr'>om.</span> <span class='ocrx_word' id='word_1_1282' title='bbox 2603 2127 2642 2143; x_wconf 80' lang='lat' dir='ltr'>ca.</span> 
     </span>
    </p>
   </div>
   <div class='ocr_carea' id='block_1_13' title="bbox 2428 2874 2638 2903">
    <p class='ocr_par' dir='ltr' id='par_1_20' title="bbox 2428 2874 2638 2903">
     <span class='ocr_line' id='line_1_153' title="bbox 2428 2874 2638 2903; baseline 0.005 -8"><span class='ocrx_word' id='word_1_1283' title='bbox 2428 2874 2439 2884; x_wconf 81' lang='lat'>⁸</span> <span class='ocrx_word' id='word_1_1284' title='bbox 2453 2874 2589 2903; x_wconf 75' lang='lat' dir='ltr'>syllogismo</span> <span class='ocrx_word' id='word_1_1285' title='bbox 2599 2881 2638 2898; x_wconf 81' lang='lat' dir='ltr'>ca.</span> 
     </span>
    </p>
   </div>
   <div class='ocr_carea' id='block_1_14' title="bbox 2430 3443 2549 3472">
    <p class='ocr_par' dir='ltr' id='par_1_21' title="bbox 2430 3443 2549 3472">
     <span class='ocr_line' id='line_1_154' title="bbox 2430 3443 2549 3472; baseline 0 -6"><span class='ocrx_word' id='word_1_1286' title='bbox 2430 3443 2439 3452; x_wconf 69' lang='lat'>²</span> <span class='ocrx_word' id='word_1_1287' title='bbox 2453 3450 2514 3472; x_wconf 83' lang='lat' dir='ltr'>quae</span> <span class='ocrx_word' id='word_1_1288' title='bbox 2527 3451 2549 3466; x_wconf 74' lang='lat' dir='ltr'>P.</span> 
     </span>
    </p>
   </div>
  </div>
 </body>
</html>
