2782 4134
30 427 39 435 ·
55 425 104 446 siut
117 431 140 446 Α.

30 484 39 492 '
59 482 118 510 Cap.
133 488 170 508 iv,

30 515 91 538 sqq.;
103 510 127 531 S.
136 509 182 531 Th.
190 509 244 530 leet.

29 541 197 594 θεῶν·

27 591 36 599 ·
54 589 167 617 mcr'pitur
181 595 204 610 Ρ.

194 487 244 503 ΓΙ.2

30 638 40 648 ·
57 637 129 660 Num.
144 643 221 666 praec·

1162 283 1274 321 CAP.
1306 285 1356 331 11,
1388 284 1540 321 LECT.
1572 285 1603 321 11

273 370 402 399 autern
430 363 574 400 habent
600 362 830 412 principium
857 369 986 398 motus
1019 363 1238 411 passivum,
1269 375 1346 411 quo

273 415 413 453 scilicet
431 424 519 453 nata
539 418 660 454 sunt*
682 415 843 462 moveri,
858 423 951 464 puta
971 416 1195 463 gravitatem
1214 418 1277 453 vel
1297 417 1347 453 le—

273 469 444 518 vitatem,
459 478 501 507 ut
513 478 618 519 patet
631 471 671 508 in
679 471 766 507 VIII
777 469 978 516 Physic.*-
987 469 1071 505 Alio
1089 469 1208 506 modo
1223 478 1349 518 potest

272 522 425 571 intelligi
454 524 544 572 quia
574 525 594 544 ⁴*
623 524 661 560 in
695 523 920 572 corporibus
954 522 1129 560 animatis
1158 523 1348 560 invenitur

273 576 524 614 determinata
550 590 640 626 pars
668 577 840 626 corporis
868 588 890 613 a
911 589 987 624 qua
1016 576 1146 625 incipit
1167 577 1186 597 *²
1207 585 1346 623 motus,

272 630 368 668 sicut
388 630 531 668 dictum
553 639 609 668 est
623 633 660 667 ἐ
682 631 789 679 quod
809 630 968 679 quidem
987 629 1025 666 in
1048 630 1273 678 corporibus
1293 630 1347 667 in-

272 684 449 721 animatis
464 697 544 721 non
558 683 760 721 invenitur.
774 684 886 731 Quia,
900 683 996 720 sicut
1010 683 1149 729 subdit,
1162 683 1346 720 inanima-

271 746 399 775 torum
430 749 637 786 corporum
667 738 860 785 quaedam
890 736 1048 774 omnino
1078 749 1158 773 non
1186 749 1346 773 moven-

272 799 345 839 tur,
365 791 461 828 sicut
475 791 537 828 illa
557 803 658 839 quae
673 798 760 827 sunt
774 790 813 827 in
831 790 995 840 propriis
1010 790 1103 826 locis
1124 791 1200 836 (vel
1219 790 1347 838 potius

270 845 347 882 hoc
376 843 466 881 dicit
491 851 650 893 propter
677 856 841 893 corpora
869 843 1099 890 artificialia,
1129 856 1228 892 quae
1266 856 1346 880 non

269 897 415 935 habent
434 909 480 934 ex
499 897 632 946 seipsis
661 897 828 946 aliquem
849 900 1034 944 motum):
1060 897 1253 946 quaedam
1281 910 1347 934 au-

270 958 350 988 tem
376 958 595 996 moventur,
621 950 717 988 sicut
745 963 909 1000 corpora
936 951 1123 988 naturalia
1151 950 1347 988 existentia

233 1018 235 1020 ’
271 1011 376 1041 extra
401 1004 601 1053 proprium
631 1017 744 1041 suum
774 1006 922 1051 locum,
953 1004 1022 1042 sed
1049 1012 1179 1041 tamen
1207 1017 1347 1042 unum-

0 1709 192 1736 {recomm-

270 1057 455 1107 quodque
484 1070 621 1095 eorum
650 1066 831 1096 movetur
864 1058 914 1096 ad
942 1071 1056 1095 suum
1086 1059 1216 1095 locum
1244 1058 1346 1095 simi-

270 1111 355 1148 liter
381 1111 430 1148 ab
460 1111 568 1148 omni
605 1119 730 1162 parte3
760 1112 856 1149 sicut
884 1112 979 1160 ignis
1012 1113 1138 1148 solum
1167 1119 1347 1149 movetur

270 1176 424 1202 sursum
443 1172 480 1202 et
493 1172 593 1207 terra
608 1166 735 1202 solum
751 1173 932 1203 movetur
946 1166 994 1203 ad
1009 1165 1181 1202 medium
1197 1165 1345 1212 mundi,

265 1216 694 1257 nmlaalia‘differentia
719 1219 811 1257 situs
831 1219 1072 1257 considerata
1090 1219 1153 1256 vel
1174 1231 1220 1256 ex
1238 1227 1344 1268 parte

271 1271 445 1320 corporis
474 1273 579 1320 quod
609 1280 799 1320 movetur,
819 1281 863 1310 ut
881 1273 1022 1310 scilicet
1049 1285 1127 1309 una
1146 1285 1236 1321 pars
1265 1272 1346 1309 eius

269 1325 375 1375 prius
390 1325 544 1375 incipiat
558 1326 709 1364 moveri
724 1339 840 1376 quam
856 1327 939 1373 alia,
950 1327 1012 1364 vel
1027 1325 1142 1363 etiam
1158 1333 1346 1374 quantum

235 1408 242 1415 .
271 1378 321 1417 ad
339 1379 482 1426 locum,
503 1387 544 1417 ut
559 1380 699 1417 scilicet
719 1392 764 1417 ex
782 1392 862 1417 uno
882 1380 955 1417 situ
973 1379 1085 1417 locali
1109 1387 1314 1416 moveatur
1327 1380 1347 1400 ³¹²

269 1444 411 1482 corpus
439 1434 611 1471 naturale
639 1433 690 1471 ad
717 1446 830 1470 suum
858 1433 999 1480 locum,
1030 1441 1067 1469 et
1085 1445 1164 1469 non
1185 1445 1230 1469 ex
1258 1433 1344 1470 alio.

324 1498 362 1535 7.
382 1486 534 1525 Deinde
562 1499 652 1524 cum
681 1486 786 1524 dicit:
816 1487 891 1523 Sed
922 1487 959 1523 in
988 1486 1046 1523 his
1073 1486 1222 1535 quidem
1252 1494 1345 1535 etc.,

271 1540 436 1578 ostendit
464 1540 666 1589 quomodo
694 1540 911 1590 praedictae
931 1539 1142 1589 positiones
1171 1540 1345 1588 quando-

269 1606 348 1643 que
377 1593 551 1632 dicantur
577 1593 616 1630 in
645 1593 872 1642 corporibus
909 1593 1139 1631 inanimatis.
1171 1594 1220 1630 Et
1254 1593 1343 1630 dicit

270 1647 376 1696 quod
396 1647 434 1684 in
452 1647 675 1684 huiusmodi
705 1646 931 1696 corporibus
951 1647 1114 1684 dicimus
1134 1659 1286 1684 sursum
1309 1655 1345 1684 et

271 1700 467 1749 deorsum,
479 1701 543 1738 et*
558 1702 734 1739 dextrum
745 1708 782 1737 et
796 1700 1004 1748 sinistrum,
1021 1708 1057 1738 et
1071 1700 1244 1738 similiter
1257 1709 1345 1738 ante

271 1761 308 1792 et
334 1762 458 1802 retro,
487 1755 614 1792 solum
641 1767 712 1804 per
740 1754 1071 1803 comparationem
1104 1754 1154 1791 ad
1183 1767 1266 1791 nos.
1297 1755 1346 1791 Et

269 1808 350 1845 hoc
359 1808 569 1858 tripliciter:
590 1821 670 1846 uno
690 1809 810 1846 modo
826 1808 1040 1845 secundum
1061 1808 1167 1857 quod
1183 1807 1345 1845 dicimus

271 1861 448 1899 dextrum
467 1861 507 1899 id
526 1862 634 1911 quod
654 1869 709 1899 est
728 1861 840 1899 nobis
860 1861 1081 1911 oppositum
1095 1861 1344 1899 *secundum

269 1923 443 1953 nostram
463 1915 647 1963 dextram,
669 1915 766 1952 sicut
789 1915 1032 1962 divinatores,
1052 1923 1145 1964 puta
1169 1927 1344 1963 augures,

270 1969 473 2006 nominant
509 1982 626 2007 avem
660 1969 679 1990 *
718 1969 890 2006 dextram
925 1981 1024 2019 quae
1064 1976 1119 2005 est
1152 1969 1263 2006 nobis
1297 1969 1346 2006 ad

271 2021 454 2070 dextram,
484 2023 674 2060 sinistram
701 2035 797 2060 vero
826 2035 926 2072 quae
955 2029 1013 2059 est
1039 2022 1151 2059 nobis
1180 2022 1229 2059 ad
1258 2022 1346 2059 sini-

268 2083 405 2123 stram3
425 2075 499 2114 alio
520 2076 640 2114 modo
660 2088 730 2126 per
749 2075 1037 2114 similitudinem
1062 2075 1111 2113 ad
1130 2083 1258 2124 partes
1277 2089 1345 2114 no-

270 2137 378 2178 stras,
407 2129 503 2167 sicut
530 2130 569 2167 in
597 2137 720 2167 statua
749 2129 912 2167 dicimus
946 2129 1123 2167 dextrum
1153 2129 1259 2179 quod
1292 2137 1348 2167 est

267 2182 394 2222 ‘simile
414 2183 547 2221 dextro
566 2182 746 2230 hominis,
763 2190 800 2220 et
818 2182 1011 2220 sinistrum
1026 2182 1134 2231 quod
1153 2190 1210 2219 est
1223 2182 1346 2220 simile

271 2236 439 2283 sinistro;
464 2237 574 2274 tertio
594 2236 715 2274 modo
735 2247 805 2285 per
823 2235 1052 2273 contrariam
1072 2235 1303 2284 positionem
1319 2242 1344 2283 ¹,

272 2289 436 2327 dicendo
475 2289 668 2327 sinistrum
711 2289 817 2339 quod
855 2296 910 2326 est
952 2289 1172 2338 oppositum
1214 2297 1345 2326 nostro

272 2342 426 2390 dextro,
458 2351 495 2380 et
522 2344 698 2382 dextrum
727 2342 835 2391 quod
863 2350 920 2380 est
956 2342 1177 2392 oppositum
1216 2350 1346 2380 nostro

271 2395 436 2444 sinistro,
465 2397 561 2434 sicut
588 2404 693 2446 patet
720 2396 759 2433 in
787 2396 952 2444 imagine
991 2408 1092 2444 quae
1127 2397 1281 2433 resultat
1308 2396 1347 2434 in

270 2450 440 2499 speculo.
471 2451 521 2488 Et
549 2450 687 2488 eadem
715 2450 810 2488 ratio
841 2457 896 2486 est
914 2449 952 2486 in
981 2449 1061 2486 aliis
1078 2449 1345 2498 positionibus.

272 2503 351 2540 Sed
378 2503 418 2540 in
445 2503 536 2553 ipsis
566 2505 680 2541 rebus
708 2502 924 2541 inanimatis
953 2502 1166 2540 secundum
1196 2515 1237 2539 se
1258 2516 1347 2540 con-

271 2556 464 2604 sideratis,
499 2558 602 2595 nulla
639 2557 842 2594 invenitur·
867 2556 1066 2594 diversitas
1098 2555 1230 2593 talium
1262 2569 1347 2606 par-

270 2610 380 2648 tium.
411 2611 461 2647 Et
487 2611 563 2648 hoc
590 2618 695 2660 patet
713 2610 814 2660 quia,
840 2610 870 2647 si
892 2616 1164 2647 convertantur
1191 2610 1240 2647 ad
1263 2623 1346 2658 nos,

273 2676 294 2700 e
324 2664 514 2701 contrario
543 2676 584 2701 se
607 2665 806 2701 habebunt
833 2676 952 2713 quam
971 2663 1092 2712 prius:
1122 2663 1213 2700 illud
1243 2664 1347 2700 enim

272 2716 380 2766 quod
408 2725 489 2754 erat
517 2717 703 2764 dextrum,
725 2717 871 2755 dicetur
898 2717 1090 2754 sinistrum
1110 2714 1132 2763 ²,
1155 2725 1192 2754 et
1216 2729 1237 2753 e
1257 2730 1347 2754 con-

271 2782 406 2817 verso3
436 2778 474 2808 et
491 2771 614 2808 simile
644 2771 756 2808 estin
776 2770 856 2808 aliis
875 2770 1140 2819 positionibus.
1163 2771 1205 2807 In
1234 2771 1348 2808 rebus

273 2831 403 2861 autem
423 2823 610 2873 animatis,
622 2825 952 2874 qualitercumque
970 2831 1178 2870 vertantur,
1195 2836 1348 2874 semper

274 2878 414 2915 eodem
442 2877 563 2915 modo
592 2890 632 2915 se
660 2878 804 2915 habent
832 2877 1055 2915 huiusmodi
1081 2885 1220 2926 partes.

329 2931 364 2967 8.
385 2930 535 2968 Deinde
565 2944 655 2969 cum
683 2931 789 2969 dicit:
818 2932 978 2979 Pr0pter
1009 2930 1112 2979 quod
1143 2936 1180 2967 et
1204 2931 1348 2979 thha-

273 2983 426 3032 goricos
463 2991 556 3032 etc.,
597 2984 762 3022 ostendit
798 2984 1071 3033 Pythagoricos
1109 2985 1209 3020 male
1247 2983 1348 3021 attri-

275 3035 403 3072 buisse
427 3037 533 3073 caelo
556 3037 779 3075 huiusmodi
799 3037 1050 3075 differentias:
1081 3045 1116 3074 et
1135 3038 1210 3074 hoc
1228 3037 1348 3074 tribus

277 3088 415 3135 modis,
437 3089 501 3138 qui
521 3101 567 3126 ex
586 3090 844 3139 superioribus
864 3091 984 3140 accipi
1003 3098 1181 3140 possunt;
1204 3098 1240 3127 et
1258 3090 1347 3128 ideo

276 3141 359 3178 illos
373 3153 443 3190 per
461 3142 623 3179 modum
639 3144 894 3181 conclusionis
912 3145 974 3181 hic
993 3144 1135 3183 inducit
1144 3150 1174 3181 fl.
1197 3143 1349 3180 Primus

277 3202 406 3231 autem
435 3194 577 3232 modus
607 3202 663 3232 est
682 3196 783 3244 quia,
814 3209 903 3234 curn
932 3197 1006 3234 sint
1033 3210 1099 3235 sex
1125 3197 1346 3246 positiones,

277 3247 450 3284 mirabile
476 3247 629 3285 videtur
657 3260 775 3296 quare
803 3250 928 3286 solum
967 3251 1044 3287 duo
1073 3251 1215 3287 horum
1250 3250 1349 3287 attri-

277 3302 448 3338 buebant
477 3302 603 3349 caelo,
634 3301 775 3338 scilicet
802 3301 977 3339 dextrum
1007 3309 1043 3339 et
1071 3303 1281 3350 sinistrum,
1313 3311 1350 3340 et

331 3443 358 3478 κ)
377 3443 543 3468 contrariam
562 3442 731 3475 positionem.
744 3457 763 3461 -
782 3435 1010 3475 compdrationem
1030 3443 1076 3473 Bl,
1095 3446 1218 3468 contram
1236 3445 1350 3476 positio-

278 3486 337 3504 nem
357 3479 394 3508 D.
413 3479 667 3511 contrapositionem
687 3483 735 3503 cet.

330 3513 360 3548 λ)
379 3514 450 3546 quia,
468 3514 492 3539 si
510 3517 735 3539 convertantur...
750 3514 854 3539 dicetur
866 3514 1014 3538 sinistrum.
1028 3527 1047 3532 -
1061 3514 1143 3538 Codd.
1157 3513 1267 3539 habent:
1287 3515 1350 3546 quia

247 3546 250 3548 ’
277 3550 302 3575 si
319 3553 512 3575 convertantur
530 3549 568 3574 ad
586 3557 634 3574 nos
652 3557 667 3574 e
684 3550 823 3575 contrario
841 3556 920 3582 quam
935 3549 1015 3581 prius
1033 3549 1173 3579 habebant,
1194 3549 1261 3574 illud
1279 3550 1351 3582 quod

278 3589 338 3611 crat
356 3585 486 3610 dextrum
505 3585 610 3610 dicetur
626 3585 775 3610 sinistrum.

333 3620 362 3655 μ)
382 3621 473 3646 illos...
486 3620 528 3646 hic
547 3620 659 3646 inducit.
669 3635 689 3640 —
703 3621 761 3646 illos
775 3628 829 3645 om.
845 3620 928 3650 codd.;
942 3628 990 3653 pro
1003 3620 1045 3645 hic
1059 3620 1168 3649 inducit,
1184 3620 1232 3645 hoc
1246 3620 1350 3645 inducit

277 3656 356 3688 AsG,
376 3659 402 3681 et
420 3656 469 3681 hoc
487 3656 590 3681 inducit
608 3656 664 3690 pG,
691 3660 717 3681 et
735 3656 777 3682 hic
796 3656 898 3681 inducit
917 3656 946 3681 C.
962 3669 981 3674 —-
1001 3656 1063 3680 Post
1084 3663 1162 3680 unam
1187 3656 1281 3680 lineam
1300 3663 1348 3688 pro

2406 299 2475 336 127

1401 363 1474 400 alia
1503 372 1667 413 quatuor
1694 364 1946 414 reliquerunt;
1978 377 2065 401 curn
2095 372 2226 402 tamen
2255 366 2476 403 rationabile

1401 418 1447 454 sit
1470 418 1577 467 quod
1606 418 1737 455 omnia
1766 419 1872 455 caelo
1903 418 2145 466 conveniant,
2172 426 2213 455 ut
2237 431 2352 468 supra
2373 420 2392 440 “2‘
2422 420 2475 457 di·
2503 433 2513 442 ⁸
2552 440 2565 454 u

1402 479 1505 508 ctum
1536 479 1602 509 est.

1456 537 1492 572 9.
1506 525 1729 562 Secundum
1746 525 1910 562 modum
1924 525 2032 574 ponit
2046 524 2116 561 ibi:
2143 525 2235 562 nihil
2248 525 2373 562 minus
2391 534 2474 563 etc.:

1402 578 1492 627 quia
1520 579 1671 624 scilicet,
1702 579 1733 616 si
1762 579 1888 627 aliqua
1918 579 2132 616 debuerunt
2158 579 2406 627 praetermitti
2434 587 2476 616 ut

1402 643 1480 668 non
1501 632 1793 669 attribuerentur
1813 633 1932 679 caelo,
1954 632 2122 682 oportuit
2149 632 2396 681 praetermitti
2415 632 2476 669 illa

1402 697 1502 733 quae
1522 693 1609 722 sunt
1624 686 1752 722 minus
1770 686 2003 735 principalia.
2022 685 2140 733 Quod
2156 693 2284 722 autern
2306 685 2368 722 illa
2382 698 2475 734 qua-

1402 745 1489 774 tuor
1509 751 1608 786 quae
1637 739 1900 787 praetermisit,
1922 752 2001 776 non
2030 739 2103 776 sint
2130 739 2258 776 minus
2285 739 2474 788 principa·

1402 791 1449 827 lia
1469 797 1480 810 ¹'
1508 803 1625 839 quam
1654 792 1714 828 illa
1743 793 1820 829 duo
1841 805 1939 842 quae
1959 792 2098 842 posuit,
2127 792 2292 830 ostendit
2311 800 2475 842 quatuor

1402 845 1622 881 rationibus.

1456 899 1631 945 Quarum
1660 898 1826 947 primam
1859 899 1966 948 ponit
1993 899 2063 937 ibi:
2093 899 2204 937 Nihil
2229 900 2329 936 enim
2353 899 2473 936 mino-

1401 964 1482 988 rem
1499 959 1567 989 etc.
1585 952 1678 988 Non
1698 952 1802 988 enirn
1821 952 1999 989 videmus
2015 953 2051 989 in
2067 953 2374 1002 quibuscumque
2396 953 2474 990 ani-

1401 1005 1565 1042 malibus
1595 1005 1701 1054 quod
1729 1005 1919 1042 minorem
1940 1006 2192 1044 differentiam
2221 1007 2362 1044 habeat
2384 1019 2473 1056 pars

1401 1071 1499 1107 quae
1530 1066 1586 1095 est
1619 1071 1771 1096 sursum
1800 1059 1850 1096 ad
1879 1071 1965 1096 earn
1994 1072 2092 1108 quae
2122 1068 2178 1097 est
2206 1061 2407 1108 deorsum,
2438 1067 2475 1097 et

1401 1125 1500 1161 quae
1521 1119 1577 1149 est
1591 1112 1757 1149 anterius
1777 1113 1825 1149 ad
1842 1124 1928 1149 eam
1944 1125 2041 1161 quae
2063 1121 2120 1150 est
2138 1114 2338 1162 posterius,
2355 1126 2472 1163 quam

1401 1164 1532 1203 dextra
1550 1165 1600 1202 ad
1619 1165 1807 1202 sinistram
1828 1166 1859 1211 ²⁸,
1890 1165 2011 1202 immo
2032 1166 2231 1204 maiorem.
2262 1167 2367 1204 Nam
2385 1179 2474 1216 pars

1401 1219 1532 1256 dextra
1561 1227 1596 1256 et
1624 1219 1773 1256 sinistra
1802 1219 1981 1256 differunt
2006 1221 2132 1257 solum
2155 1220 2306 1268 virtute,
2328 1228 2364 1257 et
2384 1233 2473 1258 con-

1400 1273 1560 1309 veniunt
1578 1272 1617 1309 in
1646 1273 1768 1320 figura
1792 1275 1950 1319 (manus
1980 1273 2081 1310 enim
2107 1274 2238 1311 dextra
2267 1281 2323 1311 est
2341 1274 2474 1311 fortior

1400 1338 1519 1375 quam
1540 1325 1699 1373 sinistra,
1721 1326 1806 1363 licet
1825 1326 1870 1363 sit
1888 1327 1908 1347 '¹‘
1929 1326 2101 1363 eiusdem
2120 1327 2284 1375 figurae;
2313 1335 2351 1364 et
2370 1327 2473 1365 simi·
2500 1343 2509 1354 =

1399 1380 1482 1416 liter
1503 1380 1690 1416 humerus
1710 1379 1839 1416 dexter
1867 1387 1923 1416 est
1951 1380 2082 1416 fortior
2110 1393 2228 1430 quarn
2257 1380 2406 1418 sinister
2424 1382 2473 1419 ad

1401 1441 1564 1480 motum,
1584 1433 1762 1482 quamvis
1782 1433 1929 1470 sinister
1947 1433 1994 1470 sit
2014 1433 2146 1470 fortior
2165 1434 2215 1471 ad
2238 1435 2472 1483 portandum

1400 1499 1517 1534 onus;
1547 1495 1583 1524 et
1611 1486 1780 1524 similiter
1806 1499 1875 1535 pes
1905 1487 2035 1524 dexter
2064 1495 2119 1524 est
2152 1487 2284 1524 fortior
2311 1487 2360 1524 ad
2388 1500 2472 1527 mo·

1399 1547 1494 1587 tum,
1525 1540 1591 1578 sed
1620 1553 1689 1589 pes
1718 1540 1866 1577 sinister
1894 1540 1944 1577 ad
1971 1539 2195 1587 fixionem);
2226 1540 2471 1578 manifestum

1401 1601 1456 1631 est
1484 1602 1612 1631 autem
1651 1593 1757 1642 quod
1790 1606 1878 1642 pars
1915 1593 2080 1630 anterior
2109 1601 2144 1630 et
2171 1594 2360 1642 posterior
2395 1594 2473 1631 ani-

1399 1647 1522 1694 malis,
1544 1655 1581 1684 et
1600 1647 1773 1696 superior
1793 1655 1828 1684 et
1855 1646 2021 1694 inferior,
2043 1646 2222 1684 differunt
2240 1660 2319 1684 non
2347 1648 2472 1685 solum

1399 1701 1438 1738 in
1465 1701 1617 1747 virtute,
1647 1700 1716 1737 sed
1745 1700 1859 1737 etiam
1887 1700 1926 1737 in
1958 1700 2100 1748 figura:
2127 1700 2189 1737 illa
2216 1709 2345 1738 autem
2375 1713 2472 1750 quae

1400 1754 1522 1802 magis
1550 1754 1750 1802 differunt,
1780 1754 1960 1791 videntur
1987 1753 2296 1803 principaliorem
2334 1754 2472 1792 distan-

1399 1808 1491 1845 tiam
1519 1808 1674 1845 habere.

1460 1874 1518 1899 10.
1548 1861 1768 1899 Secundam
1797 1860 1985 1898 rationem
2013 1861 2121 1910 ponit
2148 1860 2218 1897 ibi:
2246 1862 2298 1897 Et
2321 1873 2472 1898 sursum

1400 1921 1437 1952 et
1453 1916 1628 1952 deorsum
1650 1923 1739 1952 etc.:
1768 1927 1868 1963 quae
1890 1914 1910 1935 *
1933 1914 2015 1951 talis
2035 1922 2101 1951 est.
2125 1915 2286 1951 Sursum
2307 1922 2344 1951 et
2364 1915 2473 1952 deor-

1400 1981 1486 2006 sum
1516 1968 1761 2006 inveniuntur
1777 1968 1796 1988 *
1816 1968 1855 2005 in
1884 1967 2064 2004 omnibus
2084 1967 2308 2016 corporibus
2329 1968 2473 2005 anima-

1400 2023 1462 2070 tis,
1492 2030 1571 2059 tam
1601 2021 1828 2059 animalibus
1866 2033 1983 2070 quarn
2017 2021 2172 2070 plantis;
2202 2021 2270 2058 sed
2299 2021 2474 2058 dextrum

1401 2084 1437 2113 et
1465 2075 1659 2113 sinistrum
1687 2088 1766 2112 non
1795 2074 1917 2112 existit
1945 2074 1983 2111 in
2011 2074 2160 2124 plantis,
2190 2074 2257 2112 sed
2282 2075 2410 2112 solum
2435 2075 2474 2113 in

1401 2129 1629 2167 animalibus
1656 2128 1854 2178 perfectis;
1885 2135 1920 2165 et
1948 2128 2001 2165 sic
2036 2140 2187 2165 sursum
2223 2136 2259 2164 et
2293 2129 2474 2166 deorsum

1401 2190 1488 2220 sunt
1515 2182 1654 2232 priora,
1676 2182 1890 2219 secundum
1920 2183 2026 2230 quod
2054 2181 2158 2231 prius
2188 2181 2432 2226 diciturillud
2454 2183 2473 2204 *

1401 2249 1423 2274 a
1452 2248 1529 2285 quo
1559 2248 1638 2272 non
1668 2235 1900 2272 convertitur
1929 2235 2201 2283 consequentia
2231 2235 2392 2273 essendi.

1462 2302 1518 2326 ιι.
1549 2289 1722 2326 Tertiam
1760 2288 1947 2325 rationem
1983 2288 2092 2337 ponit
2123 2288 2201 2325 ibi:
2238 2289 2375 2326 Adhuc
2407 2301 2474 2326 au-

1401 2349 1472 2380 tem
1512 2350 1604 2379 etc.:
1636 2354 1735 2390 quae
1767 2342 1786 2363 *
1813 2341 1894 2378 talis
1923 2349 1990 2378 est.
2026 2341 2242 2390 Longitudo
2282 2349 2337 2379 est
2370 2342 2475 2391 prior

1401 2395 1607 2443 latitudine,
1629 2403 1666 2432 et
1684 2396 1759 2432 hoc
1778 2395 1816 2432 in
1835 2395 1899 2432 via
1919 2395 2193 2442 generationis,
2224 2395 2314 2444 quia
2340 2408 2474 2433 secun-

1403 2450 1496 2487 dum
1517 2457 1732 2497 geometras
1761 2448 1860 2485 linea
1879 2456 1986 2485 mota
2005 2448 2091 2485 facit
2109 2448 2371 2497 superficiem:
2394 2462 2474 2486 sur-

1402 2515 1488 2540 sum
1518 2510 1647 2539 autem
1678 2510 1733 2539 est
1759 2501 1988 2551 principium
2018 2501 2273 2550 longitudinis,
2299 2503 2474 2540 dextrum

1402 2564 1530 2594 autem
1543 2557 1563 2577 ‘³‘
1572 2555 1802 2605 principium
1817 2555 2033 2603 latitudinis,
2043 2562 2085 2592 ut
2099 2568 2213 2604 supra
2225 2557 2267 2577 ³⁵*
2279 2563 2474 2593 ostensum

1403 2618 1470 2647 est.
1501 2610 1600 2647 Cum
1630 2609 1740 2657 igitur
1769 2608 1999 2658 principium
2023 2609 2159 2657 prioris
2179 2609 2225 2646 sit
2246 2609 2362 2657 prius,
2385 2622 2475 2647 con-

1402 2675 1567 2712 sequens
1588 2671 1644 2700 est
1662 2662 1769 2711 quod
1789 2675 1942 2699 sursum
1962 2662 2008 2699 sit
2025 2662 2130 2711 prius
2149 2674 2267 2711 quarn
2288 2664 2474 2711 dextrum,

1402 2716 1617 2754 secundum
1645 2716 1822 2753 scilicetss
1842 2715 1948 2765 quod
1977 2715 2118 2765 aliquid
2147 2723 2203 2753 est
2230 2715 2334 2764 prius
2363 2729 2475 2764 gene-

1403 2770 1547 2808 ratione
1581 2772 1805 2819 (propterea
1833 2770 1854 2790 *
1883 2769 1988 2818 quod
2022 2768 2148 2806 multis
2181 2769 2308 2806 modis
2341 2770 2475 2807 dicitur

1402 2823 1544 2872 aliquid
1571 2823 1694 2872 prius,
1724 2831 1766 2860 ut
1792 2830 1896 2872 patet
1922 2823 1961 2860 in
1988 2823 2307 2860 Praedicamentis
2327 2823 2347 2844 *
2377 2830 2413 2860 et
2441 2824 2476 2860 V

1400 2877 1618 2926 Metaphys.
1641 2877 1692 2923 ³).

1462 2942 1519 2967 12.
1551 2930 1740 2976 Quartam
1764 2929 1952 2966 rationem
1975 2929 2084 2978 ponit
2101 2928 2174 2965 ibi:
2194 2930 2330 2965 Adhuc
2348 2935 2473 2966 autem

1400 2984 1436 3020 si
1459 2995 1611 3020 sursum
1641 2983 1789 3031 quidem
1811 2990 1879 3019 etc.
1911 2983 1960 3019 Et
1982 2982 2103 3019 dicit*
2122 2982 2227 3031 quod
2248 2994 2399 3019 sursum
2421 2989 2476 3019 est

1402 3037 1506 3074 unde
1536 3044 1592 3073 est
1620 3044 1770 3083 motus,
1800 3035 1905 3084 quod
1925 3036 1944 3056 '³‘
1972 3043 2098 3085 potest
2125 3035 2277 3082 intelligi
2298 3035 2345 3072 de
2366 3043 2475 3073 motu

1404 3090 1619 3138 augmenti3
1650 3089 1825 3127 dextrum
1855 3097 1983 3125 autem
2017 3096 2073 3125 est
2100 3100 2123 3124 a
2150 3100 2228 3136 quo
2264 3095 2319 3125 est
2347 3096 2474 3126 motus

1403 3143 1552 3189 localis;
1584 3143 1750 3179 anterius
1779 3149 1907 3178 autem
1938 3149 1993 3178 est
2012 3142 2060 3178 ad
2081 3141 2185 3190 quod
2203 3142 2376 3190 procedit
2396 3142 2473 3179 ani-

1405 3197 1503 3244 mal,
1534 3196 1643 3244 quasi
1680 3195 1901 3244 oppositum
1939 3207 2009 3231 suo
2045 3194 2194 3240 sensui;
2229 3202 2265 3231 et
2292 3195 2346 3232 sic
2373 3203 2476 3244 patet

1405 3250 1509 3298 quod
1538 3261 1690 3286 sursum
1719 3249 1835 3285 habet
1857 3248 2052 3295 quandam
2072 3247 2388 3297 principalitatem
2418 3262 2474 3286 re-

1404 3310 1537 3352 spectu
1557 3302 1715 3338 aliarum
1736 3301 1951 3350 specierum
1978 3300 2194 3350 positionis,
2224 3301 2319 3338 sicut
2346 3310 2475 3340 motus

1404 3444 1458 3469 duo
1477 3444 1580 3473 horum,
1597 3444 1693 3468 harum
1713 3444 1780 3468 duas
1800 3443 1833 3474 P;
1853 3443 1915 3468 item
1929 3451 1978 3476 pro
1990 3442 2045 3468 alia
2060 3446 2183 3475 quatuor,
2197 3443 2266 3468 alias
2280 3446 2410 3476 quatuor-5
2429 3445 2475 3470 sed

1404 3480 1460 3512 ipsa
1480 3479 1499 3503 P
1518 3479 1623 3503 inferius
1642 3479 1721 3503 habet
1738 3478 1843 3507 omnia,·
1862 3478 1894 3503 cf.
1907 3486 1986 3511 supra
2004 3486 2077 3503 num.
2094 3486 2107 3502 2
2127 3477 2171 3503 fin.

1458 3515 1481 3547 ν)
1503 3514 1582 3545 Quod
1599 3517 1722 3539 autem..
1742 3514 1829 3539 minus
1850 3514 2025 3546 principalia.
2042 3528 2062 3533 -
2080 3514 2137 3539 Hoc
2159 3514 2283 3539 omittunt
2307 3516 2409 3540 codices
2433 3524 2475 3541 ex-

1404 3550 1484 3582 ceptis
1504 3550 1614 3579 AsEG1;
1634 3557 1682 3582 pro
1696 3549 1873 3581 principalia,
1894 3550 2031 3582 principia
2050 3550 2070 3574 P
2091 3549 2133 3582 (et
2151 3549 2268 3575 similiter
2286 3550 2312 3575 in
2330 3551 2474 3583 versione),

1404 3586 1451 3610 sed
1470 3586 1511 3610 ed.
1529 3583 1595 3609 1516
1613 3584 1691 3609 habet
1705 3585 1879 3617 principalia.
1899 3585 2049 3610 Immediate
2063 3590 2124 3618 post
2138 3586 2303 3618 principalia
2316 3587 2411 3611 AsEGI
2431 3587 2475 3611 ad-

1405 3621 1468 3645 dunt
1485 3621 1533 3645 sed
1551 3621 1652 3653 magis,
1672 3621 1744 3653 quod
1763 3621 1902 3646 concordat
1923 3628 1983 3646 cum
2002 3621 2033 3646 iis
2052 3629 2120 3654 quae
2138 3621 2164 3646 in
2182 3621 2233 3646 hoc
2252 3626 2278 3647 et
2296 3622 2379 3646 tribus
2399 3630 2473 3655 seqq.

1403 3657 1518 3680 numeris
1538 3656 1664 3681 dicuntur.

2501 1184 2512 1194 ⁸
2522 1183 2628 1205 dextrum
2643 1186 2666 1205 ct
2679 1184 2713 1205 si-

2501 1211 2600 1232 nistrum
2614 1217 2635 1232 Ρ.

2524 1343 2572 1364 sint
2584 1350 2606 1364 A.

2503 1930 2511 1938 ·
2524 1929 2588 1950 ratio
2604 1929 2657 1951 add.
2672 1935 2694 1951 P.

2500 1987 2511 1997 ⁸
2526 1987 2642 2008 invenitur
2656 1993 2678 2008 n.

2502 2198 2510 2205 ·
2529 2195 2589 2217 illud
2602 2201 2650 2217 om.
2666 2200 2687 2215 Ρ.

2501 2357 2511 2368 “
2526 2357 2590 2378 ratio
2607 2357 2660 2378 add.
2672 2363 2692 2378 Ρ.
2703 2367 2715 2371 -

2501 2385 2538 2404 est
2551 2389 2598 2405 om.
2610 2389 2646 2405 Po.

2501 2569 2512 2579 ⁵
2527 2571 2563 2590 est
2574 2569 2627 2590 add.
2637 2576 2659 2590 A.

2501 2596 2524 2607 ¹¹⁸
2538 2595 2609 2617 Num.
2623 2602 2649 2622 4.

2505 2728 2513 2736 ·
2522 2727 2612 2749 scilicet
2620 2733 2668 2748 om.
2676 2733 2715 2748 ΑΒ.

2502 2780 2512 2790 ⁸
2533 2782 2640 2827 cpropter
2672 2780 2716 2801 Ιιοε

2503 2813 2530 2828 co
2549 2806 2584 2832 d.;
2612 2809 2716 2834 propter

2503 2833 2538 2854 ed.
2554 2833 2607 2860 1516.

2503 2862 2511 2869 ·
2527 2860 2560 2881 Ca
2579 2875 2584 2880 .
2600 2866 2632 2880 ix.

2502 2887 2512 2897 ⁴*
2523 2866 2714 2912 s.'lph.1ect.xm;

2501 2912 2599 2934 Did.lib.
2606 2912 2646 2935 IV.
2655 2919 2675 2934 c.
2684 2919 2717 2934 x1.

2502 2993 2511 3001 ·
2526 2991 2613 3013 Dicens
2628 2991 2696 3013 codd.

2501 3045 2512 3055 ⁸
2527 3047 2552 3066 et
2564 3051 2586 3066 A.
