2782 4134
48 501 58 514 ‘
73 495 200 522 :micinae
213 506 235 521 P.

35 1348 256 1407 ,mm

42 1563 55 1576 ¹
60 1561 88 1587 S.
93 1561 141 1585 Th.
148 1562 202 1584 leet.
209 1567 255 1589 vm

40 1588 98 1617 Did.
102 1588 186 1617 nibal,
191 1594 256 1616 cmi,

41 1618 90 1643 ..a
97 1621 136 1645 nq-

29 1652 55 1683 '·'·
66 1667 188 1691 mm
204 1658 256 1690 «in.

38 1694 162 1745 pg‘‚m
187 1727 212 1744 11.
227 1726 254 1749 7;

35 1741 70 1772 Β.
76 1727 124 1771 ΤΕ.
133 1737 187 1801 ιιοᾶ.
195 1753 229 1770 vt.

42 1992 55 2010 ¹·
88 1991 258 2015 dumam

27 2022 30 2026 ’
43 2017 114 2042 eod&

26 2091 27 2095 ,
42 2045 256 2096 ὲῗεῑῗέᾰὲὲιΰὲ

25 2413 146 2435 faur.

40 2470 56 2482 ’·
73 2470 97 2493 si
117 2476 168 2493 om.
189 2469 260 2492 codd.

46 2501 70 2520 ot
84 2497 121 2520 ed.
136 2496 191 2526 1516.

45 3001 114 3024 'm
127 3006 178 3023 om.
191 3007 214 3023 ι’.

40 1236 278 1274 mundas

45 2630 58 2642 ⁴
66 2630 128 2652 sieut
135 2635 230 2652 seam
235 2635 261 2652 Α.

1105 252 1217 289 CAP.
1247 252 1351 299 VIII,
1381 251 1534 288 LECT.
1563 252 1652 288 XIII

282 331 379 369 tiosa
394 331 598 380 reliquerit,
610 332 735 369 stellas
749 344 828 369 non
842 339 957 369 vocat
976 326 1166 368 animalia.
1189 331 1301 378 Quia,
1313 338 1355 368 ut

283 384 501 422 Alexander
529 385 628 432 dicit,
650 384 875 422 sensitivum
905 384 1096 421 constituit
1123 384 1282 430 animal;
1316 384 1355 421 in

284 438 508 475 caelestibus
545 446 674 476 autem
708 437 951 486 corporibus,
991 437 1022 474 si
1051 445 1137 474 sunt
1166 438 1352 484 animata,

283 503 363 528 non
384 498 439 528 est
456 491 575 528 virtus
604 491 755 528 animae
775 490 954 527 sensitiva
975 491 1007 536 ²²⁴,
1037 490 1133 527 sicut
1157 490 1269 526 etiam
1289 502 1354 527 ne-

284 556 359 593 que
386 544 586 591 nutritiva;
618 544 722 582 unde
753 555 832 580 non
866 543 1043 580 dicuntur
1074 543 1252 580 animalia
1284 543 1354 579 nisi

284 597 516 646 aequivoce,
551 609 597 634 ex
625 610 672 634 eo
701 595 842 633 scilicet
870 597 975 645 quod
1009 597 1152 633 habent
1184 596 1353 632 animam

283 650 563 688 intellectivam.

339 703 416 741 Sed
448 704 524 740 hoc
552 701 770 751 Simplicius
803 702 842 739 in
871 708 1092 738 commento
1127 713 1197 738 suo
1226 701 1354 738 nititur

283 756 520 805 improbare:
548 755 637 804 quia
662 767 779 792 omne
803 754 910 803 quod
937 762 991 791 est
1009 753 1252 801 honorabile,
1274 766 1354 791 ma-

283 809 339 858 gis
358 816 414 846 est
441 809 725 846 attribuendum
745 808 969 845 caelestibus
994 807 1218 856 corporibus
1238 819 1355 856 quam

282 861 459 908 terrenis;
484 874 573 898 cum
593 874 683 910 ergo
703 861 840 898 sentire
859 862 1046 910 pertineat
1065 860 1115 897 ad
1134 860 1354 908 dignitatem

284 914 466 963 corporis,
486 914 639 952 videtur
657 914 763 963 quod
792 915 913 952 multo
933 914 1054 963 magis
1078 914 1253 951 caelestia
1273 927 1355 951 cor-

282 980 380 1018 pora
407 967 568 1005 sentiant
587 980 704 1017 quam
728 976 890 1005 terrena.
919 969 1132 1014 Praeterea,
1159 980 1248 1004 cum
1273 980 1356 1005 cor-

281 1033 379 1070 pora
408 1021 583 1058 caelestia
611 1033 651 1058 se
685 1022 852 1059 invicem
879 1029 1045 1070 tangant,
1080 1021 1355 1058 inconveniens

282 1073 436 1113 videtur
453 1074 560 1124 quod
576 1074 690 1113 etiam
706 1088 746 1112 se
766 1074 933 1112 invicem
954 1087 1034 1112 non
1053 1074 1226 1112 sentiant.
1253 1075 1355 1111 Con-

284 1126 383 1165 cedit
410 1127 522 1176 igitur
549 1128 655 1178 quod
689 1128 728 1166 in
757 1128 983 1178 corporibus
1017 1128 1240 1165 caelestibus
1269 1135 1357 1165 sunt

282 1188 533 1229 tres—sensus,
563 1181 703 1218 scilicet
728 1182 852 1229 visus,
883 1181 1034 1219 auditus
1063 1189 1099 1218 et
1125 1188 1263 1219 tactus:
1294 1194 1356 1219 ex-

283 1230 398 1272 'cffidit
420 1242 550 1271 autem
578 1235 627 1272 ab
651 1235 705 1272 eis
730 1236 828 1273 duos
856 1235 950 1272 alios
978 1247 1112 1272 sensus
1133 1235 1153 1256 ’³⁴
1181 1235 1355 1272 materia-

281 1286 412 1336 liores,
441 1287 581 1324 scilicet
608 1289 790 1326 olfactum
814 1296 851 1326 et
877 1296 1042 1337 gustum.

341 1341 374 1378 5.
405 1341 474 1378 Est
492 1340 603 1389 igitur
616 1342 827 1380 videndum
848 1343 868 1363 *³
885 1342 977 1391 quid
996 1342 1136 1379 horum
1156 1341 1201 1378 sit
1219 1354 1354 1379 secun-

255 1394 378 1432 *dum
407 1394 633 1432 sententiam
667 1395 891 1432 Aristotelis.
926 1394 1003 1442 Qui
1034 1394 1187 1432 videtur
1219 1395 1357 1432 sentire

284 1447 391 1497 quod
422 1447 461 1484 in
495 1448 719 1497 corporibus
752 1448 978 1486 caelestibus
1006 1460 1085 1485 non
1123 1447 1170 1485 sit
1205 1448 1277 1485 alia
1310 1449 1356 1486 de

281 1500 454 1550 partibus
487 1501 638 1538 animae
670 1501 742 1538 nisi
778 1501 1016 1539 intellectiva.
1055 1500 1158 1538 Dicit
1190 1501 1291 1539 enim
1319 1502 1358 1539 in

282 1554 355 1591 XII
387 1554 606 1603 Metaphys.
634 1555 654 1575 *
681 1554 787 1603 quod
823 1554 991 1604 primum
1026 1566 1191 1592 movens
1224 1563 1359 1592 movet

283 1607 433 1644 caelum
461 1607 557 1644 sicut
580 1606 854 1654 desideratum,
882 1620 962 1645 non
990 1607 1145 1657 quidem
1169 1608 1356 1646 desiderio

284 1671 437 1708 sensuS‚
476 1660 544 1698 sed
573 1660 763 1698 desiderio
793 1663 813 1683 *⁴
841 1661 1061 1699 intellectus.
1098 1662 1148 1699 Et
1175 1662 1214 1699 in
1247 1663 1279 1699 II
1310 1662 1356 1700 de

282 1713 424 1751 Anima
441 1715 460 1734 ὓ
485 1713 595 1752 dicit:
621 1715 755 1763 quibus
783 1715 877 1753 inest
907 1715 1144 1752 ratiocinatio
1174 1716 1357 1764 corrupti-

283 1766 434 1814 bilium,
463 1767 520 1804 his
547 1773 583 1804 et
613 1768 758 1817 reliqua
787 1769 915 1806 omnia
934 1775 960 1812 ‘,·
987 1769 1096 1817 quasi
1114 1769 1190 1806 hoc
1213 1782 1293 1806 non
1312 1770 1358 1806 sit

281 1831 421 1858 verum
439 1820 479 1858 in
494 1821 718 1870 corporibus
738 1821 1096 1871 incorruptibilibus,
1117 1822 1256 1871 quibus
1276 1823 1356 1872 opi-

283 1881 396 1912 natur
413 1873 645 1912 intellectum
665 1875 727 1912 vel
747 1875 936 1913 rationem
961 1875 1085 1913 inesse
1111 1876 1256 1925 absque
1276 1876 1357 1914 aliis

282 1926 460 1977 potentiis
489 1927 652 1965 animae.

338 1981 417 2018 Sed
437 1980 598 2018 dubium
617 1982 637 2003 ³*
654 1980 806 2019 videtur
825 1982 948 2019 facere
968 1983 1074 2031 quod
1093 1981 1228 2019 dicitur
1246 1982 1286 2020 in
1306 1983 1356 2020 III

284 2033 331 2071 de
342 2033 484 2071 Anima
503 2034 535 2071 *.
550 2034 642 2072 Νοη
666 2040 799 2083 potest,
820 2035 951 2084 inquit,
972 2047 1108 2084 corpus
1122 2037 1262 2073 habere
1276 2036 1356 2085 qui-

284 2087 370 2124 dem
397 2087 568 2124 animam
598 2093 634 2124 et
666 2088 891 2126 intellectum
917 2089 1177 2135 discretivum,
1206 2101 1356 2127 sensum

284 2145 411 2178 autem
439 2152 515 2178 non
540 2141 692 2187 habere,
714 2153 789 2179 non
819 2142 1031 2179 mansivum
1061 2143 1233 2189 existens,
1261 2142 1358 2180 idest

285 2192 358 2231 nisi
376 2201 532 2231 maneat
558 2206 712 2243 semper
738 2194 778 2232 in
806 2195 946 2232 eodem
966 2195 1064 2242 loco,
1094 2195 1188 2232 sicut
1206 2197 1357 2245 plantae

286 2253 325 2284 et
356 2246 535 2284 animalia
571 2246 798 2295 immobilia,
826 2248 1046 2298 generabile
1077 2254 1224 2296 autem,
1262 2249 1359 2286 idest

286 2299 318 2338 si
353 2299 401 2337 sit
442 2300 658 2348 generabile
698 2308 734 2338 et
771 2301 1012 2350 corruptibile
1046 2307 1059 2323 ⁸
1074 2331 1084 2348 ‚
1125 2302 1220 2339 sicut
1255 2310 1359 2352 patet

285 2353 326 2391 in
354 2353 575 2390 hominibus
609 2361 645 2391 et
676 2353 716 2391 in
744 2354 824 2391 aliis
860 2354 1081 2392 huiusmodi
1117 2355 1356 2393 animalibus.

287 2406 425 2444 Subdit
453 2414 601 2444 autem:
625 2407 677 2444 At
695 2407 716 2428 ¹⁸
734 2419 826 2444 vero
845 2420 966 2457 neque
984 2409 1261 2459 ingenerabile;
1289 2421 1359 2458 per

286 2460 392 2509 quod
418 2459 571 2497 videtur
598 2460 809 2508 significare
843 2461 948 2510 quod
981 2474 1106 2511 neque
1136 2462 1250 2499 etiam
1280 2462 1310 2499 si
1341 2463 1360 2483 ’¹‘

288 2525 427 2562 corpus
448 2513 604 2562 aliquod
633 2513 678 2550 sit
705 2514 960 2562 ingenerabile
990 2523 1026 2552 et
1053 2515 1357 2564 incorruptibile,

287 2565 384 2604 sicut
402 2573 490 2603 sunt
514 2566 690 2604 caelestia
710 2580 884 2617 corpora,
906 2568 1013 2617 quod
1036 2568 1176 2606 scilicet
1193 2569 1360 2606 habeant

288 2619 521 2657 intellectum
549 2619 630 2657 sine
656 2633 770 2658 sensu
796 2622 828 2659 *.
854 2622 904 2659 Et
931 2622 980 2659 ad
1007 2622 1083 2659 hoc
1114 2622 1359 2672 probandum

289 2672 433 2710 subdit:
467 2673 596 2715 Quare
613 2674 713 2711 enim
737 2687 812 2712 non
831 2676 1005 2722 habeant,
1031 2675 1170 2712 scilicet
1190 2688 1358 2724 sensum,

290 2737 380 2764 curn
407 2726 575 2764 habeant
601 2726 863 2765 intellectum?
894 2729 974 2765 Aut
990 2729 1089 2766 enim
1113 2729 1266 2766 animae
1284 2741 1360 2766 me-

289 2779 361 2816 lius
387 2785 456 2816 aut
481 2780 650 2828 corpori.-
677 2781 785 2829 quasi
810 2781 926 2819 dicat:
949 2789 1014 2819 aut
1040 2783 1115 2819 hoc
1147 2782 1253 2830 quod
1282 2795 1360 2820 non

289 2833 406 2870 habet
437 2845 613 2880 sensum,
649 2842 705 2870 est
731 2843 887 2884 propter
914 2836 1062 2872 bonum
1090 2835 1262 2883 animae,
1297 2843 1362 2873 aut

288 2893 446 2936 propter
465 2887 612 2924 bonurn
643 2888 824 2937 corporis.
851 2889 900 2925 Et
927 2888 1071 2926 subdit:
1099 2889 1217 2926 Nunc
1235 2895 1360 2926 autem

290 2945 465 2976 neutrum
498 2946 573 2977 est:
599 2941 672 2977 hoc
704 2942 853 2989 quidem
887 2942 1003 2989 enim,
1039 2941 1178 2987 scilieet
1211 2942 1357 2990 anima,

291 3004 365 3029 non
377 2992 398 3013 ¹⁸⁸
413 2993 538 3043 magis
553 2993 734 3044 intelliget
743 2995 824 3032 sine
837 3007 947 3032 sensu
953 3009 967 3040 ;
980 2996 1052 3032 hoc
1065 3001 1203 3042 autem,
1221 2995 1360 3033 scilicet

292 3057 443 3094 corpus,
468 3046 561 3083 nihil
582 3048 708 3097 magis
730 3048 811 3094 erit,
831 3047 929 3086 idest
952 3061 1031 3086 non
1050 3048 1119 3086 erit
1137 3049 1357 3097 durabilius,

345 3187 363 3221 ι)
385 3188 486 3219 Quibus
505 3188 607 3214 inest..
619 3206 625 3213 .
638 3189 737 3214 omnia.
749 3203 768 3208 —
786 3190 822 3215 Ita
840 3191 871 3219 A.
891 3190 1057 3216 conformiter
1076 3192 1168 3216 textuI:
1189 3187 1227 3220 οἷς
1247 3188 1291 3225 μὲν
1310 3189 1359 3224 γὰρ

293 3220 401 3259 ὗπάρχει
419 3219 547 3258 λογισμὸς
565 3225 615 3248 τῶν
635 3222 766 3258 φθαρτῶν,
792 3224 895 3254 τούτοις
914 3223 956 3250 καὶ
982 3224 1013 3250 τὰ
1033 3224 1114 3251 λοιπὰ
1134 3222 1235 3258 πάντα;
1261 3227 1280 3250 Ρ
1300 3234 1360 3251 cum

291 3265 340 3285 cet.
355 3259 417 3291 legit
435 3259 529 3291 quibus
542 3259 611 3284 inest
625 3260 798 3285 ratiocinatio
810 3265 1021 3293 corrumpuntur
1034 3261 1075 3286 his
1093 3265 1120 3287 et
1137 3262 1241 3294 reliqua
1260 3262 1360 3286 omnia.

290 3309 309 3314 -
321 3295 384 3320 Post
397 3302 478 3319 unam
496 3295 541 3319 lin.
560 3302 608 3327 pro
627 3295 786 3320 intellectum
806 3297 847 3321 vel
864 3297 996 3322 rationem
1014 3297 1105 3326 inesse,
1125 3297 1209 3322 inesse
1228 3297 1360 3322 rationem

292 3334 319 3356 et
337 3330 498 3356 intellectum
517 3331 539 3354 A
545 3338 552 3361 ;
572 3330 594 3354 E
612 3331 758 3364 transponit
777 3331 861 3357 inesse
878 3337 907 3356 ut
925 3333 961 3364 Α;
980 3333 1002 3357 D
1023 3340 1071 3366 pro
1090 3333 1173 3357 inesse
1191 3332 1269 3357 habet
1292 3339 1362 3360 esse,-

292 3370 340 3391 cet.
359 3366 449 3398 legunt
467 3370 492 3390 et
511 3365 595 3390 inesse
612 3370 641 3390 ut
658 3367 682 3390 A
701 3371 726 3391 et
744 3374 799 3392 esse
817 3372 845 3392 ut
862 3366 900 3392 D!

287 3422 289 3424 ,
345 3400 371 3433 κ)
385 3401 445 3425 Νοη
455 3404 577 3433 potest...
590 3402 742 3434 generabile
753 3405 780 3427 et
792 3403 972 3435 corruptibile.
985 3416 1004 3422 —-
1017 3403 1115 3428 'sextus
1129 3402 1219 3428 habet:
1240 3399 1290 3436 ⁰³³7.
1305 3398 1360 3426 οἷόν

292 3444 319 3461 τε
338 3433 365 3460 δὲ
385 3437 460 3478 osnig-ot
478 3433 543 3471 ἔχειν
563 3434 608 3469 μὲν
627 3434 711 3472 ψυχὴν
730 3434 772 3462 καὶ
792 3439 851 3463 νοῦν
864 3437 985 3472 κριτικόν,
998 3434 1114 3470 αἴσθησιν
1132 3435 1159 3462 δὲ
1179 3435 1213 3471 μὴ
1232 3435 1307 3471 ἔχειν,
1326 3434 1360 3470 μὴ

293 3469 403 3505 μόνιμον
424 3479 461 3502 ον,
480 3469 600 3504 γεννητὸν
619 3471 655 3497 δέ.
674 3472 740 3498 Huic
757 3474 943 3506 correspondet
961 3474 1036 3498 lectio
1055 3474 1174 3506 adaptata
1192 3480 1223 3496 ex
1241 3474 1276 3503 Α;
1296 3472 1316 3495 P
1335 3476 1361 3495 et

293 3507 371 3531 ceteri
389 3514 443 3532 om.
461 3507 582 3539 quidem,
602 3513 628 3532 et
645 3516 694 3540 pro
713 3516 765 3533 non
785 3509 934 3534 mansivum
952 3509 1072 3534 existens
1096 3508 1164 3532 idest
1183 3508 1235 3532 nisi
1253 3509 1361 3531 maneat

292 3542 383 3575 legunt
401 3550 453 3567 non
473 3543 595 3568 mansiva
614 3543 666 3568 nisi
684 3547 800 3569 maneat.
819 3545 927 3577 Insuper
946 3544 966 3568 P
982 3552 1035 3568 om.
1050 3542 1201 3576 generabile
1218 3545 1316 3570 autem,
1336 3546 1361 3565 et

293 3585 341 3610 pro
360 3577 429 3602 idest
446 3577 525 3602 habet
543 3585 634 3611 neque.
652 3579 784 3604 lunximus
803 3585 940 3612 utramque
959 3580 1094 3603 lectionem
1110 3578 1129 3601 P
1150 3582 1174 3601 et
1189 3578 1220 3606 Α,
1236 3576 1359 3601 mutando

294 3620 376 3645 neque
390 3613 415 3638 in
430 3613 513 3643 idem
532 3614 568 3638 sic
586 3614 655 3639 enim
674 3614 762 3640 omnia
781 3615 927 3639 cohaerent.
946 3614 1013 3638 Huic
1029 3618 1131 3637 nostrae
1146 3612 1248 3636 lectioni
1262 3611 1359 3644 aliqua-

2405 267 2470 303 171

1402 335 1561 378 propter
1589 329 1690 375 illud,
1716 329 1855 366 scilicet
1877 337 2033 378 propter
2051 331 2125 367 hoc
2146 332 2251 380 quod
2270 345 2349 370 non
2363 334 2479 370 habet

1410 395 1578 420 sensum.
1600 382 1712 420 Unde
1737 382 1943 420 concludit:
1972 383 2133 420 Nullum
2157 397 2251 435 ergo
2269 386 2381 422 habet
2397 387 2477 423 ani-

1409 448 1513 472 mam
1529 447 1677 484 corpus,
1694 448 1768 473 non
1784 448 1953 482 manenS,
1969 436 2049 473 sine
2061 449 2182 474 sensu.
2201 439 2259 474 Ex
2274 450 2351 487 quo
2368 439 2473 476 vide-

1409 497 1469 526 tur
1489 489 1627 526 sentire
1647 489 1764 537 quod,
1786 489 1816 526 si
1836 501 1998 538 corpora
2023 491 2197 527 caelestia
2216 491 2289 528 sint
2312 491 2478 529 animata

1410 542 1539 579 anima
1558 542 1728 579 rationali
1744 549 1781 579 et
1799 542 2038 590 intellectiva,
2055 543 2161 592 quod
2178 545 2344 581 habeant
2364 545 2477 582 etiam

1411 595 1699 632 sensum-Sed
1727 595 1815 632 huic
1843 596 2049 633 sententiae
2079 597 2208 634 obviat
2228 598 2334 645 quod
2352 598 2477 635 statim

1411 648 1558 684 subdit:
1586 649 1639 684 At
1664 660 1754 685 vero
1782 649 1816 685 si
1840 661 1990 686 sensum
2018 650 2139 696 habet,
2169 662 2316 687 necesse
2343 657 2396 687 est
2413 657 2480 688 aut

1411 712 1547 748 corpus
1581 713 1659 737 esse
1692 707 1758 737 aut
1788 702 1949 750 simplex
1990 708 2058 739 aut
2089 703 2262 740 mixtum.
2301 705 2477 752 Impossi-

1411 753 1483 789 bile
1510 758 1562 789 est
1589 759 1714 789 autem
1746 755 1765 775 ’¹‘
1792 755 1972 803 simplex:
2007 761 2146 793 tactum
2174 757 2273 793 enim
2309 769 2383 794 non
2411 759 2478 794 ha-

1411 807 1531 851 beret,
1562 811 1615 842 est
1641 812 1766 842 autem
1786 819 1932 844 necesse
1958 809 2058 845 hunc
2085 810 2234 846 habere.
2265 810 2366 847 Cum
2387 823 2476 859 ergo

1412 871 1574 907 corpora
1602 859 1775 895 caelestia
1807 860 1878 896 sint
1913 857 2121 910 simplicia,
2160 863 2393 912 impossibile
2423 872 2477 901 est

1411 911 1518 961 quod
1544 912 1710 948 habeant
1738 924 1892 950 sensum
1912 914 1945 950 *.

1465 966 1500 1002 6.
1531 965 1642 1002 Unde
1669 965 1862 1013 praedicta
1893 967 2011 1004 verba
2038 968 2247 1006 Aristotelis
2280 969 2334 1007 sic
2361 982 2477 1019 expo-

1411 1026 1552 1056 nuntur
1580 1026 1616 1054 et
1642 1030 1712 1067 per
1748 1018 2001 1056 Themistium
2031 1029 2067 1057 et
2093 1024 2306 1060 Averroem
2333 1023 2372 1061 in
2400 1024 2477 1060 suis

1412 1071 1652 1118 commentis,
1681 1078 1723 1108 ut
1751 1073 1826 1108 1106
1853 1072 1957 1120 quod
1987 1073 2089 1120 dicit,
2114 1076 2165 1111 At
2190 1087 2280 1113 vero
2309 1089 2429 1125 neque
2458 1078 2478 1098 *

1411 1124 1679 1175 ingenerabile,
1704 1124 1758 1161 sic
1777 1124 2015 1172 intelligatur:
2039 1128 2090 1163 At
2107 1139 2197 1165 vero
2217 1141 2337 1178 neque
2355 1131 2477 1167 incor-

1411 1178 1605 1227 ruptibile,
1635 1177 1775 1214 scilicet
1803 1190 1941 1226 corpus
1971 1180 2149 1228 caeleste,
2177 1183 2289 1219 habet
2313 1194 2475 1221 sensum.

1416 1232 1544 1274 Quare
1562 1231 1662 1268 enim
1691 1243 1766 1268 non
1795 1231 1973 1268 habebit?
1997 1232 2116 1278 Quasi
2136 1234 2294 1272 diceret:
2324 1235 2393 1273 ista
2422 1245 2477 1273 est

1412 1297 1527 1322 causa
1555 1296 1672 1332 quare
1700 1296 1779 1321 non
1807 1285 1938 1332 habet,
1968 1291 2034 1321 aut
2060 1287 2158 1323 enim
2177 1289 2328 1325 animae
2346 1290 2478 1327 melius

1411 1344 1480 1375 aut
1495 1338 1658 1386 corpori,
1679 1337 1776 1374 idest
1791 1338 1822 1384 ²¹³,
1839 1338 1870 1374 si
1889 1338 2044 1375 haberet
2063 1351 2217 1377 sensum
2237 1354 2374 1391 corpus
2394 1355 2476 1380 cae-

1411 1392 1522 1439 leste,
1557 1398 1621 1428 aut
1648 1391 1724 1428 hoc
1752 1398 1850 1428 esset
1876 1399 2031 1440 propter
2059 1393 2206 1431 bonum
2235 1395 2385 1432 animae
2414 1404 2478 1433 aut

1411 1452 1567 1494 propter
1600 1445 1747 1481 bonurn
1782 1444 1963 1493 corporis.
1998 1445 2115 1482 Nunc
2150 1453 2274 1484 autem
2303 1454 2476 1486 neutrum

1412 1504 1487 1535 est:
1519 1499 1590 1535 hoc
1627 1498 1776 1546 quidem
1817 1498 1937 1543 enim,
1976 1497 2115 1535 scilicet
2148 1500 2275 1537 anima
2309 1502 2477 1539 caelestis

1414 1551 1605 1600 corporis,
1635 1563 1710 1588 non
1745 1551 1870 1600 magis
1898 1551 2068 1601 intelligit
2098 1564 2170 1600 per
2195 1566 2344 1591 sensum
2380 1558 2478 1601 (non

1413 1605 1515 1643 enim
1544 1605 1660 1642 habet
1686 1604 1918 1641 intellectum
1937 1617 1959 1641 a
1980 1604 2152 1642 sensibus
2171 1606 2191 1626 *
2212 1607 2475 1656 accipientem,

1412 1659 1507 1696 sicut
1523 1658 1652 1696 anima
1670 1657 1898 1695 intellectiva
1916 1658 2103 1705 humana;
2125 1659 2192 1696 sed
2211 1659 2377 1708 intelligit
2396 1662 2478 1699 talis

1412 1712 1541 1751 anima
1567 1723 1637 1761 per
1665 1712 1826 1748 modum
1860 1711 2090 1748 substantiae
2123 1721 2338 1761 separatae,
2373 1715 2431 1751 cui
2458 1716 2477 1736 ’³²

1411 1765 1632 1811 immediate
1661 1764 1900 1802 continuatur
1919 1764 1957 1802 in
1982 1765 2115 1802 ordine
2143 1769 2303 1813 rerum);
2323 1768 2394 1804 hoc
2411 1780 2478 1804 au-

1411 1826 1496 1867 tem,
1526 1818 1666 1856 scilicet
1685 1831 1836 1867 corpus,
1862 1818 1954 1855 nihil
1972 1819 2096 1868 magis
2114 1820 2186 1856 erit
2201 1826 2358 1868 propter
2375 1821 2476 1868 illud,

1411 1873 1508 1911 idest
1527 1870 1540 1894 λ
1558 1884 1638 1910 11011
1667 1871 1954 1909 conservabitur
1972 1872 2011 1909 in
2031 1884 2112 1909 esse
2140 1885 2209 1921 per
2237 1885 2401 1921 sensum,
2431 1875 2477 1911 si-

1413 1934 1476 1964 cut
1503 1925 1637 1963 accidit
1663 1925 1702 1962 in
1731 1925 1955 1975 corporibus
1983 1926 2213 1963 terrestrium
2238 1927 2476 1976 animalium,

1412 1992 1511 2029 quae
1525 1987 1818 2029 praeservantur
1832 1991 1854 2015 a
1870 1979 2200 2028 corrumpentibus
2219 1992 2287 2029 per
2310 1993 2477 2028 sensum,

1412 2034 1507 2071 sicut
1534 2041 1637 2082 patet
1665 2044 1711 2069 ex
1738 2033 1797 2070 his
1825 2044 1924 2080 quae
1951 2033 2212 2081 praemiserat.

1466 2087 1515 2124 Et
1542 2087 1638 2124 haec
1657 2085 1814 2134 quidem
1843 2086 2027 2135 expositio
2055 2086 2207 2123 videtur
2234 2099 2317 2124 esse
2339 2100 2478 2124 conve-

1412 2140 1575 2178 nientior
1603 2147 1789 2189 quantum
1818 2139 1867 2176 ad
1887 2139 2096 2177 efficaciam
2125 2139 2291 2177 rationis.
2321 2141 2381 2178 Ad
2405 2141 2480 2177 1106

1413 2194 1517 2231 enim
1538 2193 1643 2242 quod
1670 2192 1810 2242 aliquid
1838 2205 1917 2230 non
1936 2192 1982 2230 sit
2001 2193 2153 2241 frustra,
2183 2193 2303 2241 magis
2332 2202 2481 2243 oportet

1413 2259 1597 2296 quaerere
1615 2253 1772 2296 propter
1799 2246 1892 2294 quid
1920 2246 2061 2295 aliquid
2090 2246 2152 2293 sit,
2183 2259 2298 2296 quam
2325 2255 2481 2296 propter

1413 2300 1506 2350 quid
1530 2300 1672 2349 aliquid
1699 2312 1779 2336 non
1807 2299 1862 2336 sit.
1888 2299 2000 2337 Unde
2029 2300 2078 2337 ad
2107 2301 2182 2337 hoc
2211 2300 2315 2349 quod
2335 2302 2482 2337 caelum

1413 2366 1492 2391 non
1524 2354 1664 2391 habeat
1698 2365 1873 2399 sensum,
1904 2353 2042 2390 sufficit
2070 2353 2270 2390 ostendere
2304 2354 2407 2403 quod
2436 2366 2481 2390 ex

1414 2420 1528 2444 sensu
1547 2406 1638 2444 nihil
1667 2406 1701 2443 ei
1730 2406 1866 2443 melius
1894 2406 2112 2455 proveniat,
2142 2407 2246 2455 quod
2283 2407 2436 2456 ponitur
2463 2408 2482 2429 *

1414 2460 1626 2498 secundum
1661 2460 1938 2509 expositionem
1968 2460 2187 2497 secundam.
2221 2461 2305 2497 Nec
2334 2468 2482 2509 oportet

1412 2522 1569 2563 propter
1587 2514 1662 2550 hoc
1682 2514 1882 2550 ostendere
1911 2513 2016 2561 quod
2039 2514 2173 2550 melius
2198 2514 2242 2550 sit
2268 2514 2300 2550 ei
2319 2526 2398 2550 non
2417 2514 2482 2550 ha-

1414 2568 1505 2605 bere
1524 2579 1699 2614 sensum,
1729 2567 1836 2615 quod
1863 2566 2062 2615 inquiritur
2081 2567 2292 2604 secundum
2316 2567 2481 2616 primam

1415 2620 1717 2670 expositionem:
1747 2619 1837 2669 quia
1861 2620 1936 2657 hoc
1955 2620 2082 2669 ipsum
2103 2628 2158 2658 est
2177 2620 2367 2657 sufficiens
2387 2620 2480 2657 ratio

1414 2687 1494 2712 non
1512 2673 1680 2711 habendi
1699 2685 1866 2720 sensum,
1884 2673 1914 2710 si
1928 2685 1997 2723 per
2016 2686 2171 2710 sensum
2188 2673 2279 2711 nihil
2299 2674 2332 2710 ei
2347 2674 2481 2710 melius

1415 2727 1605 2765 adveniat.
1627 2728 1704 2765 Sed
1718 2727 1738 2748 *
1754 2726 1947 2764 conclusio
1967 2739 2083 2775 quam
2104 2727 2224 2774 infert,
2241 2739 2319 2764 non
2333 2727 2482 2764 videtur

1414 2781 1502 2818 huic
1522 2780 1730 2818 sententiae
1755 2780 1924 2829 adaptari
1943 2781 1974 2826 ³²⁴,
2005 2780 2072 2817 sed
2092 2780 2212 2828 magis
2230 2780 2362 2829 priori:
2393 2793 2481 2816 con-

1416 2834 1531 2872 cludit
1551 2834 1652 2871 enim
1673 2841 1965 2882 consequenter:
1986 2833 2146 2871 Nullum
2162 2845 2255 2882 ergo
2274 2834 2386 2869 habet
2401 2833 2480 2869 ani-

1415 2892 1518 2925 mam
1548 2899 1700 2936 corpus,
1731 2899 1805 2924 non
1834 2899 2008 2932 manens,
2037 2886 2116 2922 sine
2141 2898 2261 2922 sensu.
2293 2885 2479 2932 Quamvis

1414 2941 1534 2990 possit
1554 2940 1626 2978 dici
1646 2940 1749 2989 quod
1777 2941 1872 2976 haec
1892 2939 2084 2976 conclusio
2104 2951 2182 2975 non
2203 2939 2415 2975 referaturss
2430 2938 2478 2974 ad

1416 2993 1637 3031 immediate
1665 2993 1954 3042 praecedentia,
1993 2992 2059 3028 sed
2088 2991 2133 3028 ad
2166 2991 2204 3027 id
2233 2991 2337 3040 quod
2365 3003 2479 3039 supra

1418 3048 1558 3085 dixerat
1586 3047 1632 3084 de
1662 3046 1885 3095 corporibus
1913 3044 2198 3093 generabilibus.

1415 3195 1491 3215 tenus
1506 3190 1602 3215 accedit
1616 3189 1669 3219 sG,
1689 3189 1750 3212 dum
1765 3187 1827 3220 legit
1835 3187 1948 3219 plantae
1967 3189 1992 3210 et
2010 3185 2065 3209 alia
2085 3184 2228 3209 immobilia
2241 3192 2341 3217 genera
2356 3185 2394 3210 ita
2407 3187 2480 3217 quod

1414 3226 1450 3250 sit
1467 3225 1619 3258 generabile
1633 3229 1681 3248 etc.
1701 3223 1793 3253 Quoad
1812 3222 1926 3254 reliquos
1946 3220 2055 3250 codices,
2070 3228 2117 3252 pro
2135 3220 2286 3253 generabile
2302 3224 2391 3245 autem
2411 3221 2479 3246 idest

1414 3261 1451 3290 si,
1471 3261 1491 3284 B
1511 3260 1588 3284 habet
1606 3259 1774 3291 generativa,
1794 3257 1815 3281 E
1834 3256 1992 3290 generabile,
2013 3255 2048 3279 sD
2068 3255 2246 3288 generabilia;
2264 3261 2324 3280 sunt
2343 3257 2479 3281 correctio-

1415 3303 1461 3320 nes
1476 3303 1524 3328 pro
1543 3301 1643 3327 genera
1662 3301 1721 3318 curn
1741 3292 1822 3324 spatio
1841 3291 1908 3319 albo,
1922 3291 1992 3323 quod
2007 3290 2101 3315 habent
2120 3290 2247 3322 CFlpDG.
2263 3291 2407 3324 quinimmo
2426 3293 2478 3317 edi-

1414 3331 1449 3355 tio
1472 3329 1547 3355 1516.

1467 3364 1495 3397 λ)
1516 3365 1591 3389 idest.
1605 3363 1736 3388 —scilicet
1753 3362 1777 3387 si
1795 3362 1849 3392 PF,
1875 3361 1975 3386 scilicet
2000 3361 2067 3386 idest
2091 3360 2115 3385 si
2138 3361 2178 3385 ed.
2202 3359 2276 3391 1516,
2297 3361 2365 3387 idest
2387 3362 2411 3387 si
2429 3368 2477 3388 cet.

1415 3408 1467 3425 exc.
1481 3401 1514 3424 Α.
1526 3414 1545 3418 -
1559 3400 1609 3423 Ρ10
1625 3405 1677 3430 per
1694 3405 1807 3425 sensum,
1823 3400 1937 3429 propter
1955 3403 2059 3421 sensum
2074 3396 2105 3424 A,
2120 3396 2160 3420 bis
2166 3404 2173 3427 ;
2193 3397 2360 3422 terrestrium
2374 3405 2427 3421 om.
2442 3398 2477 3427 Α;

1414 3443 1462 3468 pro
1481 3442 1548 3466 quae
1563 3436 1782 3465 praeservantur.
1803 3432 1827 3457 G
1839 3435 2052 3464 praeservantur
2077 3431 2162 3460 enim;
2183 3429 2230 3464 pro
2248 3439 2266 3456 α
2284 3433 2478 3464 corrumpenti-

1415 3472 1475 3498 bus,
1494 3477 1511 3494 a
1530 3468 1744 3500 corruptionibus
1763 3468 1782 3492 P
1802 3472 1827 3492 et
1850 3467 1924 3492 codd.
1944 3474 1997 3491 ext.
2016 3467 2047 3491 Α.
2066 3481 2084 3485 -
2102 3466 2223 3497 Inferius,
2243 3467 2276 3492 ibi
2295 3471 2422 3500 quantum
2442 3469 2478 3493 ad

1414 3505 1558 3539 efficaciam
1578 3503 1699 3532 rationis,
1719 3503 1738 3527 P
1758 3506 1886 3535 quantum
1906 3502 1942 3526 ad
1961 3501 2138 3535 differentiam
2161 3502 2288 3532 rationis,
2307 3504 2330 3527 Α
2349 3507 2477 3535 quantum

1414 3541 1450 3565 ad
1469 3539 1643 3573 efficationem
1663 3538 1784 3563 rationis.

1468 3574 1496 3608 μ)
1513 3581 1564 3599 non
1578 3575 1721 3607 referatur.
1735 3587 1753 3592 -
1767 3580 1818 3598 non
1838 3573 1955 3607 refertur
1974 3573 2048 3598 codd.
2057 3587 2076 3592 —
2087 3573 2167 3597 Linea
2186 3573 2303 3606 sequenti
2322 3581 2370 3606 pro
2383 3573 2430 3598 sed
2441 3573 2478 3598 ad

1415 3610 1454 3639 id,
1474 3610 1517 3634 ΡΙ)
1536 3609 1634 3634 scilicet
1652 3609 1689 3633 ad
1708 3609 1744 3634 id.

2506 770 2514 777 ·
2530 773 2581 790 esse
2595 768 2647 791 add.
2662 775 2683 790 Ρ.

2505 928 2513 936 ·
2528 933 2608 949 sensus
2618 933 2696 950 metr]
2701 945 2706 950 .

2505 1087 2513 1095 ·
2522 1091 2577 1107 vero
2583 1086 2645 1113 quod
2652 1088 2687 1107 est
2693 1093 2714 1108 r.

2504 1349 2512 1355 ·
2529 1348 2552 1367 et
2561 1353 2574 1368 Ρ
2584 1350 2606 1368 et
2620 1346 2714 1368 codices

2505 1379 2554 1394 exc.
2570 1379 2592 1394 A.

2505 1617 2514 1626 ·
2523 1616 2669 1638 sensibilibus
2679 1622 2716 1638 Ao.

2505 1725 2514 1734 '¹
2529 1730 2578 1745 cum
2593 1731 2614 1746 P.

2509 2416 2517 2424 ·’
2534 2413 2658 2440 exponitur
2678 2419 2720 2435 co-

2510 2441 2580 2462 dices.

2510 2736 2518 2743 ·
2536 2733 2585 2755 Sed
2605 2740 2652 2754 om.
2666 2739 2680 2754 P
2699 2736 2720 2754 et

2509 2761 2577 2782 codd.
2593 2766 2643 2781 exc.
2657 2765 2692 2781 Ac.

2509 2794 2517 2801 '
2533 2791 2615 2819 aptari
2626 2797 2664 2812 AB.
