2782 4134
1033 274 1143 311 CAP.
1174 275 1243 321 lx,
1273 273 1424 311 LECT.
1454 274 1543 311 xlv

2303 276 2376 313 363

788 515 1088 572 LEcT10
1126 517 1788 595 DECIMAQUARTA

223 666 280 697 DE
304 665 453 696 CAUSIS
477 666 520 696 IN
545 665 748 697 COMMUNI
774 666 969 697 ILLORUM
992 667 1302 698 METEORORUM
1322 669 1440 706 QUAE
1460 670 1517 700 EX
1536 670 1708 701 HUMIDA
1731 670 2044 702 EXHALATIONE
2064 671 2359 703 GENERANTUR

629 723 673 753 IN
698 722 914 754 lNFERIORI
939 723 1082 754 PARTE
1105 725 1228 755 AERIS
1253 742 1270 747 -
1295 725 1352 755 DE
1375 725 1550 764 PLUVIA,
1574 727 1691 757 RORE
1715 728 1773 758 ET
1796 728 1956 759 PRUINA

199 857 275 900 Περὶ
300 848 338 886 δὲ
363 856 426 887 τοῦ
451 855 498 897 τῇ
522 853 610 887 θέσει
630 853 690 899 μὲν
712 849 871 899 δευτέρου
889 855 999 889 τόπου
1016 857 1108 901 μετοί
1124 857 1264 898 τοῦτον,

268 898 404 943 πρώτου
429 893 466 931 δέ
492 901 565 944 περὶ
585 898 648 936 τὴν
666 899 730 944 γῆν
746 898 917 946 λέγωμεν·
944 900 1044 939 οὗτος
1066 902 1131 946 γάρ
1155 901 1264 939 κοινὸς

267 941 394 981 ὕδατός
421 954 460 974 τε
486 942 592 980 τόπος
615 945 674 974 καὶ
702 941 816 985 ἀέρος·
841 946 901 976 καὶ
926 946 992 977 τῶν
1010 958 1048 978 συ
1079 945 1264 986 βαινόντων

267 989 342 1033 περὶ
366 987 431 1024 την
457 987 525 1019 ἀνω
549 986 678 1034 γένεσιν
703 987 824 1020 αὑτοῦ.
863 989 1023 1026 Ληπτέον
1048 956 1166 1023 διὲκαὶ
1188 990 1266 1023 τού-

267 1044 335 1067 των
361 1031 426 1070 ταὶς
451 1030 558 1077 ἀρχάς
582 1033 641 1063 καὶ
666 1032 730 1069 τοίς
757 1033 872 1071 αἰτίας
897 1033 1037 1066 πάντων
1064 1036 1196 1079 ὁμοίως.

195 1077 239 1110 Ἦ
262 1077 322 1123 μὲν
341 1074 397 1108 οὖν
417 1077 460 1114 ὠς
484 1076 626 1108 κινοῦσα
648 1078 707 1108 καὶ
731 1079 829 1119 κυρία
853 1079 911 1110 καὶ
933 1078 1049 1123 πρώτη
1067 1080 1133 1113 τῶν
1156 1080 1194 1122 ἀρ
1223 1079 1266 1109 ὦν

268 1123 285 1155 ὁ
308 1119 430 1158 κύκλος
455 1121 561 1162 ἐστὶν,
581 1121 614 1152 ὲν
632 1120 656 1162 ᾦ
673 1121 819 1165 φανερῶς
836 1122 857 1159 ἡ
879 1123 941 1155 τοῦ
967 1124 1064 1160 ἡλίου
1088 1125 1174 1168 φορά
1216 1135 1266 1154 ια-

266 1169 424 1212 κρίνουσα
440 1166 499 1197 καὶ
515 1166 738 1211 συγκρίνουσα
755 1166 804 1207 τῷ
822 1166 974 1212 γίνεσθαι
988 1169 1130 1205 πλησίον
1147 1166 1168 1204 ἦ
1188 1179 1266 1209 πορ-

211 1242 238 1245 ,
265 1210 426 1254 pah-epm),
446 1209 544 1242 αἰτία
569 1210 631 1247 τῆς
656 1207 816 1254 γενέσεως
840 1212 900 1242 καὶ
925 1211 987 1248 τῆς
1012 1211 1134 1257 φθορᾶς
1159 1211 1264 1244 ἐστιν.

199 1253 373 1291 κινούσης
397 1248 435 1285 δὲ
461 1254 523 1291 τῆς
548 1254 632 1299 γῆς,
660 1253 701 1286 τὸ
726 1255 799 1298 περὶ
831 1255 943 1292 αὐτην
974 1256 1072 1301 ὑγρόν
1108 1256 1174 1287 aad
1200 1257 1266 1288 τῶν

269 1297 416 1332 ἀκτίνων
439 1299 499 1330 καὶ
524 1298 591 1330 dm?
616 1298 678 1336 τῆς
706 1298 811 1336 ἄλλης
833 1300 896 1338 τῆς
915 1298 1039 1333 ἄνωθεν
1057 1299 1268 1344 θερμότητος

214 1381 218 1384 ἢ
269 1337 518 1398 ἄτμιδούμενον
544 1342 683 1386 φέρεται
709 1341 795 1375 ἄνω·

201 1387 266 1427 τῆς
288 1381 327 1419 δε
351 1385 562 1439 θερμότητος
595 1384 830 1424 ἀπολιπούσης
855 1387 919 1425 τῆς
945 1386 1137 1433 ἀνοιγούσης
1165 1387 1266 1429 αὐτὸ,

266 1433 326 1464 καὶ
351 1443 415 1468 της
440 1430 499 1474 μέν
524 1426 749 1463 διασκεδαννυ
779 1430 852 1470 ένης
879 1431 960 1477 πρὸς
977 1431 1037 1464 τόν
1058 1431 1125 1464 ἀνω
1144 1430 1266 1472 τόπον,

267 1476 333 1514 τῆς
356 1469 395 1507 δὲ
424 1477 484 1507 καὶ
508 1474 730 1519 σβεννυμένης
751 1441 814 1508 §tei
837 1475 879 1509 τὸ
903 1474 1164 1520 μετεωρίζεσθαι
1190 1488 1269 1520 πορ-

266 1519 411 1565 ρώτερον
436 1519 483 1556 εἰς
507 1518 566 1552 τὸν
585 1519 668 1573 ὑπὲρ
690 1521 755 1558 τῆς
770 1520 834 1566 γῆς
862 1518 960 1565 ἀέρα,
978 1522 1185 1553 συνίσταται
1203 1519 1269 1553 ποί-

265 1566 319 1596 λιν
349 1564 378 1602 ἡ,
397 1563 501 1607 ἀτμὶς
532 1561 703 1616 ψυχομενη
736 1560 796 1597 διά
829 1576 868 1596 τε
900 1564 963 1601 τήν
997 1563 1173 1608 ἀπόλειψιν
1204 1565 1269 1597 τοῦ

264 1607 390 1652 θερμοῦ
412 1608 471 1639 καὶ
496 1606 558 1639 τὸν
583 1618 712 1649 τοπον,
737 1611 796 1641 καὶ
820 1611 956 1655 γίνεται
980 1605 1066 1651 ὕδωρ
1092 1608 1127 1650 ἐξ
1153 1607 1267 1653 ἀέρος·

265 1650 446 1700 γενόμενον
469 1646 508 1682 δέ
533 1649 672 1694 φέρεται
698 1652 801 1685 πάλιν
827 1653 908 1698 πρός
933 1653 998 1690 τήν
1022 1654 1100 1700 γῆν.

193 1694 296 1740 ’Ἐστι
315 1691 346 1728 δ’
374 1695 396 1732 ἢ
420 1694 480 1739 μὲν
507 1694 542 1736 ἐξ
567 1690 694 1734 ὕδατος
722 1696 944 1742 ἀναθυμίασις
978 1696 1101 1742 ἀτμὶς,
1128 1698 1149 1734 ἡ
1174 1693 1204 1728 δ’
1234 1696 1269 1738 ἐξ

269 1738 364 1794 ἀέρος
388 1739 433 1777 εἰς
459 1734 545 1784 ὕδωρ
570 1738 686 1782 νέφος·
713 1742 836 1787 ὀμίχλη
854 1737 892 1774 δὲ
911 1742 1048 1786 νεφέλης
1067 1744 1269 1786 περίττωμα

239 1786 331 1823 ‘vm
366 1784 412 1822 εἱς
449 1778 535 1827 ὕδωρ
569 1787 788 1830 συγκρίσεως·
819 1781 937 1831 διόπερ
968 1790 1105 1830 σημεῖον
1139 1785 1269 1830 μᾶλλόν

266 1828 358 1863 ἔστιν
391 1822 506 1865 εὐδίας
533 1826 554 1864 ἦ
580 1824 737 1862 ὁδοίτων·
764 1831 833 1862 οἷον
865 1830 931 1877 γοίρ
963 1828 1055 1864 ἐστιν
1088 1831 1109 1866 ’ἦ
1144 1831 1267 1875 ὁμίχλη

267 1872 388 1918 νεφέλη
414 1871 550 1918 ἄγονος.

199 1918 338 1951 Είνιται
361 1913 400 1949 δὲ
423 1915 545 1954 κύκλος
570 1916 671 1954 οὗτος
695 1917 898 1962 μιμούμενος
923 1918 984 1951 τόν
1009 1919 1073 1951 τοῦ
1091 1919 1187 1954 ἡλίου
1211 1918 1268 1950 κύ-

265 1963 365 1994 κλον·
393 1959 466 2003 ἅμα
516 1961 556 2003 οὶρ
589 1961 713 1998 ἐκεῖνος
738 1963 783 2000 εἰς
809 1963 857 1995 τοὶ
888 1962 1023 2009 πλοίγια
1054 1963 1269 2007 μεταβάλλει

266 2007 326 2038 καὶ
351 2003 452 2042 οὗτος
479 1973 546 2037 (ἔμω
578 2007 636 2036 καὶ
667 2005 780 2039 κάτω.
816 2008 882 2039 Καὶ
906 2002 959 2039 δεῖ
988 2007 1109 2043 νοῆσαι
1141 2008 1267 2039 τοῦτον

220 2066 221 2069 ¹
266 2049 379 2094 ὥσπερ
397 2049 556 2094 ποταμὸν
574 2048 699 2094 ῥέοντα
723 2050 834 2092 κύκλῳ
853 2051 921 2083 ἀνω
945 2053 1003 2083 καὶ
1028 2051 1138 2091 κάτω,
1157 2053 1268 2083 κοινὸν

268 2093 365 2139 ἀέρος
383 2095 442 2125 καὶ
461 2090 607 2131 ὕδατος·
634 2095 775 2132 πλησίον
793 2095 853 2139 μέν
870 2095 936 2142 γαρ
959 2095 1056 2133 ὄντος
1074 2097 1138 2128 τοῦ
1156 2097 1266 2138 ἡλίου,

269 2139 286 2172 ὂ
310 2139 373 2175 τῆς
401 2134 545 2182 ἀτμίδος
571 2138 639 2171 ἄνω
671 2140 723 2183 ῥεῖ
750 2140 927 2183 ποταμός·
955 2139 1185 2184 ἀφισταμένου
1210 2135 1267 2182 δὲ,

268 2183 286 2216 ὁ
310 2183 374 2216 τοῦ
400 2177 529 2221 ὕδατος
553 2182 663 2215 καίτω.
690 2184 757 2216 Καὶ
779 2185 876 2216 τοῦτ’
899 2180 1071 2229 ἐνδελεχές
1093 2183 1200 2216 ἐθέλει
1220 2186 1270 2230 γί-

266 2225 382 2259 νεσθαι
412 2226 510 2260 κατά
540 2239 578 2273 γε
606 2227 671 2264 τήν
704 2227 822 2269 τοίξιν·
848 2227 928 2261 ὥστ’
957 2230 1049 2272 εἴπερ
1082 2229 1267 2271 ᾐνίττοντο

268 2271 329 2304 τᾶν
354 2271 503 2303 ὠκεανὸν
529 2274 558 2304 οἱ
584 2270 766 2316 πρότερον,
794 2270 874 2318 τάχ’
905 2273 944 2305 ἄν
970 2273 1096 2304 τοῦτον
1122 2273 1182 2305 τόν
1209 2285 1268 2304 πο-

266 2315 379 2361 ταμόν
403 2315 534 2362 λέγοιεν
561 2315 620 2348 τὸν
645 2315 755 2358 κύκλῳ
779 2316 905 2361 ῥέοντα
931 2318 1004 2359 περὶ
1030 2317 1093 2353 τήν
1118 2318 1196 2363 γῆν.

196 2359 428 2407 Ἀναγομένου
453 2361 491 2392 δὲ
517 2361 580 2392 τοῦ
606 2361 708 2406 ὑγροῦ
735 2360 786 2392 ἀεὶ
811 2356 872 2393 διοὶ
895 2361 959 2398 την
984 2362 1047 2394 τοῦ
1071 2360 1192 2415 θερμοῦ
1214 2356 1270 2392 δύ-

267 2415 367 2448 ναμιν
390 2405 449 2436 καὶ
467 2404 571 2438 πάλιν
591 2402 772 2448 φερομένου
796 2404 893 2438 κοίτω
913 2401 974 2438 δια
993 2405 1057 2442 τήν
1074 2404 1169 2448 ψυξιν
1187 2405 1268 2449 πρός

268 2449 334 2487 τὴν
350 2449 430 2494 γῆν,
449 2450 574 2486 οἰκείως
592 2449 641 2480 τά
658 2448 817 2493 ὀνόματα
837 2453 909 2487 τοῖς
927 2449 1049 2482 πάθεσι
1072 2454 1187 2482 κεῖται
1210 2451 1269 2481 καὶ

203 2518 206 2520 -
246 2504 338 2529 ,τισι
367 2488 543 2538 διαφοραῖς
577 2493 708 2525 αὐτῶν·
737 2492 824 2526 ὅταν
853 2493 912 2538 μὲν
945 2494 1010 2540 γάρ
1040 2494 1138 2526 κατοὶ
1169 2493 1271 2538 μικροὶ

267 2537 426 2583 φέρηται,
445 2533 610 2582 ψακαδες,
632 2537 716 2570 ὅταν
736 2532 775 2570 δέ
798 2538 896 2570 κατσὶ
912 2538 1014 2582 μείζω
1034 2537 1150 2583 μόρια,
1170 2538 1268 2576 ὁετός

266 2582 442 2614 καλεῖται.

195 2626 255 2659 Ἐκ
279 2621 318 2658 δὲ
342 2627 405 2658 τοῦ
429 2624 504 2657 καθ’
526 2625 656 2671 ἡμέραν
684 2624 889 2669 ἀτμίζοντος
916 2626 992 2658 ὅσον
1020 2625 1059 2658 ἄν
1080 2627 1127 2670 μή
1146 2638 1273 2670 μετεω-

211 2677 214 2679 ’
267 2669 364 2715 ρισθῇ
389 2665 427 2701 δι’
458 2668 650 2716 ὀλιγότητα
668 2671 731 2702 τοῦ
754 2668 944 2716 ἀνάγοντος
962 2670 1050 2703 αὐτὸ
1069 2671 1170 2713 πυρός
1190 2670 1269 2714 πρός

266 2715 310 2746 τό
337 2713 549 2761 ἀναγόμενον
583 2709 691 2757 ὕδωρ,
717 2714 821 2746 πάλιν
854 2714 1156 2768 καταφερόμενον,
1185 2714 1270 2747 ὅταν

267 2757 379 2804 ψυχθῇ
403 2758 556 2804 νύκτωρ,
581 2760 743 2791 καλεῖται
766 2753 884 2801 δρόσος
909 2762 967 2791 καὶ
993 2771 1130 2804 παχνη,

201 2835 255 2881 ποί
279 2858 317 2884 νη
342 2845 402 2891 μὲν
431 2844 518 2879 ὅταν
543 2847 564 2884 η’
592 2846 693 2891 ἀτμὶς
726 2847 824 2892 παγῇ
859 2849 934 2891 πρὶν
960 2847 1004 2884 εἰς
1031 2841 1116 2891 ὕδωρ
1142 2858 1271 2893 συγκρι-

207 2896 227 2901 ”“
289 2891 368 2928 ἥναι
401 2890 503 2923 ποίλιν
528 2893 682 2935 (γίνεται
707 2885 745 2922 δὲ
794 2892 953 2935 ειμῶνος,
986 2892 1046 2922 καὶ
1077 2891 1205 2934 μᾶλλον
1236 2889 1270 2923 ἐν

269 2939 341 2973 τοῖς
372 2939 569 2980 χειμερινοῖς
602 2903 905 2978 τόποις),χδρόσος
937 2931 966 2967 δ’
995 2934 1080 2968 ὅταν
1109 2934 1269 2981 συγκριθῇ

267 2981 313 3018 εἰς
337 2974 424 3022 ὕδωρ
449 2981 470 3016 ἡ
493 2980 608 3024 ἀτμὶς,
626 2981 685 3011 καὶ
709 2979 786 3023 μήθ’
815 2978 923 3017 οὕτως
949 2980 1013 3025 ἔχῃ
1029 2981 1049 3016 ’ἡ
1069 2979 1156 3012 ἀλέα
1181 2977 1268 3011 ὥστε

267 3024 412 3067 ξηρᾶναι
437 3024 479 3057 τό
507 3023 670 3069 ἀνοιχθὲν,
695 3022 776 3067 μηθ’
797 3023 886 3057 οὕτω
911 3023 1016 3068 ψῦχος
1042 3022 1130 3056 ὥστε
1155 3025 1272 3070 παγῆ-

267 3079 324 3100 ναι
347 3067 412 3104 τῆν
439 3064 571 3113 ἀτμίδα
605 3066 717 3104 αὑτήν
742 3064 802 3101 διαὶ
825 3068 867 3100 τὸ
893 3069 914 3105 ἦ
941 3070 1000 3101 τὸν
1025 3068 1134 3100 τόπον
1163 3068 1271 3100 ἀλεει-

267 3111 424 3156 νότερον,
451 3112 474 3150 ἧ
499 3113 564 3150 τήν
589 3111 676 3157 ὥραν
702 3109 805 3145 εἶναι·
832 3115 966 3169 γίνεται
996 3111 1060 3158 γάρ
1091 3113 1221 3154 μᾶλλον
1247 3113 1268 3148 ’ἢ

267 3152 384 3201 δρόσος
411 3157 444 3189 ἐν
469 3152 567 3197 εὐδία
591 3158 648 3188 καὶΙ
673 3157 706 3188 ἑν
725 3161 797 3195 τοῖς
814 3152 1067 3201 ευδιεινοτέροις
1093 3154 1227 3196 τόποις,
1247 3157 1268 3192 ἡ

267 3196 305 3233 δὲ
330 3199 461 3255 πάχνη,
479 3200 635 3242 καθάπερ
661 3203 807 3244 εἴρηται,
827 3201 1047 3233 τούναντίον·
1075 3195 1179 3237 δῆλον
1203 3201 1268 3246 γάρ

211 3247 213 3249 ’
267 3246 308 3283 ὠς
335 3246 356 3281 ἦ
383 3247 485 3288 ατμὶς
510 3243 710 3289 θερμότερον
737 3241 864 3282 ὕδατος
891 3245 979 3290 (ἔχει
996 3245 1062 3290 γάρ
1079 3244 1121 3276 τὸ
1141 3244 1268 3290 ἀνοίγον

268 3289 320 3322 ἔτι
345 3290 443 3345 πῦρ),
469 3288 559 3321 ὥστε
585 3290 738 3325 πλείονος
763 3287 975 3334 ψυχρότητος
1001 3287 1112 3324 αὐτὴν
1137 3288 1246 3328 πῆξαι

199 3335 335 3365 Γίνεται
367 3328 386 3365 δ
427 3333 524 3376 ἄμφω
557 3331 687 3376 αἰθρίας
724 3345 770 3372 τε,
795 3335 854 3364 καὶ
885 3335 1059 3376 νηνεμίας·
1087 3331 1168 3363 οὔτε
1198 3333 1266 3385 γάρ

270 3377 506 3420 ἀναχθήσεται
531 3376 579 3420 μή
606 3376 705 3413 οὔσης
735 3375 885 3419 αἰθρίας,
914 3376 994 3407 οὔτε
1019 3376 1187 3411 συστῆναι
1212 3371 1268 3407 δυ-

267 3423 357 3453 ναιτ“
390 3421 429 3453 ἂν
457 3419 580 3463 ἀνέμου
606 3419 781 3457 πνέοντος.

202 3467 342 3510 Σημεῖον
367 3461 396 3496 δ’
419 3464 473 3498 ὅτι
497 3466 632 3510 γίνεται
656 3464 776 3496 ταῦτα
800 3459 860 3495 διά
883 3463 925 3495 τὸ
946 3463 994 3507 μη
1015 3462 1124 3506 πόρρω
1143 3474 1268 3505 μετεω-

266 3509 414 3554 ρίζεσθαι
439 3508 504 3545 τήν
532 3504 682 3551 ἀτμίδα·
710 3507 765 3539 ἐπὶ
790 3507 855 3554 γάρ
882 3511 953 3544 τοῖς
979 3507 1085 3551 ὄρεσιν
1118 3507 1156 3538 οὐ
1182 3508 1269 3552 γίνε-

267 3565 327 3586 ται
353 3553 480 3598 πάχνη.
515 3553 616 3585 Αἰτία
640 3547 678 3583 δὲ
703 3553 764 3594 μία
789 3550 848 3595 μὲν
876 3550 984 3591 αὕτη,
1014 3549 1068 3582 ὅτι
1095 3549 1267 3595 ἀνοίγεται

269 3598 305 3630 ἐκ
330 3599 397 3630 τῶν
422 3598 542 3630 κοίλων
576 3597 634 3628 καὶ
660 3591 805 3640 ἐφύδρων
831 3594 968 3636 τόπων,
995 3594 1082 3627 ὥστε
1111 3593 1266 3638 καθαπερ

1320 859 1338 877 '¹‘
1361 860 1409 890 De
1431 860 1505 891 loco
1529 868 1637 891 autem
1660 862 1817 901 positione
1834 865 1974 894 secundo
1998 871 2070 905 post
2093 864 2190 902 hunc,
2206 865 2311 905 primo
2329 877 2384 898 au-

1388 911 1453 934 tem
1477 904 1557 935 circa
1580 911 1704 944 terram,
1730 906 1880 938 dicamus.
1906 909 1965 939 Iste
1989 909 2074 939 enim
2097 909 2187 940 locus
2203 911 2383 941 communis

1387 954 1434 979 est
1456 959 1557 989 aquae
1580 955 1611 980 et
1625 949 1714 988 aeris,
1732 957 1762 980 et
1785 951 1993 982 accidentium
2017 953 2096 983 circa
2119 963 2190 984 eam
2213 964 2294 995 quae
2317 965 2383 985 sur-

1388 1002 1461 1023 sum
1483 992 1719 1032 generationem
1742 994 1850 1033 ipsius.
1872 995 2071 1027 Sumendum
2085 1003 2192 1028 autem
2216 1005 2247 1029 et
2264 998 2382 1029 horum

1387 1036 1539 1077 principia
1568 1043 1599 1067 et
1621 1047 1730 1067 causas
1753 1038 1899 1069 omnium
1923 1039 2073 1072 similiter.

1321 1081 1420 1118 Quod
1433 1080 1564 1122 quidem
1575 1081 1670 1121 igitur
1683 1088 1719 1112 ut
1733 1091 1865 1113 movens
1881 1090 1911 1114 et
1925 1084 2094 1125 principale
2106 1092 2136 1115 et
2147 1085 2288 1125 primum
2299 1086 2383 1127 prin-

1389 1124 1556 1165 cipiorum,
1582 1124 1716 1156 circulus
1740 1132 1796 1164 est,
1811 1126 1844 1156 in
1861 1137 1927 1168 quo
1944 1128 2107 1159 manifeste
2129 1129 2204 1160 solis
2226 1129 2302 1160 latio
2321 1130 2384 1160 dis-

1388 1178 1519 1209 gregans
1538 1175 1569 1199 et
1585 1179 1788 1209 congreganS,
1812 1170 1844 1200 in
1861 1170 1927 1201 fieri
1943 1182 2042 1212 prope
2061 1179 2116 1203 aut
2133 1173 2271 1214 longius,
2291 1184 2385 1205 causa

1389 1212 1598 1253 generationis
1618 1220 1648 1243 et
1671 1214 1882 1253 corruptionis
1907 1222 1961 1246 est.

1323 1257 1469 1287 Manente
1493 1263 1599 1287 autem
1623 1264 1713 1296 terra,
1731 1258 1819 1298 quod
1835 1258 1914 1289 circa
1930 1259 2032 1299 ipsam
2054 1260 2235 1300 humidum,
2253 1271 2271 1291 a
2290 1261 2383 1292 radiis

1390 1307 1421 1374 pt
1443 1301 1482 1331 ab
1506 1301 1567 1331 alia
1599 1311 1679 1342 quae
1704 1302 1838 1342 desuper
1862 1303 2015 1334 caliditate
2039 1313 2211 1344 evaporans
2225 1328 2234 1344 ,
2258 1315 2384 1336 sursum

1403 1351 1497 1375 ertur.

1325 1388 1491 1420 Caliditate
1514 1395 1621 1419 autem
1647 1399 1728 1430 quae
1752 1389 1840 1420 duxit
1862 1400 2007 1430 sursum,
2035 1391 2248 1432 relinquente,
2274 1399 2305 1423 et
2327 1393 2385 1424 hac

1391 1432 1522 1474 quidem
1555 1433 1670 1463 directa
1694 1433 1733 1463 ad
1764 1434 1960 1474 superiorem
1983 1435 2112 1474 locum,
2136 1436 2195 1467 hac
2225 1443 2332 1467 autem
2356 1444 2386 1468 et

1391 1477 1522 1508 extincta
1553 1484 1682 1517 propter
1714 1478 1864 1517 suspendi
1893 1479 2020 1519 longius
2050 1479 2082 1509 in
2106 1490 2175 1510 aere
2206 1480 2262 1521 qui
2292 1491 2386 1521 super

1391 1528 1523 1559 terram,
1548 1528 1670 1552 constat
1701 1521 1816 1552 iterum
1850 1532 1949 1562 vapor
1975 1522 2171 1563 infrigidatus
2199 1531 2230 1554 et
2257 1531 2386 1565 propter

1392 1565 1628 1596 derelictionem
1651 1565 1762 1595 caloris
1786 1572 1816 1596 et
1839 1573 1968 1606 propter
1990 1567 2110 1605 locum,
2135 1574 2166 1598 et
2187 1567 2223 1598 fit
2245 1578 2326 1609 aqua
2349 1578 2386 1599 ex

1392 1616 1478 1648 aere3
1502 1609 1583 1640 facta
1605 1616 1723 1648 autem,
1742 1609 1857 1640 iterum
1880 1610 1977 1641 fertur
2000 1611 2040 1641 ad
2062 1618 2186 1642 terram.

1325 1697 1382 1728 Est
1406 1704 1514 1728 autem
1537 1707 1619 1738 quae
1642 1697 1773 1738 quidem
1800 1707 1836 1728 ex
1859 1701 1946 1739 aqua·
1967 1698 2139 1737 exhalatio,
2163 1708 2282 1740 vapor;
2306 1710 2387 1741 quae

1392 1748 1499 1772 autem
1520 1751 1556 1772 ex
1571 1751 1641 1772 aere
1665 1741 1697 1771 in
1717 1751 1845 1782 aquarn,
1862 1742 1979 1780 nubes;
2000 1742 2099 1782 caligo
2117 1750 2222 1773 autem
2242 1744 2386 1783 nebulae,

1392 1784 1566 1816 decidentia
1597 1785 1663 1815 eius
1692 1796 1773 1826 quae
1803 1785 1835 1816 in
1866 1796 1982 1826 aquam
2013 1786 2230 1818 concretionis.
2255 1788 2387 1828 Propter

1390 1830 1480 1871 quod
1498 1829 1625 1870 signum
1647 1829 1748 1870 magis
1771 1836 1818 1860 est
1840 1830 2012 1861 serenitatis
2031 1841 2128 1871 quam
2151 1840 2323 1872 aquarum:
2341 1840 2387 1863 est

1392 1875 1478 1905 enim
1502 1874 1602 1914 caligo
1625 1874 1712 1904 velut
1734 1874 1850 1904 nebula
1873 1874 1994 1905 sterilis.

1325 1918 1375 1949 Fit
1398 1926 1506 1949 autem
1530 1918 1665 1949 circulus
1680 1918 1738 1948 iste
1761 1918 1888 1948 imitans
1905 1918 1979 1948 solis
1999 1918 2166 1949 circulum:
2187 1919 2282 1950 simul
2301 1920 2387 1950 enim

1391 1960 1444 1993 ille
1467 1963 1507 1992 ad
1530 1962 1636 2003 plagas
1659 1969 1868 2002 permutatur,
1893 1969 1923 1993 et
1945 1962 2002 1993 iste
2026 1972 2152 1993 sursum
2172 1971 2202 1994 et
2225 1964 2386 1995 deorsum.

1391 2007 1528 2047 Oportet
1547 2013 1654 2037 autem
1675 2006 1846 2046 intelligere
1870 2005 1954 2036 hunc
1975 2006 2063 2037 velut
2086 2006 2220 2037 fluvium
2236 2008 2387 2038 fluentem

1391 2051 1555 2088 circulum,
1567 2060 1694 2081 sursum
1704 2057 1735 2080 et
1747 2051 1907 2088 deorsum,
1921 2060 2127 2081 communem
2140 2051 2217 2081 aeris
2228 2059 2262 2082 et
2270 2059 2385 2092 aquae:

1390 2105 1491 2135 prope
1515 2095 1645 2135 quidem
1662 2094 1747 2124 enim
1771 2094 1919 2125 existente
1935 2095 2012 2132 sole,
2034 2095 2160 2134 vaporis
2176 2106 2302 2126 sursum
2318 2096 2388 2126 fluit

1391 2139 1522 2177 fluvius;
1539 2139 1686 2178 elongato
1704 2145 1821 2176 autem,
1846 2148 1946 2178 aquae
1963 2139 2127 2177 deorsum;
2144 2146 2174 2170 et
2192 2140 2253 2170 hoc
2272 2140 2388 2170 indesi-

1391 2193 1468 2213 nens
1492 2183 1562 2214 vult
1591 2182 1658 2212 fieri
1688 2183 1865 2213 secundum
1891 2182 2046 2213 ordinem.
2075 2183 2197 2222 Quare,
2230 2183 2387 2225 siquidem

1390 2226 1673 2266 aenigmatizabant
1687 2226 1852 2258 Oceanum
1868 2225 1998 2266 priores,
2010 2226 2090 2257 forte
2106 2227 2215 2268 utique
2227 2228 2313 2259 hunc
2328 2227 2386 2259 flu-

1389 2270 1479 2301 vium
1503 2270 1647 2301 dicebant
1671 2269 1858 2300 circulariter
1881 2269 2033 2301 fluentem
2057 2270 2136 2301 circa
2159 2278 2282 2302 terram.

1322 2365 1454 2396 Elevato
1478 2372 1585 2396 autem
1608 2364 1742 2395 humido
1767 2374 1892 2404 semper
1914 2371 2043 2404 propter
2066 2364 2156 2395 calidi
2178 2365 2338 2404 virtutem,
2356 2373 2387 2397 et

1389 2409 1505 2440 iterum
1536 2409 1600 2440 lato
1633 2409 1782 2439 deorsum
1815 2415 1945 2449 propter
1966 2408 2233 2448 infrigidationem
2260 2410 2299 2440 ad
2327 2417 2386 2440 ter·

1389 2463 1474 2491 ram,
1499 2453 1627 2493 proprie
1649 2452 1782 2483 nomina
1804 2453 2003 2493 passionibus
2026 2453 2238 2493 imponuntur
2257 2463 2294 2484 ex
2316 2454 2386 2495 qui-

1390 2498 1526 2528 busdam
1549 2496 1728 2527 differentiis
1746 2497 1896 2537 ipsarum.
1922 2496 2008 2527 Cum
2023 2497 2154 2537 quidem
2169 2497 2256 2528 enim
2279 2507 2387 2529 secun-

1391 2543 1469 2572 dum
1484 2541 1610 2572 modica
1624 2540 1750 2578 feratur,
1763 2541 1930 2581 psecades;
1943 2541 2072 2582 quando
2088 2548 2195 2572 autem
2211 2542 2387 2573 secundum

1390 2585 1526 2616 maiores
1550 2591 1664 2626 parteS‚
1680 2584 1789 2625 pluvia
1810 2591 1954 2615 vocatur.-

1323 2630 1398 2660 *Ex
1417 2640 1455 2660 eo
1470 2636 1577 2660 autern
1593 2629 1682 2670 quod
1703 2629 1741 2659 de
1761 2628 1810 2659 die
1827 2635 1984 2669 evaporat,
2002 2635 2158 2669 quantum
2174 2639 2240 2659 non
2257 2639 2386 2669 suspen-

1391 2684 1464 2704 sum
1488 2673 1591 2710 fuerit,
1610 2680 1739 2713 propter
1757 2673 1948 2713 paucitatem
1964 2683 2090 2703 sursum
2114 2674 2255 2704 ducentis
2277 2673 2386 2714 ipsum

1391 2718 1473 2758 ignis
1497 2718 1538 2748 ad
1561 2727 1629 2748 eam
1661 2727 1743 2757 quae
1774 2717 1913 2748 elevatur
1937 2727 2071 2757 aquam,
2100 2717 2214 2748 iterum
2237 2718 2388 2748 deorsum

1391 2763 1508 2799 latum,
1533 2772 1608 2792 cum
1629 2761 1846 2801 infrigidatum
1870 2761 1963 2792 fuerit
1992 2769 2100 2800 nocte,
2125 2769 2256 2792 vocatur
2279 2772 2331 2792 ros
2356 2769 2386 2792 et

1392 2806 1524 2846 pruina:

1323 2850 1439 2881 Pruina
1469 2849 1617 2890 quidem,
1650 2849 1779 2889 quando
1811 2859 1910 2889 vapor
1943 2849 2124 2888 congelatur
2146 2848 2331 2889 priusquam
2354 2849 2386 2879 in

1389 2903 1506 2936 aquam
1523 2894 1733 2924 condensetur
1746 2893 1860 2923 iterum
1878 2891 1926 2934 (fit
1941 2899 2058 2930 autem,
2075 2892 2107 2922 in
2123 2892 2226 2923 hieme
2242 2899 2273 2922 et
2286 2892 2385 2932 magis

1390 2937 1424 2968 in
1447 2937 1636 2968 hiemalibus
1659 2935 1774 2978 locis);
1798 2946 1850 2966 ros
1867 2942 1983 2974 autem,
2009 2946 2083 2966 cum
2106 2943 2269 2966 concretus
2293 2936 2386 2967 fuerit

1389 2982 1423 3012 in
1446 2991 1563 3022 aquam
1586 2990 1696 3021 vapor,
1721 2987 1751 3010 et
1774 2989 1878 3020 neque
1901 2980 1944 3010 sic
1975 2980 2068 3010 fuen‘t
2091 2987 2194 3010 aestus
2224 2986 2260 3010 ut
2289 2980 2383 3010 exsic-

1391 3032 1478 3056 cetur
1506 3035 1634 3055 sursum
1657 3025 1787 3062 ductus,
1811 3033 1915 3064 neque
1941 3024 1984 3054 sic
2015 3023 2111 3063 frigus
2144 3030 2179 3060 ut
2202 3024 2384 3063 congeletur

1389 3079 1489 3109 vapor
1511 3069 1593 3109 ipse;
1618 3075 1746 3109 propter
1768 3068 1856 3107 quod
1887 3075 1941 3097 aut
1962 3067 2053 3097 locus
2077 3067 2204 3098 calidior
2229 3074 2283 3098 aut
2305 3075 2384 3099 tern-

1389 3124 1460 3153 pus.
1485 3113 1536 3143 Fit
1559 3112 1644 3142 enim
1673 3122 1725 3142 ros
1748 3110 1847 3150 magis
1865 3110 1896 3140 in
1922 3111 2070 3151 temperie
2094 3118 2125 3141 et
2146 3110 2179 3141 in
2202 3111 2383 3152 temperatis

1389 3157 1483 3187 locis:
1509 3157 1621 3196 pruina
1638 3163 1754 3192 autern,
1775 3155 1855 3185 sicut
1870 3155 1990 3186 dictum
2006 3161 2066 3193 est,
2089 3155 2251 3185 contrarie.
2276 3155 2383 3186 Palam

1390 3201 1475 3232 enirn
1498 3200 1586 3240 quod
1602 3209 1701 3239 vapor
1724 3198 1854 3230 calidior
1869 3209 1964 3238 aqua,
1985 3198 2078 3228 habet
2098 3198 2185 3228 enim
2209 3199 2384 3230 elevantem

1390 3245 1493 3274 adhuc
1515 3244 1635 3283 ignem:
1660 3252 1757 3283 quare
1785 3242 1948 3282 amplioris
1979 3242 2152 3282 frigiditatis
2181 3242 2288 3282 ipsum
2313 3253 2383 3274 coa-

1388 3288 1505 3327 gulare,
2000 3284 2002 3286 ¹
2192 3310 2196 3313 -

1322 3332 1418 3362 Fiunt
1433 3338 1540 3361 autem
1558 3331 1653 3360 ambo
1677 3329 1840 3360 serenitate
1864 3337 1894 3360 et
1916 3330 2276 3373 tranquillitategneque
2298 3331 2384 3363 enim

1389 3375 1594 3405 elevabuntur
1609 3383 1674 3404 non
1694 3373 1842 3404 existente
1861 3373 2034 3411 serenitate,
2050 3384 2154 3414 neque
2169 3381 2310 3405 constare
2325 3385 2382 3415 po-

1388 3426 1493 3449 terunt
1515 3418 1625 3458 utique
1647 3425 1742 3448 vento
1766 3418 1870 3448 flante.

1322 3463 1455 3502 Signum
1478 3469 1585 3492 autem
1601 3461 1675 3502 quia
1694 3461 1775 3492 fiunt
1797 3462 1874 3492 haec
1897 3468 2062 3501 propterea
2085 3462 2172 3502 quod
2197 3472 2263 3493 non
2287 3462 2381 3502 longe

1388 3506 1591 3546 suspenditur
1607 3513 1723 3545 vapor:
1743 3505 1776 3535 in
1795 3505 1958 3536 montibus
1972 3505 2102 3546 quidem
2126 3505 2243 3536 etenim
2265 3516 2331 3536 non
2348 3506 2384 3536 fit

1388 3550 1511 3590 pruina.
1532 3549 1637 3580 Causa
1660 3556 1767 3579 autem
1795 3559 1858 3580 una
1881 3549 2011 3590 quidem
2035 3550 2130 3588 haec,
2157 3549 2232 3590 quia
2255 3560 2382 3580 sursum

1388 3593 1513 3624 ducitur
1540 3604 1576 3624 ex
1605 3593 1767 3623 submissis
1795 3600 1825 3624 et
1857 3593 2011 3624 humectis
2033 3593 2125 3624 locis:
2157 3603 2271 3634 quare,
2296 3594 2382 3625 velut

2410 875 2420 885 ⁸
2437 874 2495 901 Cap.
2511 880 2542 895 ix.

2413 2637 2423 2647 ³
2441 2635 2497 2663 Cap.
2513 2642 2535 2656 x.
