2782 4134
331 268 374 292 lo
1028 251 1098 287 DE
1129 248 1304 286 CAELO
1334 248 1404 284 ET
1433 244 1628 283 MUNDO
1660 243 1752 279 LIB.
1785 243 1798 277 Ι

325 335 472 371 finitum
506 334 714 371 secundum
746 339 864 369 totam
900 343 1008 368 suam
1041 330 1195 366 molem.
1234 327 1383 364 Interim
1441 337 1522 361 esse
1543 336 1564 360 a
1584 330 1728 367 natura,
1750 320 1817 356 sed
1837 318 1957 378 magis
1979 319 2026 377 ab
2048 317 2175 366 aliquo
2196 317 2398 378 intellectu,
2419 317 2515 356 sicut

324 396 462 435 tamen,
484 395 686 436 antequam
714 387 788 422 hoc
816 392 1002 430 tractetur,
1026 383 1226 420 dicendum
1257 387 1312 416 est
1336 380 1382 416 de
1440 390 1483 413 ex
1505 377 1561 412 his
1582 387 1679 424 quae
1700 375 1997 410 determinantur
2015 384 2054 431 in
2074 372 2161 408 VllI
2181 372 2333 419 Physic.
2349 372 2371 392 *
2386 379 2422 408 et
2441 373 2512 409 XII

323 441 490 490 partibus
511 441 590 477 eius
614 451 711 488 quae
732 445 819 475 sunt
834 437 1036 475 secundum
1055 435 1225 483 speciem,
1246 433 1283 468 in
1301 433 1380 480 qui·
1436 428 1687 486 Metaphysic.
1707 428 1726 447 ·“·““
1746 433 1859 485 patet.
1872 446 1896 453 -
1914 425 1991 462 Sed
2012 425 2220 484 dicendum
2241 431 2297 461 est
2317 425 2423 484 quo-d
2444 425 2513 463 du-

186 490 199 523 {⁵
325 495 395 530 bus
429 493 566 530 scilicet
593 491 610 521 β
638 492 824 540 integritas
862 489 998 539 speciei
1036 488 1151 536 ipsius
1189 485 1378 531 consistit,
1435 483 1519 531 plex
1536 490 1591 518 est
1605 491 1833 529 principium
1850 486 1995 516 motus:
2016 491 2138 515 unum
2155 478 2313 528 quidem
2329 486 2511 527 activum,

325 546 535 583 cuiusmodi
555 554 639 583 sunt
668 544 848 593 simplicia
878 554 1047 590 corpora.
1079 541 1182 576 Nam
1203 537 1379 575 animalia
1436 535 1541 583 quod
1579 542 1635 570 est
1668 533 1748 582 ipse
1777 540 1925 591 motor,
1956 540 1992 592 et
2019 533 2093 569 tale
2121 531 2353 591 principium
2383 540 2512 592 motus

325 606 360 635 et
378 601 526 648 plantae
549 607 584 635 et
604 599 674 635 alia
693 596 908 635 huiusmodi
929 602 1014 631 sunt
1032 592 1275 630 secundariae
1294 603 1379 639 par-
1435 587 1654 624 animalium
1677 594 1732 623 est
1752 598 1899 622 anima:
1930 586 2032 623 aliud
2053 593 2182 623 autem
2205 594 2261 623 est
2278 598 2511 634 principium

322 660 377 689 tes
398 653 492 699 eius,
515 665 612 701 quae
630 651 748 699 magis
767 649 952 699 pertinent
972 648 1018 684 ad
1039 647 1135 682 bene
1161 657 1242 681 esse
1261 644 1378 693 ipsius
1432 648 1559 678 motus
1586 639 1803 688 passivum,
1833 639 1976 676 scilicet
1995 641 2209 678 secundum
2237 639 2342 689 quod
2373 651 2512 689 corpus

2542 372 2601 421 'SC'¹
2619 379 2677 422 ἰἒέτ
2688 378 2713 396 “’
2725 379 2742 404 ⁹

2542 432 2598 483 3¹18?
2600 442 2653 484 “rii.
2668 454 2721 476 tect.
2727 460 2744 478 v

2541 479 2717 508 Did.11b.xl‚c.
2741 506 2744 507 ⁷

81 1186 91 1197 ¹⁸
106 1186 166 1208 Lect.
180 1192 228 1207 vm.

81 1404 88 1411 ·
105 1401 167 1422 Lect.
178 1407 199 1422 v,

81 1507 88 1514 '¹
108 1503 272 1526 ostendendum

79 1612 87 1621 '¹
102 1611 164 1632 Lect.
181 1617 229 1638 seq.

77 1826 84 1835 ¹
100 1825 168 1847 Num.
184 1831 206 1846 11.

78 1986 85 1993 ·
100 1984 169 2006 Num.
181 1990 199 2012 5.

76 2410 83 2418 '
112 2408 154 2429 Ιιοε
178 2409 282 2436 proban-

74 2435 126 2456 dum
139 2442 160 2456 Α.

76 2568 282 2622 s.'(r:i³1i³ieit’.1¹‚¹i1.²5i

77 2893 199 2941 ἷῦἓῗρὲῖιέις
209 2893 232 2915 S.
241 2893 285 2915 Th.

293 723 298 726 ·
323 718 437 754 quam
454 705 501 742 ad
517 705 678 754 primam
701 704 777 740 eius
797 701 1052 749 integritatem.
1076 700 1124 736 Et
1137 700 1236 735 hanc
1257 696 1377 733 consi·

323 759 554 795 derationem
574 757 835 794 inchoabimus
854 767 875 790 a
894 753 1078 802 principio
1099 752 1192 788 infra
1211 750 1348 800 posito.

377 823 410 850 2.
431 811 578 848 Deinde
600 823 684 846 cum
706 808 811 846 dicit:
837 807 970 844 Omnia
990 806 1088 842 enim
1110 805 1271 854 physica
1291 811 1373 848 etc„

322 864 483 901 ostendit
511 854 764 913 propositum,
801 860 937 897 scilicet
970 872 1014 895 ex
1043 859 1180 907 quibus
1205 857 1375 907 partibus

320 917 584 966 principalibus
625 915 785 964 perfecta
828 913 971 961 species
1008 911 1174 948 universi
1218 910 1375 957 integre-

320 978 388 1007 tur.
415 971 463 1007 Et
484 970 607 1018 primo
636 967 794 1004 ostendit
818 966 922 1015 quod
943 972 1091 1014 praeter
1110 971 1272 1012 quatuor
1300 963 1373 999 ele-

320 1031 466 1068 menta,
497 1034 648 1059 necesse
683 1028 736 1057 est
770 1032 851 1056 esse
889 1018 989 1055 aliud
1023 1030 1159 1066 corpus
1192 1016 1372 1064 simplex3

321 1076 486 1113 secundo
516 1072 804 1121 ostenditrquod
832 1079 980 1121 praeter
1007 1071 1175 1119 quinque
1211 1082 1373 1118 corpora

319 1129 497 1177 simplicia
525 1140 601 1164 non
629 1134 682 1163 est
710 1126 808 1163 aliud
838 1137 994 1173 corpus,
1025 1123 1093 1160 ibi:
1122 1123 1371 1172 Manifestum

318 1188 440 1219 autem
468 1193 517 1217 ex
543 1181 644 1217 dictis
669 1180 688 1200 ’¹‘
716 1187 782 1216 etc.
815 1178 923 1215 Circa
950 1177 1118 1226 primurn
1154 1176 1231 1213 duo
1261 1177 1369 1214 facit:

317 1235 439 1284 primo
460 1233 620 1270 ostendit
638 1245 718 1270 esse
739 1232 910 1281 quintum
940 1243 1076 1279 corpus
1104 1237 1255 1279 praeter
1281 1243 1371 1280 qua-

317 1296 403 1324 tuor.
419 1287 619 1332 elementa;
645 1285 812 1323 secundo
833 1284 995 1321 ostendit
1015 1283 1269 1321 differentiam
1289 1285 1370 1321 eius

316 1341 364 1377 ad
391 1348 549 1389 quatuor
578 1340 781 1384 elementa,
813 1338 880 1374 ibi:
913 1338 1098 1379 Quoniam
1123 1343 1248 1374 autem
1277 1339 1371 1375 haec

315 1394 460 1442 quidem
478 1398 735 1442 supponuntur
755 1394 774 1413 ‘⁴³
796 1399 862 1428 etc.
895 1391 1004 1427 Circa
1030 1390 1198 1440 primum
1220 1391 1297 1428 duo
1318 1392 1369 1428 fa-

316 1447 378 1483 cit:
407 1446 530 1495 primo
557 1445 758 1495 praemittit
781 1444 970 1493 quaedam
996 1456 1094 1493 quae
1124 1452 1211 1481 sunt
1239 1457 1369 1482 neces-

315 1500 409 1537 saria
428 1500 476 1536 ad
494 1499 729 1549 propositum
750 1498 1028 1535 ostendendum
1049 1497 1088 1543 *3
1120 1499 1290 1536 secundo
1311 1511 1369 1535 ar-

313 1560 546 1601 gumentatur
574 1554 620 1590 ad
648 1552 903 1601 propositum,
933 1551 1000 1587 ibi:
1023 1551 1065 1587 Si
1082 1552 1232 1599 quidem
1252 1553 1370 1602 igitur

314 1613 366 1643 est
391 1607 548 1654 simplex
574 1612 693 1642 motus
711 1607 730 1626 ³*
750 1612 817 1642 etc.
844 1604 954 1641 Circa
976 1604 1144 1654 primum
1165 1605 1242 1642 duo
1264 1606 1367 1643 facit:

313 1660 433 1708 primo
461 1659 661 1708 praemittit
679 1658 866 1708 quaedam
887 1670 985 1706 quae
1004 1658 1194 1707 pertinent
1216 1659 1264 1696 ad
1285 1672 1368 1696 mo-

313 1721 388 1758 tus;
418 1713 582 1749 secundo
611 1712 716 1761 ponit
735 1712 922 1760 quaedam
950 1724 1048 1760 quae
1077 1712 1265 1761 pertinent
1285 1715 1333 1750 ad
1354 1719 1368 1740 ⁷

313 1778 470 1815 corpora
498 1765 666 1812 mobilia,
693 1765 759 1802 ibi:
794 1765 979 1808 Quoniam
1008 1771 1133 1802 autem
1163 1778 1366 1815 corporum

311 1821 401 1856 haec
420 1819 565 1868 quidem
582 1821 600 1839 ²²
617 1827 684 1855 etc.
706 1819 813 1856 Circa
832 1818 997 1868 primum
1019 1819 1096 1855 duo
1118 1819 1219 1856 facit:
1241 1820 1366 1869 primo

311 1873 510 1921 praemittit
538 1872 817 1909 continuitatem
842 1880 966 1909 motus
986 1872 1114 1909 localis
1134 1873 1183 1910 ad
1204 1886 1367 1923 corpora

312 1926 511 1972 naturalia3
541 1926 706 1963 secundo
734 1927 839 1975 ponit
873 1925 1151 1963 distinctionem
1187 1935 1363 1964 motuum

311 1980 496 2027 localium,
526 1979 597 2016 ibi:
631 1980 757 2016 Omnis
784 1985 906 2016 autem
930 1980 948 2000 ss
970 1987 1038 2016 etc.

365 2035 398 2070 3.
428 2032 526 2070 Dicit
545 2045 631 2081 ergo
651 2033 773 2081 primo
801 2033 903 2082 quod
924 2033 1053 2070 omnia
1082 2046 1245 2083 corpora
1265 2035 1366 2084 phy-

308 2087 397 2132 sica,
426 2086 521 2123 idest
549 2086 739 2134 naturalia,
769 2086 928 2124 dicimus
953 2100 1034 2124 esse
1054 2087 1211 2125 mobilia
1231 2101 1365 2126 secun-

310 2141 400 2177 dum
429 2140 553 2176 locum
580 2141 780 2177 secundum
799 2141 930 2189 seipsa,
955 2141 1051 2178 idest
1074 2141 1287 2179 secundum
1308 2142 1365 2179 sui

308 2201 498 2239 naturam;
520 2200 555 2229 et
574 2193 738 2230 similiter
757 2193 846 2230 alias
866 2194 1142 2242 magnitudines
1163 2196 1363 2242 naturales,

307 2254 398 2294 puta
426 2246 640 2295 superficies
669 2255 704 2283 et
732 2247 858 2294 lineas,
887 2256 998 2296 prout
1026 2256 1110 2285 sunt
1130 2249 1280 2286 termini
1300 2262 1364 2286 na-

288 2299 483 2338 ‚turalium
513 2312 736 2349 corporum;
759 2300 807 2338 ita
826 2308 954 2338 tamen
974 2302 1078 2351 quod
1108 2315 1268 2352 corpora
1295 2315 1365 2352 per

308 2366 347 2389 se
368 2360 585 2400 moventur,
615 2354 709 2391 aliae
736 2362 863 2391 tamen
883 2355 1160 2402 magnitudines
1179 2369 1247 2405 per
1266 2356 1363 2393 acci—

309 2406 412 2452 dens,
429 2406 539 2443 motis
560 2407 790 2456 corporibus.
813 2409 860 2444 Et
875 2409 922 2445 ad
942 2409 1053 2446 huius
1068 2410 1365 2458 probationem*

309 2459 448 2496 inducit
476 2459 733 2498 definitionem
754 2469 920 2508 naturae,
941 2474 1038 2510 quae
1059 2470 1114 2500 est
1135 2463 1364 2512 principium

309 2519 428 2549 motus
456 2514 493 2550 in
521 2515 572 2550 eis
600 2514 636 2551 in
665 2515 796 2563 quibus
824 2520 887 2560 est,
918 2523 958 2551 ut
986 2515 1119 2552 dicitur
1145 2516 1182 2553 in
1210 2518 1240 2553 ll
1265 2518 1365 2566 Phy-

310 2566 372 2603 sic.
401 2568 420 2588 '⁴⁴²
448 2567 505 2603 Ex
533 2568 607 2603 hoc
634 2575 759 2604 autem
789 2567 840 2604 sic
869 2577 1157 2616 argumentatur.
1193 2570 1366 2620 Corpora

312 2619 492 2656 naturalia
519 2628 604 2656 sunt
631 2633 728 2668 quae
756 2621 896 2658 habent
924 2629 1114 2659 naturam:
1145 2624 1211 2661 sed
1232 2632 1365 2662 natura

314 2679 368 2708 est
394 2672 617 2722 principium
646 2681 771 2710 motus
791 2674 829 2710 in
859 2674 910 2710 eis
939 2674 975 2711 in
1005 2676 1142 2724 quibus
1171 2685 1245 2714 est:
1276 2690 1365 2726 ergo

314 2738 473 2774 corpora
510 2727 692 2763 naturalia
728 2727 868 2764 habent
904 2728 1129 2778 principium
1167 2739 1293 2767 motus
1329 2732 1366 2770 in

313 2778 454 2829 seipsis.
485 2779 561 2816 Sed
594 2792 856 2829 quaecumque
891 2790 1094 2820 moventur
1122 2796 1366 2833 quocumque

313 2840 435 2879 motu,
455 2841 657 2870 moventur
676 2833 851 2880 localiter,
872 2847 949 2871 non
970 2844 1094 2873 autem
1121 2850 1140 2873 e
1161 2850 1364 2886 converSO,

313 2893 353 2921 ut
371 2893 473 2934 patet
496 2885 534 2922 in
552 2887 637 2923 VIII
657 2887 804 2934 Physic.
824 2889 855 2934 ²²²,
886 2900 931 2924 eo
961 2890 1063 2937 quod
1092 2898 1218 2927 motus
1237 2893 1366 2929 localis

315 2946 368 2975 est
395 2939 538 2987 primus
567 2947 753 2976 motuum.
785 2941 926 2977 Omnia
955 2954 1043 2990 ergo
1074 2955 1233 2993 corpora
1261 2954 1366 2982 natu-

315 2992 402 3028 ralia
420 3001 620 3030 moventur
639 2994 852 3031 naturaliter
872 3002 978 3031 motu
998 2996 1117 3043 locali,
1139 3010 1215 3034 non
1241 3007 1366 3036 autem

315 3045 440 3082 omnia
467 3045 591 3095 aliquo
621 3046 778 3084 aliorum
809 3055 994 3085 motuum.

367 3109 402 3144 4.
434 3098 509 3135 Sed
535 3099 684 3137 videtur
711 3101 784 3137 hoc
814 3113 894 3137 esse
925 3101 1078 3139 falsum:
1101 3104 1246 3141 caelum
1267 3105 1367 3148 enim

317 3157 371 3186 est
390 3163 524 3199 corpus
544 3154 710 3190 naturale
721 3151 744 3201 ¹³,
759 3167 828 3191 nec
842 3162 969 3191 tamen
986 3155 1065 3192 eius
1082 3164 1207 3194 motus
1222 3158 1369 3196 videtur

1432 695 1547 731 habet
1566 693 1818 742 aptitudinem
1846 701 1889 730 ut
1909 692 1963 730 sic
1986 701 2210 740 moveatur,
2233 701 2270 730 et
2287 693 2511 731 huiusmodi

1431 746 1661 796 prinCIpium
1682 754 1810 783 motus
1831 753 1887 783 est
1911 746 1948 783 in
1969 746 2148 794 gravibus
2169 755 2206 784 et
2224 747 2386 784 levibus.
2418 747 2512 784 Non

1433 801 1532 837 enim
1555 808 1842 849 componuntur
1861 812 1906 836 ex
1925 808 2109 837 movente
2129 808 2166 838 et
2184 809 2306 849 moto,
2322 809 2364 837 ut
2383 801 2510 838 Philo-

1431 854 1575 902 sophus
1593 853 1682 890 dicit
1700 853 1739 890 in
1754 854 1840 890 VIII
1857 854 2007 902 Physic.
2022 856 2060 890 θ.-
2076 855 2179 903 quod
2196 854 2358 903 quidem,
2375 853 2508 903 inquit,

1430 907 1522 943 nihil
1548 908 1686 943 horum
1696 936 1706 954 ,
1737 907 1878 944 scilicet
1909 907 2086 955 gravium
2116 915 2152 945 et
2181 908 2349 955 levium,
2386 908 2509 957 ipsum

1429 966 1555 997 movet
1580 961 1756 1009 seipsum,
1785 961 2029 1010 manifestum
2053 967 2128 998 est:
2146 961 2214 999 sed
2230 967 2354 998 motus
2371 962 2513 999 habent

1422 1014 1668 1062 principium,
1699 1026 1774 1051 non
1805 1015 1982 1052 movendi
2005 1026 2126 1063 neque
2139 1015 2330 1063 faciendi,
2350 1015 2418 1052 sed
2437 1027 2509 1064 pa-

1428 1068 1551 1104 tiendi.
1584 1068 1646 1104 Sic
1675 1067 1785 1115 igitur
1814 1068 2021 1106 dicendum
2051 1076 2108 1105 est
2135 1068 2242 1118 quod
2275 1068 2508 1117 principium

1429 1121 1595 1158 activum
1622 1129 1750 1158 motus
1781 1122 2002 1159 caelestium
2033 1134 2241 1171 corporum
2274 1129 2332 1159 est
2351 1122 2509 1159 -intelle-

1428 1175 1558 1212 ctualis
1580 1175 1805 1212 substantia:
1826 1175 2057 1224 principium
2078 1183 2209 1212 autern
2228 1175 2430 1225 passivum
2451 1183 2507 1214 est

1427 1236 1561 1265 natura
1589 1228 1685 1266 illius
1716 1228 1900 1279 corporis,
1922 1228 2137 1266 secundum
2156 1241 2277 1278 quam
2296 1235 2431 1266 natum
2451 1235 2508 1266 est

1426 1282 1490 1319 tali
1508 1290 1616 1319 motu
1631 1283 1793 1320 moveri.
1815 1283 1865 1320 Et
1889 1291 1989 1320 esset
2008 1282 2131 1320 simile
2146 1281 2186 1319 in
2200 1281 2314 1319 nobis
2329 1281 2361 1319 si
2375 1281 2508 1320 anima

1426 1348 1506 1372 non
1535 1337 1554 1357 '⁵
1584 1344 1760 1374 moveret
1789 1349 1929 1385 corpus
1963 1344 2139 1374 nostrum
2177 1335 2249 1373 nisi
2288 1335 2505 1374 secundum
2533 1341 2556 1390 '-

1426 1391 1638 1427 naturalem
1666 1389 1949 1427 inclinationem
1980 1390 2071 1437 eius,
2093 1389 2234 1427 scilicet
2262 1389 2459 1427 deorsum.

1483 1445 1515 1481 5.
1546 1443 1696 1481 Deinde
1726 1456 1814 1481 curn
1845 1444 1952 1481 dicit:
1978 1444 2109 1481 Omnis
2127 1448 2254 1480 autem
2274 1449 2399 1480 motus
2418 1450 2504 1490 etc„

1423 1497 1532 1545 ponit
1557 1496 1838 1535 distinctionem
1862 1497 2039 1535 localium
2064 1504 2253 1534 motuum.
2276 1497 2326 1534 Et
2341 1498 2362 1516 ¹·
2377 1496 2503 1546 primo

1425 1550 1616 1599 distinguit
1632 1551 1891 1588 communiter
1906 1556 2034 1588 m‘otus
2053 1551 2194 1588 locales
2213 1558 2291 1588 tam
2311 1550 2504 1600 composi-

1423 1612 1482 1641 tos
1498 1617 1616 1653 quam
1637 1604 1843 1654 simplices;
1864 1605 2035 1642 secundo
2057 1604 2247 1653 distinguit
2267 1612 2396 1642 motus
2413 1603 2504 1643 sim-

1422 1657 1552 1707 plices,
1574 1658 1646 1695 ibi:
1673 1659 1877 1696 Circulatio
1907 1659 2056 1708 quidem
2087 1659 2205 1709 igitur
2222 1659 2243 1680 ⁸*
2263 1665 2333 1696 etc.
2349 1679 2374 1686 -
2390 1657 2504 1695 Circa
2530 1670 2539 1679 ·

1421 1711 1590 1760 primum
1621 1712 1699 1749 duo
1720 1712 1817 1750 facit.
1840 1712 1972 1750 Primo
2001 1711 2183 1761 proponit
2203 1711 2310 1760 quod
2330 1711 2502 1759 intendit,

1422 1764 1563 1802 scilicet
1592 1766 1697 1814 quod
1727 1766 1854 1803 omnis
1891 1773 2020 1803 motus
2048 1765 2179 1803 localis
2214 1765 2301 1815 (qui
2338 1773 2504 1803 vocatur

1421 1818 1525 1865 latio)
1556 1827 1620 1855 aut
1650 1826 1705 1855 est
1735 1819 1937 1866 circularis,
1968 1826 2032 1856 aut
2052 1827 2190 1867 rectus,
2210 1826 2273 1856 aut
2297 1817 2438 1856 metus
2457 1830 2504 1856 ex

1421 1872 1491 1919 his,
1521 1871 1617 1909 sicut
1644 1880 1771 1910 motus
1800 1873 1978 1922 obliquus
2007 1885 2143 1910 eorum
2172 1885 2272 1922 quae
2299 1873 2374 1910 hac
2401 1872 2503 1910 illac·

1422 1938 1496 1975 que
1526 1926 1707 1963 feruntur.

1477 1980 1656 2017 Secundo
1686 1979 1759 2016 ibi:
1789 1979 1984 2029 Simplices
2007 1979 2107 2017 enim
2128 1986 2212 2027 etc.,
2232 1980 2372 2029 probat
2394 1978 2503 2029 quod

1423 2031 1578 2080 dixerat,
1608 2046 1677 2083 per
1705 2033 1781 2070 hoc
1809 2033 1916 2081 quod
1945 2041 2075 2070 motus
2104 2032 2296 2084 simplices
2315 2044 2395 2070 non
2415 2040 2504 2081 sum

1422 2085 1491 2123 nisi
1513 2087 1604 2134 duo,
1626 2086 1766 2124 scilicet
1786 2094 1910 2124 rectus
1930 2095 1967 2124 et
1987 2087 2190 2124 circularis.
2212 2087 2262 2124 Et
2281 2085 2393 2124 huius
2413 2098 2502 2124 cau-

1422 2152 1505 2177 sam
1535 2141 1700 2188 assignat
1730 2153 1775 2177 ex
1803 2141 1880 2177 hoc
1908 2140 2014 2190 quod
2043 2141 2148 2178 solae
2177 2148 2266 2178 sunt
2291 2140 2390 2178 duae
2419 2152 2502 2179 ma-

1421 2194 1636 2242 gnitudines
1665 2193 1876 2242 simplices,
1907 2194 2049 2231 scilicet
2086 2202 2188 2232 recta
2222 2201 2260 2231 et
2288 2193 2501 2232 circularis:

1421 2255 1548 2284 motus
1578 2255 1707 2284 autem
1736 2247 1867 2284 localis
1895 2247 2109 2285 secundum
2140 2248 2225 2285 loca
2245 2247 2500 2297 specificatur,

1420 2301 1516 2338 sicut
1543 2308 1580 2339 et
1608 2301 1766 2350 quilibet
1794 2301 1888 2338 alius
1917 2309 2047 2339 motus
2076 2302 2291 2340 secundum
2318 2313 2410 2339 suos
2423 2308 2502 2339 ‘ter-

1420 2354 1558 2392 minos.

1474 2409 1510 2446 6.
1543 2409 1621 2446 Sed
1648 2408 1802 2446 videtur
1829 2407 1936 2457 quod
1968 2409 2146 2458 probatio
2179 2407 2394 2446 Aristotelis
2422 2419 2503 2446 non

1421 2461 1467 2499 sit
1500 2462 1736 2500 conveniens
1756 2463 1793 2499 *z
1824 2461 1926 2511 quia,
1946 2470 1988 2499 ut
2017 2462 2152 2501 dicitur
2179 2462 2218 2500 in
2239 2464 2252 2500 1
2273 2463 2416 2500 Foster.
2445 2462 2499 2509 *ἢ
2528 2465 2538 2474 '

1420 2516 1755 2554 transcendentem
1783 2515 1823 2552 in
1851 2514 1955 2554 aliud
1982 2529 2103 2565 genus
2131 2529 2212 2554 non
2232 2515 2415 2565 contingit
2435 2515 2501 2554 de-

1422 2578 1647 2608 monstrare.
1671 2569 1990 2607 Inconvenienter
2008 2570 2120 2619 igitur
2138 2583 2208 2621 per
2227 2569 2460 2608 divisionem
2480 2570 2500 2590 '⁵
2526 2575 2539 2588 ⁸

1422 2624 1749 2672 magnitudinum,
1780 2635 1880 2672 quae
1908 2623 2071 2674 pertinet
2099 2624 2147 2663 ad
2169 2623 2498 2672 mathematicum,

1422 2678 1659 2715 concluditur
1687 2676 1829 2727 aliquid
1859 2677 1958 2715 circa
1985 2685 2126 2725 motus,
2147 2678 2212 2728 qui
2232 2678 2422 2728 pertinent
2449 2676 2500 2716 ad

1422 2732 1681 2770 naturalemss-
1699 2732 1777 2769 Sed
1798 2730 2004 2770 dicendum
2031 2731 2136 2781 quod
2161 2731 2318 2770 scientia
2338 2743 2438 2782 quae
2456 2742 2499 2770 se

1421 2786 1536 2822 habet
1576 2798 1620 2822 ex
1664 2785 1860 2824 additione
1898 2786 1947 2824 ad
1985 2786 2121 2834 aliam,
2159 2785 2278 2823 utitur
2304 2783 2499 2835 principiis

1422 2838 1502 2876 eius
1531 2839 1568 2876 in
1602 2839 1924 2888 demonstrando,
1960 2839 2056 2878 sicut
2093 2838 2305 2888 geometria
2335 2839 2356 2861 '⁸'
2384 2837 2501 2876 utitur

1422 2892 1614 2942 principiis
1634 2893 1910 2932 arithmeticae:
1935 2892 2159 2942 magnitudo
2184 2892 2287 2931 enim
2306 2891 2411 2931 addit
2429 2901 2499 2942 po-

1423 2946 1598 2983 sitionem
1628 2959 1742 2996 supra
1781 2959 1988 2985 numerum
2011 2949 2046 2994 *,
2076 2947 2180 2985 unde
2215 2953 2380 2996 punctus
2409 2945 2500 2983 dici-
2526 2955 2536 2965 ·

1423 3008 1481 3039 tur
1520 3013 1602 3037 esse
1642 3002 1764 3038 unitas
1795 3001 1932 3051 posita.
1973 3000 2154 3038 Similiter
2191 3008 2320 3037 autern
2360 3011 2500 3051 corpus

1424 3055 1590 3091 naturale
1620 3054 1725 3092 addit
1753 3053 1953 3092 materiam
1979 3053 2198 3092 sensibilem
2219 3066 2335 3104 supra
2354 3052 2500 3103 magni-

1423 3107 1593 3144 tudinem
1624 3108 1956 3146 mathematicam:
1979 3116 2015 3145 et
2035 3108 2122 3147 ideo
2143 3120 2221 3145 non
2243 3114 2299 3146 est
2317 3107 2500 3146 inconve-

1425 3160 1530 3198 niens
1560 3161 1588 3198 si
1610 3161 1788 3199 naturalis
1809 3161 1847 3199 in
1867 3161 1945 3199 suis
1965 3161 2354 3200 demonstrationibus
2372 3167 2500 3199 utatur

370 3289 394 3322 β)
414 3291 439 3315 in
458 3291 550 3323 quibus
568 3292 672 3317 scilicet.
690 3306 708 3311 —
726 3293 821 3319 scilicet
838 3296 959 3321 omittunt
983 3297 1086 3322 codices
1107 3303 1213 3331 excepto
1233 3301 1262 3324 A.
1281 3314 1299 3319 —-
1320 3300 1369 3324 Pro

318 3326 479 3355 cuiusmodi,
499 3334 565 3358 quae
578 3328 614 3351 A:
630 3333 654 3352 et
672 3327 733 3352 haec
752 3330 848 3354 videtur
863 3339 921 3356 csse
937 3332 1003 3356 bona
1023 3333 1111 3363 lectio;
1132 3342 1200 3364 nam,
1214 3340 1241 3359 ut
1258 3340 1325 3367 patet
1341 3344 1370 3361 ex

318 3361 494 3393 sequentibus,
508 3362 555 3386 alia
574 3370 681 3395 corpora
695 3371 708 3387 a
725 3363 880 3396 simplicibus
899 3367 1025 3392 habentur
1044 3374 1072 3393 ut
1091 3375 1178 3401 partes
1197 3371 1370 3396 secundariae

317 3396 341 3420 in
361 3396 407 3420 hac
426 3398 582 3428 quaestione,
602 3397 626 3422 in
645 3406 696 3430 qua
715 3399 895 3426 determinatur
914 3410 943 3427 ex
963 3403 1056 3435 quibus
1076 3404 1228 3438 corporibus
1248 3407 1370 3439 primario

318 3431 457 3463 integratur
475 3432 594 3464 perfectio
613 3434 732 3458 universi.
751 3448 770 3452 -
788 3435 849 3459 Post
869 3437 930 3461 duas
951 3438 1030 3463 lineas
1054 3440 1108 3465 eius
1127 3441 1248 3466 omittunt
1268 3443 1369 3467 codices

317 3471 423 3499 excepto
442 3467 471 3491 A.

370 3502 396 3534 γ)
412 3505 512 3531 motus;
530 3503 643 3528 secundo
654 3504 731 3535 ponit
743 3506 871 3536 quaedam
887 3515 951 3539 quac
962 3510 1097 3540 pertinent
1111 3511 1155 3536 ad.
1167 3525 1185 3530 —
1198 3513 1253 3537 Hoc
1268 3512 1367 3538 homot.

318 3544 371 3561 om.
387 3537 419 3565 Ρ,
440 3545 506 3569 quae
524 3538 630 3562 omissio
650 3539 813 3564 adscribenda
833 3542 930 3566 videtur
955 3546 1127 3577 typographo,
1150 3547 1210 3579 quia
1228 3549 1325 3573 omissa
1346 3549 1370 3573 in

318 3572 358 3596 ed.
377 3571 442 3613 11‘311}
461 3574 837 3615 occurrunt-‘Proper-titxent,
857 3581 918 3602 sunt
932 3579 1094 3609 pertinentia
1109 3582 1141 3612 F3
1161 3583 1183 3606 Α
1198 3591 1250 3608 om.
1265 3584 1295 3608 Si
1313 3585 1370 3616 qui-

318 3607 376 3631 dem
397 3611 511 3640 igitur...
526 3609 631 3633 mobilia
651 3609 694 3634 tbi.

1477 3301 1502 3336 ὅ)
1522 3311 1618 3336 cor-pus
1637 3305 1770 3330 naturale.
1783 3318 1802 3324 -
1818 3305 1887 3330 Haec
1907 3305 1986 3330 verba
2005 3313 2060 3330 om.
2075 3305 2107 3330 A.
2119 3318 2139 3324 -
2153 3303 2210 3330 Lin.
2222 3310 2279 3336 seq.
2294 3310 2341 3336 pm
2359 3310 2377 3328 a
2390 3306 2499 3332 natura,

1426 3339 1555 3363 natur-alis
1575 3340 1607 3369 C,
1627 3340 1771 3366 secundum
1798 3344 1924 3366 naturam
1945 3346 1998 3371 cet;
2019 3341 2065 3366 sed
2085 3339 2160 3366 lectio
2179 3339 2199 3364 P
2218 3339 2319 3364 videtur
2343 3339 2437 3364 melius
2457 3347 2500 3365 ex-

1425 3373 1535 3405 primere
1554 3375 1606 3399 vim
1626 3376 1786 3406 obice-tionis,
1802 3385 1869 3410 qune
1889 3384 1918 3402 ex
1938 3384 1970 3402 eo
1989 3376 2060 3410 quod
2080 3380 2168 3401 motus
2187 3374 2250 3400 caeli
2265 3382 2317 3399 non
2333 3374 2366 3400 sit
2381 3383 2395 3400 a
2408 3379 2501 3401 natura

1426 3408 1505 3440 ipsius
1524 3415 1647 3443 tanquam
1663 3420 1676 3436 a
1686 3412 1823 3444 principio
1843 3413 1939 3443 activo,
1956 3412 2064 3438 intendit
2082 3411 2238 3437 concludere
2257 3410 2414 3443 simpliciter
2427 3411 2500 3444 quod

1426 3445 1547 3469 naturalia
1573 3455 1623 3471 non
1644 3447 1740 3472 hubent
1759 3448 1784 3472 in
1804 3449 1897 3481 seipsis
1917 3448 2069 3481 principIum
2091 3451 2188 3472 motus·
2207 3460 2226 3465 -
2246 3446 2297 3471 Pro
2315 3446 2385 3472 sicu?
2403 3454 2441 3472 ex
2459 3446 2500 3472 his

1426 3487 1493 3511 quae
1512 3481 1738 3512 determinantur,
1760 3487 1789 3508 ut
1809 3484 1908 3509 dicitur
1926 3485 1963 3515 A,
1983 3483 2084 3508 omisso
2106 3485 2183 3515 parc!
2208 3490 2268 3507 cum
2288 3482 2428 3513 COEFGR
2452 3482 2498 3508 BH

1427 3521 1525 3546 ponunt
1535 3521 1611 3548 patet
1625 3524 1683 3550 post
1698 3519 1779 3547 sicum
1795 3520 1816 3544 Η
1833 3521 1938 3552 insuper
1951 3527 2005 3544 om.
2021 3526 2058 3544 ex
2071 3518 2111 3543 his
2125 3525 2192 3550 quae
2207 3518 2424 3543 determinantur
2438 3517 2500 3543 in.-

1427 3551 1543 3583 Sequcns
1563 3552 1660 3578 homor.
1677 3562 1756 3579 mium
1772 3555 1910 3587 quidem...
1922 3554 2084 3587 principium
2106 3557 2192 3579 motus
2211 3561 2266 3579 om.
2281 3554 2356 3579 codd.
2372 3561 2426 3580 exc.
2441 3554 2471 3579 Α.
2481 3567 2500 3573 -

1428 3586 1461 3610 lbi
1478 3587 1553 3612 aliud
1571 3592 1659 3614 autem
1681 3595 1742 3619 etc..
1762 3594 1851 3616 autem
1871 3598 1925 3616 om.
1940 3590 1959 3615 Ρ
1974 3595 1999 3616 et
2019 3590 2094 3615 codd.
2110 3597 2162 3615 exc.
2176 3590 2213 3621 A;
2234 3597 2281 3622 pro
2299 3590 2407 3620 scillcet,
2427 3589 2499 3623 quod

1426 3629 1479 3647 om.
1494 3622 1526 3653 P,
1546 3623 1614 3649 idest
1634 3625 1708 3650 codd.
1724 3633 1777 3651 exc.
1793 3627 1823 3651 A.

2527 2517 2581 2541 leet.
2595 2507 2634 2540 x'v.
