2782 4134
149 3379 161 3390 ⁶
173 3378 208 3400 Cf.
220 3378 303 3406 lect.1i‚
314 3385 363 3401 n.1.

408 304 483 350 396

1113 297 1702 336 METEOROLOGICORUM
1729 298 1824 334 LIB.
1856 298 1887 334 II

1158 496 1376 552 LECT
1378 498 1461 552 10
1502 497 1845 574 QUARTA

858 641 1014 672 UTRUM
1037 641 1158 671 MARE
1182 640 1351 671 SEMPER
1374 640 1546 678 FUERIT,
1571 640 1630 671 ET
1654 641 1822 672 SEMPER
1845 641 2060 673 FUTURUM
2084 641 2151 672 SIT

402 759 476 801 Περὶ
494 751 531 787 δὲ
550 756 612 792 τῆς
629 751 861 806 ἀλμιξρόζξητος
882 751 992 804 Ξίῦτῆς
1008 749 1235 790 λεκτέον,καὶ
1253 749 1399 795 πότέρῦν
1419 749 1470 783 ἀεί
1526 754 1542 771 *
1557 757 1606 787 De
1629 757 1782 788 salsedine
1806 764 1914 789 autern
1942 758 2043 799 ipsius
2066 758 2258 797 dicendum,
2282 765 2314 790 et
2337 765 2446 794 utrum
2473 769 2599 801 semper
2625 762 2638 774 ⁸

470 801 562 833 ἐστιν
584 800 604 835 ’ἡ
623 810 728 837 αυτη,
749 809 769 832 η
789 795 858 828 οὔτ’
881 807 934 836 ην,
956 793 1028 827 οὔτ’
1051 794 1164 836 ἔσται,
1186 796 1258 828 ἀλλ’
1281 794 1472 839 ὑπολείψει·

1593 809 1640 832 est
1662 802 1766 841 idem,
1791 809 1846 833 aut
1868 812 1973 844 neque
1997 810 2063 834 erat
2085 813 2190 844 neque
2213 803 2281 841 erit,
2305 804 2360 834 sed
2384 802 2518 836 deficiet.

401 848 459 878 καὶ
484 845 548 896 γαρ
576 842 682 880 οὕτως
715 842 846 872 οἴονταί
881 851 981 877 τινες.
1023 840 1133 872 Τοῦτο
1166 839 1226 885 μὲν
1258 837 1315 872 ῦῦν
1341 840 1471 872 ἐοίκασι
1526 846 1654 876 Etenim
1678 846 1721 877 sic
1743 853 1858 887 putant
1884 847 2027 888 quidam.
2059 848 2131 878 Hoc
2155 847 2287 889 quidem
2317 847 2413 888 igitur
2434 848 2494 878 visi
2524 856 2599 880 sunt

469 900 596 926 παντες
622 888 812 931 ὁμολογεῖν,
841 883 894 917 ὅτι
919 884 1072 930 γέγονεν,
1092 886 1184 927 εἴπερ
1208 886 1266 916 καὶ
1292 885 1361 922 πᾶς
1383 885 1399 916 ὀ
1415 884 1472 916 κό-

467 944 566 977 σμος·
595 931 667 975 ἅμα
696 932 760 975 γαρ
797 926 906 967 αὐτῆς
941 929 1076 961 ποιοῦσι
1111 929 1175 966 τὴν
1207 928 1354 975 γένεσιν·
1381 927 1470 961 ὥστε

467 973 571 1013 δῆλον
595 977 638 1013 ὠς
662 977 753 1017 εἴπερ
784 970 891 1006 ἀΐδιον
917 973 959 1006 τό
981 974 1063 1015 πᾶν,
1089 975 1148 1006 καὶ
1167 976 1240 1016 περὶ
1259 973 1322 1010 τῆς
1340 972 1471 1004 θαλατ-

468 1034 528 1059 της
555 1019 660 1057 οὕτως
686 1017 920 1056 ὑποληπτέον.

400 1067 444 1099 Τό
469 1061 506 1097 δὲ
531 1065 674 1108 νομίζειν
709 1062 848 1096 ἐλάττω
875 1074 913 1095 τε
939 1060 1091 1108 γίνεσθαι
1116 1062 1157 1095 τό
1183 1059 1333 1102 πλῆθος,
1360 1061 1469 1105 ὥσπερ

465 1111 541 1154 φησὶ
560 1107 780 1152 Δημόκριτος,
805 1108 864 1140 καὶ
885 1106 984 1144 τέλος
1003 1107 1209 1151 ὑπολείψειν,
1228 1107 1295 1138 τῶν
1313 1106 1469 1137 Λίσῶπου

464 1152 576 1197 μόθων
598 1152 696 1185 οὐθὲν
721 1150 890 1197 διαφέρειν
917 1151 1022 1183 ἔοικεν
1050 1152 1065 1183 ὁ
1091 1150 1316 1194 πεπεισμένος
1342 1149 1466 1188 οὕτως·

462 1199 521 1230 καὶ
546 1198 610 1244 γαρ
637 1199 760 1235 ἐκεῖνος
786 1195 1034 1242 ἑμυθολόγησεν
1056 1197 1098 1234 ὠς
1116 1191 1165 1234 δὶς
1183 1195 1242 1239 μὲν
1261 1196 1282 1232 ἡ
1301 1190 1469 1239 Χάρυβδις

466 1241 732 1286 ἀναρροφῆσασα
766 1241 808 1274 τὸ
832 1241 892 1285 μὲν
925 1241 1059 1283 πρῶτον
1085 1240 1133 1273 τοὶ
1158 1240 1214 1285 ὄρη
1243 1240 1381 1277 ἐποίησε
1406 1250 1468 1283 φα-

417 1309 419 1311 ·
462 1287 554 1332 νεραῖ,
582 1286 623 1318 τὸ
649 1282 687 1318 δὲ
712 1283 871 1330 δεύτερον
897 1284 960 1323 τοίς
986 1283 1119 1327 νήσους,
1139 1285 1181 1318 τό
1202 1280 1240 1317 δὲ
1266 1286 1467 1317 τελευταῖον

462 1331 642 1376 ροφήσασα
672 1330 775 1376 ξηρὰν
807 1329 943 1366 ποιήσει
970 1329 1132 1374 ποίμπαν.
1162 1330 1299 1370 Ἐκείνῳ
1324 1328 1385 1373 μὲν
1412 1326 1467 1360 οὖν

462 1375 634 1419 ἥρμοττεν
672 1374 873 1422 ὀργιζομένῳ
910 1374 991 1418 πρὸς
1024 1374 1084 1406 τόν
1118 1385 1162 1406 πο
1185 1373 1273 1418 θμέα
1307 1373 1467 1406 τοιοῦτον

462 1421 566 1453 εἰπεῖν
592 1420 710 1464 μῦθον,
730 1423 802 1457 τοϊς
822 1413 861 1451 δὲ
876 1418 941 1455 τήν
962 1417 1126 1455 ἀλήθειαν
1151 1386 1312 1462 &rofio-tv
1338 1417 1467 1455 ἧττον·

394 1462 432 1498 δι’
461 1466 500 1502 ἦν
525 1465 590 1511 γοὶρ
617 1465 734 1498 αἰτίαν
767 1463 875 1508 ἔμεινε
907 1463 948 1496 τὸ
979 1463 1131 1508 πρῶτον,
1158 1464 1227 1495 εἴτε
1259 1458 1320 1495 διαὶ
1344 1461 1466 1504 βοίρος,

461 1509 571 1555 ὥσπερ
604 1509 693 1548 τινὲς
727 1510 785 1540 καὶ
819 1506 954 1541 τούτων
988 1509 1088 1551 φασὶν
1121 1505 1174 1551 (ἐν
1207 1509 1372 1552 προχείρῳ
1402 1506 1467 1552 γάρ

461 1554 590 1587 τούτου
611 1554 676 1591 τὴν
699 1554 815 1586 αἰτίαν
835 1548 947 1596 ἰδεῖν),
966 1554 1036 1585 εἴτε
1053 1553 1112 1584 καὶ
1132 1547 1171 1583 δι’
1194 1552 1277 1584 ἄλλο
1296 1563 1344 1594 τι,
1362 1547 1468 1589 δῆλον

461 1598 517 1632 ὅτι
541 1595 602 1631 Stoi
626 1599 732 1631 τοῦτο
758 1593 930 1642 διαμένειν
958 1595 1147 1643 ἀναγκαῖον
1177 1598 1237 1628 καὶ
1262 1596 1323 1629 τὸν
1346 1596 1466 1629 λοιπὸν

459 1643 579 1689 χρόνον
606 1643 736 1679 αὐτήν·
765 1641 786 1678 ἦ
838 1642 876 1686 οἰρ
907 1641 1048 1674 λεκτέον
1082 1639 1202 1679 αὐτοῖς
1233 1640 1287 1675 ὅτι
1321 1636 1399 1673 οὐδὲ
1424 1640 1466 1674 τό

462 1686 612 1744 ἀναχςθέν
643 1683 730 1732 ὕδωρ
764 1688 830 1719 ύπο
857 1687 920 1719 τοῦ
946 1686 1042 1723 ’ἡλίου
1068 1685 1142 1727 ἥξει
1175 1685 1299 1727 πάλιν,
1326 1684 1348 1722 ἦ
1374 1687 1466 1730 εἴπερ

460 1733 548 1767 τοῦτ
579 1732 694 1773 ἔσται,
723 1729 912 1777 ἀναγκαῖον
938 1731 1018 1767 ἦτοι
1045 1728 1111 1772 ἀεὶ,
1134 1729 1155 1767 ἦ
1180 1730 1279 1776 μέχρι
1304 1730 1407 1775 οὗπερ
1426 1730 1466 1762 ἂν

461 1777 483 1819 ἥ
508 1778 637 1818 τοῦτο,
665 1775 912 1808 ὑπολείπεσθαι
944 1775 1009 1812 τήν
1042 1774 1248 1816 θάλατταν,
1277 1776 1336 1807 καὶ
1361 1774 1465 1807 πάλιν

462 1812 656 1867 ἄναχθῆναι
677 1821 783 1859 ἐκεῖνο
805 1820 969 1865 πρότερον
990 1815 1105 1856 δεήσει
1123 1819 1166 1852 τὸ
1187 1818 1354 1864 πότιμον·
1380 1818 1460 1851 ὥστ’

460 1862 540 1901 οὐδέ
565 1878 650 1899 ποτε
683 1865 900 1907 ξηρανεῖται·
927 1863 1030 1897 ποίλιν
1062 1864 1128 1910 γσίρ
1158 1864 1265 1896 ἐκεῖνο
1295 1862 1466 1908 φθήσεται

458 1910 621 1952 καταβαν
641 1910 686 1948 εἰς
704 1910 768 1946 τήν
787 1909 899 1946 αὐτήν
922 1909 963 1942 τό
980 1908 1205 1954 προανελθόν·
1231 1903 1383 1952 διαφέρει
1399 1908 1464 1955 γοὶρ

461 1955 556 1990 οὐθὲν
591 1954 686 1995 ἅπαξ
719 1955 814 1988 τοῦτ’
843 1955 948 1987 εἰπεῖν
977 1953 1000 1991 ἢ
1026 1953 1205 1991 πολλάκις.
1243 1954 1281 1984 Εἰ
1311 1953 1372 1996 μὲν
1406 1951 1464 1986 οὖν

459 2001 518 2035 τὸν
545 1999 640 2037 ἥλιον
667 1999 791 2032 παύσει
816 2011 867 2037 τις
893 1999 955 2036 τῆς
981 1999 1096 2043 φορᾶς,
1117 2001 1150 2031 τί
1174 1997 1274 2030 ἔσται
1291 1997 1333 2030 τὸ
1351 1997 1467 2041 ξηραϊ·

459 2055 532 2086 νον,
560 2045 587 2076 εἰ
612 2039 643 2075 ’δ’
664 2043 756 2076 ἐάσει
781 2040 867 2076 εἶναι
894 2043 958 2080 τήν
984 2043 1178 2088 περιφορὰν,
1198 2040 1248 2076 ἀεὶ
1267 2042 1463 2086 πλησιοίζων

459 2090 501 2123 τὸ
535 2088 703 2133 πότιμον,
729 2087 883 2133 καθάπερ
917 2090 1074 2131 εἴπομεν,
1103 2087 1242 2129 ἀνοίξει,
1271 2087 1394 2132 ἀφήσει
1425 2083 1464 2120 δέ

459 2135 562 2167 ποίλιν
590 2134 789 2178 ἀποχωρῶν.
1325 2163 1330 2169 ,

383 2179 532 2219 Ἐλαβον
559 2173 597 2209 δὲ
623 2178 758 2214 ταύτην
790 2177 855 2213 τήν
888 2171 1042 2208 διάνοιαν
1074 2176 1171 2208 κατὰ
1196 2176 1259 2214 τῆς
1284 2174 1462 2214 θαλάττης

459 2225 495 2256 ἐκ
520 2223 584 2255 τοῦ
610 2222 757 2260 πολλοὺς
782 2221 910 2258 τόπους
936 2219 1116 2264 φαίνεσθαι
1141 2219 1340 2265 ξηροτέρους
1367 2222 1423 2252 νῦν
1442 2220 1463 2257 ἦ

458 2267 639 2312 πρότερον
668 2269 741 2310 περὶ
761 2265 799 2298 οὗ
818 2266 882 2302 τήν
902 2266 1018 2298 αἰτίαν
1037 2266 1190 2308 εἴπομεν,
1212 2264 1265 2298 ὅτι
1284 2265 1351 2297 τῶν
1367 2264 1464 2298 κατσί

457 2324 536 2346 τινα
562 2311 682 2357 χρόνον
707 2310 900 2355 ὑπερβολῶν
920 2309 1104 2356 γινομένων
1124 2305 1250 2348 ὓδατος
1270 2310 1367 2342 τοῦτ’
1390 2310 1464 2342 ἐστὶ

458 2358 499 2390 τὸ
526 2357 648 2398 πάθος,
673 2356 745 2388 ἀλλ’
768 2355 806 2387 οὗ
826 2349 886 2387 διαὶ
911 2354 975 2391 τήν
1002 2355 1065 2386 τοῦ
1091 2354 1222 2391 παντὸς
1249 2353 1379 2400 γένεσιν
1403 2356 1463 2386 καὶ

459 2403 525 2435 τῶν
559 2404 692 2447 μορίων.
731 2401 798 2431 Καὶ
829 2398 932 2432 πάλιν
957 2399 989 2445 γ’
1019 2398 1119 2431 ἔσται
1151 2397 1378 2440 τούναντίον,
1403 2400 1462 2431 καὶ

459 2445 544 2478 ὅταν
578 2445 745 2493 γένηται,
772 2445 971 2487 ξηρανεῖται
1002 2444 1127 2484 πάλιν,
1162 2445 1221 2476 καὶΙ
1247 2441 1341 2476 τοῦθ’
1371 2442 1462 2476 οὕτω

456 2492 554 2524 κατα
585 2489 708 2522 κύκλον
745 2487 935 2534 ἀναγκαῖον
967 2487 1020 2520 ἀεὶ
1045 2483 1214 2530 βαδίζειν·
1241 2489 1371 2532 μᾶλλον
1396 2488 1461 2534 γοίρ

458 2534 566 2574 οὕτως
590 2535 730 2580 εὔλογον
757 2533 943 2573 ὑπολαβεῖν
962 2531 982 2569 ἦ
1004 2528 1063 2564 διαὶ
1088 2533 1207 2565 ταῦτα
1232 2532 1292 2566 τὸν
1318 2531 1460 2576 οὖρανὸν

459 2579 535 2612 ὅλον
569 2578 814 2621 μεταβάλλειν.
850 2576 960 2609 Ἀλλοί
993 2578 1066 2619 περὶ
1099 2577 1159 2620 μὲν
1189 2576 1322 2610 τούτων
1355 2577 1459 2608 πλείω

458 2626 522 2662 τῆς
549 2623 644 2664 ἀξίας
672 2618 923 2666 ἑνδιατέτριφεν
951 2622 966 2652 ὀ
990 2620 1109 2667 λόγος·

451 2722 600 2750 ΞΥΝοΡεῐε,
616 2737 650 2741 -
669 2730 691 2748 1.
704 2721 916 2757 Argumentum
931 2726 1032 2747 textus,
1051 2734 1068 2739 -
1088 2726 1115 2747 2.
1130 2718 1311 2747 Excluditur
1331 2718 1461 2756 antiquo-

390 2771 456 2790 rum
472 2761 568 2799 opinio
582 2761 618 2789 de
633 2760 812 2798 incoeptione
834 2759 934 2787 maris.
951 2758 1088 2794 Quidam,
1103 2758 1176 2787 sicut
1194 2765 1367 2795 putaverunt
1380 2759 1461 2795 quod

389 2808 467 2830 totus
482 2802 608 2829 mundus
622 2800 748 2837 incoepit
769 2808 831 2828 esse
846 2808 898 2836 per
911 2798 1127 2836 generationem
1146 2799 1305 2835 quandam,
1321 2798 1359 2826 ita
1374 2798 1460 2826 etiam

390 2851 467 2870 mare
484 2841 682 2869 existimarunt
703 2839 872 2876 incoepisse.
896 2839 953 2867 Sed
969 2838 1148 2874 Aristoteles,
1164 2838 1232 2875 quia
1252 2837 1462 2875 praesupponit

390 2882 533 2909 mundum
549 2890 663 2917 semper
677 2880 772 2914 fuisse,
789 2885 1000 2916 consequenter
1015 2878 1097 2915 ponit
1112 2878 1197 2907 etiam
1220 2887 1300 2906 mare
1315 2887 1377 2906 esse
1395 2887 1461 2915 per-

389 2928 519 2957 petuum.
530 2938 549 2942 —
563 2921 587 2948 3.
600 2920 779 2948 Excluditur
794 2919 890 2957 opinio
905 2919 1089 2955 antiquorum
1101 2919 1181 2946 circa
1196 2918 1288 2946 maris
1302 2919 1458 2956 desectum.

389 2963 425 2988 Et
435 2961 544 2998 primo,
559 2967 660 2997 putare
672 2960 752 2996 quod
768 2968 847 2987 mare
857 2959 1003 2987 decrescat
1018 2958 1057 2986 ita
1072 2959 1153 2995 quod
1168 2958 1326 2995 aliquando
1336 2957 1460 2994 deficiat,

389 3001 548 3028 secundum
560 3001 640 3037 quod
654 2999 724 3028 dixit
739 2998 932 3034 Democritus,
944 3007 1005 3026 non
1019 2997 1114 3026 differt
1128 2999 1164 3026 ab
1175 2997 1363 3034 opinionibus
1377 2997 1459 3026 fabu-

389 3040 471 3074 losis;
488 3049 561 3077 quae
576 3041 716 3068 dedecent
731 3038 937 3076 philosophum
953 3038 1146 3075 inquirentem
1161 3037 1320 3066 veritatem.
1333 3046 1390 3073 —4.
1407 3038 1459 3066 Se-

389 3081 482 3108 cundo
495 3102 502 3115 ,
525 3080 706 3116 improbatur
727 3089 778 3116 per
799 3078 942 3107 rationem
964 3078 1018 3106 ista
1046 3078 1162 3114 positio.
1186 3079 1396 3114 Quaecumque
1423 3077 1460 3106 sit

389 3129 476 3148 causa
490 3126 608 3156 propter
623 3129 711 3157 quam
733 3128 810 3156 aqua
824 3118 911 3147 maris
932 3118 1027 3155 primo
1043 3117 1150 3146 mansit
1166 3117 1241 3146 circa
1259 3124 1375 3153 terram,
1391 3119 1457 3145 sub-

534 3326 546 3333 *
600 3323 608 3337 ³
653 3331 718 3354 cus
748 3318 924 3355 naturalis
954 3330 1099 3366 aquae,
1130 3318 1192 3355 hic
1227 3317 1380 3366 inquirit
1408 3317 1456 3355 de

476 3404 479 3405 ⁷
600 3364 636 3400 :ix
652 3371 895 3418 generatione
910 3371 1027 3419 ipsius
1037 3371 1068 3408 ³⁸.
1091 3372 1139 3408 Et
1159 3371 1285 3420 primo
1303 3370 1392 3408 dicit
1408 3371 1455 3408 de

392 3434 468 3470 quo
499 3430 553 3458 est
580 3423 749 3461 intentio.
780 3425 828 3460 Et
848 3424 936 3461 dicit
965 3424 1070 3473 quod
1096 3424 1303 3462 dicendum
1334 3432 1389 3461 est
1408 3425 1455 3461 de

392 3475 579 3512 salsedine
607 3476 738 3521 maris;
769 3484 805 3513 et
824 3477 959 3514 iterum
988 3485 1116 3514 utrum
1138 3490 1243 3514 mare
1273 3485 1329 3514 est
1358 3490 1457 3514 sem-

391 3528 603 3576 piternum,
634 3536 696 3565 aut
725 3529 792 3565 fuit
824 3529 979 3578 aliquod
1007 3538 1160 3580 tempus
1193 3531 1349 3580 quando
1378 3543 1456 3567 non

393 3588 471 3617 erat
499 3593 616 3627 mare,
639 3589 675 3618 et
703 3581 770 3618 erit
799 3582 953 3630 aliquod
980 3591 1133 3632 tempus
1162 3596 1238 3632 quo
1268 3596 1346 3621 non
1376 3583 1454 3631 erit,

393 3634 461 3671 sed
489 3634 651 3670 totaliter
679 3634 840 3671 deficiet.

1593 900 1706 921 omnes
1731 890 1883 929 confiteri,
1908 892 1997 932 quod
2024 891 2145 923 factum
2168 899 2225 929 est,
2254 892 2413 933 siquidem
2436 899 2468 924 et
2490 893 2596 924 omnis

1593 934 1749 965 mundus:
1766 934 1862 965 simul
1878 935 1964 966 enim
1977 935 2078 976 ipsius
2093 936 2214 967 faciunt
2229 936 2476 977 generationem.
2491 937 2598 975 Quare

1592 979 1699 1018 palam
1723 979 1829 1020 quod,
1853 979 2012 1020 siquidem
2039 987 2232 1021 perpetuum
2263 991 2376 1020 omne,
2401 987 2433 1012 et
2454 981 2494 1012 de
2518 981 2597 1012 mari

1592 1022 1848 1054 existimandum.

1525 1067 1639 1098 Putare
1663 1074 1771 1098 autem
1794 1067 1901 1098 minus
1923 1067 1991 1098 fieri
2020 1069 2199 1099 secundum
2230 1069 2490 1108 multitudinem,
2515 1069 2598 1102 sicut

1592 1111 1635 1142 ait
1657 1111 1870 1149 Democritus,
1895 1118 1926 1142 et
1948 1112 2076 1143 tandem
2101 1112 2251 1152 deficere,
2276 1114 2315 1144 ab
2337 1114 2458 1154 Aesopi
2481 1114 2597 1145 fabulis

1591 1155 1670 1186 nihil
1694 1156 1815 1187 differre
1838 1156 1963 1187 videtur
1993 1166 2162 1196 persuasus
2190 1157 2243 1188 sic.
2274 1157 2403 1188 Etenim
2426 1157 2478 1188 ille
2507 1157 2596 1190 fabu-

1590 1200 1659 1231 lose
1683 1200 1867 1241 composuit
1885 1201 1974 1241 quod
1990 1201 2038 1231 bis
2062 1201 2194 1242 quidem
2210 1201 2388 1243 Charybdis
2411 1201 2596 1242 absorbens,

1592 1245 1697 1285 primo
1722 1245 1854 1286 quidem
1877 1252 2003 1276 montes
2027 1244 2100 1277 fecit
2115 1245 2313 1284 manifestos,
2333 1245 2474 1277 secundo
2487 1253 2596 1278 autem

1590 1289 1726 1327 insulas;
1751 1289 1865 1320 ultimo
1889 1297 1997 1321 autem
2021 1291 2162 1329 sorbens,
2185 1290 2306 1320 aridam
2330 1290 2423 1322 faciet
2447 1290 2593 1323 omnino.

1592 1334 1640 1364 llli
1671 1333 1802 1375 quidem
1828 1334 1925 1374 igitur
1955 1335 2170 1374 congruebat,
2200 1334 2280 1365 irato
2305 1335 2347 1366 ad
2368 1334 2593 1376 porclanicum,

1591 1379 1687 1409 talem
1711 1378 1812 1409 dicere
1836 1378 1993 1410 fabulam:
2022 1378 2187 1410 veritatem
2209 1385 2317 1410 autem
2349 1379 2594 1421 quaerentibus,

1590 1433 1708 1454 minuS.

1523 1467 1656 1508 Propter
1671 1478 1770 1508 quam
1786 1477 1914 1498 causam
1930 1467 2016 1498 enim
2033 1467 2149 1498 mansit
2161 1467 2278 1508 primo,
2291 1467 2356 1498 sive
2368 1474 2499 1509 propter
2512 1477 2594 1510 pon-

1591 1512 1661 1550 dus,
1687 1519 1723 1543 ut
1745 1511 1840 1543 etiam
1859 1511 1991 1553 quidam
2013 1512 2132 1543 horum
2155 1512 2246 1543 aiunt
2267 1510 2315 1555 (in
2334 1518 2488 1554 promptu
2507 1510 2595 1544 enim

1590 1556 1814 1587 huiuscemodi
1838 1566 1967 1587 causam
1991 1555 2123 1598 videre),
2147 1556 2213 1587 sive
2236 1563 2268 1588 et
2290 1563 2421 1597 propter
2439 1555 2595 1589 aliud-ali-

1589 1601 1679 1641 quid,
1703 1601 1809 1641 palam
1832 1601 1921 1642 quod
1945 1608 2075 1642 propter
2096 1601 2159 1632 hoc
2181 1610 2367 1641 permanere
2381 1600 2595 1633 necessarium

1589 1651 1621 1676 et
1643 1645 1768 1686 reliquo
1791 1651 1937 1685 tempore
1965 1645 2083 1686 ipsum.
2115 1647 2183 1676 Aut
2205 1644 2292 1676 enim
2315 1645 2487 1677 dicendum
2516 1645 2595 1688 ipsis

1589 1690 1678 1730 quod
1702 1699 1807 1730 neque
1830 1689 1950 1720 elevata
1972 1699 2056 1730 aqua
2079 1700 2097 1720 a
2119 1689 2187 1720 sole
2209 1689 2315 1720 veniet
2334 1689 2466 1721 iterum:
2489 1696 2547 1723 aut
2567 1689 2595 1722 οἰ

1589 1733 1720 1775 quidem
1744 1733 1806 1764 hoc
1829 1734 1898 1773 erit,
1914 1733 2128 1765 necessarium
2151 1741 2206 1765 aut
2227 1744 2363 1776 semper,
2379 1740 2435 1765 aut
2449 1733 2594 1777 quandiu

1589 1778 1720 1820 quidem
1744 1777 1838 1808 fuerit
1861 1778 1939 1816 hoc,
1963 1788 2125 1809 remanere
2144 1787 2248 1817 mare,
2273 1785 2304 1810 et
2325 1778 2442 1810 iterum
2465 1787 2595 1810 sursum

1589 1822 1660 1853 ferri
1691 1822 1771 1852 illud
1794 1821 1882 1863 prius
1906 1822 2067 1862 oportebit
2093 1823 2183 1864 quod
2205 1821 2356 1863 potabile.
2380 1823 2488 1860 Quare
2510 1830 2593 1854 nun—

1589 1877 1687 1908 quam
1704 1866 1922 1898 exsiccabitur:
1939 1866 2057 1898 iterum
2071 1866 2158 1898 enim
2173 1866 2255 1898 illud
2270 1867 2452 1908 praeveniet
2464 1867 2594 1901 desueu-

1589 1912 1666 1942 dens
1689 1911 1723 1942 in
1746 1911 1874 1952 ipsum,
1898 1911 1988 1952 quod
2016 1910 2252 1952 praeascendit:
2280 1910 2383 1942 differt
2405 1910 2492 1943 enim
2514 1910 2595 1947 nihil

1588 1956 1687 1986 semel
1717 1955 1779 1986 hoc
1807 1955 1910 1986 dicere
1932 1962 1989 1986 aut
2018 1965 2122 1996 saepe.
2156 1955 2189 1987 Si
2211 1955 2344 1997 quidem
2372 1954 2469 1996 igitur
2490 1952 2594 1988 solem

1588 2002 1707 2031 dessare
1726 1999 1819 2031 faciat
1837 1999 1910 2041 quis
1924 2010 1942 2030 a
1957 1999 2088 2038 latione,
2103 1999 2183 2041 quid
2206 1998 2263 2031 erit
2282 1996 2460 2032 exsiccans?
2482 1998 2516 2032 Si
2538 2001 2594 2032 au-

1586 2051 1652 2076 tem
1669 2044 1830 2085 permittat
1852 2054 1920 2075 esse
1943 2044 2198 2084 circulationem,
2224 2054 2350 2086 semper
2373 2044 2594 2086 propinquans

1586 2089 1738 2130 potabile,
1762 2088 1844 2120 sicut
1867 2088 2016 2128 diximus,
2040 2099 2168 2120 sursum
2191 2089 2301 2129 ducet,
2325 2088 2464 2121 dimittet
2484 2091 2594 2120 autem

1587 2134 1702 2164 iterum
1726 2133 1884 2164 recedens.

1520 2181 1721 2219 Acceperunt
1747 2183 1854 2208 autern
1887 2177 2104 2218 suspicionem
2127 2177 2209 2209 hanc
2241 2177 2282 2208 de
2314 2177 2414 2217 mari,
2438 2187 2478 2209 eo
2502 2177 2594 2219 quod

1587 2222 1689 2254 multa
1711 2222 1783 2254 loca
1805 2228 1959 2262 apparent
1981 2222 2212 2254 siccioranunc
2227 2232 2328 2264 quam
2342 2221 2440 2263 prius.
2461 2221 2592 2264 Deque

1586 2277 1715 2298 causam
1738 2266 1888 2305 diximus,
1904 2266 1980 2308 quia
2003 2266 2183 2298 secundum
2201 2266 2360 2308 quaedam
2379 2273 2527 2308 tempora
2540 2275 2592 2298 ex-

1586 2311 1725 2342 cessibus
1749 2311 1838 2342 factis
1862 2321 1974 2352 aquae,
1991 2311 2069 2342 haec
2087 2317 2135 2343 est
2149 2311 2274 2352 passi03
2298 2311 2354 2342 sed
2377 2319 2444 2342 nou
2462 2316 2595 2352 propter

1585 2356 1684 2387 totius
1707 2355 1945 2396 generationem
1968 2361 2000 2386 et
2022 2355 2171 2396 partium.
2195 2355 2238 2387 Et
2257 2355 2374 2386 iterum
2389 2354 2447 2387 erit
2467 2361 2592 2389 conm-

1585 2400 1686 2438 rium;
1706 2393 1736 2431 et
1753 2410 1828 2431 cum
1844 2400 1965 2431 factum
1981 2399 2087 2439 fuerit,
2104 2399 2221 2431 iterum
2237 2399 2454 2432 desiccabitur.
2470 2391 2515 2431 Et
2527 2398 2591 2431 hoc

1585 2444 1629 2475 sic
1653 2444 1844 2475 circulariter
1866 2443 2080 2475 necessarium
2093 2454 2220 2485 semper
2233 2444 2295 2475 ire:
2318 2443 2420 2484 magis
2442 2442 2531 2476 enim
2544 2443 2591 2476 de

1584 2488 1770 2520 rationabile
1794 2488 1982 2528 existimare,
1998 2498 2097 2530 quam
2121 2495 2252 2529 propter
2266 2488 2329 2519 hoc
2345 2487 2470 2519 caelum
2484 2493 2592 2520 mum

1583 2533 1766 2574 permutari.
1791 2532 1854 2564 Sed
1870 2533 1909 2563 de
1924 2532 1974 2563 his
1997 2532 2129 2574 quidem
2151 2533 2225 2574 plus
2248 2541 2347 2574 quam
2365 2531 2512 2573 dignum,
2530 2531 2591 2570 im-

1583 2584 1727 2608 moratus
1751 2583 1798 2608 est
1820 2587 1936 2608 senne.

1516 2718 1614 2746 sidens
1635 2717 1742 2746 scilicet
1769 2717 1827 2746 aeri
1853 2724 1881 2745 et
1909 2716 2129 2754 supereminens
2156 2723 2267 2752 terrae,
2290 2716 2438 2754 oportebit
2457 2717 2540 2755 quod
2559 2716 2591 2746 in
2614 2723 2616 2725 '

1515 2758 1564 2786 tali
1586 2757 1642 2786 situ
1664 2767 1778 2794 semper
1792 2763 1923 2786 maneat:
1946 2767 2028 2786 secus
2049 2757 2128 2786 enim
2142 2764 2290 2794 oporteret
2307 2758 2388 2794 quod
2399 2763 2535 2786 ,cessaret
2547 2757 2590 2787 al·

1515 2797 1638 2826 ternatio
1661 2797 1724 2833 illa,
1746 2798 1907 2826 secundum
1929 2806 2018 2835 quam
2039 2806 2155 2834 semper
2174 2797 2307 2826 videmus
2329 2797 2411 2834 quod
2435 2806 2513 2835 aqua
2532 2797 2590 2826 ele·

1516 2844 1582 2867 vata
1596 2847 1613 2866 a
1627 2837 1689 2866 sole
1711 2846 1763 2874 per
1783 2836 2031 2874 evaporationem,
2053 2837 2158 2866 iterum
2179 2836 2253 2866 redit
2274 2837 2312 2866 ad
2333 2843 2450 2866 terram.
2466 2853 2485 2860 ·
2499 2837 2590 2873 Quod

1515 2877 1538 2906 si
1560 2884 1687 2914 ponatur
1707 2886 1820 2906 cessare
1842 2883 1955 2905 motum
1977 2877 2062 2913 solis,
2085 2883 2113 2906 et
2133 2877 2174 2906 sic
2195 2886 2307 2906 cessare
2328 2876 2416 2906 etiam
2436 2876 2525 2906 talem
2545 2876 2588 2906 al—

1514 2917 1718 2953 ternationem,
1740 2926 1795 2946 nec
1816 2917 1846 2945 in
1867 2918 1922 2946 hac
1936 2916 2089 2954 hypothesi
2110 2923 2205 2954 potest
2225 2916 2282 2946 dici
2299 2917 2381 2954 quod
2397 2925 2479 2946 mare
2492 2916 2588 2946 totali·

1514 2964 1558 2986 ter
1578 2957 1704 2986 deficiet:
1727 2966 1796 2986 nam
1826 2963 1956 2986 cessante
1982 2964 2066 2986 motu
2094 2956 2179 2992 solis,
2201 2966 2263 2986 non
2290 2956 2344 2985 erit
2370 2955 2481 2994 aliquid
2506 2956 2588 2994 quod

1514 2997 1606 3034 possit
1620 2997 1762 3026 exsiccare
1777 3007 1884 3034 aquam
1899 2997 1996 3025 maris.
2009 3013 2028 3018 -
2048 2997 2073 3026 5.
2089 2998 2131 3025 Ex
2153 2996 2235 3025 dictis
2250 2996 2279 3025 in
2300 2995 2404 3025 ultima
2423 2996 2488 3025 lect.
2501 2995 2588 3034 primi

1513 3037 1587 3072 libri,
1603 3037 1763 3066 excluditur
1784 3037 1858 3065 ratio
1880 3046 1914 3066 ex
1936 3045 1995 3074 qua
2015 3036 2126 3074 antiqui
2147 3037 2340 3066 movebantur
2360 3036 2398 3065 ad
2416 3036 2588 3074 ponendum

1514 3077 1595 3114 quod
1617 3086 1697 3106 mare
1725 3077 1883 3115 aliquando
1905 3076 2073 3114 incoeperit,
2095 3083 2124 3106 et
2150 3077 2231 3114 quod
2258 3076 2377 3105 tandem
2399 3075 2588 3105 exsiccabitur

1514 3117 1647 3146 totaliter.

1566 3222 1600 3247 2.
1623 3210 1803 3248 Secundo
1824 3210 1893 3248 ibi:
1913 3210 2064 3248 Etenim
2082 3211 2137 3248 sic
2157 3215 2297 3259 putant
2313 3210 2468 3259 quidam
2496 3217 2581 3258 etc„

1510 3263 1755 3312 prosequitur
1782 3263 2041 3313 propositum,
2072 3263 2303 3301 destruendo
2332 3263 2353 3286 '¹'
2381 3262 2583 3312 opiniones
2612 3274 2623 3285 ·

1511 3317 1674 3354 aliorum
1704 3317 1802 3354 circa
1826 3318 1912 3354 hoc.
1943 3317 1992 3354 Et
2017 3316 2144 3366 primo
2167 3316 2324 3354 destruit
2343 3315 2544 3366 opiniones
2562 3314 2584 3339 ¹⁸¹

1512 3370 1778 3419 antiquorum;
1808 3370 1979 3408 secundo
2009 3369 2172 3408 excludit
2205 3369 2392 3407 rationem
2422 3380 2581 3417 eorum,

1512 3423 1582 3460 ibi:
1613 3425 1851 3473 Acceperunt
1867 3429 1994 3461 autem
2021 3423 2270 3472 suspicionem
2297 3423 2398 3460 hanc
2415 3421 2436 3445 '¹⁸
2465 3430 2534 3460 etc.

1567 3477 1677 3514 Circa
1691 3477 1862 3526 primum
1883 3477 1960 3514 duo
1982 3476 2078 3514 facit.
2101 3475 2232 3514 Primo
2257 3475 2415 3513 destruit
2433 3474 2582 3524 opinio-

1513 3542 1580 3567 nes
1609 3530 1854 3578 antiquorum
1889 3530 1936 3567 de
1965 3529 2206 3579 incoeptione
2245 3529 2371 3566 maris.
2411 3529 2461 3566 Et
2493 3526 2583 3566 dicit

1512 3583 1617 3632 quod
1646 3583 1805 3631 quidam
1830 3590 2061 3632 putaverunt
2079 3581 2186 3631 quod
2205 3594 2311 3620 mare
2331 3593 2410 3619 non
2429 3591 2582 3630 semper

1512 3636 1580 3673 fuit
1588 3635 1620 3684 ³¹¹,
1641 3636 1708 3673 sed
1727 3636 1961 3685 quandoque
1980 3635 2164 3684 incoepit:
2185 3642 2222 3672 et
2239 3641 2451 3684 posuerunt
2466 3633 2579 3670 etiarn
2609 3644 2618 3654 ·
