2782 4134
0 2043 10 2155 r-ym—*.
0 1966 7 2032 *Α
0 1944 2 1947 -
0 1889 15 1915 '1³‘

71 3042 82 3052 ·
97 3040 196 3062 Cffleet.
206 3045 283 3067 praec.

71 3073 97 3089 n.
106 3073 127 3093 ις
142 3070 164 3088 et
175 3067 283 3093 lect-xvxi,

22 3119 23 3122 Ἴ
72 3099 97 3115 n.
110 3099 133 3121 7.

73 3423 83 3433 ·
98 3427 174 3450 quare
187 3428 237 3444 om.
251 3428 273 3443 A.

372 1198 397 1219 π
418 1185 490 1226 ‹iij-512

297 1198 490 1277 J‘W'ffelsmvfl,

1134 270 1246 307 CAP.
1277 270 1367 318 XII,
1399 270 1550 307 LECT.
1580 271 1669 307 XIX

2424 284 2495 320 ¹97

961 527 1264 585 LECTIO
1302 531 1841 587 DECIMANONA

824 688 1043 720 SOLVITUR
1066 689 1268 721 SECUNDA
1291 691 1533 722 DUBITATIO
1557 692 1682 723 LECT.
1706 693 1794 724 XVII
1817 692 1972 724 POSITA

302 832 376 876 Περὶ
401 825 439 861 δὲ
465 829 527 867 τῆς
555 828 699 872 ἀπορίας
731 826 785 859 ὅτι
816 827 913 860 κατ-οὶ
937 827 996 871 μὲν
1022 827 1086 864 τήν
1120 827 1258 870 πρώτην
1292 831 1372 872 μίαν

372 873 476 907 οὖσαν
501 873 604 918 φοράν
630 872 718 905 πολὺ
744 871 872 910 πλῆθος
898 871 1102 909 συνέστηκεν
1130 873 1276 918 ἄστρων,
1306 874 1373 906 τῶν

371 914 402 951 δ’
433 918 542 951 ἄλλων
568 919 666 963 χωρὶς
692 917 840 949 ἕκαστον
866 918 999 961 εἴληφεν
1025 913 1113 955 ἰδίας
1141 917 1307 959 κινήσεις,
1333 913 1371 949 δι’

373 964 405 996 ἓν
430 963 490 1008 μὲν
518 962 557 995 ἄν
583 974 634 1000 τις
662 962 795 1006 πρῶτον
821 960 970 1007 εὐλόγως
995 959 1122 1000 οἰηθείη
1149 961 1241 995 τοῦθ’
1270 962 1377 1005 ὑπάρ-

371 1019 460 1052 χειν·
486 1007 609 1044 νοῆσαι
633 1006 698 1053 γαρ
723 1007 778 1038 δεῖ
799 1007 862 1044 τῆς
886 1007 974 1051 ζωῆς
999 1009 1058 1039 καὶ
1084 1008 1146 1045 τῆς
1175 1004 1280 1052 ἀρχῆς
1300 1007 1376 1040 ἐκοί-

371 1064 454 1090 στης
480 1051 611 1088 πολλὴν
646 1051 817 1096 ὑπεροχήν
843 1049 929 1084 εἶναι
954 1052 1017 1089 τῆς
1044 1051 1179 1094 πρώτης
1205 1052 1285 1097 πρὸς
1312 1053 1375 1090 τοὶς

374 1096 503 1138 ἄλλας,

304 1144 356 1181 ε’ίη
388 1137 417 1173 δ’
449 1140 488 1174 ἂν
521 1136 582 1177 ἥδε
612 1152 651 1172 συ
682 1139 846 1180 βαίνουσα
881 1141 979 1173 κατὰ
1009 1140 1131 1187 λόγον·
1165 1141 1186 1177 ἡ
1218 1140 1278 1182 μὲν
1310 1141 1375 1187 γάρ

526 1188 589 1230 μία
627 1196 712 1217 ouo-x
745 1185 860 1217 πολλοὶ
893 1189 978 1217 κινεῖ
1008 1186 1073 1218 τῶν
1105 1183 1275 1229 σωμάτων
1309 1187 1375 1218 τῶν

518 1232 553 1262 αἱ
577 1225 616 1262 δέ
647 1231 773 1263 πολλαὶ
806 1228 906 1262 οὖσαι
933 1231 965 1262 ἓν
995 1229 1096 1274 μόνον
1130 1228 1375 1266 {xoium-acm

371 1275 438 1321 γοίρ
465 1274 693 1319 πλανωμένων
720 1275 752 1307 ἓν
780 1275 895 1306 ὁτιοῦν
929 1276 1063 1312 πλείους
1096 1273 1235 1319 φέρεται
1260 1273 1374 1318 φοράς.

371 1320 494 1364 Ταύτῃ
521 1333 559 1353 τε
578 1318 634 1353 οὖν
654 1319 806 1362 ἀνισοίζει
825 1320 845 1356 ή
863 1318 958 1363 φύσις
983 1321 1042 1351 καὶ
1060 1323 1151 1351 ποιεῖ
1166 1317 1247 1351 τινοί
1263 1318 1375 1360 τοίξιν,

358 1367 420 1409 Δτῇ
446 1366 505 1410 μὲν
531 1367 593 1410 μιᾷ
617 1367 703 1411 φορᾷ
728 1364 842 1397 πολλοὶ
868 1360 1049 1397 ἀποδοῦσα
1074 1362 1244 1407 σώματα,
1271 1364 1320 1405 τῷ
1345 1360 1374 1395 δ’

375 1412 422 1444 ἑνὶ
446 1409 582 1454 σώματι
608 1409 738 1447 πολλαὶς
764 1408 885 1453 φοράς·

305 1458 363 1489 καὶ
391 1455 443 1488 ἔτι
467 1451 528 1487 διαὶ
552 1451 633 1488 τόδε
660 1455 692 1487 ἓν
719 1453 832 1499 ἔχουσι
857 1453 954 1497 σῶμα
981 1454 1015 1484 αἱ
1042 1452 1146 1484 ἄλλαι
1176 1456 1296 1497 φοραί,
1323 1451 1378 1485 ὅτι

374 1501 489 1533 πολλοὶ
512 1499 663 1544 σώματα
686 1498 834 1530 κινοῦσιν
857 1500 892 1530 αἱ
914 1497 977 1542 πρὸ
1002 1498 1065 1535 τῆς
1090 1497 1294 1534 τελευταίας
1320 1499 1378 1530 καὶ

374 1545 438 1582 τῆς
463 1545 496 1576 ἓν
525 1544 648 1588 ἄστρον
675 1542 836 1590 ἐχούσης·
865 1543 898 1574 ἐν
924 1543 1067 1579 πολλαῖς
1092 1539 1157 1587 γάρ
1183 1544 1338 1586 σφαίραις
1356 1543 1377 1579 ἡ

374 1591 562 1623 τελευταία
595 1592 721 1633 σφαῖρα
753 1583 951 1630 ἐνδεδεμένη
984 1586 1140 1630 φέρεται,
1177 1586 1308 1624 ἑκάστη
1341 1582 1379 1619 δὲ

374 1637 500 1678 σφαῖρα
532 1634 630 1677 σῶμα
664 1631 829 1678 τυγχάνει
860 1632 909 1664 ὄν.
944 1629 1094 1669 Ἐκείνης
1120 1629 1159 1662 ἂν
1186 1629 1242 1663 οὖν
1267 1632 1378 1663 κοινὰν

373 1680 425 1716 εἴη
451 1678 494 1710 τὸ
519 1678 634 1724 ἔργον·
663 1676 754 1714 αὕτη
779 1677 839 1720 μὲν
872 1677 937 1722 γάρ
965 1675 1096 1720 ἑκάστῃ
1122 1676 1143 1711 ἡ
1168 1672 1252 1713 ἵῗιος
1284 1675 1379 1720 φύσει

374 1722 475 1768 φοραί,
495 1721 585 1760 αὕτη
611 1718 648 1754 δὲ
666 1722 742 1754 ὀῐον
768 1721 983 1764 πρόσκειται.
1010 1720 1143 1758 Παντὸς
1168 1715 1206 1753 δὲ
1233 1732 1380 1766 πεπερα-

373 1766 496 1810 σμένου
521 1766 681 1810 σώματος
700 1766 780 1812 πρὸς
799 1765 1054 1811 πεπερασμένον
1072 1767 1092 1802 ἡ
1111 1761 1253 1809 δύναμίς
1272 1765 1376 1798 ἐστιν.

298 1813 411 1846 'And
433 1814 508 1857 περὶ
540 1812 599 1856 μὲν
635 1813 701 1844 τῶν
732 1812 796 1848 τήν
827 1810 1002 1858 ἐγκύκλιον
1034 1809 1220 1855 φερομένων
1251 1813 1378 1847 κίνησιν

377 1857 509 1902 ἄστρων
534 1859 668 1901 εἴρηται
693 1857 762 1888 ποῖ’
786 1856 881 1889 ἄττα
904 1854 1002 1888 κατά,
1026 1867 1063 1888 τε
1086 1856 1150 1892 την
1169 1856 1286 1887 οὐσίαν
1305 1855 1378 1888 ἐστὶ

372 1904 432 1934 καὶ
455 1901 554 1934 κατὰ
577 1901 619 1934 τὸ
644 1902 786 1946 σχῆμα,
817 1902 875 1933 καὶ
901 1903 974 1945 περὶ
1004 1901 1066 1937 τῆς
1099 1901 1201 1945 φορᾶς
1232 1902 1290 1932 καὶ
1316 1901 1379 1938 τῆς

376 1946 505 1988 τάξεως
534 1947 661 1978 αὐτῶν.

362 2046 512 2074 ΞΥΝοΡειε.
531 2053 555 2072 t.
570 2045 783 2081 Argumentum
805 2049 906 2071 textus.
926 2059 945 2064 —
967 2050 995 2070 2.
1019 2042 1122 2071 Prima
1143 2042 1247 2070 solutio
1269 2041 1382 2070 dubita-

306 2085 395 2115 tionis
416 2085 558 2113 secundae
580 2084 662 2120 (lect.
677 2091 753 2118 xvn,
775 2092 804 2111 n.
820 2085 871 2119 7),
894 2089 1010 2119 sumpta
1031 2091 1064 2110 ex
1086 2081 1251 2110 excellentia
1271 2082 1381 2118 primae

300 2126 448 2163 ⁴sphaerae
466 2124 497 2152 in
511 2123 730 2160 comparatione
748 2124 787 2152 ad
801 2123 880 2158 alias,
901 2129 964 2151 tum
986 2128 1128 2159 quantum
1149 2123 1187 2150 ad
1207 2122 1295 2150 vitam
1310 2122 1380 2157 eius,

283 2196 286 2198 ,
307 2172 371 2195 tum
391 2171 533 2202 quantum
554 2164 594 2192 ad
614 2173 676 2192 esse
697 2163 871 2200 principium
894 2169 1074 2197 ceterorum,
1096 2171 1147 2190 seu
1175 2168 1317 2199 quantum
1343 2163 1381 2190 ad

307 2204 500 2234 universalem
522 2203 736 2238 causalitatem3
759 2209 902 2240 quatenus
916 2204 944 2238 a)
960 2201 1154 2230 immediatius
1176 2201 1329 2230 ordinatur
1343 2202 1380 2230 ad

307 2244 437 2282 primum
451 2250 613 2278 motorem3
636 2243 663 2278 b)
679 2242 808 2271 eontinet
822 2249 849 2270 et
863 2242 984 2270 revolvit
997 2241 1066 2270 alias
1082 2242 1232 2278 sphaeras3
1254 2243 1280 2277 c)
1295 2242 1382 2269 habet

308 2284 554 2321 simplicissimum
582 2289 611 2311 et
637 2282 852 2311 velocissimum
880 2288 1003 2310 motum.
1035 2281 1124 2318 Atqui
1153 2281 1182 2309 in
1209 2281 1381 2317 corporibus

308 2324 479 2354 caelestibus
500 2322 714 2352 nobilissimum
736 2329 764 2351 et
782 2322 873 2360 magis
894 2321 1019 2350 activum
1041 2328 1083 2350 est
1104 2321 1195 2349 stella.
1217 2322 1295 2358 Ergo
1311 2330 1381 2349 con-

308 2364 388 2393 venit
407 2364 518 2401 primae
539 2363 694 2399 sphaerae,
722 2372 774 2399 per
795 2362 1043 2399 comparationem
1065 2362 1104 2390 ad
1124 2360 1210 2396 alias,
1232 2361 1381 2389 abundare

309 2403 406 2433 stellis.
429 2420 448 2425 -
472 2403 498 2431 3.
520 2402 598 2430 Nihil
625 2409 722 2430 autem
752 2402 847 2430 differt
874 2402 911 2430 ad
931 2401 1132 2438 propositum,
1155 2401 1178 2428 si
1200 2407 1381 2437 supponatur

303 2444 454 2473 ‚stellarum
483 2443 606 2471 fixarum
634 2443 786 2479 sphaeram
815 2451 876 2470 non
898 2450 959 2470 esse
988 2450 1162 2478 supremam.
1185 2442 1283 2468 Motus
1303 2440 1380 2469 enim

309 2492 462 2521 supremae
484 2483 633 2520 sphaerae,
655 2491 730 2519 quae
751 2482 839 2510 stellis
854 2488 940 2516 caret,
962 2481 1112 2510 ordinatur
1127 2481 1166 2509 ad
1181 2487 1293 2509 motum
1315 2481 1380 2509 stel-

309 2524 403 2552 larum
424 2523 561 2557 fixarum:
583 2522 662 2550 unde
683 2521 732 2550 illa
752 2522 875 2559 sphaera
895 2521 1002 2558 prima,
1025 2527 1167 2558 quantum
1189 2521 1226 2548 ad
1248 2519 1381 2548 ordinem

303 2563 417 2598 motus,
433 2562 510 2591 cadit
523 2562 553 2590 in
568 2563 694 2590 eundern
710 2562 843 2590 ordinem
860 2570 927 2590 cum
941 2561 1064 2598 sphaera
1081 2561 1228 2589 stellarum
1249 2560 1380 2589 fixarum.

309 2604 348 2631 Et
367 2603 435 2631 ideo
449 2602 618 2630 Aristoteles
640 2602 787 2639 signanter
801 2601 872 2630 dixit
893 2601 999 2629 multas
1020 2601 1115 2629 stellas
1137 2609 1200 2629 esse
1221 2601 1380 2628 secundum

309 2643 436 2680 primam
464 2643 618 2676 lationem,
639 2651 701 2670 non
722 2648 821 2670 autem
843 2642 1003 2669 secundum
1024 2641 1151 2678 primam
1178 2641 1344 2678 sphaeram.
1361 2657 1380 2662 -

309 2692 340 2718 4.
361 2682 497 2711 Secunda
510 2682 626 2716 solutio,
641 2688 757 2718 sumpta
771 2691 804 2709 ex
818 2680 1018 2718 proportionis
1040 2680 1211 2717 aequalitate
1226 2680 1301 2708 inter
1314 2680 1382 2708 stel-

309 2722 353 2751 las
373 2722 444 2750 fixas
458 2727 487 2750 et
500 2722 639 2759 planetas.
663 2721 883 2750 Rationabiliter
902 2727 1005 2749 natura
1027 2719 1170 2757 disposuit
1191 2721 1286 2757 quod,
1309 2720 1382 2748 sicut

309 2762 362 2790 uni
387 2762 482 2799 primo
503 2761 598 2790 motui
623 2761 818 2789 attribuuntur
838 2761 947 2788 multae
975 2760 1087 2795 stellae,
1116 2761 1156 2788 ita
1176 2760 1227 2788 uni
1248 2760 1380 2796 corpori,

310 2802 428 2833 cuilibet
447 2811 552 2839 nempe
573 2802 771 2838 planetarum,
797 2800 992 2829 attribuuntur
1013 2800 1096 2828 multi
1116 2806 1223 2828 motus.
1246 2800 1381 2828 Planetae

311 2841 389 2870 enim
411 2848 478 2870 sunt
499 2840 582 2878 quasi
597 2841 788 2869 instrumenta
809 2849 961 2877 supremae
976 2841 1124 2876 sphaerae,
1147 2849 1222 2877 quae
1241 2846 1284 2867 est
1298 2839 1380 2876 quasi

319 2948 348 2972 1.
445 2957 480 2983 z'*
577 2933 757 2971 raemissa
785 2933 972 2970 solutione
1000 2932 1145 2981 primae
1181 2932 1379 2969 dubitatio-

308 2998 311 3001 ’
400 2982 405 2992 ’
432 2979 502 3037 [⁹3⁸³
534 2987 653 3034 unis,
690 2987 751 3024 hic
784 2986 896 3023 solvit
933 2986 1209 3023 dubitationem
1247 2998 1380 3022 secun-

499 3036 562 3086 Ἓξ
578 3041 668 3078 dam
681 3041 711 3087 *,
729 3053 805 3088 qua
825 3039 964 3076 scilicet
983 3040 1237 3088 quaerebatur
1252 3051 1380 3087 quare,

394 3121 401 3125 <-
695 3093 735 3130 in
762 3094 924 3142 sphaera
943 3093 1055 3142 primi
1084 3100 1212 3129 motus
1237 3092 1309 3129 sint
1327 3092 1381 3129 in-

312 3147 569 3184 numerabiles
607 3147 754 3194 stellae,
785 3146 823 3183 in
852 3144 1018 3195 qualibet
1045 3146 1202 3183 aliarum
1231 3145 1382 3182 inferio-

307 3207 399 3244 jrum
427 3212 507 3237 non
536 3207 592 3237 est
618 3199 689 3236 nisi
716 3212 805 3237 una.

368 3265 402 3290 2.
424 3253 538 3290 Ponit
556 3260 686 3290 autem
705 3253 754 3290 ad
773 3254 847 3289 hoc
867 3260 941 3289 tres
961 3251 1180 3289 solutiones.
1207 3251 1380 3297 Quarum

312 3306 438 3355 prima
467 3314 522 3343 est
554 3314 707 3354 sumpta
741 3318 786 3342 ex
819 3305 1039 3341 excellentia
1071 3305 1217 3352 primae
1247 3305 1380 3352 sphae-

314 3371 377 3396 rae
406 3360 454 3397 ad
482 3359 584 3396 alias.
623 3360 674 3396 Et
711 3358 799 3395 dicit
826 3358 948 3405 quod,
979 3357 1077 3393 circa
1106 3357 1380 3394 dubitationem

314 3424 390 3461 qua
420 3411 610 3448 dubitatur
643 3410 1024 3460 quaresssecundum
1057 3417 1207 3446 motum
1235 3410 1380 3458 primae

314 3603 316 3605 ,
369 3577 397 3610 α)
411 3577 466 3602 sint
478 3577 616 3603 locatae.-
629 3577 683 3601 sint
697 3577 800 3602 locutae
810 3577 841 3605 A,
857 3576 922 3601 forte
940 3584 988 3607 pro
1007 3576 1061 3600 sint
1074 3576 1160 3606 latae;
1179 3575 1212 3600 cf.
1226 3581 1279 3600 rot.
1292 3584 1312 3606 ε,
1323 3584 1347 3607 η.
1360 3590 1378 3594 -

314 3613 365 3641 P,ro
385 3621 480 3643 unum,
502 3612 645 3644 proprium
664 3612 692 3641 P.
713 3612 824 3644 spatium
845 3619 900 3636 vac.
918 3611 996 3644 pDG;
1018 3611 1140 3636 omittunt
1158 3611 1243 3637 BCEl.
1262 3624 1281 3630 ·-
1298 3612 1377 3636 Linea

1429 832 1446 850 *
1465 832 1512 862 De
1536 832 1732 863 dubitatione
1756 841 1863 865 autem
1886 846 1982 876 quare
2006 837 2183 867 secundum
2206 837 2344 877 primam
2365 838 2496 878 quidem

1497 887 1596 907 unam
1627 877 1811 908 existentem
1840 879 1991 910 lationem
2024 891 2140 921 magna
2170 882 2343 913 multitudo
2374 889 2497 913 constat

1496 927 1665 960 astrorum,
1689 922 1826 953 aliorum
1842 931 1949 954 autem
1972 925 2154 965 singillatim
2174 927 2432 968 unumquodque
2448 937 2496 958 ac-

1497 966 1580 1006 cepit
1602 966 1748 1007 proprios
1773 974 1897 1005 motus,
1922 969 1939 987 *
1955 976 2083 1009 propter
2107 980 2210 1001 unum
2231 971 2362 1011 quidem
2386 971 2497 1012 utique

1497 1010 1569 1051 quis
1589 1011 1730 1051 primurn
1748 1012 1972 1043 rationabiliter
1995 1013 2183 1045 existimabit
2200 1015 2262 1045 hoc
2282 1015 2426 1046 existere:
2450 1015 2496 1046 in-

1497 1055 1635 1095 telligere
1660 1056 1746 1086 enim
1769 1063 1896 1096 oportet
1918 1057 1999 1088 vitae
2023 1065 2053 1088 et
2076 1058 2221 1099 principii
2245 1059 2497 1101 uniuscuiusque

1498 1100 1634 1131 multam
1657 1100 1873 1131 excellentiam
1897 1111 1963 1132 esse
1986 1102 2106 1142 primae
2129 1103 2169 1133 ad
2193 1103 2278 1134 alias.

1430 1145 1447 1163 *
1463 1144 1530 1175 Erit
1553 1151 1661 1175 autem
1684 1145 1795 1185 utique
1823 1145 1965 1176 accidens
1993 1147 2170 1177 secundum
2197 1148 2362 1179 rationem.
2393 1148 2498 1179 Prima

1499 1189 1630 1229 quidem
1654 1189 1757 1228 enim,
1786 1199 1849 1220 una
1873 1190 2025 1229 existens,
2057 1192 2157 1222 multa
2187 1199 2295 1223 movet
2325 1202 2498 1232 corporum

1499 1233 1698 1264 divinorum:
1723 1233 1842 1265 multae
1859 1241 1965 1265 autem
1985 1235 2159 1274 existentes,
2177 1246 2280 1267 unum
2296 1237 2403 1267 solum
2420 1247 2498 1267 una-

1499 1285 1662 1318 quaeque;
1680 1278 1851 1309 errantium
1867 1279 1952 1309 enim
1969 1280 2225 1321 unumquodque
2240 1281 2383 1320 pluribus
2400 1281 2499 1312 fertur

1498 1322 1680 1354 lationibus.
1706 1323 1756 1353 Sic
1784 1323 1913 1364 quidem
1937 1324 2032 1364 igitur
2060 1325 2215 1366 adaequat
2238 1331 2348 1355 natura
2372 1332 2402 1356 et
2425 1325 2500 1356 facit

1499 1367 1662 1405 ordinem,
1691 1367 1748 1398 uni
1771 1367 1902 1408 quidem
1924 1368 2036 1399 lationi
2064 1369 2165 1400 multa
2188 1369 2328 1400 tribuens
2352 1379 2498 1410 corpora,

1500 1411 1555 1442 uni
1579 1419 1686 1442 autem
1707 1412 1832 1452 corpori
1856 1413 1971 1443 multas
1996 1413 2140 1444 lationes.

1432 1455 1450 1473 θ’
1467 1456 1508 1487 Et
1531 1456 1634 1487 adhuc
1657 1463 1787 1496 propter
1809 1456 1871 1487 hoc
1887 1457 2018 1498 quidem
2037 1468 2140 1488 unum
2156 1458 2272 1488 habent
2289 1468 2404 1499 corpus
2420 1458 2500 1500 aliae

1499 1500 1644 1539 ledones,
1662 1500 1736 1542 quia
1756 1501 1858 1531 multa
1881 1511 2015 1541 corpora
2031 1508 2172 1541 movent,
2191 1512 2273 1543 quae
2292 1502 2412 1542 primae
2428 1502 2499 1534 ulti-

1500 1555 1571 1576 mae
1588 1551 1618 1576 et
1634 1555 1737 1575 unum
1753 1552 1873 1576 astrum
1889 1546 2050 1576 habentis:
2075 1546 2107 1576 in
2131 1546 2239 1577 multis
2256 1546 2341 1576 enim
2360 1547 2499 1587 sphaeris

1501 1589 1612 1620 ultima
1629 1590 1761 1630 sphaera
1776 1589 1871 1620 infixa
1886 1590 1993 1621 fertur.
2010 1591 2228 1631 Unaquaeque
2243 1597 2349 1621 autem
2368 1591 2500 1631 sphaera

1501 1644 1617 1674 corpus
1646 1633 1748 1665 exiStit
1771 1644 1835 1664 ens.
1866 1634 1952 1665 Illius
1977 1634 2107 1675 quidem
2130 1635 2224 1675 igitur
2248 1645 2420 1666 commune
2444 1636 2501 1666 erit

1502 1686 1602 1720 opus:
1626 1678 1703 1709 haec
1727 1678 1858 1719 quidem
1881 1679 1967 1709 enim
1991 1679 2155 1719 singularis
2179 1679 2307 1720 propria
2330 1690 2386 1720 per
2408 1686 2500 1711 natu-

1501 1733 1569 1754 ram
1585 1723 1672 1762 latio,
1696 1723 1713 1742 *
1729 1723 1805 1754 haec
1829 1730 1937 1754 autem
1955 1723 2041 1754 velut
2060 1723 2241 1764 apponitur.
2263 1724 2376 1755 Omnis
2393 1731 2501 1755 autem

1500 1766 1580 1798 finiti
1605 1767 1746 1807 corporis
1771 1767 1810 1798 ad
1834 1766 1960 1798 finitum
1982 1767 2080 1798 virtus
2105 1774 2159 1798 est.

1435 1812 1496 1843 Sed
1512 1812 1550 1842 de
1568 1812 1709 1843 circulari
1733 1812 1864 1852 quidem
1878 1819 1970 1843 motu
1987 1812 2056 1843 latis
2071 1812 2159 1843 astris
2183 1813 2303 1843 dictum
2326 1820 2372 1844 est
2395 1812 2502 1855 qualia

1500 1856 1632 1897 quidem
1648 1857 1826 1887 secundum
1849 1857 2057 1887 substantiam
2081 1864 2154 1887 sunt
2175 1864 2205 1888 et
2229 1858 2406 1888 secundum
2421 1857 2501 1897 figu-

1500 1911 1579 1940 ram,
1604 1908 1634 1932 et
1658 1901 1696 1931 de
1719 1901 1837 1932 latione
1861 1908 1892 1932 et
1915 1901 2025 1932 ordine
2044 1901 2198 1942 ipsorum.

1435 2041 1630 2078 principaliter
1643 2051 1731 2079 agens
1745 2041 1775 2069 in
1790 2041 1976 2078 corporibus;
1999 2042 2050 2070 sed
2070 2042 2294 2075 instrumentum
2309 2042 2366 2079 agit
2380 2042 2503 2079 inquan-

1435 2089 1497 2109 tum
1519 2088 1648 2117 motum,
1671 2081 1828 2118 principale
1854 2091 1940 2118 agens
1966 2088 2063 2110 autem
2090 2083 2248 2110 secundum
2260 2073 2407 2110 *irtutem
2435 2091 2504 2119 pro-

1435 2122 1543 2158 priam:
1555 2131 1624 2158 ergo
1635 2121 1769 2150 convenit
1780 2131 1932 2158 supremae
1944 2123 2081 2158 sphaerae
2092 2122 2241 2150 abundare
2253 2122 2349 2157 stellis,
2358 2122 2388 2150 in
2399 2122 2504 2159 quibus

1434 2161 1552 2189 virtutes
1574 2161 1682 2190 activae
1704 2161 1881 2196 radicantur,
1903 2161 2025 2198 planetis
2046 2168 2143 2190 autem
2164 2162 2312 2190 abundare
2335 2162 2471 2190 motibus.
2484 2178 2503 2184 -

1435 2201 1566 2229 salvatur
1586 2201 1692 2238 pariter
1712 2202 1783 2229 haec
1804 2201 1877 2229 ratio
1900 2201 1985 2229 etiam
2007 2202 2167 2230 secundum
2194 2203 2403 2230 modernorum
2424 2202 2503 2238 posi-

1434 2241 1554 2269 tionem.
1570 2257 1589 2262 -
1610 2242 1634 2269 5.
1663 2241 1762 2268 Tertia
1783 2241 1896 2274 solutio,
1919 2248 2035 2278 sumpta
2056 2251 2089 2269 ex
2111 2241 2294 2269 multitudine
2316 2242 2503 2278 sphaerarum

1434 2289 1675 2317 unumquemque
1688 2281 1834 2317 planetam
1850 2281 2038 2315 moventium,
2055 2282 2214 2309 secundum
2230 2281 2374 2318 antiquos.
2391 2282 2502 2310 Omnes

1435 2321 1573 2357 sphaerae
1594 2320 1633 2348 ita
1655 2321 1804 2348 ordinatae
1827 2327 1893 2348 sunt
1914 2322 1951 2349 ad
1972 2321 2110 2355 invicem,
2137 2322 2217 2357 quod
2246 2321 2378 2358 superior
2405 2328 2503 2350 movet

1435 2370 1538 2388 omnes
1560 2360 1708 2388 inferiores
1730 2360 1877 2388 ordinatas
1898 2361 1936 2388 ad
1962 2367 2075 2389 motum
2097 2361 2226 2389 eiusdem
2252 2362 2392 2397 planetae.
2419 2362 2503 2389 Unde

1435 2400 1458 2428 si
1473 2400 1612 2436 superior,
1628 2409 1694 2428 cum
1710 2401 1766 2428 hoc
1781 2407 1871 2435 motu,
1894 2401 2012 2428 haberet
2033 2401 2119 2428 etiam
2141 2410 2258 2429 movere
2272 2401 2368 2437 plures
2390 2401 2483 2429 stellas
2493 2423 2500 2436 ,

1435 2446 1509 2468 esset
1523 2439 1549 2467 ei
1564 2440 1759 2468 laboriosum:
1782 2449 1851 2468 nam
1873 2440 2023 2468 cuiuslibet
2045 2440 2175 2477 corporis
2197 2447 2239 2469 est
2260 2441 2349 2469 virtus
2371 2441 2451 2469 finita
2472 2441 2503 2468 in

1435 2480 1654 2516 comparatione
1674 2481 1712 2508 ad
1738 2480 1817 2508 aliud
1843 2489 1958 2517 corpus.
1979 2496 2000 2501 —
2021 2481 2048 2508 6.
2070 2481 2138 2508 Non
2159 2480 2199 2509 sic
2220 2481 2438 2518 intelligendum
2460 2487 2503 2509 est

1435 2520 1516 2557 quod
1537 2519 1641 2548 dicitur
1662 2520 1698 2548 de
1719 2517 1886 2548 difficultate
1909 2520 2061 2555 movendi,
2085 2520 2167 2557 quasi
2193 2520 2228 2548 sit
2249 2520 2451 2557 ponderositas
2473 2520 2503 2548 in

1435 2560 1532 2595 stellis,
1554 2566 1603 2588 aut
1624 2559 1734 2596 aliquid
1754 2560 1890 2588 resistens
1911 2559 2020 2595 motui;
2049 2561 2100 2588 sed
2121 2560 2190 2597 quia
2210 2560 2303 2597 prima
2329 2561 2450 2597 sphaera
2471 2561 2502 2588 in

1435 2600 1589 2637 hypothesi
1609 2606 1719 2628 careret
1739 2609 1856 2628 excessu
1877 2600 1987 2628 virtutis
2009 2600 2179 2628 necessario.
2199 2616 2219 2621 —
2237 2600 2331 2628 Finita
2350 2600 2502 2637 proportio

1434 2641 1574 2677 sphaerae
1595 2639 1738 2668 moventis
1753 2640 1790 2668 ad
1805 2649 1928 2676 corpora
1942 2647 2032 2675 mota,
2054 2640 2171 2676 ponitur
2185 2649 2219 2668 ex
2233 2650 2269 2668 eo
2284 2641 2364 2677 quod
2381 2641 2504 2677 sphaera

1435 2689 1557 2708 movens
1571 2686 1613 2707 est
1628 2689 1742 2716 corpus.
1757 2680 1841 2708 Unde
1857 2681 2016 2708 seeundum
2031 2679 2222 2708 intentionem
2244 2680 2423 2717 Philosophi,
2439 2690 2503 2708 mo-

1433 2729 1504 2748 vens
1526 2719 1714 2748 immateriale
1734 2720 1821 2747 habet
1842 2729 1990 2748 excessum
2012 2719 2156 2747 infinitum
2183 2729 2270 2756 supra
2295 2729 2401 2757 corpus
2423 2721 2503 2756 quod

1435 2761 1472 2788 ab
1487 2769 1523 2788 eo
1538 2765 1679 2788 movetur.
1694 2761 1736 2787 Ex
1751 2769 1810 2796 quo
1825 2760 1953 2797 arguitur
1968 2761 2003 2788 de
2017 2759 2137 2788 falsitate
2151 2761 2294 2788 Averroes
2310 2760 2339 2787 in
2350 2769 2405 2788 suo
2420 2768 2501 2788 com-

1435 2807 1546 2828 mento.
1561 2816 1582 2820 —
1595 2799 1693 2827 Tertia
1714 2799 1820 2828 solutio
1842 2809 1902 2827 non
1924 2800 2010 2828 habet
2031 2799 2128 2827 locum
2149 2800 2178 2827 in
2200 2800 2409 2828 modernorum
2424 2799 2502 2836 posi-

1435 2839 1524 2868 tione.
1541 2856 1559 2860 ·
1575 2849 1601 2875 7.
1623 2839 1762 2876 Epilogus
1784 2849 1886 2867 eorum
1908 2849 1982 2876 quae
2004 2839 2079 2867 dicta
2100 2846 2165 2867 sunt
2188 2840 2223 2867 de
2245 2839 2341 2867 stellis.

1435 2933 1632 2981 sphaerae,
1654 2931 1717 2980 qui
1739 2939 1793 2968 est
1820 2944 1930 2978 unus,
1952 2931 2140 2968 invenitur
2162 2931 2280 2978 magis
2301 2931 2501 2968 multitudo

1436 2993 1635 3032 astrorum,
1652 2985 1689 3021 in
1710 2985 1788 3021 aliis
1808 2992 1936 3021 autern
1950 2987 1968 3006 ²³²
1985 2985 2153 3033 sphaeris
2172 2984 2408 3021 inferioribus
2423 2986 2501 3032 pla-

1435 3046 1609 3075 netarum
1629 3051 1882 3087 unaquaeque
1903 3039 2006 3074 stella
2026 3050 2199 3074 seorsum
2225 3037 2359 3086 accipit
2373 3037 2393 3058 *
2412 3050 2500 3086 pro-

1435 3092 1538 3140 prios
1567 3099 1694 3128 motus
1728 3094 1784 3137 (ut
1811 3091 1948 3127 scilicet
1976 3090 2036 3126 alii
2074 3090 2146 3126 sint
2174 3097 2300 3126 motus
2330 3091 2499 3138 Saturni,

1436 3145 1496 3182 alii
1517 3145 1628 3191 Iovis,
1652 3153 1687 3181 et
1706 3145 1759 3181 sic
1780 3144 1827 3181 de
1847 3144 1938 3190 aliis,
1960 3156 2048 3180 cum
2069 3151 2197 3180 tamen
2217 3156 2353 3180 omnes
2372 3145 2500 3181 stellae

1436 3199 1534 3235 fixae
1563 3198 1636 3234 sint
1664 3198 1807 3234 locatae
1826 3203 1842 3217 ⁰¹
1873 3196 2083 3233 secundum
2109 3209 2230 3233 unum
2249 3199 2424 3246 motum),
2446 3198 2500 3234 di-

1437 3251 1602 3288 cendum
1632 3258 1688 3287 est
1723 3250 1830 3299 quod
1858 3249 1990 3297 aliquis
2027 3257 2151 3298 potest
2184 3250 2395 3287 existimare
2426 3251 2500 3287 hoc

1436 3304 1656 3340 rationabile
1673 3315 1765 3349 esse,
1781 3303 1906 3351 primo
1928 3303 2083 3351 quidem
2103 3310 2259 3352 propter
2272 3304 2347 3340 hoc
2366 3316 2498 3352 unum,

1436 3357 1523 3405 quia
1539 3357 1558 3376 ’ᾖ
1574 3364 1722 3404 oportet
1749 3356 1952 3403 intelligere
1974 3356 2077 3405 quod
2100 3356 2224 3404 prima
2254 3357 2414 3405 sphaera
2434 3358 2500 3394 ha-

1437 3411 1523 3446 beat
1550 3421 1730 3456 magnam
1769 3409 2026 3446 excellentiam
2061 3409 2099 3446 in
2128 3410 2412 3458 comparatione
2451 3411 2500 3448 ad

1431 3576 1549 3616 sequenti
1570 3582 1628 3609 post
1647 3577 1786 3602 dicendum
1806 3581 1844 3602 est
1862 3578 1885 3602 A
1899 3578 1976 3603 addit.
1990 3582 2086 3608 autem,
2107 3579 2177 3611 quod
2190 3579 2256 3604 tollit
2271 3585 2424 3605 structuram
2438 3589 2498 3605 sen-

1431 3617 1537 3638 tentiae..

2523 846 2671 899 :reSxetq.6‹{ap.
2680 852 2723 867 xn.

2524 980 2534 988 ·
2549 978 2617 1000 Text.
2632 978 2670 1000 68.

2525 1156 2535 1165 '¹
2550 1155 2617 1176 Text.
2632 1155 2671 1183 69.

2526 1468 2535 1478 ·
2550 1467 2619 1490 Text.
2634 1474 2674 1496 70.

2528 1730 2536 1737 ·
2552 1728 2619 1750 Text.
2635 1734 2666 1755 71.

2530 2997 2540 3007 ⁴·
2555 2997 2625 3018 etiam
2639 3002 2699 3018 anri.

2530 3051 2539 3059 '¹
2554 3050 2645 3077 accepit
2656 3056 2679 3071 Λ.

2528 3369 2537 3378 '
2553 3367 2617 3396 quod
2629 3375 2650 3390 r.
2682 3389 2687 3393 ,
