2690 4062
1036 268 1149 311 CAP.
1180 275 1251 323 III,
1282 276 1433 313 LECT.
1463 277 1515 314 VI

851 546 1244 605 LECTIO

2275 297 2356 322 CXXI

1292 551 1645 608 SEXTA

990 722 1047 752 DE
1073 722 1224 754 OPTESI
1248 724 1305 754 ET
1330 725 1538 757 STATEUSI

161 880 307 917 ὄπτησις
331 877 359 910 δ’
379 878 453 911 ἐστὶ
479 877 576 922 πέψις
598 879 664 912 ὑπὸ
690 878 898 934 θερμότητος
924 881 1026 926 ξηρᾶς
1050 884 1108 914 καὶ
1137 882 1234 915 ἀλλο·
1259 884 1263 938 Ι
1290 884 1305 901 *
1323 886 1450 927 Optesis
1467 895 1574 919 autem
1591 898 1636 921 est
1651 891 1782 930 digestio
1802 903 1820 923 a
1836 893 1990 925 caliditate
2006 895 2086 926 sicca
2102 903 2133 926 et
2148 896 2258 928 aliena.
2282 898 2358 928 Pro·
2386 901 2397 912 '
2411 900 2465 928 Seq.
2481 906 2532 928 0³1³·
2546 907 2578 923 ¹¹¹·

228 925 336 968 τρίας.
372 924 435 954 Διοί
460 924 569 956 τοῦτο
601 923 664 956 κσῖν
695 924 781 968 ἑψων
806 937 857 963 τις
883 928 964 968 ποιῇ
1000 926 1232 970 μεταβάλλειν

226 969 286 1000 καὶ
312 967 503 1001 πέττεσθαι
529 968 574 1013 μή
601 970 667 1001 ὑπὸ
694 971 757 1007 τῆς
782 971 845 1003 τοῦ
877 971 978 1016 ὑγροῦ
1004 970 1231 1016 θερμότητος,

229 1012 303 1044 ἀλλ’
325 1013 393 1045 ὑπὸ
419 1013 482 1050 τῆς
507 1014 571 1045 τοῦ
590 1015 704 1059 πυρὸς,
723 1013 810 1047 ὅταν
834 1014 993 1058 τελεσθῇ,
1013 1015 1123 1049 ὀπτὸν
1147 1018 1236 1062 γίνε-

228 1068 289 1089 ται
313 1060 370 1089 καὶ
397 1057 461 1102 οὐχ
487 1056 598 1101 ἑφθόν,
625 1061 682 1090 καὶ
701 1059 748 1101 τῇ
767 1060 940 1104 ὑπερβολῇ
959 1060 1235 1104 προσκεκαῦσθαι

226 1100 390 1148 λέγεται·
424 1101 491 1134 ὑπὸ
519 1102 621 1146 ξηρᾶς
655 1101 692 1134 δέ
725 1103 758 1135 θε
781 1103 935 1158 μότητος
966 1107 1120 1150 γίνεται,
1147 1104 1232 1141 ὅταν

227 1143 410 1192 ξηρότερον
427 1149 567 1193 γίνηται
591 1116 824 1181 ἑπιτελεσθρεν·
850 1144 904 1181 8ιό
925 1153 983 1181 καὶ
1003 1149 1050 1182 τοὶ
1066 1150 1164 1186 ἐκτός
1181 1148 1236 1189 ξη-

227 1189 352 1235 ρότερα
370 1192 438 1223 τῶν
456 1189 570 1233 ε’ντός·
593 1194 640 1224 τοὶ
657 1190 685 1223 δ’
707 1192 791 1236 ἑφθοὶ
811 1194 1027 1226 τούναντίον.
1055 1195 1121 1225 Καὶ
1139 1194 1233 1239 ἔργον

229 1235 377 1268 ἔπὶττῶν
403 1235 638 1280 χειροκμήτων
666 1237 706 1269 τό
726 1238 881 1274 ὀπτῆσαι
905 1239 1019 1282 μεῖζον
1044 1237 1065 1274 ἦ
1092 1237 1233 1281 ἑψῆσαι·

227 1281 384 1327 χαλεπὸν
409 1282 474 1326 γαρ
499 1281 548 1312 τοὶ
568 1280 665 1318 ἐντος
689 1284 747 1314 καὶ
769 1282 817 1315 τοὶ
832 1283 930 1320 ἐκτός
950 1283 1084 1326 ὁμαλῶς
1101 1281 1238 1327 θερμαί-

229 1336 316 1357 νειν·
344 1324 398 1357 ἀεὶ
426 1325 490 1371 γαρ
517 1325 565 1358 τοὶ
595 1323 780 1371 ἐγγύτερον
811 1328 873 1360 τοῦ
899 1328 1000 1372 πυρὸς
1035 1326 1235 1369 ξηραίνεται

228 1368 374 1410 θᾶττον,
401 1368 489 1401 ὥστε
513 1372 571 1402 καὶ
597 1372 741 1414 μᾶλλον.
778 1370 967 1404 Συνιόντων
993 1368 1051 1403 οὖν
1077 1372 1144 1404 τῶν
1172 1370 1234 1411 ἔξω

229 1412 340 1459 πόρων
366 1414 404 1446 οὗ
430 1412 582 1446 δυ’ναται
606 1414 815 1460 ἑκκρίνεσθαι
840 1415 881 1457 τό
907 1415 1096 1460 ἐνυπάρχον
1119 1416 1233 1460 ὑγρᾶν,

230 1458 301 1491 ἀλλ’
322 1455 630 1504 ἑγκατακλείεται,
650 1459 738 1492 ὅταν
756 1462 786 1492 οἱ
805 1459 902 1503 πόροι
922 1460 1085 1503 μύσωσιν.
1105 1460 1235 1496 Ὄπτη-

227 1514 278 1542 σις
301 1502 362 1547 μὲν
388 1501 444 1535 οὖν
469 1505 529 1535 καὶ
553 1502 668 1548 ἕψησις
678 1505 842 1550 ,γίνονται
866 1504 926 1549 μέν
953 1504 1074 1549 τέχνῃ,
1096 1500 1234 1544 ἔστιδ’,

227 1546 340 1592 ὥσπερ
363 1546 521 1593 λέγομεν,
549 1548 597 1580 τοὶ
620 1543 692 1585 εἴδη
718 1547 867 1581 καθόλου
892 1549 1013 1582 ταύτσί
1036 1550 1095 1580 καὶ
1120 1548 1233 1592 φύσει·

230 1590 334 1637 ὅμοια
351 1591 416 1638 γάρ
441 1591 490 1624 τοὶ
512 1591 676 1638 γινόμενα
693 1592 802 1634 πσίθη,
823 1591 898 1626 ἀλλ’
925 1594 1101 1638 ἀνώνυμα·
1129 1597 1239 1637 μιμεῖ-

228 1648 288 1671 ται
312 1639 377 1682 γσίρ
403 1636 424 1673 ’ἢ
450 1635 554 1681 τέχνη
583 1637 647 1674 τήν
667 1637 778 1680 φύσιν,
799 1637 871 1670 ἐπεὶ
895 1640 954 1670 καὶ
979 1639 1000 1675 ἡ
1027 1640 1090 1676 τῆς
1110 1638 1234 1682 τροφῆς

228 1679 263 1714 ἂν
287 1683 336 1722 τῷ
362 1679 498 1725 σώματι
523 1680 619 1725 πέψις
641 1682 743 1725 ὁμοία
761 1681 879 1726 ἑψήσει
899 1683 1011 1715 ἐστίν·
1036 1685 1094 1715 καὶ
1118 1682 1183 1728 γὰρ
1202 1681 1234 1714 ἐν

228 1726 316 1771 ύγρῷ
348 1726 407 1757 καὶ
432 1724 539 1769 θερμῷ
566 1725 632 1759 ὑπό
658 1727 722 1765 τῆς
748 1728 811 1759 τοῦ
835 1726 996 1772 σώματος
1025 1726 1234 1771 θερμότητος

250 1772 375 1803 ίνεται.
401 1771 468 1802 Καὶ
496 1770 638 1815 ἀπεψίαι
663 1770 750 1803 ἔνιαι
777 1770 891 1816 ὅμοιαι
917 1773 963 1815 τῇ
983 1771 1141 1817 μωλύσει.
1168 1773 1235 1803 Καὶ

249 1815 314 1856 ᾧόν
340 1815 400 1847 οὐκ.
425 1814 600 1860 ἐγγίνεται
618 1816 652 1848 ἐν
671 1817 717 1858 τῇ
738 1815 849 1860 πέψει,
868 1817 978 1862 ὥσπερ
1004 1816 1095 1854 τινές
1119 1827 1234 1861 φασιν,

229 1859 305 1894 ἀλλ’
325 1856 361 1891 ἑν
386 1860 431 1901 τῇ
456 1860 632 1904 ἀποκρίσει
648 1861 826 1906 σηπομένῃ
853 1862 886 1894 ἑν
913 1863 958 1904 τῇ
983 1861 1081 1894 κάτω
1106 1862 1233 1901 κοιλίᾳ,

228 1901 291 1936 εἶτ’
314 1903 547 1950 ἐπανέρχεται
573 1904 660 1937 α’νω·
687 1905 861 1939 πέττεται
886 1908 946 1951 μὲν
963 1906 1027 1952 γὰρ
1046 1907 1080 1938 ἐν
1097 1906 1143 1947 τῇ
1166 1905 1235 1938 ἄνω

226 1951 362 1990 κοιλίᾳ,
388 1949 543 1985 σήπεται
568 1945 598 1980 δ’
628 1950 662 1982 ὲν
688 1951 732 1992 τῇ
764 1949 862 1983 κοίτω
892 1952 933 1984 τὸ
968 1949 1166 1995 ἀποκριθέν·
1193 1945 1232 1981 ’δι’

229 1993 270 2031 ἥν
295 1991 328 2025 δ’
357 1993 488 2036 αἰτίαν,
515 1996 649 2038 εἴρηται
674 1994 708 2026 ἑν
734 1994 875 2039 ἑτέροις.

157 2038 200 2070 Ἢ
219 2037 279 2083 μὲν
297 2035 355 2071 οὖν
373 2038 530 2082 μόλυνσις
547 2039 594 2082 τῇ
613 2037 731 2082 ἑψήσει
752 2037 925 2072 ἐναντίον·
952 2040 998 2082 τῇ
1016 2035 1044 2071 δ’
1065 2040 1108 2078 ὠς
1127 2038 1238 2074 ὀπτῆ-

227 2094 279 2116 σει
301 2082 470 2129 λεγομένῃ
497 2082 596 2137 πέψει
620 2083 695 2116 ἔστι
715 2082 775 2128 μέν
795 2096 829 2116 τι
848 2085 1081 2129 ἀντικείμενον
1099 2085 1236 2129 ὁμοίως,

231 2127 493 2173 ἀνωνυμώτερον
518 2123 570 2162 δε.
597 2129 656 2165 Etr,
682 2124 712 2160 δ’
735 2127 774 2161 ὂὶν
797 2128 927 2172 ὅμοιον,
946 2129 974 2161 εἰ
990 2128 1128 2175 γένοιτο
1153 2128 1237 2160 σταί-

229 2184 354 2213 τευσις,
383 2170 476 2205 ἀλλά,
499 2172 545 2217 μή
573 2172 716 2211 ὄπτησις
741 2169 780 2205 δι’
809 2169 939 2206 ἔνδειαν
964 2173 1188 2219 θερμότητος,
1215 2173 1237 2211 ἧ

231 2217 379 2262 συμβαίη
407 2217 446 2249 ἂν
472 2215 493 2254 ἦ
518 2212 557 2249 δι’
586 2217 781 2263 ὀλιγότητα
807 2219 870 2250 τοῦ
895 2217 959 2258 ἔξω
985 2219 1104 2263 πυρός,
1132 2216 1154 2255 ἦ
1179 2215 1238 2252 διαὶ

229 2263 271 2295 vd
297 2260 427 2300 πλῆθος
452 2263 516 2295 τοῦ
541 2262 575 2295 ἐν
602 2266 650 2304 τῷ
675 2262 862 2307 ὀπτωμένῳ
889 2259 1039 2301 ὕδατος·
1066 2263 1151 2296 τότε
1171 2263 1236 2308 γσὶρ

229 2307 354 2338 πλείων
380 2306 440 2350 μέν
467 2307 559 2339 ἐστιν
577 2305 598 2344 ἧ
616 2307 704 2340 ὥστε
729 2307 777 2352 μή
801 2308 954 2348 κινῆσαι,
982 2307 1140 2341 ἐλάττων
1164 2304 1192 2341 δ’
1215 2307 1237 2346 ἢ

228 2349 318 2383 ὥστε
343 2350 463 2395 πέψαι.

162 2397 200 2427 Τί
218 2394 278 2441 μὲν
303 2393 360 2428 οὖν
389 2397 464 2428 ἐστι
494 2395 590 2440 πέψις
622 2399 679 2429 καὶ
711 2395 864 2440 ἀπεψία,
895 2399 954 2429 καὶ
988 2395 1155 2435 πέπανσις
1179 2399 1238 2430 καὶ

229 2438 387 2484 ὠμότης,
412 2443 471 2472 καὶ
497 2440 610 2485 ἕψησις
628 2444 687 2473 καὶ
714 2441 857 2480 ὄπτησις
884 2444 942 2474 καὶ
968 2442 1143 2474 τάναντία
1161 2441 1239 2475 τού-

229 2496 320 2526 τοις,
347 2486 492 2530 εἴρηται.

356 2599 361 2615 s
410 2573 583 2606 eterminat
613 2572 653 2607 de
684 2574 797 2618 optesi‚
829 2585 913 2618 quae
944 2582 994 2607 est
1023 2573 1084 2606 alia
1115 2574 1241 2618 species

234 2652 240 2660 ,
310 2629 324 2653 “,
411 2617 623 2661 digestionis,
655 2626 688 2651 et
716 2617 830 2651 definit
857 2629 940 2651 eam.
972 2618 1014 2651 Et
1042 2618 1120 2651 dicit
1174 2618 1242 2651 uod

276 2680 318 2701 ,ῃ
337 2675 339 2677 ’
356 2669 364 2705 J
411 2663 534 2706 optesis
551 2671 601 2695 est
619 2661 760 2705 digestio
773 2674 792 2696 a
804 2662 967 2696 caliditate
980 2663 1065 2695 sicca
1081 2662 1139 2708 (ad
1151 2630 1242 2696 diffe-

341 2708 362 2730 Ὗ
410 2707 548 2739 rentiam
571 2706 613 2739 he
639 2707 731 2747 sesis,
749 2718 832 2751 quae
856 2715 906 2740 est
921 2706 1062 2750 digestio
1086 2719 1104 2739 a
1129 2707 1239 2740 calidi-

364 2747 377 2759 ‘'
410 2759 475 2783 tate
487 2718 641 2795 humidag
657 2759 690 2783 et
701 2750 820 2784 aliena:
835 2750 926 2795 quod
938 2751 1017 2784 dicit
1032 2751 1073 2785 ad
1090 2751 1241 2785 differen-

165 2795 245 2828 tiam
257 2795 422 2839 pepansis,
440 2806 524 2839 quae
540 2806 610 2828 non
625 2804 675 2828 est
690 2807 708 2828 a
725 2795 886 2828 caliditate
903 2795 1018 2836 aliena,
1035 2795 1120 2829 idest
1137 2805 1241 2829 extra-

164 2850 243 2880 nea,
267 2838 325 2873 sed
342 2848 391 2873 est
407 2839 446 2873 ab
463 2840 654 2872 intrinseca:
679 2839 732 2873 vel
756 2840 834 2884 quia
857 2841 966 2873 omnis
992 2839 1132 2884 digestio
1157 2849 1207 2873 est
1223 2852 1241 2874 a

165 2883 329 2918 caliditate
346 2883 452 2917 aliena
468 2884 498 2917 ei
516 2883 607 2928 quod
623 2883 793 2928 digeritur,
812 2895 881 2917 non
898 2885 928 2917 ei
944 2884 1035 2929 quod
1051 2884 1178 2928 digerit.
1197 2885 1240 2918 Et

165 2940 206 2962 ex
227 2927 304 2969 hoc,
320 2929 348 2962 si
365 2930 438 2973 quis
456 2928 582 2972 digerat
604 2940 717 2962 carnes
732 2929 785 2962 vel
801 2928 890 2962 aliud
906 2940 965 2973 per
984 2930 1137 2972 optesim‚
1162 2941 1239 2962 cum

165 2982 396 3007 consummata
419 2972 518 3006 fuerit
543 2973 695 3017 digestio,
720 2973 803 3007 illud
827 2973 890 3006 tale
910 2974 970 3007 erit
989 2985 1100 3006 assum
1120 2982 1152 3007 et
1171 2985 1240 3007 non

165 3017 299 3058 elixum,
319 3026 352 3051 et
375 3019 403 3051 si
419 3017 493 3051 talis
517 3017 663 3051 caliditas
687 3019 773 3051 sicc'a
796 3017 894 3051 fuerit
917 3019 1092 3059 excessiva,
1114 3018 1241 3052 dicetur

165 3061 331 3096 adustum.
350 3062 456 3103 Quod
475 3071 586 3096 autem
602 3062 659 3096 fiat
675 3074 694 3096 a
710 3063 796 3096 sicca
812 3062 984 3104 caliditate,
1001 3062 1133 3107 probat:
1161 3064 1239 3107 quia

165 3106 228 3140 ista
251 3106 392 3151 digestio
417 3119 501 3152 quae
531 3107 650 3141 dicitur
679 3108 814 3148 assatio,
845 3119 928 3152 quae
957 3108 1052 3140 citius
1084 3119 1241 3141 consum-

165 3159 275 3184 matur
299 3163 399 3196 quam
423 3151 573 3193 elixatio‚
598 3151 740 3185 desiccat
763 3161 871 3196 partes
895 3153 1109 3193 extrinsecas,
1133 3164 1238 3185 rema-

164 3195 320 3229 nentibus
346 3195 493 3230 humidis
522 3196 668 3241 partibus
692 3196 921 3237 interioribus;
947 3197 1041 3230 cuius
1064 3198 1148 3230 ratio
1173 3206 1239 3237 est,

166 3240 244 3284 quia
273 3240 419 3274 caliditas
448 3242 534 3274 sicca
562 3242 633 3274 sine
663 3241 874 3282 humiditate,
904 3241 1101 3275 desiccando
1130 3242 1239 3285 primo

165 3293 275 3328 partes
307 3286 502 3326 exteriores,
532 3286 728 3329 constringit
757 3297 860 3330 poros
888 3287 935 3319 rei
966 3285 1177 3329 digerendae,
1208 3294 1240 3318 et

165 3337 302 3373 propter
324 3329 389 3362 hoc
405 3329 585 3363 humiditas
601 3330 746 3363 resoluta
762 3331 899 3363 interius
915 3342 984 3363 non
1003 3339 1113 3374 potest
1132 3330 1235 3363 exire:

166 3382 199 3406 et
222 3373 298 3407 ideo
321 3385 392 3407 non
415 3385 551 3418 parvam
574 3374 787 3408 subtilitatem
817 3374 895 3408 dicit
918 3387 989 3408 esse
1013 3374 1096 3407 bene
1121 3385 1238 3414 assare,

166 3417 212 3450 ita
235 3417 326 3462 quod
350 3419 510 3451 exteriora
525 3427 558 3451 et
573 3419 729 3452 interiora
751 3419 944 3463 regulariter
967 3429 999 3453 et
1020 3418 1239 3463 pariformiter

167 3462 232 3494 sint
263 3461 398 3495 decocta
428 3462 467 3496 ab
499 3463 587 3507 igne.
611 3483 631 3488 -
659 3464 751 3497 Dicit
785 3473 896 3497 autem
927 3463 1018 3508 quod
1050 3464 1174 3507 optesis
1207 3471 1239 3494 et

166 3505 315 3550 hepsesis
339 3506 535 3547 flung—non
563 3507 674 3541 solum
703 3508 742 3541 ab
766 3517 852 3550 arte,
880 3508 938 3541 sed
962 3520 980 3541 a
1003 3516 1129 3547 natura,
1152 3508 1237 3539 sicut

168 3551 319 3594 superius
348 3550 500 3585 dlximus.
531 3552 573 3585 Et
600 3552 665 3586 hoc
695 3552 830 3596 probat:
862 3553 988 3596 primo,
1020 3552 1096 3596 quia
1125 3562 1175 3583 ars
1204 3551 1238 3582 in

167 3595 236 3628 suis
260 3594 429 3629 effectibus
454 3597 600 3630 imitatur
622 3606 790 3638 naturam;
820 3598 905 3630 sicut
935 3607 1014 3639 ergo
1044 3607 1094 3627 ars
1124 3606 1238 3638 opera-

167 3648 221 3673 tur
251 3641 286 3673 in
317 3640 476 3682 assando,
508 3641 552 3674 ita
583 3642 674 3686 prius
707 3641 821 3675 didicit
854 3653 872 3674 a
903 3649 1029 3674 natura.
1063 3638 1236 3678 Secundo,

311 3703 382 3737 Opp.
401 3704 433 3729 D.
447 3704 563 3728 'suornm
582 3704 614 3729 T.
634 3705 674 3729 111.
693 3705 838 3729 ΑΡΡΕΝΜΧ.

1357 939 1426 972 pter
1448 933 1538 973 quod
1561 934 1617 964 etsi
1641 935 1712 975 quis
1736 936 1895 977 hepsesim
1924 948 2068 969 exercens
2091 940 2165 971 facit
2187 943 2359 981 permutari

1359 983 1389 1007 et
1405 977 1502 1017 digeri
1518 987 1584 1008 non
1601 979 1638 1008 ab
1655 979 1779 1011 humidi
1803 981 1967 1021 caliditate,
1988 984 2042 1013 sed
2058 984 2096 1014 ab
2114 995 2150 1015 ea
2170 995 2251 1026 quae
2266 986 2358 1026 ignis,

1358 1031 1432 1051 cum
1455 1030 1716 1054 consummatum
1739 1025 1842 1063 fuerit,
1863 1034 2002 1057 assatum
2020 1027 2055 1058 fit
2070 1035 2101 1059 et
2114 1039 2181 1059 non
2197 1029 2358 1069 elixatum,

1359 1072 1388 1096 et
1412 1076 1539 1096 excessu
1563 1067 1713 1098 adustum
1736 1079 1802 1099 esse
1826 1070 1946 1101 dicitur.
1971 1074 2000 1102 A
2019 1072 2099 1103 sicca
2122 1080 2230 1104 autem
2253 1075 2358 1105 calidi-

1356 1116 1419 1140 tate
1442 1109 1478 1140 fit
1501 1121 1576 1141 cum
1599 1111 1710 1142 siccius
1734 1112 1788 1144 fiat
1810 1122 2086 1146 consummatum:
2118 1125 2247 1158 propter
2269 1120 2359 1159 quod

1359 1161 1389 1184 et
1403 1154 1556 1185 exteriora
1579 1155 1708 1186 sicciora
1730 1157 1944 1189 interioribus:
1971 1160 2081 1191 elixata
2103 1168 2211 1192 autem
2234 1170 2358 1193 contra-

1356 1197 1451 1228 rium.
1475 1199 1517 1230 Et
1540 1210 1623 1239 opus
1647 1207 1693 1231 est
1711 1211 1808 1232 manu
1832 1202 1986 1234 artificum
2009 1205 2112 1235 maius
2135 1216 2237 1237 assare
2260 1217 2359 1247 quam

1358 1242 1481 1274 elixare.
1511 1243 1646 1274 Difficile
1671 1245 1755 1275 enim
1779 1247 1929 1277 exteriora
1954 1254 1984 1278 et
2006 1248 2154 1280 interiora
2176 1251 2357 1290 regulariter

1359 1286 1540 1318 calefacere:
1566 1298 1690 1329 semper
1713 1290 1799 1320 enim
1822 1291 2051 1332 propinquiora
2077 1293 2143 1333 igni
2167 1295 2360 1326 exsiccantur

1358 1330 1461 1370 citius,
1469 1342 1566 1372 quare
1583 1339 1614 1363 et
1622 1334 1733 1373 magis.
1751 1331 1919 1365 Conclusis
1934 1335 2028 1375 igitur
2045 1338 2248 1369 exterioribus
2261 1339 2358 1380 poriS,

1358 1385 1425 1405 non
1448 1383 1553 1416 potest
1576 1378 1729 1417 segregari
1752 1378 1837 1409 intus
1860 1379 1992 1410 existens
2015 1381 2204 1420 humidum,
2235 1384 2290 1413 sed
2312 1383 2359 1414 in-

1358 1419 1507 1458 cluditur,
1524 1431 1599 1451 cum
1614 1422 1685 1461 pori
1701 1422 1814 1453 reclusi
1830 1423 1956 1454 fuerint.
1977 1424 2103 1464 Optesis
2119 1427 2250 1467 quidem
2264 1427 2360 1467 igitur

1359 1470 1390 1494 et
1402 1463 1542 1504 hepsesis
1557 1464 1638 1496 fiunt
1652 1466 1783 1506 quidem
1799 1474 1878 1505 arte,
1895 1475 1969 1498 sunt
1984 1476 2101 1508 autem,
2119 1471 2199 1501 sicut
2213 1471 2358 1510 dicimus,

1360 1508 1479 1547 species
1510 1509 1726 1540 universaliter
1756 1512 1885 1541 eaedem
1915 1519 1946 1542 et
1968 1519 2089 1545 natura.
2120 1514 2243 1545 Similes
2274 1515 2360 1546 enim

1359 1562 1441 1592 quae
1464 1552 1545 1584 fiunt
1567 1554 1748 1593 passiones,
1776 1555 1831 1585 sed
1854 1555 2078 1588 innominatae.
2107 1559 2248 1590 Imitatur
2271 1560 2358 1590 enim

1360 1606 1409 1627 ars
1433 1604 1598 1628 naturam:
1623 1598 1777 1639 quoniam
1801 1606 1831 1630 et
1853 1600 1993 1631 alimenti
2015 1601 2048 1631 in
2072 1612 2203 1643 corpore
2227 1603 2358 1644 digestio

1358 1640 1470 1672 similis
1493 1642 1617 1682 hepsesi
1641 1650 1705 1681 est;
1730 1643 1847 1673 etenim
1869 1643 1902 1673 in
1918 1644 2052 1676 humido
2076 1653 2106 1677 et
2128 1647 2229 1677 calido
2253 1658 2271 1678 a
2287 1648 2359 1678 cali-

1359 1685 1454 1717 ditate
1488 1686 1630 1727 corporis
1660 1687 1704 1718 fit.
1729 1687 1770 1718 Et
1800 1687 1966 1727 indigestio
2000 1689 2109 1720 similis
2139 1692 2287 1732 molynsi.
2320 1692 2361 1723 Et

1359 1729 1478 1760 animal
1501 1740 1567 1761 non
1590 1731 1625 1762 fit
1648 1731 1681 1761 in
1704 1731 1772 1771 ipsa
1795 1732 1979 1771 digestione,
1997 1734 2078 1765 sicut
2100 1735 2230 1775 quidam
2253 1735 2359 1774 aiunt,
2409 1751 2411 1754 ·

1361 1775 1417 1806 sed
1440 1775 1473 1805 in
1497 1776 1711 1816 segregatione
1727 1776 1899 1816 putrefacta
1917 1777 1950 1807 in
1965 1777 2104 1809 inferiori
2119 1786 2236 1818 ventre,
2249 1780 2362 1810 deinde

1360 1819 1501 1851 ascendit
1516 1829 1654 1851 sursum.
1677 1820 1844 1860 Digestum
1860 1827 1906 1851 est
1922 1821 2007 1852 enirn
2024 1822 2057 1852 in
2074 1824 2228 1863 superiori
2242 1831 2360 1863 ventre,

1359 1865 1511 1904 putrescit
1533 1871 1641 1895 autem
1663 1865 1697 1894 in
1720 1864 1860 1895 inferiori
1884 1874 2094 1906 segregatum:
2120 1875 2249 1908 propter
2264 1878 2362 1909 quam

1361 1915 1470 1940 autem
1493 1919 1632 1948 causam,
1661 1908 1782 1940 dictum
1805 1916 1851 1940 est
1873 1909 1905 1940 in
1929 1910 2007 1941 aliis.

1293 2042 1450 2084 Molynsis
1462 2042 1593 2083 quidem
1605 2041 1700 2081 igitur
1711 2041 1834 2081 hepsesi
1849 2042 2052 2074 contrarium.
2063 2043 2101 2074 Ei
2116 2051 2223 2075 autem
2235 2055 2316 2085 quae
2328 2052 2363 2077 ut

1361 2087 1463 2128 optesi
1484 2087 1584 2117 dictae
1605 2086 1790 2126 digestioni,
1815 2093 1861 2117 est
1885 2086 2016 2126 quidem
2037 2088 2156 2128 aliquid
2176 2089 2362 2129 oppositum

1362 2131 1514 2169 similiter,
1539 2131 1645 2161 minus
1665 2137 1772 2160 autem
1795 2130 2008 2162 nominatum.
2033 2131 2225 2163 Erit‘autem
2241 2134 2362 2175 utique,

1361 2177 1386 2206 si
1405 2175 1460 2206 fiat
1483 2175 1644 2213 stateusis,
1669 2175 1723 2204 sed
1747 2184 1813 2205 non
1837 2175 1954 2214 optesis
1982 2183 2112 2215 propter
2135 2177 2293 2208 defectum
2317 2189 2363 2209 ca-

1360 2220 1499 2258 liditatis,
1517 2230 1598 2260 quae
1615 2218 1727 2250 accidit
1742 2219 1852 2259 utique
1865 2226 1919 2250 aut
1931 2227 2060 2260 propter
2075 2221 2265 2260 paucitatem
2281 2229 2362 2253 exte-

1360 2265 1451 2295 rioris
1467 2264 1559 2304 ignis,
1579 2271 1633 2294 aut
1649 2270 1779 2304 propter
1794 2263 2031 2294 multitudinem
2051 2275 2150 2305 aquae
2165 2265 2199 2296 in
2219 2276 2257 2296 eo
2273 2267 2363 2307 quod

1361 2309 1499 2350 optesim
1522 2308 1654 2349 patitur:
1679 2314 1755 2338 tunc
1779 2308 1864 2338 enim
1887 2308 1959 2348 plus
1982 2309 2112 2349 quidem
2136 2316 2182 2340 est
2205 2321 2302 2351 quam
2326 2317 2362 2341 ut

1360 2364 1427 2384 non
1451 2359 1594 2391 moveat,
1618 2352 1724 2382 minor
1747 2359 1853 2382 autem
1876 2362 1974 2392 quarn
1997 2360 2033 2383 ut
2056 2353 2182 2393 digerat.

1295 2398 1383 2436 Quid
1406 2398 1538 2439 quidem
1560 2397 1655 2437 igitur
1678 2403 1724 2427 est
1748 2396 1880 2436 digestio
1903 2403 1934 2427 et
1955 2397 2138 2437 indigestio,
2164 2405 2194 2429 et
2214 2399 2362 2439 pepansis

1362 2450 1393 2473 et
1416 2449 1557 2480 omotes,
1582 2448 1613 2472 et
1635 2440 1775 2481 hepsesis
1799 2447 1830 2471 et
1853 2441 1970 2481 optesis
1994 2448 2025 2472 et
2048 2442 2201 2473 contraria
2224 2443 2291 2482 his,
2316 2443 2362 2473 di-

1363 2494 1451 2518 ctum
1475 2493 1531 2517 est.

1298 2573 1375 2618 quia
1403 2573 1489 2605 sicut
1517 2573 1550 2605 in
1580 2583 1718 2615 corpore
1748 2570 1896 2604 humano
1924 2570 1961 2603 fit
1991 2571 2130 2615 digestio
2161 2572 2275 2605 similis
2306 2573 2362 2606 he-

1297 2618 1395 2662 psesi,
1419 2626 1457 2650 ut
1480 2625 1614 2660 apparet
1638 2617 1671 2648 in
1695 2615 1823 2659 pueriS‚
1852 2616 1896 2648 ita
1920 2616 2018 2648 etiam
2042 2615 2078 2649 fit
2100 2617 2134 2648 in
2158 2628 2197 2649 eo
2222 2617 2361 2660 digestio

1298 2662 1438 2706 optesis:
1463 2661 1548 2694 sicut
1567 2669 1615 2694 est
1632 2661 1665 2693 in
1682 2659 1866 2700 iuvenibus,
1887 2660 1921 2692 in
1938 2659 2055 2704 quibus
2079 2670 2214 2704 propter
2232 2660 2360 2694 fortitu-

1298 2706 1409 2740 dinem
1429 2705 1557 2746 caloris,
1573 2705 1812 2738 nutrimentum
1829 2705 1933 2747 magis
1955 2713 2080 2737 assatur
2097 2717 2195 2749 quam
2212 2705 2362 2747 elixetur;

1298 2752 1391 2784 cuius
1408 2751 1541 2794 signum
1558 2758 1617 2790 est,
1640 2749 1730 2794 quod
1755 2748 1995 2792 superfluitates
2019 2761 2134 2782 eorum
2158 2759 2234 2783 sunt
2258 2751 2362 2783 siccae

1339 2804 1440 2828 ustae.

1296 2795 1337 2829 ad
1348 2839 1492 2873 Deducit
1506 2847 1616 2871 autem
1634 2837 1804 2871 corollarie
1820 2849 1859 2870 ex
1874 2836 1981 2888 dictis,
1997 2837 2086 2881 quod
2102 2837 2263 2878 animalia,
2278 2837 2362 2871 idest

1284 2882 1434 2925 vermes,
1451 2895 1520 2917 non
1545 2891 1742 2927 generantur
1764 2883 1798 2914 in
1822 2882 1982 2925 superiori
2006 2890 2128 2921 ventre,
2151 2881 2274 2914 scilicet
2296 2891 2361 2915 sto-

1296 2928 1415 2969 machi,
1433 2928 1490 2962 sed
1513 2929 1547 2960 in
1570 2926 1725 2960 inferiori.
1750 2927 1792 2959 Et
1814 2926 1896 2959 ratio
1920 2934 1979 2964 est,
2007 2926 2082 2969 quia
2110 2925 2185 2958 talia
2209 2926 2360 2959 animalia

1296 2985 1365 3006 non
1380 2981 1578 3017 generantur
1594 2972 1657 3004 nisi
1681 2971 1716 3004 in
1732 2970 1807 3003 loco
1828 2969 2072 3014 putrefactionis
2096 2969 2358 3014 superfluitatum

1296 3018 1375 3059 cibi,
1400 3029 1477 3050 cum
1500 3017 1565 3049 sint
1589 3015 1740 3049 animalia
1763 3016 1873 3058 genita
1902 3026 1959 3057 per
1989 3013 2274 3057 putrefactionem:
2304 3026 2358 3047 su-

1295 3062 1496 3107 perfluitates
1527 3069 1636 3093 autem
1666 3071 1735 3092 non
1765 3058 1945 3102 putrefiunt
1972 3059 2006 3090 in
2037 3059 2197 3102 superiori
2225 3067 2358 3099 ventre,

1296 3107 1353 3140 sed
1377 3107 1411 3139 in
1435 3105 1588 3139 inferiori.
1615 3105 1719 3138 Cuius
1736 3104 1818 3136 ratio
1834 3111 1871 3135 ut
1894 3103 1963 3146 ipse
1980 3102 2068 3142 dicit,
2093 3102 2177 3135 dicta
2194 3111 2243 3135 est
2265 3102 2356 3135 alibi:

1296 3151 1406 3194 colligi
1435 3159 1545 3183 tamen
1604 3157 1689 3181 otest
1717 3159 1756 3180 ex
1783 3146 2015 3191 superioribus.
2045 3146 2242 3179 Putrefactio
2270 3147 2358 3179 enim

1294 3195 1332 3228 fit
1364 3207 1424 3239 pro
1451 3203 1499 3227 ter
1529 3161 1693 3226 defectum
1727 3191 1896 3224 caliditatis
1935 3190 2129 3234 digerentis‚
2161 3199 2192 3223 et
2223 3203 2262 3223 ex
2294 3191 2358 3223 hoc

1296 3239 1392 3273 debet
1438 3239 1483 3271 eri
1500 3239 1534 3270 in
1558 3237 1615 3270 illo
1635 3236 1710 3269 loco
1730 3237 1764 3268 in
1789 3247 1855 3279 quo
1880 3244 1928 3268 est
1951 3234 2023 3267 talis
2048 3234 2191 3268 defectus
2216 3234 2358 3268 calidita-

1295 3285 1351 3324 tis;
1376 3284 1410 3316 in
1434 3282 1596 3326 superiori
1620 3290 1730 3313 autem
1753 3289 1865 3312 ventre
1889 3291 1958 3312 non
1982 3288 2030 3312 est
2050 3278 2194 3312 defectus
2216 3278 2357 3312 calidita-

1295 3330 1346 3368 tis,
1372 3339 1448 3360 cum
1472 3326 1513 3359 sit
1560 3326 1743 3369 ropinquus
1769 3324 1859 3357 cordi
1875 3324 1908 3355 in
1925 3335 1991 3367 quo
2009 3332 2056 3355 est
2072 3323 2165 3356 sedes
2190 3322 2358 3356 caliditatis

1295 3371 1468 3411 naturalis,
1494 3338 1557 3403 secl>
1575 3369 1646 3402 talis
1671 3368 1816 3402 defectus
1841 3376 1889 3401 est
1918 3369 1951 3400 in
1975 3376 2087 3400 ventre
2117 3367 2276 3408 inferiori,
2302 3368 2359 3411 qui

1294 3417 1399 3459 magis
1424 3415 1520 3448 distat
1543 3426 1561 3447 a
1584 3414 1720 3458 proprio
1739 3413 1814 3445 loco
1840 3411 2008 3445 caliditatis
2028 3411 2193 3444 naturalis.
2211 3431 2230 3436 -
2247 3412 2359 3445 Scien-

1295 3461 1374 3494 dum
1399 3469 1508 3492 tamen
1525 3467 1574 3491 est
1597 3457 1687 3502 quod
1711 3457 1744 3489 id
1761 3456 1850 3501 quod
1874 3456 1926 3488 hic
1951 3455 2078 3495 dicitur,
2102 3455 2240 3499 intelligi
2264 3455 2359 3488 debet

1295 3514 1331 3538 ut
1354 3505 1387 3537 in
1411 3503 1571 3547 pluribus,
1596 3503 1672 3547 quia
1692 3500 1890 3545 quandoque
1914 3509 2050 3544 propter
2071 3499 2270 3533 debilitatem
2293 3501 2358 3532 vir-

1294 3550 1372 3581 tutis
1405 3548 1599 3591 digestivae,
1631 3545 1753 3578 scilicet
1782 3544 1876 3577 calidi
1904 3544 2079 3584 naturalis,
2110 3556 2149 3577 ex
2172 3543 2358 3576 infirmitate

1294 3593 1561 3637 provenientem,
1587 3590 1678 3623 cibus
1701 3601 1770 3622 non
1794 3589 1965 3632 digeritur,
1994 3588 2051 3621 sed
2075 3588 2208 3632 putrefit
2231 3589 2264 3620 in
2289 3597 2356 3620 sto-

1294 3636 1430 3670 macho:
1461 3635 1552 3680 quod
1584 3643 1673 3678 patet
1704 3646 1744 3667 ex
1774 3633 1898 3666 foetore
1929 3633 2142 3676 proveniente
2174 3645 2213 3665 ex
2239 3641 2358 3664 storna-

2127 3694 2180 3718 16*
