2554 4062
223 295 259 319 Vl

224 375 378 416 nempe
414 361 466 402 de
501 358 750 414 corporibus
794 353 1046 396 caelestibus
1089 357 1130 391 et
1158 349 1225 390 -de
1260 347 1513 403 corporibus
1554 344 1908 387 elementaribus:
1945 341 2245 410 mixtis-enirn-
2279 360 2291 376 ‹
2316 354 2405 410 non

172 438 175 445 ·
226 423 528 466 determinatur
559 421 663 461 situs
697 417 931 459 secundum
965 428 1032 462 se,
1068 412 1145 454 sed
1179 410 1417 452 secundum
1450 407 1658 463 simplicia
1692 419 1874 461 corpora
1899 424 1911 440 ι
1954 415 2065 458 quae
2099 417 2141 443 1n
2177 416 2238 472 els
2262 403 2404 444 dom1-

226 491 379 528 nantur
412 484 474 538 (cf.
498 485 694 524 Prooem.
725 495 764 521 n.
789 491 815 531 4
849 477 972 531 sqq).
1007 474 1134 517 Unde
1169 486 1279 528 opus
1313 477 1451 512 totum
1486 471 1527 510 in
1561 476 1647 510 tres
1680 475 1822 524 partes
1857 466 2078 508 dividitur:
2115 471 2157 505 et
2190 479 2232 505 1n
2267 465 2404 519 prima

227 546 527 588 determinatur
559 544 612 584 de
645 543 738 597 ipso
772 540 973 581 universo
1008 548 1239 591 corpore0;
1273 533 1316 574 in
1349 534 1490 581 altera,
1526 544 1603 572 seu
1637 531 1679 572 in
1713 530 1905 572 secundo
1940 529 2062 576 libro,
2097 527 2405 568 determinatur

204 604 282 649 ‘de
316 607 564 662 corporibus
593 603 865 649 caelestibus;
901 601 941 640 in
974 599 1095 640 tertia
1127 603 1270 638 autem
1303 601 1436 650 parte,
1461 607 1573 649 quae
1597 593 1894 648 complectitur
1915 592 2027 632 duos
2057 590 2232 632 ultimos
2254 589 2401 638 libros,

228 670 366 725 agitur
397 669 449 709 de
483 666 732 721 corporibus
766 654 1047 717 simplicibus,
1083 673 1159 701 seu
1195 659 1248 700 de
1282 657 1503 699 elementis
1538 656 1602 710 (cf.
1627 656 1799 704 lect.111,
1835 669 1874 696 n.
1906 655 1955 708 1).
2144 715 2151 722 ·
2348 714 2355 720 ²

350 732 399 771 II.
424 730 638 771 SYNOPSIS
670 737 894 767 LIBRORUM
928 724 1244 764 ARISTOTELIS.
1273 745 1291 751 -
1314 721 1437 761 Iuvat
1459 719 1526 760 hic
1550 719 1607 759 ob
1633 719 1783 759 oculos
1816 729 1978 772 ponere
2011 729 2241 771 praeclpua
2264 719 2403 769 capita

220 793 454 840 doctrinae,
489 804 616 844 quam
649 787 901 829 Aristoteles
934 785 1060 826 tradit
1093 785 1134 824 in
1169 789 1354 838 quatuor
1386 781 1511 822 huius
1546 780 1687 835 operis
1721 780 1850 821 libris.
2167 840 2174 847 ·
2281 839 2289 847 ι

349 855 486 894 LIBER
507 853 536 893 Ι.
561 875 578 881 -
601 850 751 891 Primis
785 854 969 903 quatuor
1003 846 1210 901 capitibus
1233 845 1326 886 libri
1359 843 1495 899 primi,
1531 843 1620 898 agit
1646 842 1700 883 de
1733 842 1994 897 perfectione
2028 839 2189 888 mund1‚
2215 845 2256 880 et
2279 852 2401 880 mve-

226 915 354 970 stigat
387 928 438 955 ex
471 913 625 967 quibus
659 911 842 952 maxime
888 909 1138 963 corporibus
1182 907 1366 961 perfecta
1405 905 1570 960 species
1613 904 1800 945 universi
1844 904 2091 959 integratur.
2126 902 2298 943 Deinde
2332 914 2401 943 se-

226 977 452 1031 quentibus
476 974 681 1029 capitibus
704 985 840 1026 usque
863 971 918 1012 ad
942 970 1169 1025 septimum
1192 968 1410 1015 inclusive,
1436 966 1654 1021 multiplici
1683 972 2038 1022 argumentorum
2060 978 2221 1021 genere
2245 964 2402 1019 probat

226 1038 343 1092 quod
376 1037 558 1077 mundus
592 1035 738 1089 nequit
771 1047 865 1074 esse
898 1033 939 1073 in
973 1046 1051 1072 sua
1093 1031 1206 1072 mole
1250 1029 1449 1070 infinitus.
1496 1028 1720 1082 Capitibus
1754 1041 1859 1069 vero
1895 1034 2052 1069 octavo
2088 1033 2129 1068 et
2168 1040 2310 1075 nono,
2346 1026 2401 1067 de

225 1100 381 1140 unitate
414 1097 558 1139 mundi
593 1096 780 1144 disserit;
815 1108 863 1140 ac
886 1094 1059 1135 tandem
1082 1092 1239 1133 ultimis
1262 1091 1396 1132 tribus
1427 1090 1636 1145 capitibus
1659 1091 1959 1144 quaestionem
1994 1090 2107 1131 illam
2132 1089 2399 1137 determinat,

225 1175 310 1215 qua
342 1160 554 1214 quaeritur
584 1165 723 1199 utrum
757 1156 941 1198 mundus
973 1156 1028 1196 sit
1059 1154 1229 1210 genitus
1262 1154 1332 1194 vel
1367 1152 1593 1208 ingenitus,
1629 1153 1915 1206 corruptibilis
1949 1153 2019 1193 vel
2053 1151 2399 1206 incorruptibilis,

225 1221 540 1269 concludendo,
576 1219 846 1261 conformiter
878 1218 932 1259 ad
967 1231 1017 1258 ea
1051 1230 1161 1271 quae
1195 1216 1321 1257 etiam
1355 1215 1395 1255 in
1429 1215 1530 1255 VIII
1562 1214 1846 1267 physicorum
1889 1214 1974 1254 iam
2009 1214 2242 1262 docuerat,
2278 1213 2399 1268 quod

224 1283 407 1324 mundus
440 1295 579 1336 neque
612 1281 759 1322 habuit
791 1279 1020 1334 aliquando
1055 1279 1265 1334 originem
1299 1290 1375 1332 per
1406 1276 1741 1332 generationem,
1766 1289 1845 1317 nec
1877 1275 2113 1330 aliquando
2147 1289 2398 1331 corrumpe-

222 1351 307 1394 tur,
342 1344 418 1385 sed
450 1356 618 1398 semper
649 1343 734 1392 fuit,
770 1348 811 1383 et
842 1354 1011 1396 semper
1043 1341 1130 1382 erit.
2425 1399 2429 1403 Ι

344 1407 482 1446 LIBER
503 1406 552 1445 II.
577 1429 595 1435 -
618 1405 749 1445 Liber
771 1404 860 1452 iste,
885 1410 931 1444 ut
953 1404 1036 1444 iam
1070 1402 1296 1450 innuimus,
1320 1400 1559 1455 specialiter
1579 1400 1668 1455 agit
1701 1399 1754 1441 de
1789 1400 1921 1449 caelo,
1946 1400 2030 1441 hoc
2054 1405 2120 1441 est
2151 1398 2206 1441 de
2240 1410 2398 1455 corpo·

221 1467 337 1508 ribus
370 1467 632 1508 caelestibus.
667 1466 779 1506 Hinc
801 1465 942 1506 statim
965 1465 1006 1505 in
1030 1465 1168 1519 primo
1202 1463 1351 1518 capite,
1375 1469 1579 1517 tanquam
1611 1462 1883 1504 corollarium
1907 1475 2058 1504 eorum
2089 1474 2201 1517 quae
2225 1461 2280 1503 de
2302 1466 2397 1503 toto

221 1529 421 1569 universo
455 1528 685 1582 disputavit
716 1528 758 1568 in
791 1527 876 1568 fine
908 1527 1030 1581 primi
1062 1526 1169 1574 libri,
1192 1521 1396 1580 proponit
1427 1524 1719 1566 aeternitatem
1753 1530 1843 1566 tum
1868 1525 2086 1566 caelitum
2109 1529 2256 1566 motus
2290 1523 2396 1566 eius.

223 1591 371 1644 Capite
404 1603 508 1631 vero
541 1590 731 1631 secundo
767 1595 808 1630 et
839 1589 975 1637 tertio,
999 1589 1088 1644 agit
1121 1588 1174 1629 de
1208 1587 1452 1628 diversitate
1475 1587 1658 1641 partium
1682 1587 1785 1628 caeli
1809 1587 2048 1629 secundum
2070 1587 2222 1635 situm;
2259 1592 2302 1628 et
2332 1586 2398 1629 in·-

221 1652 406 1707 vestigat
438 1665 568 1706 quare
590 1652 632 1692 in
667 1652 784 1692 caelo
807 1652 891 1692 sint
923 1657 987 1691 tot
1009 1663 1189 1704 corpora
1222 1649 1476 1690 circulariter
1496 1655 1626 1690 mota.
1651 1648 1822 1690 Deinde
1856 1663 1882 1690 a
1905 1650 2044 1705 capite
2077 1655 2232 1704 quarto
2256 1661 2397 1704 usque

221 1714 276 1755 ad
309 1713 610 1754 duodecimum
643 1713 859 1761 inclusive,
893 1713 1013 1767 plura
1047 1712 1240 1753 edisserit
1272 1717 1362 1752 tum
1396 1711 1450 1752 de
1492 1711 1631 1766 figura
1665 1717 1706 1752 et
1738 1717 1859 1752 motu
1894 1712 2025 1753 totius
2060 1711 2183 1760 caeli,
2217 1717 2308 1753 tum
2342 1711 2398 1753 de

221 1781 378 1823 natura,
403 1781 523 1816 motu
547 1781 588 1815 et
609 1775 746 1830 figura
767 1775 992 1822 stellarum,
1017 1780 1107 1814 turn
1131 1773 1316 1827 denique
1350 1772 1404 1814 de
1429 1772 1579 1814 ordine
1606 1773 1871 1827 planetarum
1894 1773 1951 1815 ad
1973 1774 2172 1823 invicem,
2197 1780 2239 1815 et
2266 1773 2396 1815 variis

221 1837 407 1877 motibus
441 1837 620 1891 quibus,
657 1837 771 1877 iuxta
803 1836 1024 1890 antiquos,
1060 1835 1405 1876 subiiciebantur.
1449 1834 1620 1876 Ultimis
1653 1841 1797 1876 autem
1832 1835 2006 1877 duobus
2040 1836 2271 1890 capitibus,
2307 1835 2399 1892 agit

221 1898 274 1939 de
306 1904 436 1947 terra,
480 1904 687 1952 quatenus
726 1903 790 1938 est
830 1911 926 1952 pars
959 1897 1169 1946 universi;
1213 1904 1255 1938 et
1293 1896 1403 1937 circa
1446 1896 1583 1951 ipsam
1627 1902 1712 1938 tres
1752 1898 2031 1951 quaestiones
2075 1897 2297 1953 expendit,
2332 1898 2397 1940 in-

220 1960 390 2014 quirens
424 1973 552 2014 quem
584 1960 726 2000 locum
771 1965 949 2014 occupet
981 1960 1023 2000 in
1056 1959 1280 2007 universo,
1315 1965 1457 1999 utrum
1501 1965 1729 2000 moveatur
1760 1960 1830 2001 vel
1874 1960 2088 2014 quiescat,
2122 1966 2165 2002 et
2197 1973 2310 2015 quae
2343 1960 2399 2002 sit

220 2022 310 2062 eius
343 2022 490 2076 figura.
552 2042 555 2045 r
1179 2027 1182 2030 '

340 2084 478 2124 LIBER
499 2085 567 2124 ΙΙΙ.
592 2107 611 2113 -
633 2084 680 2123 In
713 2083 795 2123 hoc
829 2089 870 2124 et
901 2083 1097 2137 sequenti
1129 2083 1238 2124 libro
1274 2083 1418 2138 incipit
1440 2083 1698 2124 Aristoteles
1732 2089 1910 2125 tractare
1935 2084 1988 2126 de
2013 2085 2270 2140 corporibus
2292 2084 2397 2127 sim-

217 2144 407 2199 plicibus,
441 2158 517 2186 seu
552 2145 605 2186 de
639 2145 876 2194 elementis;
906 2159 1089 2199 quorum
1121 2151 1264 2186 tamen
1298 2151 1521 2186 tractatum
1555 2160 1643 2187 non
1678 2146 1719 2187 in
1754 2146 1836 2187 hoc
1870 2160 2001 2201 opere
2023 2147 2223 2195 absolvit,
2247 2147 2326 2189 sed
2354 2147 2398 2190 in

218 2207 579 2260 consequentibus
612 2207 728 2247 libris
760 2206 812 2247 de
851 2207 1132 2248 Generatione
1164 2213 1206 2248 et
1237 2207 1684 2261 Meteorologicorum,
1720 2208 1793 2262 qui
1828 2215 1928 2250 sunt
1960 2209 2093 2250 veluti
2129 2209 2396 2252 continuatio

218 2274 259 2308 et
291 2268 648 2322 complementum
681 2268 810 2309 totius
843 2269 936 2310 libri
969 2269 1021 2310 de
1047 2269 1182 2310 Caelo.
1219 2269 1396 2322 Quaerit
1429 2282 1534 2325 ergo
1557 2270 1600 2311 in
1622 2270 1763 2324 primo
1797 2270 1935 2325 capite
1969 2271 2024 2312 de
2059 2271 2285 2313 existentia
2317 2284 2397 2328 ge-

218 2330 445 2370 nerationis
479 2336 520 2371 et
553 2331 834 2385 corruptionis
867 2331 908 2371 in
942 2331 1087 2372 rebus:
1129 2349 1142 2367 «
1168 2331 1389 2387 generatio
1424 2332 1555 2380 enim,
1587 2351 1600 2367 ›
1643 2332 1791 2386 inquit,
1833 2350 1847 2368 ‹
1873 2339 1947 2374 aut
1979 2333 2159 2374 omnino
2194 2347 2284 2375 non
2318 2340 2396 2383 est,

217 2397 289 2431 aut
320 2392 458 2432 solum
491 2393 533 2432 in
565 2392 630 2432 his
664 2393 882 2433 elementis
905 2399 947 2434 et
968 2393 1033 2434 his
1067 2407 1178 2447 quae
1213 2406 1266 2434 ex
1298 2393 1375 2441 his,
1411 2399 1486 2435 est.
1514 2412 1527 2429 ›
1559 2394 1698 2436 Simul
1732 2400 1876 2436 autem
1899 2394 2117 2450 improbat
2144 2396 2396 2450 opinionem

217 2453 404 2494 Platonis
440 2454 715 2495 existimantis
749 2468 930 2509 corpora
963 2455 1168 2495 naturalia
1192 2468 1245 2495 ex
1277 2455 1586 2509 superficiebus
1617 2456 1833 2511 componi,
1857 2463 1987 2511 atque
2021 2457 2064 2499 in
2098 2457 2190 2499 illas
2223 2458 2396 2501 resolvi.

216 2515 373 2555 Postea
405 2516 597 2571 a·capite
620 2516 811 2556 secundo
845 2529 983 2570 usque
1017 2516 1072 2556 ad
1106 2516 1301 2570 quintum
1334 2517 1553 2566 inclusive,
1589 2524 1674 2559 tres
1709 2519 1987 2572 quaestiones
2021 2520 2177 2576 agitat:
2213 2534 2397 2575 quarum

217 2576 353 2629 prima
385 2582 448 2616 est
481 2577 534 2617 de
567 2583 686 2617 motu
721 2578 898 2618 naturali
932 2579 1261 2626 elementorum,
1298 2585 1340 2619 et
1372 2579 1425 2620 de
1464 2580 1687 2635 principioae
1706 2580 1832 2622 huius
1866 2587 2032 2631 motus:
2067 2582 2217 2631 altera,
2254 2590 2396 2626 utrum

218 2643 355 2678 totum
378 2637 623 2679 universum
656 2639 841 2692 potuerit
873 2640 970 2680 oriri
1005 2653 1080 2694 per
1112 2641 1451 2695 generationem;
1478 2642 1608 2683 tertia
1630 2656 1735 2684 vero
1767 2642 1820 2684 de
1854 2656 2034 2685 numero
2070 2644 2395 2695 elementorum,

219 2705 359 2739 utrum
382 2699 464 2739 sint
496 2700 613 2740 finita
633 2701 702 2740 vel
719 2700 898 2750 infinita,
923 2707 964 2742 et
986 2702 1020 2742 si
1053 2702 1182 2750 finita,
1207 2709 1315 2756 quot
1337 2716 1517 2744 numero
1541 2704 1636 2745 sint.
1662 2705 1834 2746 Ultimis
1854 2712 2001 2757 ⁸autem
2024 2706 2159 2749 tribus
2183 2708 2397 2762 capitibus

219 2760 342 2800 huius
380 2761 493 2810 libri,
529 2768 721 2802 naturam
764 2763 1070 2804 elementorum
1114 2764 1363 2820 investigat:
1406 2772 1447 2806 et
1479 2766 1617 2820 primo
1666 2767 1854 2808 ostendit
1898 2768 2019 2822 quod
2054 2769 2265 2811 elementa
2298 2777 2398 2812 sunt

219 2822 477 2877 generabilia
510 2829 551 2863 et
584 2825 885 2877 corruptibilia;
920 2825 1110 2866 secundo
1145 2825 1199 2866 de
1233 2827 1366 2868 modo
1401 2828 1571 2869 disserit
1604 2842 1692 2882 quo
1728 2842 1781 2870 ex
1814 2843 1861 2870 se
1896 2830 2081 2872 invicem
2114 2838 2397 2887 generantur;

219 2884 341 2924 tertio
375 2884 545 2925 tandem
581 2885 763 2926 excludit
797 2886 1042 2940 opinionem
1078 2900 1238 2937 eorum,
1276 2889 1348 2943 qui
1383 2890 1590 2944 putabant
1624 2891 1834 2932 elementa
1857 2892 2058 2933 constitui
2089 2893 2129 2934 in
2154 2907 2231 2934 sua
2254 2895 2397 2950 specie

218 2959 293 2999 per
326 2945 494 3000 figuras.

343 3008 480 3048 LmER
503 3008 575 3048 IV.
602 3010 689 3049 -In
725 3016 875 3063 quarto
911 3010 1095 3065 denique
1130 3012 1237 3053 libro
1273 3013 1560 3068 Philosophus
1594 3021 1710 3055 totus
1745 3022 1809 3056 est
1844 3016 1884 3056 in
1909 3017 2163 3071 explicando
2190 3025 2396 3068 naturam,

221 3068 472 3110 differentias
506 3076 548 3110 et
580 3071 803 3124 passiones
835 3073 1032 3127 gravium
1057 3080 1098 3114 et
1119 3075 1278 3116 levium
1313 3089 1554 3130 corporum.
1590 3078 1645 3118 Et
1667 3077 1813 3132 primis
1838 3078 2012 3120 duobus
2035 3080 2245 3135 capitibus
2275 3082 2398 3136 ponit

220 3130 441 3183 opiniones
474 3132 652 3173 aliorum
676 3133 784 3174 circa
816 3135 966 3189 gravia
989 3142 1030 3176 et
1051 3136 1171 3177 levia.
1198 3137 1347 3192 Capite
1381 3145 1524 3179 autem
1547 3139 1671 3180 tertio
1706 3140 1895 3181 ostendit
1917 3155 1992 3182 cur
2013 3142 2158 3196 aliqua
2185 3157 2396 3185 movean-

220 3196 286 3231 tur
317 3205 484 3233 sursum
507 3200 548 3234 et
580 3194 660 3235 alia
683 3195 906 3246 deorsum;
942 3203 984 3238 et
1006 3198 1246 3240 manifestat
1278 3200 1382 3254 quid
1406 3201 1460 3241 sit
1482 3202 1647 3243 moveri
1681 3216 1864 3251 sursum,
1890 3210 1931 3244 et
1953 3204 2058 3258 quid
2081 3206 2249 3247 moveri
2268 3205 2396 3247 deor-

208 3266 326 3294 sum.
350 3254 506 3295 Postea
540 3257 672 3310 capite
706 3264 856 3311 quarto
892 3260 1074 3314 explicat
1106 3261 1220 3315 quid,
1245 3261 1408 3303 dicatur
1445 3277 1578 3318 grave
1619 3270 1660 3305 et
1693 3265 1786 3306 leve
1822 3265 2088 3320 simpliciter,
2122 3267 2227 3321 quid
2261 3281 2395 3323 grave

221 3320 262 3354 et
293 3315 386 3355 leve
419 3317 652 3358 secundum
675 3319 800 3372 quid;
835 3334 883 3361 ac
907 3321 1102 3363 edisserit
1124 3323 1177 3364 de
1199 3324 1409 3379 gravitate
1444 3331 1485 3366 et
1518 3326 1688 3367 levitate
1712 3340 1942 3382 corporum
1977 3328 2221 3377 mixtorum,
2247 3329 2396 3371 simul-

221 3389 305 3429 que
339 3378 522 3418 ostendit
555 3379 642 3419 dari
675 3380 849 3434 aliquod
884 3383 1139 3426 elementum
1174 3386 1420 3440 simpliciter
1452 3401 1585 3442 grave
1622 3395 1662 3430 et
1695 3390 1873 3444 aliquod
1906 3389 2157 3444 simpliciter
2189 3390 2311 3440 leve,
2347 3406 2396 3434 ac

221 3444 436 3490 praeterea
469 3440 554 3480 duo
577 3441 658 3481 alia
691 3443 897 3485 elementa
920 3446 1180 3489 intermedia.
1207 3448 1356 3503 Capite
1390 3456 1532 3491 autem
1566 3451 1716 3505 quinto
1751 3451 1970 3493 concludit
2003 3451 2139 3505 quod,
2164 3453 2274 3494 sicut
2297 3461 2397 3495 sunt

222 3505 404 3551 quatuor
436 3501 691 3544 differentiae
733 3506 928 3559 gravium
967 3514 1008 3549 et
1049 3509 1230 3558 levium,
1272 3511 1328 3551 ita
1371 3518 1469 3552 sunt
1513 3519 1699 3567 quatuor
1738 3513 2002 3554 differentiae
2043 3527 2274 3569 corporum
2309 3516 2395 3557 ele·-

217 3562 482 3662 lrnentarium.
518 3565 711 3606 Tandem
746 3568 893 3609 ultimo
928 3571 1062 3624 capite
1096 3571 1270 3626 inquirit
1303 3574 1406 3627 quid
1440 3575 1579 3630 figura
1613 3576 1802 3616 conserat
1835 3574 1891 3615 ad
1925 3581 2091 3617 motum
2126 3578 2324 3633 gravium
2355 3586 2397 3621 et

237 3634 389 3664 evmm.
