2782 4134
1084 283 1196 320 CAP.
1226 283 1293 330 111,
1323 281 1476 319 LECT.
1505 281 1558 319 lv

227 362 316 400 ideo
331 361 577 399 nominamus
590 361 718 411 ipsum
732 361 890 398 nomine
905 361 1017 409 ignis:
1039 362 1135 399 sicut
1149 362 1180 398 si
1194 374 1294 410 aqua

229 427 308 452 non
326 414 484 452 haberet
502 426 663 462 nomen,
688 421 725 451 et
752 413 1040 451 nominaremus
1065 415 1294 452 elementum

229 479 351 516 aquae
378 467 550 515 glaciem.
585 467 663 505 Sed
695 474 845 515 oportet
877 466 1080 514 intelligere
1114 467 1219 516 quod
1247 467 1294 504 de

229 527 309 558 toto
337 520 409 557 isto
438 531 600 569 corpore
628 519 733 568 quod
761 531 784 556 a
811 519 921 556 nobis
950 519 1083 557 dicitur
1110 532 1190 568 aer,
1218 532 1296 557 una

196 598 203 605 ·
229 585 330 623 pars,
350 585 448 622 quae
469 580 524 610 est
540 571 792 621 propinqua*
814 579 947 619 terrae,
969 579 1024 609 est
1042 572 1151 621 quasi
1175 573 1297 610 calida

232 633 269 663 et
295 625 464 673 humida,
492 632 648 674 propter
675 625 714 662 id
742 625 848 673 quod
875 625 992 662 habet
1018 626 1066 663 de
1089 637 1235 674 vapore
1260 633 1298 662 et

233 677 468 716 exhalatione
495 685 628 716 terrae.
658 677 721 715 Sic
749 677 852 715 enim
880 678 1067 715 elementa
1094 685 1180 715 sunt
1198 678 1298 715 ordi-

231 737 337 779 nata,
366 730 580 768 secundum
608 730 714 779 quod
743 742 878 768 eorum
910 738 1067 768 naturae
1096 730 1298 780 competit:

231 783 336 822 unde
355 783 444 832 quia
462 795 528 820 aer
545 782 758 820 secundum
771 791 944 821 naturam
959 795 1069 821 suam
1087 791 1143 821 est
1157 784 1299 821 calidus

234 844 270 874 et
297 836 491 884 humidus,
520 836 574 873 sic
602 843 659 873 est
686 836 890 886 dispositus
908 843 950 873 ut
967 849 1154 886 vaporem
1177 844 1298 874 terrae

233 889 424 939 suscipiat,
445 890 494 927 ad
513 889 594 926 eius
623 889 788 927 calorem
809 897 845 926 et
864 889 1127 927 humiditatem
1147 902 1299 927 servan-

2339 283 2413 331 337

1350 361 1440 399 dam
1458 361 1490 398 ²⁸⁸.
1521 361 1599 399 Sed
1626 361 1689 398 illa
1712 373 1801 411 pars
1830 361 1999 410 corporis
2027 361 2133 410 quod
2161 361 2415 399 communiter

1347 422 1508 452 vocatur
1526 426 1603 462 aer,
1623 426 1722 464 quae
1743 421 1799 451 est
1817 414 2002 463 superior,
2023 421 2078 451 est
2097 414 2216 452 calida
2236 422 2273 452 et
2296 415 2412 462 sicca;

1350 474 1386 504 et
1412 468 1513 504 hanc
1532 474 1680 516 partem
1699 479 1887 505 vocamus
1907 468 2139 504 elementum
2163 467 2269 515 ignis.
2294 469 2344 505 Et
2362 468 2416 504 sic

2443 368 2451 377 ·
2469 369 2656 391 conservandam

2440 399 2477 415 ΑΒ.

1350 532 1415 557 aer
1432 520 1453 542 '¹‘
1480 532 1625 558 nomen
1654 533 1860 558 commune
1888 528 1944 558 est
1979 520 2130 558 duobus
2159 520 2364 558 elementis.
2390 542 2414 548 -
2443 531 2452 540 ²
2467 531 2583 553 aerius-

1350 573 1399 610 Et
1426 573 1516 623 quia
1539 573 1682 611 dixerat
1705 573 1753 611 de
1766 585 1912 623 vapore
1932 580 1968 610 et
1988 573 2224 611 exhalatione
2251 581 2371 610 terrae
2390 579 2414 621 ⁰,

1352 626 1515 663 ostendit
1529 626 1781 664 differentiam
1796 626 1892 664 inter
1911 639 1967 664 ea.
1988 627 2038 664 Et
2057 626 2146 664 dicit
2164 626 2269 675 quod
2283 634 2416 664 natura

1351 678 1506 727 vaporis
1535 686 1591 716 est
1619 691 1700 716 esse
1719 679 1923 717 humidum
1943 687 1981 716 et
1999 679 2176 727 calidum,
2197 685 2332 716 natura
2350 691 2417 716 au-

1351 738 1431 768 tem
1459 731 1704 769 exhalationis
1732 740 1789 770 est
1816 744 1898 770 esse
1927 732 2094 770 calidum
2123 739 2160 770 et
2186 732 2347 770 siccum:
2382 739 2418 769 et

1353 783 1406 821 sic
1432 796 1567 832 vapor,
1595 792 1751 833 propter
1768 785 2044 834 humiditatem,
2073 793 2130 823 est
2148 785 2256 835 quasi
2282 785 2322 822 in
2348 793 2418 834 po-

1353 836 1469 874 tentia
1492 836 1541 874 ad
1560 849 1719 885 aquam3
1749 838 1934 876 exhalatio
1960 846 2100 887 autern⁷
2128 845 2286 888 propter
2313 837 2417 875 sicci-

1354 896 1482 936 tatem,
1505 897 1560 927 est
1588 890 1697 938 quasi
1724 890 1762 928 in
1789 891 1958 940 potentia
1984 899 2026 929 ut
2053 891 2224 941 igniatur.

289 1048 316 1084 ο)
329 1051 357 1075 er
369 1047 542 1074 exhalatione
561 1051 658 1073 terrae.
671 1062 690 1067 -
710 1051 737 1073 et
757 1048 790 1073 de
808 1047 980 1074 exhalatione
999 1048 1046 1074 Pa.
1068 1048 1182 1074 Eaedem
1201 1053 1326 1082 pergunt:
1346 1048 1463 1074 ostendit
1481 1048 1583 1074 interea
1601 1051 1627 1073 et
1646 1047 1720 1074 dicit.
1738 1062 1757 1067 -
1775 1048 1843 1073 Ante
1861 1049 1999 1074 humidum
2020 1050 2043 1074 A
2062 1057 2116 1075 om.
2134 1056 2204 1081 esse‚·
2222 1054 2283 1084 post
2300 1049 2363 1074 illud
2381 1050 2419 1075 Pa

235 1092 290 1110 om.
307 1087 348 1114 et,
367 1083 439 1118 quod
456 1088 544 1109 nmen
562 1083 641 1109 habet
659 1084 700 1109 ed.
722 1082 798 1109 1561.

394 3676 463 3708 Opp.
483 3676 514 3700 D.
529 3675 643 3700 Tnomm.
661 3674 693 3699 T.
709 3675 739 3699 111

2542 588 2556 605 0
