2782 4134
104 598 114 608 ⁸
129 603 178 618 cum
194 597 246 618 add.
261 603 299 618 ΑΒ.

100 767 109 776 ·
125 766 218 794 aliquid
230 772 267 788 ΑΒ.

98 2040 106 2048 ·
122 2038 183 2060 libro
193 2045 242 2060 om.
256 2045 294 2060 pa.

96 2093 104 2101 ·
119 2091 307 2119 Meteorologica

97 2123 134 2139 Ρα,

97 2356 105 2365 ”
129 2356 307 2378 aeter-minam

96 2388 133 2404 ΑΒ,

97 2519 105 2528 ”
121 2517 191 2539 Ν11111.
205 2524 228 2544 4.

96 2571 104 2580 ·
115 2570 307 2598 comequentibus

94 2602 133 2618 AB.

95 2625 104 2633 ·
119 2623 190 2645 Num.
205 2629 229 2651 9.

92 2781 104 2791 ⁸
119 2781 221 2802 ostendit
233 2788 271 2804 ΑΒ.

439 397 504 419 *2⁷⁴2
521 396 551 423 ez*
572 395 598 412 ἒν
677 382 752 419 icut
780 382 817 419 in
839 382 953 418 rebus
973 381 1206 418 naturalibus
1230 380 1320 416 nihil
1349 386 1405 416 est

420 444 456 470 «ε
503 433 655 497 Ᾰίὶῇξ,
675 436 886 484 perfectum
925 434 1017 470 dum
1047 440 1102 469 est
1138 433 1176 468 in
1213 432 1402 480 potentia,

421 493 498 534 ’ξδ’-Ἰ,
526 475 604 528 'QG
644 488 658 529 λ’,
677 490 744 526 sed
772 488 896 525 solum
926 494 1014 523 tunc
1039 485 1255 534 simpliciter
1282 485 1404 533 perse-

410 532 571 619 {1³5ae
627 550 780 581 &ctum
815 548 889 586 est,
919 538 1074 587 quando
1105 544 1160 574 est
1193 538 1231 574 in
1267 537 1402 574 ultimo

454 568 779 645 ἥδῡὶὀ,ὅ,ιί.’έῑειο’[11;
809 587 963 641 quando
983 603 1076 628 vero
1091 590 1111 612 '¹‘
1134 591 1263 628 medio
1284 592 1402 629 modo

502 637 507 649 '
547 637 575 647 γ’
637 647 642 651 ’
676 659 716 684 se
744 647 889 683 habens
918 643 1029 680 fuerit
1047 644 1144 680 inter
1171 656 1309 692 puram
1334 643 1405 692 po-

340 705 495 741 tentiam
518 710 552 738 et
571 712 709 750 purum
731 706 868 744 actum,
896 705 984 733 tunc
1009 704 1065 733 est
1087 696 1244 745 quidem
1270 709 1404 734 secun-

341 757 432 794 dum
453 756 544 806 quid
563 755 582 776 *
600 753 822 802 perfectum,
849 762 928 786 non
946 757 1076 786 tamen
1095 750 1330 800 simpliciter3
1351 751 1405 788 sic

340 818 376 847 et
395 810 492 847 circa
512 806 705 845 scientiam
725 803 869 841 accidit.
893 803 1057 840 Scientia
1076 811 1204 841 autem
1223 816 1322 853 quae
1338 806 1404 842 ha-

339 864 448 900 betur
471 862 516 899 de
537 873 576 897 re
598 866 743 896 tantum
771 857 809 893 in
828 856 1044 903 universali,
1075 869 1154 893 non
1174 865 1230 894 est
1249 858 1404 895 scientia

339 917 527 964 completa
550 911 761 950 secundum
788 909 965 946 ultimum
989 917 1128 957 actum,
1158 910 1225 947 sed
1250 918 1306 947 est
1324 923 1403 952 me-

338 969 400 1006 dio
431 967 548 1005 modo
578 977 618 1002 se
645 965 791 1001 habens
823 962 920 999 inter
951 974 1090 1011 puram
1124 963 1333 1012 potentiam
1369 972 1404 1001 et

337 1021 511 1058 ultimum
543 1026 670 1055 actum
694 1023 722 1052 α.
753 1016 856 1052 Ν3111
886 1015 1019 1064 aliquis
1047 1015 1168 1053 sciens
1197 1016 1336 1064 aliquid
1365 1017 1402 1054 in

337 1072 551 1119 universali,
582 1070 649 1108 scit
677 1069 833 1118 quidem
863 1068 1006 1117 aliquid
1037 1081 1170 1106 eorum
1199 1077 1284 1106 actu
1304 1082 1402 1118 quae

337 1135 423 1163 sunt
450 1126 488 1163 in
514 1123 667 1174 propria
687 1123 833 1159 ratione
863 1123 959 1158 eius:
990 1122 1062 1158 alia
1089 1134 1183 1159 vero
1214 1123 1335 1160 sciens
1364 1123 1403 1160 in

336 1179 538 1217 universali
566 1189 644 1214 non
673 1175 742 1212 scit
768 1183 871 1222 actu,
902 1175 969 1212 sed
999 1175 1125 1212 solum
1154 1175 1192 1212 in
1219 1176 1400 1224 potentia.

337 1234 452 1280 Puta,
483 1231 547 1281 qui
577 1228 770 1277 cognoscit
798 1228 997 1265 hominem
1031 1228 1156 1265 solum
1189 1231 1402 1267 secundum

337 1286 441 1335 quod
470 1292 526 1321 est
554 1283 705 1328 animal,
736 1282 862 1318 solum
891 1281 960 1317 scit
983 1281 1036 1317 sic
1055 1289 1203 1330 partem
1222 1281 1240 1310 β
1268 1283 1402 1320 defini-

335 1338 446 1376 tionis
474 1336 639 1374 hominis
667 1335 706 1371 in
734 1341 837 1381 actu,
868 1334 1006 1370 scilicet
1034 1346 1153 1382 genus
1173 1335 1272 1372 eius:
1294 1335 1401 1373 diffe-

336 1391 472 1429 rentias
511 1397 639 1427 autem
669 1387 929 1424 constitutivas
962 1388 1102 1436 speciei
1130 1388 1304 1426 nondum
1334 1389 1402 1426 scit

336 1453 434 1491 actu,
451 1445 517 1482 sed
536 1441 705 1492 potentia
724 1448 884 1477 tantum.
914 1441 1026 1477 Unde
1047 1441 1289 1479 manifestum
1310 1447 1325 1468 ⁷
1346 1451 1402 1480 est

336 1498 442 1548 quod
471 1496 796 1545 complementum
825 1493 1004 1530 scientiae
1024 1494 1179 1543 requirit
1198 1495 1303 1543 quod
1322 1508 1401 1533 non

336 1552 486 1588 sistatur
504 1550 543 1586 in
564 1547 844 1594 communibus,
870 1547 938 1584 sed
962 1547 1192 1596 procedatur
1209 1561 1331 1598 usque
1351 1549 1401 1586 ad

336 1603 499 1654 species:
529 1601 727 1639 individua
756 1600 857 1637 enim
887 1612 965 1637 non
999 1600 1140 1638 cadunt
1172 1602 1244 1638 sub
1278 1602 1401 1640 consi-

337 1657 531 1695 deratione
556 1654 664 1699 artis,
695 1666 773 1690 non
802 1653 905 1690 enim
936 1666 1070 1690 eorum
1101 1661 1156 1690 est
1179 1653 1399 1703 intellectus,

337 1711 404 1748 sed
433 1721 577 1747 sensus.

391 1775 425 1801 2.
457 1762 556 1809 Quia
584 1761 693 1809 igitur
720 1759 942 1796 Aristoteles
969 1759 1008 1796 in
1036 1759 1132 1796 libro
1161 1760 1206 1797 de
1234 1761 1401 1798 Genera-

336 1818 434 1854 tione
449 1813 715 1853 determinavit
735 1812 782 1849 de
797 1812 1175 1850 transmutationibus
1195 1814 1402 1851 elemento-

336 1882 421 1907 rum
438 1869 475 1906 in
491 1866 700 1913 communi,
716 1865 973 1903 necessarium
989 1865 1056 1902 fuit
1070 1865 1119 1902 ad
1140 1867 1401 1915 complemen-

335 1932 417 1960 tum
446 1921 621 1958 scientiae
651 1919 839 1966 naturalis,
861 1918 1113 1956 determinare
1134 1919 1181 1956 de
1201 1920 1401 1968 speciebus

335 1974 694 2014 transmutationum
729 1984 828 2020 quae
856 1971 1032 2009 accidunt
1064 1972 1163 2010 circa
1191 1974 1399 2011 elementa:

337 2037 373 2067 et
392 2028 438 2066 de
458 2028 517 2065 his
545 2025 771 2064 determinat
793 2025 831 2062 in
849 2026 924 2062 hoc
943 2024 1039 2062 libro
1058 2024 1090 2072 ²¹²,
1111 2025 1175 2074 qui
1196 2025 1402 2064 intitulatur

335 2080 724 2130 Meteorologicorum
738 2078 770 2116 ²¹⁶.
787 2079 855 2115 Est
872 2078 982 2126 igitur
1000 2078 1155 2115 intentio
1173 2079 1253 2116 eius
1268 2079 1306 2116 in
1325 2080 1401 2117 hoc

335 2135 431 2172 libro
452 2133 704 2172 determinare
726 2131 774 2169 de
788 2131 1166 2169 transmutationibus
1185 2144 1283 2182 quae
1304 2133 1399 2170 acci-

336 2189 430 2226 dunt
458 2186 556 2224 circa
577 2186 776 2231 elementa,
807 2184 1019 2221 secundum
1048 2184 1211 2232 singulas
1240 2186 1397 2235 species.

335 2242 385 2279 Et
412 2241 460 2278 ad
488 2238 807 2277 manifestandam
842 2250 952 2275 suam
986 2237 1256 2285 intentionem,
1289 2251 1399 2288 prae-

335 2293 445 2331 mittit
471 2291 729 2342 prooemium.
761 2292 803 2328 In
831 2303 909 2340 quo
928 2290 998 2328 tria
1017 2290 1123 2328 facit:
1147 2292 1276 2340 primo
1296 2291 1397 2329 enim

336 2353 534 2384 enumerat
561 2358 606 2383 ea
635 2345 682 2382 de
711 2343 848 2393 quibus
876 2351 1076 2381 tractatum
1099 2344 1120 2366 *
1148 2352 1205 2382 est
1231 2345 1270 2382 in
1298 2345 1399 2382 libris

335 2399 512 2438 scientiae
541 2397 720 2436 naturalis
753 2397 1069 2447 praecedentibus
1102 2398 1206 2434 hunc
1238 2398 1396 2445 librum;

335 2452 505 2491 secundo
519 2451 736 2489 manifestat
750 2450 797 2487 de
813 2450 951 2499 quibus
966 2449 1004 2487 in
1018 2451 1094 2487 1100
1113 2450 1210 2488 libro
1225 2451 1271 2488 sit
1285 2463 1398 2499 agen-

336 2506 440 2553 dum,
461 2505 530 2542 ibi:
559 2504 720 2553 Reliqua
748 2509 874 2540 autem
896 2515 991 2552 pars
1010 2503 1120 2541 huius
1138 2503 1159 2525 *
1179 2511 1262 2550 ete.;
1289 2504 1397 2541 tertio

335 2558 500 2596 ostendit
527 2558 575 2596 de
604 2557 742 2606 quibus
770 2556 809 2593 in
837 2556 1084 2604 sequentibus
1107 2555 1128 2578 '¹‘
1155 2556 1256 2594 libris
1286 2564 1399 2594 restat

335 2612 539 2660 agendum,
568 2610 639 2647 ibi:
669 2611 975 2646 Pertranseuntes
1002 2614 1127 2646 autem
1147 2609 1193 2646 de
1211 2610 1267 2646 his
1285 2609 1306 2631 '¹‘
1326 2617 1394 2647 etc.

390 2666 424 2702 3.
436 2662 676 2701 Praecedunt
690 2669 818 2699 autem
833 2662 936 2699 hunc
949 2661 1101 2709 librum,
1117 2662 1329 2699 secundum
1340 2674 1399 2699 or-

335 2717 477 2765 dinem,
493 2716 531 2753 in
546 2715 700 2753 scientia
716 2714 874 2753 naturali
889 2722 963 2752 tres
978 2714 1072 2751 libri.
1089 2714 1201 2752 Unde
1216 2714 1284 2752 tria
1300 2715 1397 2753 facit.

333 2770 465 2808 Primo
493 2769 601 2819 ponit
617 2769 637 2791 '¹‘
666 2769 713 2806 de
743 2781 819 2818 quo
839 2768 884 2805 sit
903 2774 1030 2805 actum
1049 2767 1087 2804 in
1106 2767 1201 2805 libro
1221 2769 1398 2817 Physica-

333 2836 431 2861 rum.
462 2824 504 2860 In
532 2835 610 2872 quo
640 2821 809 2870 quidem,
835 2828 1023 2870 quantum·
1050 2821 1098 2859 ad
1128 2821 1225 2858 duos
1252 2821 1399 2870 primos

332 2877 447 2914 libros
468 2876 558 2923 eius,
579 2875 698 2923 agitur
718 2874 766 2912 de
786 2874 907 2911 causis
922 2882 1097 2911 naturae:
1119 2882 1155 2911 et
1172 2875 1248 2911 hoc
1265 2875 1398 2923 tangit,

333 2929 564 2967 concludens
597 2940 642 2965 ex
676 2927 988 2966 determinatione
1022 2927 1330 2976 praecedentium
1359 2928 1400 2965 li-

385 3058 412 3094 α)
436 3058 483 3084 sed
505 3061 545 3084 est
568 3058 688 3084 medio...
699 3061 799 3083 actum.
815 3071 836 3076 -
853 3058 909 3082 Hoc
933 3057 1131 3083 homoteleuton
1156 3066 1210 3083 om.
1231 3059 1300 3084 ΡΒα.
1317 3071 1336 3078 -
1354 3059 1398 3083 ΑΒ

331 3099 538 3127 prosequuntur:
557 3094 628 3119 Nam
647 3093 743 3126 aliquis
767 3093 817 3118 scit
835 3093 938 3126 aliquid
957 3093 984 3118 in
1010 3093 1167 3122 universali,
1187 3097 1213 3119 et
1230 3094 1281 3119 scit
1300 3092 1347 3127 (sit
1365 3093 1397 3128 B)

350 3130 440 3155 uidam
459 3129 561 3162 aliquid
575 3129 601 3154 in
615 3132 677 3155 actu
691 3136 783 3154 eorum
802 3135 870 3161 quae
887 3131 951 3153 sunt
965 3128 991 3153 in
1001 3128 1117 3161 propria
1131 3128 1237 3154 ratione
1251 3129 1315 3158 eius,
1330 3129 1399 3154 alius

344 3165 398 3190 alia
417 3164 448 3199 B)
468 3172 531 3190 vero
551 3164 632 3189 nescit
651 3164 677 3189 in
698 3164 856 3193 universali,
881 3163 929 3189 sed
953 3164 1038 3189 solum
1058 3164 1084 3189 in
1099 3164 1231 3196 potentia.
1257 3164 1340 3189 Etiam
1361 3165 1398 3189 Pa

331 3200 427 3225 habent
444 3200 515 3225 Nam
529 3199 626 3232 aliquis
643 3200 725 3225 scit...
745 3202 771 3224 et
788 3199 846 3229 scit,
866 3199 938 3231 quod
957 3199 1115 3224 correximus
1135 3207 1165 3224 ex
1182 3200 1222 3224 ed.
1240 3198 1314 3231 1561,
1330 3207 1398 3233 quae

332 3241 418 3260 tamen
437 3240 497 3267 post
514 3235 570 3259 alia
583 3242 645 3260 vero
663 3243 716 3259 om.
735 3235 820 3260 sciens
839 3234 866 3259 in
886 3234 1039 3260 universali.

387 3269 412 3304 β)
431 3270 535 3295 Puta...
554 3270 604 3295 scit
622 3270 659 3295 sic
679 3273 795 3302 partem.
813 3284 832 3289 —
851 3270 921 3294 Puta
939 3270 985 3302 qui
1009 3270 1146 3303 cognoscit
1170 3270 1271 3295 animal
1294 3271 1394 3299 solum,

332 3305 370 3331 sic
388 3305 438 3330 scit
451 3309 559 3337 partem
579 3305 624 3330 Pa.

385 3339 412 3374 γ)
433 3340 611 3374 manifestum.
623 3353 642 3360 —-
656 3340 712 3365 Hoc
730 3348 783 3365 om.
797 3340 844 3366 Pa.
856 3354 876 3359 -
889 3341 940 3365 Pro
958 3340 1079 3370 sistatur,
1096 3341 1174 3366 sistat
1189 3341 1218 3372 B,
1233 3346 1259 3365 et
1273 3349 1320 3374 pro
1330 3348 1396 3374 pro-

332 3375 452 3404 cedatur,
463 3375 594 3407 procedat
612 3376 665 3400 AB.
678 3389 697 3394 -
710 3376 761 3400 Pro
780 3375 920 3401 individua
938 3375 1008 3401 enim
1028 3383 1080 3401 non
1099 3376 1207 3406 cadunt,
1228 3376 1395 3402 individuum

333 3410 403 3435 enim
421 3417 473 3434 non
492 3410 566 3435 cadit
585 3410 630 3439 Pa,
650 3411 696 3435 sed
715 3411 747 3436 cf.
766 3411 851 3436 statim
871 3418 972 3436 eorum.

385 3443 412 3478 ὃ)
432 3445 473 3470 De
487 3445 584 3476 primis
602 3445 708 3477 quidem
727 3445 812 3478 igitur
830 3446 917 3471 causis
941 3450 1063 3472 naturae.
1081 3459 1100 3466 —-
1117 3447 1222 3479 quidem
1246 3447 1332 3480 igitur
1351 3447 1395 3472 nd-

333 3479 419 3504 dimus
437 3487 468 3504 ex
487 3480 527 3505 ed.
545 3479 619 3504 1561.
632 3493 651 3499 —
669 3481 719 3505 Pro
732 3481 824 3512 prima
839 3481 1008 3513 principia...
1027 3489 1134 3515 genera,
1150 3483 1242 3514 prima
1257 3482 1395 3515 principia

333 3514 388 3540 alia
402 3521 469 3547 quae
483 3518 544 3539 sunt
559 3515 672 3540 materia
688 3519 714 3540 et
725 3516 819 3549 forma
833 3519 859 3541 et
873 3516 1009 3548 principia
1024 3521 1050 3543 et
1062 3517 1141 3543 etiam
1161 3521 1277 3550 quatuor
1293 3525 1395 3551 genera

333 3550 392 3581 AB;
411 3549 491 3575 etiam
506 3557 560 3574 om.
575 3550 620 3574 Pa.
632 3564 652 3569 —
666 3550 715 3575 Pro
731 3551 760 3575 In
775 3551 941 3583 sequentibus
955 3555 1043 3577 autem
1057 3552 1139 3581 libris,
1156 3553 1186 3577 In
1202 3552 1287 3578 tribus
1305 3556 1394 3579 autem

334 3584 408 3610 libris
426 3584 591 3617 sequentibus
610 3585 681 3610 ABa.

386 3619 409 3653 ε)
430 3619 604 3645 Secundus...
621 3620 650 3644 In
670 3621 753 3645 cuius.
771 3633 790 3639 —
810 3621 946 3646 Secundus
969 3622 1095 3647 scientiae
1119 3623 1251 3648 naturalis
1274 3627 1313 3648 est
1331 3623 1397 3649 liber

333 3655 366 3680 de
387 3655 477 3685 Caelo,
497 3657 523 3679 et
541 3655 567 3679 in
587 3654 642 3679 eius
660 3656 691 3680 Α.

1056 299 1644 338 METEOROLOGICORUM
1672 299 1766 336 LIB.
1798 300 1811 335 I

1459 379 1628 426 brorum,
1651 390 1738 415 cum
1758 377 1862 415 dicit:
1878 379 1938 414 De
1950 378 2088 426 primis
2107 378 2256 426 quidem
2277 378 2394 428 igitur
2408 381 2530 417 causis

1459 437 1618 468 naturae
1637 429 1666 476 ὃς
1695 439 1738 468 ut
1762 431 2015 479 intelligantur
2037 431 2190 479 primae
2209 442 2347 468 causae
2371 438 2530 470 naturae

1457 484 1583 533 prima
1602 484 1798 533 principia,
1825 497 1922 533 quae
1947 492 2034 521 sunt
2058 484 2227 531 materia,
2249 484 2371 521 forma
2395 493 2432 522 et
2454 486 2529 534 pri-

1457 537 1573 584 vatio,
1601 545 1636 574 et
1661 537 1775 574 etiam
1797 545 1963 587 quatuor
1986 549 2126 585 genera
2150 549 2364 585 causarum,
2391 538 2530 577 scilicet

1459 590 1628 637 materia,
1641 591 1775 638 forma,
1787 603 1904 639 agens
1919 597 1955 627 et
1968 591 2067 627 finis.
2081 591 2123 626 In
2138 590 2384 639 sequentibus
2400 599 2528 629 autern

1458 644 1561 680 libris
1588 644 1839 692 Physicorum
1867 643 1988 691 agitur
2016 644 2063 680 de
2092 650 2202 680 motu
2221 643 2260 680 in
2279 644 2461 692 generali:
2493 653 2529 682 et

1457 698 1533 734 hoc
1552 705 1608 734 est
1627 697 1731 746 quod
1760 696 1900 734 subdit:
1930 702 1967 733 et
1991 697 2037 733 de
2055 697 2162 733 omni
2187 702 2290 733 motu
2310 698 2486 735 naturali.
2503 719 2528 726 -

1460 750 1660 787 Secundus
1676 750 1853 787 scientiae
1868 750 2046 787 naturalis
2061 750 2157 786 liber
2172 758 2228 787 est
2241 750 2335 787 liber
2349 751 2395 787 de
2414 752 2528 788 Caelo

1459 809 1494 840 et
1505 804 1668 840 Mundo.
1686 804 1728 840 In
1744 803 1850 840 cuius
1864 809 1875 823 ¹
1893 803 2018 852 prima
2032 810 2149 852 parte,
2167 803 2308 840 scilicet
2322 803 2362 841 in
2376 804 2528 841 duobus

1459 856 1539 893 eius
1567 856 1699 905 primis
1726 856 1842 903 libris,
1863 855 1984 904 agitur
2012 857 2059 893 de
2082 857 2187 893 caelo
2217 864 2253 893 et
2281 857 2406 904 stellis,
2428 870 2528 906 quae

1457 917 1663 946 moventur
1690 916 1798 945 motu
1818 908 2004 946 circulari:
2031 917 2067 946 et
2085 917 2272 958 quantum
2301 910 2350 947 ad
2378 911 2453 947 hoc
2472 910 2527 948 di—

1458 962 1522 999 cit:
1551 963 1676 999 adhuc
1702 967 1827 998 autem
1855 962 1902 998 de
1927 961 2132 999 secundum
2160 964 2393 1011 superiorem
2422 964 2527 1001 latio-

1458 1027 1543 1052 nem
1566 1015 1783 1063 perornatis
1810 1015 1937 1059 astris;
1959 1016 2187 1063 perornatis,
2207 1016 2304 1054 idest
2326 1016 2439 1054 valde
2468 1029 2527 1054 or-

1458 1076 1544 1105 nate
1574 1067 1763 1117 dispositis
1780 1067 1808 1113 ζ,
1837 1068 2042 1104 secundum
2069 1069 2303 1116 superiorem
2336 1070 2525 1117 lationem,

1456 1121 1554 1158 idest
1582 1121 1795 1158 secundum
1825 1118 1976 1157 motum
2001 1120 2237 1170 circularem,
2258 1135 2335 1171 quo
2365 1135 2526 1160 moven-

1456 1182 1517 1211 tur
1545 1174 1675 1211 omnia
1711 1185 1874 1222 corpora
1903 1173 2086 1211 caelestia.
2120 1175 2161 1211 In
2190 1175 2360 1212 secunda
2396 1183 2526 1213 autern

1454 1235 1561 1277 parte
1590 1227 1702 1264 huius
1730 1226 1835 1274 libri,
1866 1226 2004 1263 scilicet
2032 1227 2140 1263 tertio
2180 1235 2217 1264 et
2244 1235 2377 1277 quarto
2406 1229 2524 1277 libro,

1457 1280 1683 1318 determinat
1698 1286 1711 1303 η
1740 1280 1787 1317 de
1807 1291 1971 1316 numero
1993 1280 2272 1318 elementorum
2293 1289 2330 1318 et
2350 1282 2397 1319 de
2417 1290 2526 1320 motu

1455 1334 1565 1371 locali
1586 1346 1720 1370 eorum
1735 1333 1771 1369 *τ
1793 1341 1830 1370 et
1849 1340 2035 1382 quantum
2056 1333 2106 1370 ad
2124 1334 2200 1370 hoc
2220 1334 2325 1371 dicit:
2346 1341 2382 1372 et
2394 1335 2441 1372 de
2454 1335 2526 1373 ele-

1455 1388 1588 1424 mentis
1606 1385 1877 1435 corporalibus,
1893 1392 1984 1435 quot
2001 1392 2035 1422 et
2058 1398 2156 1434 quae
2173 1387 2257 1424 sint.
2278 1387 2379 1425 Dicit
2397 1396 2526 1426 autem

1456 1441 1645 1477 elementa
1673 1439 1910 1488 corporalia,
1939 1439 1988 1476 ad
2019 1439 2272 1477 differentiam
2309 1441 2526 1490 primorum

1454 1493 1749 1543 principiorum,
1780 1492 1918 1529 scilicet
1946 1492 2128 1529 materiae
2159 1501 2195 1530 et
2228 1494 2397 1542 formae,
2426 1507 2526 1544 quae

1455 1559 1534 1584 non
1563 1554 1650 1583 sunt
1688 1558 1876 1594 corpora,
1906 1545 1975 1583 sed
2004 1558 2211 1595 corporum
2241 1547 2431 1585 elementa
2458 1560 2527 1586 seu

1453 1599 1652 1649 principia:
1683 1599 1777 1647 ignis
1806 1606 1935 1635 autem
1974 1606 2010 1636 et
2037 1611 2139 1647 aqua
2168 1607 2204 1637 et
2235 1607 2335 1637 terra
2364 1613 2527 1651 corpora

1455 1660 1562 1700 sunt,
1602 1660 1638 1689 et
1675 1660 1761 1689 sunt
1784 1650 1798 1672 ⁰
1825 1651 1986 1688 aliorum
2026 1665 2231 1701 corporum
2271 1654 2470 1692 elementa.
2500 1675 2524 1683 -

1456 1706 1608 1743 Tertius
1637 1705 1731 1742 liber
1759 1704 1936 1742 scientiae
1965 1706 2144 1742 naturalis
2174 1714 2229 1743 est
2256 1706 2352 1744 liber
2378 1708 2424 1744 de
2455 1708 2526 1746 Ge-

1455 1759 1671 1796 neratione:
1707 1758 1746 1795 in
1781 1770 1859 1807 quo
1898 1757 2124 1795 determinat
2161 1759 2208 1796 de
2245 1761 2526 1809 permutatione

1455 1813 1734 1849 elementorum
1763 1810 1801 1847 in
1829 1810 2009 1858 invicem,
2034 1811 2072 1848 in
2091 1812 2262 1850 secundo
2290 1812 2400 1861 libro,
2422 1821 2458 1851 et
2478 1813 2526 1852 de

1455 1864 1698 1914 generatione
1728 1871 1764 1900 et
1792 1863 2036 1913 corruptione
2060 1864 2100 1901 in
2125 1866 2323 1902 communi
2341 1866 2380 1903 in
2398 1866 2526 1915 primo

1455 1919 1550 1955 libro
1570 1925 1588 1955 ¹.
1620 1918 1668 1954 Et
1696 1918 1771 1954 hoc
1798 1916 1915 1965 tangit
1935 1925 2223 1967 consequenter,
2250 1931 2338 1956 cum
2359 1919 2463 1956 dicit:
2492 1925 2530 1958 et

1455 1972 1501 2009 de
1528 1983 1573 2009 ea
1601 1983 1699 2020 quae
1727 1970 1886 2007 invicem
1915 1978 1984 2008 etc.

1507 2037 1546 2072 4.
1576 2024 1725 2062 Deinde
1755 2035 1844 2060 cum
1871 2023 1975 2061 dicit:
2004 2023 2167 2072 Reliqua
2195 2029 2321 2062 autem
2343 2036 2440 2074 pars
2457 2027 2526 2064 hu-

1454 2078 1512 2115 ius
1532 2085 1615 2126 etc.,
1632 2076 1846 2114 manifestat
1865 2076 1913 2113 de
1932 2089 2011 2126 quo
2031 2077 2078 2114 sit
2097 2077 2136 2114 in
2155 2077 2231 2114 hoc
2250 2078 2454 2126 agendum.
2476 2079 2526 2118 Et

1455 2131 1553 2168 circa
1576 2131 1652 2168 1100
1681 2130 1757 2167 duo
1787 2129 1889 2166 facit:
1918 2129 2045 2179 primo
2065 2130 2175 2179 ponit
2201 2142 2345 2168 nomen
2365 2142 2525 2170 consue-

1453 2191 1536 2221 tum
1558 2183 1670 2221 huius
1699 2182 1910 2230 doctrinae;
1941 2183 2112 2220 secundo
2133 2191 2332 2221 enumerat
2352 2196 2398 2222 ea
2424 2185 2524 2235 quae

1452 2237 1492 2275 in
1518 2238 1591 2274 hac
1620 2236 1791 2274 doctrina
1820 2236 2071 2274 continentur.
2097 2257 2121 2264 -
2150 2236 2251 2274 Dicit
2278 2249 2369 2286 ergo
2396 2238 2524 2288 primo

1453 2290 1559 2339 quod
1588 2290 1732 2339 reliqua
1759 2301 1848 2338 pars
1874 2290 1985 2327 huius
2008 2290 2192 2337 methodi,
2221 2289 2319 2328 idest
2345 2291 2524 2330 scientiae

1453 2343 1633 2381 naturalis
1652 2349 1676 2390 ¹,
1707 2355 1824 2392 quarn
1853 2355 1945 2392 prae
1974 2342 2151 2380 manibus
2179 2343 2380 2392 habemus,
2410 2352 2524 2383 restat

1453 2397 1579 2434 adhuc
1608 2396 1906 2442 consideranda,
1937 2407 2054 2445 quam
2075 2408 2212 2433 omnes
2230 2397 2376 2446 priores
2403 2398 2524 2448 philo-

1453 2449 1563 2499 sophi
1578 2450 1590 2470 *
1604 2449 1797 2487 vocabant
1810 2448 2144 2499 Meteorologiam‚
2161 2461 2183 2486 a
2198 2455 2402 2497 meteoron,
2418 2451 2524 2501 quod

1454 2510 1509 2540 est
1523 2502 1712 2540 excelsum
1726 2501 1790 2539 vel
1805 2501 2002 2548 elevatum,
2020 2509 2056 2538 et
2070 2501 2191 2552 logos,
2207 2502 2314 2551 quod
2328 2510 2385 2540 est
2398 2515 2523 2542 sermo

1452 2556 1515 2593 vel
1535 2555 1654 2592 ratio:
1684 2554 1973 2592 considerantur
1997 2554 2100 2592 enim
2119 2554 2158 2592 in
2186 2555 2259 2592 hac
2287 2555 2459 2595 doctrina
2479 2569 2524 2595 ea

1453 2620 1552 2657 quae
1573 2608 1611 2645 in
1632 2607 1786 2645 excelsis
1806 2614 2045 2655 generantur,
2067 2607 2163 2645 sicut
2182 2609 2310 2646 stellae
2332 2610 2523 2658 cadentes,

1453 2661 1581 2698 stellae
1601 2668 1774 2698 cometae
1784 2660 1815 2707 *,
1831 2660 1997 2709 pluviae,
2013 2661 2133 2708 nives,
2151 2668 2187 2698 et
2202 2661 2274 2698 alia
2288 2662 2523 2702 huiusmodi.

1455 2713 1644 2762 Quamvis
1683 2721 1719 2750 et
1756 2713 1829 2751 alia
1867 2713 2059 2763 quaedam
2098 2713 2386 2753 considerentur
2422 2729 2522 2767 quae

1454 2768 1551 2805 fiunt
1578 2767 1616 2805 in
1643 2766 1739 2814 imo,
1767 2766 1862 2804 sicut
1890 2766 2061 2815 fulmina,
2091 2774 2356 2816 terraemotus,
2387 2776 2424 2807 et
2451 2770 2524 2808 alia

1453 2820 1690 2858 huiusmodi:
1721 2820 1789 2857 sed
1809 2819 1898 2869 quia
1927 2832 1972 2857 ea
2000 2832 2098 2869 quae
2126 2821 2224 2859 fiunt
2251 2820 2290 2859 in
2319 2822 2406 2869 alto,
2436 2831 2524 2861 sunt

1454 2873 1687 2911 mirabiliora
1700 2873 1720 2895 '¹‘
1749 2880 1785 2910 et
1804 2873 1924 2921 magis
1944 2873 2170 2922 desiderata,
2191 2874 2279 2912 ideo
2301 2875 2350 2912 ab
2371 2875 2425 2913 eis
2444 2883 2523 2914 tota

1457 2927 1627 2964 doctrina
1645 2926 1666 2948 ²¹⁸
1694 2938 1839 2963 nomen
1868 2926 2024 2975 accepit.

1506 3059 1531 3092 ζ)
1551 3059 1639 3084 adhuc
1658 3061 1747 3084 autem
1767 3058 1835 3084 de...
1850 3058 1995 3091 dispositis.
2013 3072 2032 3079 -
2049 3058 2138 3084 adhuc
2157 3062 2246 3085 autem
2271 3059 2372 3086 dictum
2390 3063 2432 3087 est
2444 3061 2525 3094 prins

1453 3094 1485 3119 de
1503 3094 1600 3124 astris,
1615 3101 1672 3126 par
1691 3092 1755 3127 (pro
1770 3094 1848 3128 per),
1868 3094 1936 3120 idest
1955 3094 2041 3123 valde,
2060 3094 2186 3120 ordinate
2205 3094 2364 3127 dispositum
2384 3096 2451 3130 (pro
2469 3097 2523 3123 dis-

1447 3128 1556 3163 positis)
1576 3130 1628 3154 ΑΒ.
1647 3143 1666 3148 -
1684 3129 1734 3154 Pro
1753 3137 1804 3162 quo
1824 3131 1972 3160 moventur,
1992 3136 2060 3162 quae
2079 3133 2186 3155 movent
2204 3130 2238 3162 133
2257 3130 2382 3156 caelestia
2399 3131 2524 3158 omittunt

1505 3199 1532 3234 η)
1552 3200 1630 3225 huius
1649 3200 1711 3225 libri
1723 3217 1748 3226 ...
1761 3199 1932 3226 determinat.
1950 3214 1969 3219 -
1986 3200 2103 3226 eiusdem
2123 3201 2198 3231 libri,
2219 3201 2289 3227 idest
2306 3201 2425 3234 capituto
2442 3203 2523 3229 tertio

1451 3239 1477 3260 et
1491 3239 1596 3268 quarto,
1610 3236 1703 3268 agitur
1716 3236 1753 3266 A;
1773 3235 1851 3260 huius
1863 3235 1934 3266 libri,
1954 3235 2023 3261 idest
2035 3236 2061 3261 in
2075 3236 2157 3262 tertio
2169 3239 2196 3262 et
2209 3239 2308 3269 quarto
2325 3235 2394 3271 (seq.
2409 3238 2523 3272 spatium

1451 3271 1539 3295 album
1571 3272 1600 3295 Β.

1504 3304 1528 3339 θ)
1541 3271 1663 3338 )corpora
1682 3309 1752 3335 sunt,
1771 3310 1797 3331 et
1815 3310 1887 3331 sunt.
1905 3320 1924 3325 -
1941 3313 2059 3339 corpora
2077 3307 2232 3337 existentia,
2251 3311 2314 3333 sunt
2332 3308 2386 3334 ΑΒ.

1505 3341 1523 3376 ι)
1545 3341 1739 3367 determinat...
1748 3341 1840 3374 primo
1853 3341 1931 3367 libro.
1944 3355 1963 3361 —-
1975 3342 2138 3368 determinat
2152 3342 2186 3368 de
2194 3343 2396 3375 permutatione
2409 3343 2522 3369 elemen-

1450 3380 1539 3402 torum
1558 3377 1584 3402 in
1605 3377 1724 3406 invicem,
1743 3377 1844 3402 scilicet
1863 3377 1896 3402 de
1913 3378 2087 3411 generatione
2104 3381 2131 3403 et
2149 3378 2322 3410 corruptione
2340 3379 2367 3404 in
2385 3379 2522 3405 communi

1451 3413 1489 3437 Pa
1495 3419 1504 3442 ;
1523 3413 1554 3437 ci.
1573 3418 1681 3438 textum.
1698 3426 1718 3432 —
1736 3413 1795 3437 Mox
1813 3416 2004 3445 consequenter
2021 3421 2076 3439 om.
2087 3413 2118 3438 B.

1503 3447 1530 3481 κ)
1550 3448 1652 3481 reliqua
1703 3448 1844 3473 naturalis.
1857 3461 1877 3467 -
1890 3448 1994 3481 reliqua
2012 3448 2138 3478 methodi,
2153 3449 2223 3476 idest
2236 3449 2363 3475 scientiae
2377 3449 2520 3480 naturalis,

1445 3490 1514 3515 pars
1533 3483 1584 3512 Pa,·
1600 3490 1667 3516 pars
1687 3489 1712 3509 et
1731 3483 1800 3509 idest
1820 3491 1874 3508 om.
1893 3483 1928 3515 B;
1949 3483 2027 3509 huius
2045 3483 2123 3509 habet
2141 3486 2219 3510 etium
2242 3484 2284 3510 ed.
2302 3483 2377 3510 1561.
2390 3498 2410 3504 -
2427 3485 2519 3510 Statim

1449 3518 1537 3544 adhuc
1556 3527 1609 3544 om.
1630 3519 1676 3544 Pa.

1502 3552 1531 3588 λ)
1541 3554 1731 3586 philosophi.-
1745 3554 1801 3587 ipso
1812 3554 1866 3585 ΑΒ,
1878 3562 1972 3587 nempe
1986 3554 2138 3587 Aristotele3
2152 3555 2203 3588 ipsi
2217 3554 2259 3580 ed.
2268 3561 2286 3580 a
2296 3555 2389 3580 eodem
2404 3561 2519 3580 sensu.-

1450 3589 1500 3613 Pro
1520 3592 1670 3619 meteoron,
1691 3593 1831 3615 meteorem
1852 3590 1904 3620 ΑΒ,
1925 3593 2039 3616 meteore
2059 3590 2117 3615 edd.
2124 3597 2132 3621 ς
2151 3597 2199 3623 pro
2218 3590 2352 3616 excelsum
2373 3589 2414 3615 vel
2431 3590 2518 3615 eleva-

1450 3627 1514 3654 tum,
1535 3624 1666 3650 excedens
1686 3625 1727 3650 vel
1743 3625 1861 3650 elevatus
1874 3624 1920 3654 Pa,
1941 3625 2076 3651 excelsum
2089 3625 2132 3651 vel
2149 3625 2262 3651 elevatio
2274 3626 2305 3654 Α,
2325 3631 2462 3650 excessum
2477 3624 2519 3650 vel

1450 3659 1562 3684 elevatio
1582 3660 1616 3690 B;
1635 3667 1683 3692 pro
1702 3660 1744 3685 uel
1762 3660 1841 3688 ratio,
1861 3659 1916 3685 sive
1934 3660 2006 3685 ratio
2023 3661 2077 3685 AB.

2652 1297 2668 1320 ’l

2553 1342 2564 1354 ⁸⁸
2577 1342 2683 1370 ipsorum
2696 1349 2735 1366 Αι.

2552 2674 2561 2683 ”
2576 2675 2685 2696 mlle
2697 2679 2737 2696 n.

2552 2881 2696 2911 ·muua

2551 2937 2561 2946 ·
2576 2934 2714 2958 scindam.
