2782 4134
133 499 146 510 ⁸
161 498 195 520 Cf.
205 498 256 518 lect.
264 502 288 523 u,
297 501 319 517 n.
326 501 342 517 1.

135 555 275 602 'Cap.v1‚n.7
283 559 342 581 sqq.;

135 581 176 629 Ξῖ,
185 581 296 634 „af-²⁰6³.
305 585 343 626 2¹15:

136 639 177 661 pra
190 633 284 660 1ect.m‚
294 637 342 653 11.1.

136 1028 145 1037 ¹
160 1026 221 1047 Lect.
235 1031 281 1046 xvi.

135 1132 144 1141 ¹
159 1130 220 1151 Lect.
234 1135 290 1150 xxti.

136 1184 145 1192 ·
161 1181 261 1203 ostendit
268 1187 289 1202 Ρ.

158 1290 228 1312 Num.
242 1289 263 1311 6.

137 1345 146 1354 ³
162 1342 260 1365 ostendit
268 1348 288 1364 r.

137 1449 146 1458 ·
160 1448 228 1470 Num.
242 1452 262 1474 3.

136 1506 146 1516 ·
160 1505 228 1526 Num.
242 1510 261 1532 5.

229 1606 246 1622 α

138 2138 149 2149 “
167 2136 222 2164 Cap.
237 2143 260 2158 tv
280 2142 341 2164 sqq.;

138 2163 283 2186 S-Th.lect.v1
293 2169 342 2191 sqq.

232 2200 248 2225 Υ

138 2248 148 2257 '
159 2246 193 2268 cf.
204 2246 228 2268 S.
235 2246 280 2268 Th.
287 2246 342 2268 ibid.

137 2273 188 2294 lect.
198 2279 246 2299 vui,
256 2279 278 2295 n.
288 2279 307 2301 5.

138 2301 148 2310 ¹
162 2299 223 2321 Lect.
238 2305 269 2321 ιν.

500 358 521 372 ,,
570 352 601 366 ·.
629 336 802 376 ostquam
829 324 1081 373 Philosophus
1113 319 1272 357 ostendit
1296 318 1416 375 perfe-

493 405 516 422 ιμ
596 422 598 429 s
630 382 791 419 ctionem
818 377 983 416 universi
1012 384 1047 412 et
1070 386 1114 411 ex
1141 373 1278 421 quibus
1303 377 1415 429 parti-

453 465 461 477 ,
511 432 517 434 ξ
575 440 583 453 ”“
630 436 699 472 bus
728 433 805 470 eius
832 430 1008 481 perfectio
1037 429 1258 473 integretur,
1274 424 1337 482 1118.
1361 435 1415 463 in-

455 521 458 523 .
573 475 610 517 ,5st
630 487 716 536 cipit
739 485 924 533 inquirere
954 483 999 519 de
1026 479 1205 517 infinitate
1230 475 1348 534 ipsius
1374 476 1413 520 *3

370 544 467 592 quia,
486 551 527 580 ut
555 541 685 580 dicitur
702 539 740 576 in
759 539 807 574 III
825 536 970 584 Physic.
996 535 1026 579 ²³,
1057 532 1210 580 quidam
1230 536 1413 587 rationem

368 596 521 646 perfecti
539 594 781 632 attribuerunt
798 589 954 626 infinito.
974 588 1101 623 Potest
1123 590 1250 621 autem
1273 580 1415 629 aliquid

371 649 442 686 dici
477 648 663 687 infinitum
699 642 899 692 tripliciter:
933 652 1010 676 uno
1047 638 1165 675 modo
1202 635 1413 672 secundum

369 700 682 749 magnitudinem,
711 696 781 734 alio
809 693 926 731 modo
955 690 1164 729 secundum
1193 699 1413 747 numerum,

369 754 475 791 tertio
503 753 619 790 modo
648 748 852 787 secundum
881 744 1128 783 durationem.
1150 741 1278 779 Primo
1307 747 1415 787 igitur

369 806 517 855 inquirit
543 813 666 842 utrum
685 801 901 838 universum
930 798 974 834 sit
992 796 1180 833 infinitum
1204 794 1413 830 secundum

370 858 680 906 magnitudinem;
709 852 874 891 secundo
911 858 1037 888 utrum
1065 849 1110 886 sit
1141 847 1328 885 infinitum
1357 858 1412 883 se-

369 912 534 948 cundum
571 906 864 951 multitudinem,
897 912 1024 940 utrum
1061 901 1198 938 scilicet
1234 899 1280 936 sit
1314 911 1412 935 unus

369 964 532 1001 mundus
559 968 712 1007 tanturn,
732 959 793 995 vel
812 956 944 994 infiniti
964 968 1030 993 seu
1057 955 1194 1004 plures,
1215 952 1283 989 ibi:
1317 952 1412 994 Quia

369 1022 490 1054 autem
518 1026 632 1064 neque
652 1013 779 1062 plures
809 1011 828 1032 *
856 1017 942 1055 etc.;
971 1008 1075 1045 tertio
1104 1015 1230 1043 utrum
1258 1005 1303 1042 sit
1330 1005 1411 1042 infi-

369 1069 488 1106 nitum
515 1065 719 1112 duratione,
739 1063 844 1112 quasi
873 1074 1022 1110 semper
1049 1059 1217 1106 existens,
1243 1058 1310 1095 ibi:
1337 1057 1413 1094 His

368 1127 490 1159 autem
517 1118 761 1158 determinatis
790 1118 808 1138 ⁵⁵
838 1123 904 1153 etc.
926 1115 1035 1152 Circa
1061 1113 1227 1162 primum
1255 1112 1332 1148 duo
1362 1111 1412 1147 fa-

369 1174 439 1211 cit:
473 1173 595 1222 primo
624 1171 709 1208 dicit
737 1171 756 1192 *
783 1167 1063 1218 prooemialiter
1094 1166 1141 1203 de
1172 1177 1249 1214 quo
1278 1172 1332 1201 est
1359 1164 1412 1200 in-

367 1226 495 1271 tentio;
525 1224 688 1262 secundo
710 1222 903 1271 exequitur
929 1219 1178 1270 propositum,
1203 1217 1272 1255 ibi:
1306 1217 1415 1276 Quod

367 1278 510 1328 quidem
538 1278 652 1328 igitur
688 1287 832 1314 necesse
860 1275 880 1296 '²‘
909 1281 976 1312 etc.
1007 1273 1116 1310 Circa
1147 1271 1315 1322 primum
1343 1278 1411 1307 tria

365 1331 468 1368 facit:
496 1331 619 1380 primo
646 1329 732 1367 dicit
760 1330 779 1350 *³
809 1327 855 1365 de
875 1339 951 1376 quo
971 1334 1026 1363 est
1043 1324 1216 1370 intentio;
1242 1323 1410 1361 secundo

365 1384 524 1431 assignat
550 1383 732 1421 rationem
759 1392 848 1418 suae
875 1379 1100 1425 intentionis,
1126 1378 1194 1415 ibi:
1223 1377 1285 1414 Sic
1311 1377 1410 1413 enim

364 1443 428 1474 aut
463 1437 523 1473 illo
551 1437 660 1473 modo
686 1436 706 1457 '¹‘
733 1443 819 1480 etc.;
847 1433 954 1471 tertio
989 1431 1212 1470 determinat
1248 1429 1410 1467 modum

366 1490 510 1538 agendi,
539 1489 606 1526 ibi:
634 1489 794 1526 Necesse
821 1488 942 1536 itaque
959 1486 978 1507 '⁸
1007 1493 1075 1522 etc.

418 1538 453 1579 ¹2.
473 1542 570 1580 Dicit
589 1553 676 1590 ergo
695 1541 819 1590 primo
838 1539 953 1589 quod,
984 1538 1071 1588 quia
1095 1537 1335 1576 manifestum
1357 1544 1411 1573 est

367 1595 413 1632 de
431 1595 626 1644 praedictis
643 1601 676 1641 ⁰¹,
697 1594 799 1643 quod
826 1593 946 1631 motui
973 1591 1141 1629 circulari
1167 1603 1245 1628 non
1274 1597 1328 1627 est
1346 1589 1409 1626 ali-

364 1648 447 1697 quis
465 1656 590 1687 motus
618 1647 832 1694 contrarius,
853 1654 889 1684 et
907 1646 954 1683 de
973 1645 1051 1682 aliis
1079 1657 1176 1693 quae
1197 1644 1294 1681 dicta
1312 1651 1408 1690 sunt,

366 1709 512 1749 oportet
537 1713 636 1738 nunc
655 1700 845 1738 intendere
873 1699 920 1736 ad
949 1711 994 1736 ea
1013 1710 1108 1747 quae
1137 1697 1284 1734 residua
1312 1704 1407 1734 sunt.

366 1754 415 1790 Et
438 1754 561 1804 primo
582 1753 845 1803 inquirendum
865 1759 919 1789 est
945 1759 1071 1789 utrum
1092 1751 1137 1788 sit
1155 1750 1309 1800 aliquod
1329 1762 1409 1787 cor-

365 1818 436 1855 pus
454 1806 641 1844 infinitum
661 1807 698 1843 in
717 1814 802 1844 actu
823 1805 1031 1843 secundum
1055 1803 1353 1853 magnitudinem
1373 1802 1407 1850 β,

367 1858 460 1898 sicut
480 1859 629 1909 plurimi
656 1860 894 1907 antiquorum
921 1858 1235 1908 philosophorum
1254 1865 1410 1907 putave-

368 1921 452 1950 runt
477 1916 624 1960 (omnes
651 1913 787 1951 scilicet
813 1911 878 1960 qui
904 1919 1111 1961 posuerunt
1127 1923 1247 1948 unum
1275 1910 1410 1960 princi-

367 1965 472 2014 pium
492 1965 691 2014 materiale,
710 1974 799 2015 puta
818 1965 942 2014 ignem
962 1973 1024 2002 aut
1043 1977 1169 2002 aerem
1189 1971 1253 2001 aut
1270 1976 1409 2013 aquam

369 2026 432 2056 aut
458 2019 608 2068 aliquod
636 2020 802 2057 medium
829 2019 998 2066 horum);
1021 2019 1082 2055 vel
1110 2017 1234 2068 potius
1262 2018 1335 2055 hoc
1356 2026 1411 2055 est

368 2073 608 2122 impossibile,
629 2073 731 2123 quod
758 2072 802 2110 sit
821 2072 972 2122 aliquod
1001 2084 1136 2122 corpus
1165 2071 1352 2110 infinitum
1373 2071 1410 2108 in

369 2133 462 2172 actu,
482 2126 574 2163 sicut
599 2127 799 2175 probatum
828 2133 882 2164 est
908 2125 946 2164 in
974 2127 1022 2162 III
1042 2125 1188 2174 Physic.
1211 2126 1245 2172 *,
1271 2138 1410 2174 suppo-

369 2179 492 2216 nendo
519 2188 644 2217 tamen
673 2180 775 2229 quod
802 2192 878 2216 non
907 2179 951 2216 sit
978 2179 1076 2216 aliud
1107 2192 1242 2228 corpus
1262 2185 1275 2205 ⁷
1303 2191 1410 2228 prae-

367 2240 424 2269 ter
437 2241 595 2280 quatuor
614 2234 796 2271 elementa
807 2234 837 2279 *,
855 2233 1062 2270 secundum
1083 2232 1301 2281 opinionem
1322 2232 1411 2270 alio-

368 2298 463 2323 rum.
485 2287 559 2324 Sed
587 2287 672 2336 quia
699 2287 774 2324 iam
801 2286 975 2336 probavit
1002 2287 1022 2308 ²⁸
1041 2286 1146 2335 quod
1175 2293 1229 2323 est
1256 2286 1411 2335 aliquod

369 2351 502 2389 corpus
535 2347 682 2389 praeter
717 2348 876 2390 quatuor
908 2339 1111 2387 elementa,
1146 2339 1277 2389 repetit
1313 2340 1411 2377 hanc

369 2391 714 2441 considerationem,
733 2401 774 2431 ut
790 2393 1035 2431 universalior
1062 2394 1107 2431 sit
1130 2393 1318 2442 inquisitio
1346 2406 1412 2431 ve-

367 2445 490 2485 ritatis.

423 2500 456 2535 3.
477 2499 624 2536 Deinde
638 2511 725 2536 cum
741 2499 842 2537 dicit:
863 2500 923 2536 Sic
937 2500 1035 2536 enim
1049 2505 1115 2537 aut
1128 2500 1189 2537 illo
1204 2500 1314 2537 modo
1330 2508 1411 2547 etc.,

371 2551 529 2599 assignat
555 2553 738 2589 rationem
767 2565 855 2590 suae
884 2553 1108 2602 intentionis,
1130 2566 1174 2590 ex
1198 2554 1410 2591 diversitate

372 2615 466 2652 quae
495 2604 625 2643 accidit
651 2613 802 2654 propter
834 2606 1063 2655 praedictam
1096 2606 1335 2656 positionem.
1366 2609 1413 2645 Et

371 2657 493 2705 primo
521 2658 696 2707 proponit
713 2659 810 2706 hanc
833 2658 1084 2697 diversitatem
1104 2669 1411 2709 consequentem.

372 2710 421 2746 Et
447 2709 532 2747 dicit
559 2711 661 2759 quod
687 2724 764 2749 non
792 2713 984 2750 modicum
1005 2712 1127 2750 differt
1153 2714 1191 2751 in
1219 2727 1414 2764 compara-

371 2762 471 2799 tione
500 2762 547 2799 ad
574 2765 865 2812 speculationem
891 2766 1056 2803 veritatis
1084 2766 1122 2804 in
1149 2768 1305 2805 naturali
1333 2769 1414 2817 phi-

372 2815 562 2864 losophia,
591 2818 714 2854 u'trum
748 2819 821 2856 hoc
849 2826 911 2855 aut
938 2819 999 2856 illo
1037 2820 1153 2857 modo
1189 2834 1228 2858 se
1256 2822 1412 2869 habeat,

373 2867 510 2905 scilicet
536 2869 638 2918 quod
665 2870 710 2907 sit
728 2871 880 2920 aliquod
908 2884 1043 2921 corpus
1068 2873 1254 2912 infinitum
1283 2886 1413 2912 secun-

374 2921 464 2958 dum
492 2922 784 2970 magnitudinem
800 2922 887 2962 ‘vel
914 2937 1008 2962 non:
1038 2926 1105 2964 sed
1131 2927 1249 2975 magis
1276 2927 1417 2966 inducit

375 2973 618 3013 differentiam
646 2977 742 3014 circa
769 2983 903 3025 totum,
933 2978 1028 3016 idest
1055 2980 1151 3017 circa
1187 2988 1307 3019 totum
1334 2982 1416 3019 uni-

373 3038 535 3075 versum,
565 3036 600 3065 et
627 3029 723 3067 circa
751 3042 906 3068 omnem
944 3032 1282 3072 considerationem
1310 3044 1416 3074 natu-

429 3154 463 3216 e}
476 3156 672 3215 deleraedictis.
685 3171 704 3178 -
716 3165 752 3183 ex
765 3160 911 3192 praedictis
924 3162 952 3192 P,
967 3163 1013 3187 sed
1025 3163 1058 3188 cf.
1072 3169 1169 3189 textum
1187 3170 1325 3199 utrumque
1337 3173 1362 3192 et
1375 3168 1418 3193 lin.

377 3197 432 3223 seq.
463 3197 477 3215 e
494 3197 562 3216 aus.

416 3224 457 3266 Ji).
474 3227 614 3251 secundum
633 3229 847 3261 magnitudinem.
859 3244 877 3250 —
889 3232 944 3257 Hoc
958 3240 1011 3258 om.
1025 3234 1057 3259 A.
1069 3247 1088 3253 -
1099 3234 1158 3260 Lin.
1172 3243 1228 3269 seq.
1241 3245 1288 3269 pro
1297 3238 1417 3270 plurimi,

374 3267 456 3292 primi
468 3261 503 3301 Ρὶ
520 3261 551 3286 cf.
563 3266 695 3287 tenum.-
708 3263 742 3288 lbi
749 3265 908 3297 principium
923 3269 1067 3299 materiale,
1077 3270 1239 3303 principium
1254 3274 1377 3299 naturale
1386 3274 1418 3306 P;

379 3294 410 3335 cf:
422 3294 524 3328 Phystc.
543 3297 560 3327 1,
580 3297 637 3322 lect.
650 3305 703 3329 vm,
717 3306 742 3323 n.
758 3306 780 3328 2,
797 3305 821 3325 et
835 3301 873 3330 111,
887 3302 944 3328 lect.
956 3311 990 3334 vi,
1003 3312 1029 3329 n.
1043 3304 1068 3330 8.
1081 3319 1100 3325 -
1113 3305 1163 3331 Pro
1175 3310 1223 3332 aut
1239 3308 1348 3341 aliquod
1366 3317 1417 3335 me-

380 3329 459 3360 dium,
477 3334 524 3356 aut
542 3331 649 3364 aliquod
665 3340 759 3366 corpus
778 3335 889 3362 medium
907 3337 936 3362 F.

431 3363 458 3399 γ)
476 3365 549 3406 afiud
566 3373 668 3398 corpus.
679 3382 697 3386 -
713 3368 821 3401 aliquod
838 3377 931 3403 corpus
949 3373 981 3403 Ρ,
1001 3379 1025 3399 et
1043 3374 1077 3400 ita
1094 3376 1172 3409 paulo
1191 3377 1268 3409 infra,
1286 3379 1330 3404 ubi
1350 3379 1419 3405 codi-

381 3406 423 3424 ces
445 3405 562 3441 omittunt
583 3405 692 3433 praeter
718 3407 831 3435 quatuor
852 3407 984 3433 e1ementa.
1002 3409 1040 3434 De
1061 3410 1108 3436 hac
1130 3413 1285 3444 procedendi
1304 3415 1401 3440 ratione

381 3441 432 3466 qua
449 3435 596 3476 Aristoteles
614 3437 700 3467 utitur,
711 3438 744 3463 ita
756 3439 868 3472 loquitur
881 3441 906 3466 S.
913 3441 1026 3468 Thomas
1040 3445 1070 3470 111
1084 3446 1196 3480 Physic„
1210 3448 1267 3474 lect.
1281 3457 1326 3474 vm
1350 3457 1377 3476 n.
1391 3434 1418 3475 5}

382 3478 396 3492 e
410 3470 524 3501 procedit
540 3478 566 3494 m
583 3470 622 3496 his
640 3473 778 3499 rationibus
791 3481 819 3499 ac
831 3475 852 3499 si
867 3483 917 3500 non
935 3483 1003 3503 esset
1020 3480 1087 3505 aliud
1101 3489 1194 3516 corpus
1213 3469 1335 3510 sensibile:
1349 3490 1419 3510 extra

381 3509 491 3536 quatuor
507 3505 639 3546 elementa,
658 3509 798 3534 secundum
817 3517 890 3535 suam
909 3515 1130 3541 consuetudinem:
1149 3517 1208 3550 quia
1227 3526 1330 3552 semper
1348 3526 1419 3545 ante-

381 3546 460 3581 quam
477 3540 567 3581 probet
585 3541 608 3566 id
627 3542 697 3574 quod
715 3548 753 3568 est
771 3551 832 3569 suae
849 3545 982 3579 opinionis,
1000 3551 1113 3581 procedit
1127 3559 1156 3577 ex
1169 3554 1346 3586 suppositione
1363 3556 1418 3589 opi—

379 3581 463 3600 monis
482 3575 590 3600 aliorum
608 3578 758 3603 communis.
777 3578 850 3605 Unde
867 3586 1004 3615 postquam
1022 3585 1137 3617 probavit
1154 3587 1180 3612 in
1197 3589 1281 3621 primo
1299 3590 1364 3616 libro
1387 3591 1420 3617 de

1059 245 1128 281 DE
1159 240 1332 279 CAELO
1361 239 1432 275 ET
1461 235 1654 274 MUNDO
1685 234 1778 269 LIB.
1809 233 1822 267 I

1472 315 1600 351 ralem.
1629 313 1715 348 Hoc
1745 310 1847 347 enim
1885 308 1988 358 quod
2018 307 2161 344 dictum
2190 313 2265 352 est,
2296 305 2374 342 fere
2403 305 2472 343 fuit
2499 306 2539 344 in

1470 365 1691 415 praeterito,
1722 371 1758 400 et
1787 363 1854 400 erit
1881 363 1919 399 in
1948 362 2072 398 futuro
2100 359 2331 408 principium
2360 359 2538 397 omnium

1471 417 1812 456 contradictionum
1836 416 1931 452 inter
1955 426 2021 450 eos
2051 413 2115 462 qui
2143 412 2287 462 aliquid
2316 412 2537 451 enuntiave-

1469 478 1555 508 runt
1581 470 1631 507 de
1656 477 1736 506 tota
1764 476 1898 506 natura
1926 479 2066 504 rerum.
2095 465 2149 502 Illi
2179 465 2285 502 enim
2305 465 2371 515 qui
2397 478 2537 515 posue-

1469 531 1554 561 runt
1581 535 1703 559 unum
1732 521 1919 558 infinitum
1947 519 2198 568 principium,
2227 527 2440 568 posuerunt
2467 519 2539 556 alia

1467 577 1550 615 fieri
1579 575 1686 625 quasi
1707 587 1777 625 per
1805 573 2086 623 separationem-
2110 573 2160 611 ab
2184 573 2248 610 illo
2275 572 2481 622 principio;
2502 580 2540 609 et

1469 629 1541 678 sic,
1569 636 1725 679 propter
1757 627 1983 664 infinitatem
2012 625 2335 678 illiusvprincipii,
2364 625 2540 669 dixerunt

1468 682 1751 732 generationem
1771 692 1900 718 rerum
1919 692 1999 719 non
2019 678 2202 727 deficere;
2223 679 2320 718 sicut
2348 679 2379 716 si
2403 678 2539 728 aliquis

1469 737 1608 774 diceret
1632 735 1734 784 quod
1755 746 1800 770 ex
1818 733 1964 770 infinita
1993 745 2121 770 massa
2147 741 2310 783 possunt
2325 733 2444 770 *fieri
2471 745 2539 783 pa·
2567 741 2576 750 ·

1467 802 1534 827 nes
1552 791 1570 811 ⁵³
1585 789 1623 825 in
1652 787 1853 824 infinitum.
1885 786 1939 822 Illi
1957 798 2054 823 vero
2078 786 2142 835 qui
2170 795 2384 836 posuerunt
2401 786 2539 836 princi·
2567 794 2577 803 '

1467 844 1529 893 pia
1565 842 1690 888 finita,
1725 840 1899 878 dixerunt
1941 839 2024 876 fieri
2053 851 2119 877 -res
2148 839 2209 877 τίη
2226 839 2431 878 infinitum
2450 837 2540 890 'per

1467 895 1701 944 reciprocam
1726 892 2066 941 congregationem·
2090 900 2137 930 et*
2149 893 2445 945 separationem.
2465 894 2538 931 ele-

1467 955 1697 986 mentorum.
1975 956 1979 958 ’
2155 954 2161 977 2
2196 949 2284 990 ’ᾗῇ-
2396 954 2403 990 ζ
2446 973 2449 977 -

1518 1014 1555 1049 4.
1572 1001 1721 1042 Deinde
1737 1011 1827 1037 cum
1842 998 1946 1037 dicit:
1961 997 2154 1048 Siquidem
2169 998 2239 1049 qia·
2247 998 2538 1048 modicumretc„

1466 1055 1629 1103 assignat
1648 1065 1803 1091 causam
1824 1065 1943 1101 quare
1962 1060 2066 1093 tanta
2085 1052 2291 1093 diversitas
2313 1065 2374 1092 ex-
2386 1054 2467 1092 hoe
2481 1065 2540 1091 se-

1466 1116 1603 1157 quatur
1621 1113 1648 1144 ‘z
1678 1107 1768 1156 quia
1794 1106 1937 1143 scilicet
1953 1106 2026 1156 qui·
2039 1106 2240 1155 modicum
2265 1106 2541 1156 transgreditur

1465 1174 1488 1199 a
1506 1161 1663 1199 veritate
1684 1160 1782 1197 circa
1800 1159 2043 1209 principium,
2067 1160 2284 1210 ‘procedens
2302 1159 2344 1198 111·
2359 1161 2541 1199 ulteriora

1466 1216 1508 1252 fit
1535 1214 1655 1262 magis
1683 1215 1796 1262 longe
1825 1225 1850 1250 a
1874 1213 2034 1252 veritate
2059 1212 2185 1259 decies
2207 1210 2439 1263 ,milliessst
2455 1210 2541 1269 Ἀςς,

1464 1268 1565 1316 ideo.
1577 1267 1666 1317 quia
1685 1265 1816 1305 omnia
1834 1265 2108 1317 subsequentia
2126 1263 2346 1317 dependent
2364 1264 2504 1316 exsu'is
2520 1264 2541 1289 ⁵
2568 1273 2579 1283 ·

1464 1321 1667 1372 principiis.
1679 1321 1739 1362 ‚Et
1755 1321 1835 1358 hoc
1858 1320 2029 1359 maxime
2048 1328 2215 1370 apparet
2235 1321 2285 1360 in-
2303 1321 2540 1375 errorengia-

1465 1388 1567 1413 rum:
1597 1374 1687 1424 quia
1705 1372 1772 1424 qui
1789 1385 1927 1423 pamm
1949 1375 2150 1422 elongatur
2163 1386 2190 1426 a
2207 1380 2312 1412 recta
2338 1374 2540 1428 viappost-

1465 1429 1627 1466 modum
1646 1430 1665 1448 ⁴·
1684 1427 1901 1477 procedens
1929 1428 1973 1465 fit
1999 1428 2166 1465 multum
2194 1428 2319 1477 longe.
2354 1429 2542 1479 lit-ponit

1465 1482 1685 1532 exemplum
1706 1481 1754 1519 de
1783 1493 1831 1518 eo
1851 1482 1961 1531 quod
1986 1480 2131 1527 dictum
2151 1488 2226 1529 est,
2238 1480 2278 1531 in
2305 1482 2366 1520 his
2385 1478 2541 1534 q'ui‘po·

1465 1543 1621 1574 suerunt
1647 1535 1819 1584 aliquam
1853 1533 2059 1575 minimam
2087 1534 2416 1586 magnitudinem,
2432 1535 2541 1579 sicut

1465 1589 1708 1628 Democritus
1722 1588 1851 1638 posuit
1869 1600 2035 1638 corpora
2053 1588 2316 1627 indivisibilia:
2336 1589 2392 1628 sic
2409 1597 2540 1630 amem

1465 1643 1710 1681 introducens
1737 1641 1881 1692 aliquid
1908 1641 2115 1680 minimum
2148 1642 2187 1680 in
2215 1642 2540 1692 quantitatepde-

1465 1696 1573 1734 struit
1604 1695 1793 1734 maximas
1828 1695 2112 1746 propositiones
2149 1695 2514 1742 mathematicorum
2530 1726 2546 1745 ,„

1463 1757 1556 1800 puta
1575 1749 1682 1800 quod
1701 1749 1842 1788 lineam
1871 1748 2001 1787 datam
2022 1748 2204 1799 contingit
2231 1749 2352 1787 secari
2367 1748 2451 1789 ἰ111
2455 1735 2541 1799 §11²0
2569 1755 2578 1765 ·

1465 1803 1604 1845 media.
1625 1803 1676 1843 Et
1702 1802 1817 1843 huius
1846 1815 1962 1842 causa
1990 1810 2059 1850 est,
2080 1803 2171 1853 quia
2197 1802 2542 1854 Principium,.ietsi

1465 1857 1511 1895 sit
1543 1857 1743 1895 modicum
1771 1855 2033 1906 magnitudine
2056 1858 2087 1904 ⁸,
2114 1865 2172 1896 est
2198 1866 2329 1897 tamen
2357 1868 2543 1907 magnum
2569 1861 2579 1872 '

1464 1911 1623 1958 virtute,
1649 1910 1746 1948 sicut
1774 1923 1820 1948 ex
1848 1910 2005 1948 modico
2033 1910 2186 1948 semine
2207 1910 2444 1962 producitur-¹
2455 1922 2543 1958 ma·

1465 1977 1539 2013 gna
1558 1965 1690 2002 arbor:
1715 1972 1754 2001 et
1771 1963 1860 2002 inde
1889 1971 1946 2001 est
1963 1963 2070 2014 quod
2099 1964 2190 2002 illud
2213 1963 2321 2014 quo'd
2336 1964 2543 2003 ’88ϊωῦἀί-

1467 2030 1556 2056 cum
1584 2018 1623 2055 in
1650 2017 1850 2068 principio,
1875 2017 2016 2066 inlfine
2037 2017 2320 2068 multiplicatur,
2344 2017 2543 2079 quitt'gper·

1465 2071 1571 2120 tingit
1598 2071 1648 2110 ad
1685 2078 1824 2110 totum*
1846 2071 1884 2110 id
1921 2071 1971 2111 ad
2003 2070 2111 2121 quod
2138 2084 2180 2110 se
2217 2071 2398 2115 extendit,
2421 2073 2544 2125 vanus

1465 2125 1651 2175 principii,
1667 2125 1749 2163 sive
1763 2125 1840 2163 hoc
1859 2125 1906 2163 sit
1918 2137 2058 2163 verum
2077 2124 2160 2164 sive
2180 2126 2332 2165 falsum.
2345 2124 2543 2167 Infinitum

1466 2187 1595 2216 autern
1615 2179 1731 2216 habet
1751 2178 1938 2216 rationem
1957 2178 2133 2229 principii
2157 2181 2318 2227 (omnes
2341 2178 2546 2229 &nmqui-

1467 2245 1635 2282 cumque
1663 2239 1751 2270 sunt
1774 2232 1889 2270 locuti
1918 2232 1967 2270 de
1995 2232 2158 2281 infinito,
2178 2241 2392 2283 posuerunt
2411 2226 2551 2279 'influis

1466 2295 1548 2325 tum
1565 2298 1647 2324 esse
1662 2285 1905 2337 principium,
1920 2293 1965 2323 ut
1978 2286 2123 2324 dictum
2138 2294 2196 2324 est
2210 2286 2250 2333 in
2264 2287 2314 2323 111
2329 2286 2544 2343 szstfaesska
2572 2289 2582 2300 ·

1467 2349 1503 2378 et
1532 2353 1626 2378 cunr
1650 2340 1726 2378 hoc
1753 2339 1870 2378 habet
1901 2339 2112 2380 maximam
2139 2340 2322 2390 virtutem
2355 2344 2544 2394 quantum
2589 2357 2596 2364 ·
2624 2357 2630 2364 ·
2652 2330 2659 2338 ’

1467 2394 1516 2432 ad
1545 2394 1559 2421 t
1587 2394 1860 2444 quantitatem,
1899 2392 1990 2443 quia
2022 2393 2170 2432 excedit
2200 2405 2370 2432 omnemv
2394 2393 2544 2443 quanti-

1467 2456 1583 2486 tatem
1613 2448 1754 2486 datam.
1785 2447 1826 2485 Si
1858 2446 1969 2496 igitur
1996 2447 2228 2497 principium
2257 2446 2369 2496 quod
2392 2454 2452 2485 est
2471 2447 2544 2485 mi-

1468 2502 1616 2539 nimum
1645 2500 1866 2550 quantitate,
1895 2500 1984 2538 facit
2011 2513 2192 2550 magnam
2220 2500 2478 2540 differentiam
2505 2501 2545 2539 in

1468 2555 1732 2605 sequentibus,
1761 2555 1884 2592 multo
1922 2554 2045 2604 magis
2082 2554 2294 2602 infinitum,
2324 2554 2434 2605 quod,
2464 2564 2546 2593 non

1468 2610 1593 2647 solum
1623 2608 1769 2647 excedit
1800 2607 1840 2647 in
1866 2607 2005 2648 virtute
2038 2607 2233 2660 principii,
2262 2608 2332 2647 sed
2360 2608 2477 2649 etiam
2505 2608 2545 2646 in

1468 2663 1686 2712 quantitate.
1708 2663 1758 2701 Et
1779 2661 1868 2700 ideo
1897 2674 2023 2712 neque
2044 2662 2321 2701 inconveniens
2344 2674 2475 2713 neque
2496 2661 2544 2700 ir-

1469 2717 1688 2754 rationabile
1718 2724 1786 2763 est,
1806 2716 1838 2754 si
1857 2715 2040 2754 mirabilis
2063 2715 2276 2754 differentia
2303 2723 2488 2766 sequatur
2505 2715 2545 2754 in

1469 2770 1623 2808 scientia
1642 2769 1802 2808 naturali
1831 2781 1877 2807 ex
1897 2781 1945 2807 eo
1975 2770 2081 2820 quod
2101 2769 2265 2807 sumitur
2285 2769 2441 2820 aliquod
2460 2780 2544 2817 801-

1468 2837 1540 2874 pus
1561 2836 1642 2862 esse
1663 2823 1867 2861 infinitum.
1889 2824 1939 2861 Et
1957 2823 2045 2861 ideo
2075 2823 2123 2861 de
2142 2823 2218 2862 hoc
2244 2823 2543 2872 dicendum-est,

1469 2877 1700 2916 resumendo
1731 2875 2080 2916 considerationem
2098 2883 2279 2917 nostram
2306 2889 2330 2915 a
2355 2875 2543 2927 principio

1469 2931 1574 2980 quod
1594 2943 1708 2980 supra
1725 2932 1744 2953 '¹‘
1761 2929 1993 2980 accepimus,
2010 2931 2058 2968 de
2081 2929 2295 2969 differentia
2310 2929 2544 2981 simplicium

1470 2997 1677 3034 corporum
1706 2992 1742 3022 et
1770 2984 2090 3034 compositorum.
2488 3005 2490 3008 v

1527 3039 1560 3076 5.
1581 3038 1730 3076 Deinde
1750 3049 1839 3076 cum
1859 3037 1964 3075 dicit:
1984 3038 2151 3076 Necesse
2168 3038 2295 3087 itaque
2313 3045 2397 3087 etc.,
2418 3041 2545 3076 osten·

1475 3170 1554 3194 Caelo
1572 3173 1598 3195 et
1616 3170 1734 3200 Mundo,
1755 3170 1855 3195 caelum
1875 3177 1935 3196 esse
1954 3170 2060 3195 alterius
2079 3175 2186 3195 natur-e
2205 3169 2237 3196 nb
2256 3169 2406 3202 elementis,
2425 3170 2458 3196 nd
2474 3169 2543 3197 verl-

1471 3205 1530 3230 tatis
1549 3205 1728 3231 certitudinem
1747 3206 1821 3231 iterat
1839 3206 2074 3231 considerationem
2094 3205 2126 3231 de
2145 3205 2258 3237 infinito,
2277 3205 2421 3232 mudena
2438 3205 2544 3231 univer-

1472 3240 1559 3265 saliter
1578 3242 1647 3274 quod
1666 3242 1768 3267 nullum
1787 3249 1882 3275 corpus
1902 3242 2027 3267 tensibile
2045 3246 2086 3267 ent
2104 3240 2264 3268 infiuimm.=

1491 3310 1496 3317 ι
1525 3274 1550 3308 ὃ)
1559 3277 1702 3302 secundum
1717 3277 1938 3310 magnitudinem.
1947 3291 1966 3297 -
1975 3277 2032 3303 Hoc
2044 3284 2099 3303 om.
2109 3277 2198 3309 codd-5
2212 3277 2275 3303 item
2288 3276 2333 3302 lin.
2342 3283 2400 3310 neq.
2409 3284 2464 3303 om.
2475 3276 2546 3303 idest

1471 3318 1543 3336 circa
1563 3315 1655 3338 totum.
2348 3331 2350 3333 -

1526 3346 1548 3381 ε)
1568 3351 1703 3380 sequatur.
1714 3363 1733 3367 -
1744 3349 1865 3382 sequitur
1883 3348 1959 3374 codd.
1974 3348 2061 3382 Pergit
2075 3347 2109 3374 P:
2127 3347 2191 3382 quia
2208 3348 2234 3374 si
2245 3347 2305 3380 quis
2319 3347 2469 3378 modic-nn·
2487 3355 2544 3374 me-

1473 3381 1521 3406 lior
1539 3382 1638 3408 videtur
1657 3383 1732 3408 lectio
1751 3385 1878 3414 codicum,
1898 3391 1959 3410 nam
1978 3384 2104 3418 particula
2121 3382 2222 3410 scilicet
2241 3382 2334 3409 clarius
2358 3383 2454 3410 indicat
2472 3383 2545 3417 quod

1473 3416 1512 3441 hic
1525 3417 1662 3450 explicatur
1681 3427 1748 3452 quae
1763 3420 1796 3445 sit
1811 3427 1889 3445 causa
1902 3419 2066 3450 diversitatis,
2085 3418 2118 3444 de
2137 3426 2189 3453 qun
2208 3419 2233 3444 in
2253 3427 2325 3444 num.
2345 3418 2517 3452 praecedenti.

1525 3451 1550 3486 ζ)
1567 3457 1693 3486 quantum
1709 3455 1753 3480 ad.
1765 3469 1784 3475 -
1797 3455 1887 3488 quoad
1907 3455 1934 3485 Ρ,
1954 3457 1981 3480 et
1998 3455 2079 3481 etiam
2092 3455 2124 3486 Α,
2139 3454 2211 3488 quod
2225 3462 2277 3480 non
2297 3459 2384 3489 potent
2403 3454 2543 3490 acceptari:

1473 3494 1532 3512 nam
1560 3487 1687 3514 infinitum
1705 3489 1802 3515 habere
1829 3491 1969 3516 maximam
1988 3490 2111 3516 virtutem
2129 3490 2276 3516 ostenditur
2298 3494 2324 3516 et
2348 3498 2379 3516 ex
2402 3489 2453 3516 hoe
2471 3490 2543 3524 quod

1473 3522 1549 3548 habet
1566 3524 1691 3550 rationem
1711 3525 1835 3559 principii,
1851 3531 1876 3551 et
1894 3533 1925 3552 ex
1943 3526 1994 3552 hoe
2013 3525 2085 3560 quod
2103 3524 2182 3550 habet
2199 3526 2339 3551 maximnm
2358 3526 2545 3559 quantitatum

1473 3557 1548 3618 lectito
1567 3565 1653 3585 autem
1671 3561 1694 3585 Α
1714 3560 1851 3587 introducit
1875 3562 1980 3587 tertium
2000 3561 2157 3593 membrum,
2177 3561 2210 3587 de
2229 3569 2283 3595 quo
2304 3561 2366 3587 nihil
2388 3561 2499 3587 iubetur
2516 3561 2545 3587 in

1475 3600 1523 3618 con
1535 3599 1602 3619 extu·
