2782 4134
170 454 182 465 ‘
190 451 251 482 fieri
264 460 312 475 om.
327 459 365 475 ΑΒ.

170 1252 180 1261 *
198 1250 221 1271 ῐη
236 1252 302 1271 terra
317 1256 354 1271 ra.

169 1277 192 1288 *⁸
202 1277 253 1298 loca
264 1282 325 1304 quae
335 1276 383 1297 siat

170 1310 218 1324 om.
228 1310 266 1324 ΑΒ.

170 1332 179 1340 ·
195 1329 324 1351 exeuntium
334 1335 372 1350 Pa.

169 1411 180 1422 ⁸
186 1412 297 1438 sumptum
304 1416 351 1431 om.
359 1416 380 1430 Β.

170 1517 179 1526 ·
189 1515 221 1537 Et
230 1517 330 1543 propter
339 1515 383 1536 hoc

169 1549 207 1564 ΑΒ.

268 1941 280 1957 ν

171 1969 179 1977 ·
194 1968 249 1988 sunt
262 1972 310 1988 om.
322 1973 359 1987 ΑΒ.

273 2094 285 2125 ξ

173 2205 182 2214 ·
198 2204 278 2226 dicunt
290 2210 327 2226 Pa.

416 313 489 360 378

413 403 486 439 gna
514 401 700 438 aquarum
730 389 800 426 sub
829 396 948 435 terra,
977 395 1019 424 ut
1046 386 1203 436 quidam
1235 385 1381 422 dicunt:
1411 384 1478 421 sed

414 450 562 492 oportet
591 441 792 490 intelligere
817 441 870 478 sic
888 441 969 478 fieri
990 440 1010 462 ’¹‘
1028 440 1124 476 intra
1143 446 1295 484 terram,
1317 437 1414 474 sicut
1437 437 1480 474 fit

413 508 528 545 supra
555 503 707 532 terram.
739 495 863 543 Supra
891 501 1029 530 terram
1057 492 1181 538 enim,
1222 491 1315 527 dum
1352 490 1478 539 primo

414 549 669 586 condensatur
685 559 820 596 vapor,
837 548 933 584 fiunt
950 557 1093 594 parvae
1113 551 1251 592 guttae,
1268 555 1367 592 quae
1387 543 1479 580 adu-

413 609 548 639 nantur
569 614 657 638 cum
677 600 776 646 aliis;
798 607 834 636 et
857 599 910 635 sic
930 598 1036 635 facile
1057 609 1157 645 aqua
1176 597 1301 634 fluens
1322 597 1477 634 descen-

414 655 467 693 dit
495 667 582 691 cum
612 653 778 702 quadam
806 650 1057 688 multitudine.
1085 651 1140 687 lta
1169 650 1283 686 etiam
1312 649 1355 686 fit
1382 649 1478 686 infra

412 716 568 745 terram:
597 707 720 756 primo
750 705 852 742 enim
876 716 1018 753 parvae
1047 710 1172 751 guttae
1201 710 1428 751 generantur
1446 709 1476 749 t‘;

414 769 450 798 et
477 761 530 797 sic
556 759 739 808 principia
766 757 976 794 fluviorum
996 764 1083 794 sunt
1111 757 1303 805 quaedam
1323 755 1478 793 scaturi-

412 814 516 861 gines
534 812 715 861 paulatim
735 810 979 847 scaturientes
1006 810 1046 847 in
1073 810 1152 847 imo
1171 817 1304 847 terrae.
1335 810 1386 846 Et
1402 810 1477 846 hoc

412 866 671 903 manifestatur
703 876 772 912 per
800 876 916 912 opus:
945 863 1010 912 qui
1039 863 1141 900 enirn
1169 864 1305 900 volunt
1337 862 1476 899 ducere

412 932 540 967 aquas,
562 925 652 966 puta
672 917 850 953 facientes
869 923 1006 965 puteos
1025 917 1087 954 vel
1107 916 1248 965 aliquid
1267 916 1352 962 tale,
1374 915 1475 952 colli-

411 979 502 1020 gunt
520 983 638 1019 aquas
657 969 696 1006 in
715 970 807 1006 locis
826 969 968 1007 infimis
998 977 1034 1006 et
1062 969 1233 1016 defossis,
1255 981 1300 1005 ac
1319 968 1349 1005 si
1369 969 1477 1005 fieret

410 1024 600 1074 quaedam
625 1023 814 1068 resudatio
843 1030 964 1060 terrae
992 1035 1062 1072 per
1090 1035 1231 1072 aquam
1251 1034 1273 1058 a
1291 1021 1384 1058 locis
1413 1034 1475 1058 ex-

411 1078 517 1114 celsis
546 1076 594 1113 ad
621 1076 765 1113 infima.
796 1077 846 1113 Et
874 1088 919 1113 ex
946 1077 1022 1113 hoc
1051 1083 1207 1125 apparet
1235 1075 1341 1123 quod
1376 1087 1475 1123 aqua

409 1130 579 1178 guttatim
607 1129 763 1177 profluit
791 1141 813 1166 a
841 1137 941 1166 terra
959 1130 1009 1166 ad
1033 1129 1317 1177 generationem
1337 1127 1475 1164 fluvio-

409 1196 491 1220 rum
521 1191 556 1220 et
589 1182 773 1229 fontium;
803 1195 883 1219 non
911 1190 1038 1219 autem
1067 1182 1117 1219 ita
1145 1182 1250 1231 quod
1277 1181 1375 1218 infra
1402 1188 1473 1218 ter-

409 1249 490 1273 ram
505 1236 525 1258 '¹‘
550 1236 622 1272 sint
640 1236 724 1272 loca
744 1248 844 1283 quae
863 1235 936 1272 sint
949 1235 990 1258 θ’*
1010 1235 1117 1284 quasi
1137 1243 1267 1283 stagna
1287 1247 1474 1283 aquarum

410 1297 494 1326 actu
522 1289 760 1325 existentium
779 1288 811 1325 ³¹⁸.

462 1355 497 1391 7.
516 1343 661 1388 Quarto
677 1342 748 1378 ibi:
763 1342 922 1390 Propter
936 1342 1037 1390 quod
1049 1347 1086 1378 et
1098 1342 1295 1378 rheumata
1311 1348 1394 1387 etc.,
1406 1353 1475 1389 po-

409 1396 462 1433 nit
485 1395 585 1432 aliud
606 1395 755 1443 signum
783 1394 832 1432 ad
851 1394 968 1442 idem,
994 1402 1190 1444 sumptum
1209 1394 1229 1416 '¹‘
1249 1406 1294 1431 ex
1314 1393 1475 1431 naturali

408 1450 514 1486 fluxu
533 1460 736 1498 aquarum:
754 1460 845 1485 nam
864 1448 1100 1496 praecedens
1115 1447 1264 1496 signum
1285 1447 1354 1484 fuit
1373 1459 1475 1484 sum-

408 1511 517 1551 ptum
547 1514 592 1538 ex
621 1514 748 1550 opere.
771 1502 820 1538 Et
847 1501 936 1538 dicit
964 1500 1069 1550 quod
1097 1508 1253 1550 propter
1270 1500 1291 1523 ’¹‘
1311 1500 1474 1538 eandem

410 1567 565 1593 causam
581 1556 791 1601 rheumata,
808 1554 904 1591 idest
919 1554 1129 1592 fluviorum
1144 1554 1282 1601 fluxus,
1298 1554 1476 1591 videntur

411 1621 492 1646 esse
522 1621 568 1645 ex
586 1607 793 1656 montibus,
815 1615 852 1644 et
871 1607 1028 1644 maximi
1056 1607 1164 1644 fluvii
1183 1607 1308 1644 fluunt
1332 1619 1377 1644 ex
1394 1619 1475 1643 ma-

408 1662 519 1699 ximis
537 1661 751 1707 montibus;
781 1668 818 1697 et
845 1661 981 1708 fontes,
1000 1668 1043 1698 ut
1061 1660 1281 1710 plurimum,
1312 1667 1400 1698 sunt
1417 1660 1472 1697 vi-

411 1715 482 1752 cini
511 1714 705 1751 montibus
736 1721 771 1751 et
798 1714 891 1751 locis
910 1714 1009 1760 altis;
1039 1714 1108 1751 sed
1136 1713 1174 1751 in
1200 1713 1475 1762 campestribus

410 1776 497 1806 sunt
523 1767 635 1817 pauci
664 1767 787 1804 fontes
815 1767 979 1815 separati
1006 1779 1029 1804 a
1056 1766 1194 1804 fluviis.
1212 1768 1261 1803 Et
1284 1768 1359 1804 hoc
1387 1767 1474 1804 ideo

411 1830 485 1869 est,
515 1821 604 1869 quia
631 1821 716 1866 loca
744 1828 928 1857 montana
957 1828 994 1857 et
1021 1821 1095 1857 alta
1123 1828 1210 1857 sunt
1237 1820 1334 1857 sicut
1361 1832 1475 1868 quae-

410 1875 500 1912 dam
520 1874 679 1923 spongia
707 1874 838 1922 spissa,
859 1880 1015 1922 propter
1038 1872 1265 1910 soliditatem
1293 1873 1474 1922 lapidum,

410 1929 459 1965 ad
479 1927 703 1964 eiiciendam
724 1939 866 1975 aquam
881 1933 908 1972 ‘;
930 1934 967 1963 et
981 1926 1101 1964 sunt*
1120 1939 1316 1975 suspensa,
1333 1926 1381 1963 ad
1401 1927 1476 1963 hoc

411 1982 516 2030 quod
544 1993 644 2028 aqua
663 1980 782 2029 possit
799 1980 939 2025 fluere;
970 1987 1005 2017 et
1024 1980 1078 2017 sic
1097 1980 1314 2028 producunt
1333 1992 1475 2029 aquam

410 2035 449 2072 in
478 2034 605 2070 multis
624 2034 734 2079 locis3
765 2041 802 2070 et
821 2033 1000 2081 colligunt
1018 2033 1131 2070 etiam
1151 2045 1292 2082 aquam
1313 2033 1478 2082 desuper

411 2088 646 2136 complutam
670 2084 694 2123 ξ.
725 2087 802 2123 Sed
830 2087 905 2123 hoc
942 2086 1155 2123 secundum
1193 2086 1366 2124 modicas
1392 2099 1478 2135 par-

410 2148 478 2187 tes,
499 2152 578 2177 non
606 2147 737 2176 tamen
755 2139 806 2175 ita
834 2139 940 2188 quod
967 2139 1063 2176 infra
1084 2147 1237 2177 montes
1265 2139 1338 2176 sint
1365 2151 1477 2176 vora-

410 2194 515 2242 gines
534 2193 573 2230 in
592 2192 730 2241 quibus
751 2199 1001 2240 congregatur
1030 2205 1141 2242 aqua.
1163 2193 1212 2229 Et
1239 2192 1326 2230 ideo
1353 2192 1441 2230 dicit
1458 2192 1478 2215 ²¹⁸

411 2247 516 2296 quod
545 2246 723 2294 colligunt
751 2258 911 2294 aquam,
942 2245 1030 2295 quia
1059 2245 1268 2294 suscipiunt
1295 2258 1476 2294 magnam

410 2299 691 2337 multitudinem
711 2311 832 2348 aquae
862 2298 1027 2348 desuper
1046 2299 1284 2336 advenientis
1307 2311 1377 2348 per
1395 2299 1476 2348 plu-

409 2353 525 2391 viam.
543 2353 592 2389 Et
611 2353 659 2390 ad
678 2353 753 2389 hoc
773 2359 1001 2401 cooperatur
1015 2352 1137 2400 figura
1156 2352 1365 2390 montium:
1387 2364 1478 2390 nam

410 2407 532 2454 figura
560 2405 723 2442 rotunda
752 2412 807 2442 est
836 2405 1084 2454 capacissima
1121 2406 1341 2454 figurarum.
1372 2405 1477 2443 Nihil

411 2467 539 2497 autem
554 2458 680 2496 differt
698 2458 747 2495 ad
763 2458 1022 2507 recipiendam
1038 2459 1320 2496 multitudinem
1341 2470 1476 2507 aquae,

359 2539 362 2541 —
411 2526 459 2550 an
489 2511 789 2549 circumferentia
812 2516 824 2531 ⁰
853 2511 899 2548 sit
927 2511 1110 2561 disposita
1137 2524 1315 2561 supreme
1345 2523 1479 2548 secun-

412 2567 505 2603 dum
535 2564 823 2611 concavitatem,
849 2577 898 2601 an
925 2564 1139 2602 secundum
1164 2577 1377 2602 convexam
1401 2564 1479 2612 gib-

411 2618 627 2655 bositatem:
653 2617 742 2666 quia
769 2625 934 2665 utroque
954 2617 1073 2654 modo
1096 2618 1298 2666 aequalem
1327 2617 1482 2666 quanti-

411 2679 528 2709 tatem
558 2670 690 2719 capiet.
719 2670 830 2707 Unde
859 2671 946 2707 licet
977 2678 1128 2708 montes
1162 2683 1240 2708 non
1269 2670 1342 2708 sint
1369 2670 1481 2720 positi

466 2855 494 2889 μ)
518 2855 557 2880 lta
575 2854 655 2880 etiam
668 2854 740 2887 fit...
753 2856 928 2886 generantur.
945 2868 965 2873 -
980 2854 1022 2879 Ita
1041 2854 1121 2879 etiam
1141 2857 1167 2879 et
1186 2854 1258 2888 infra
1273 2857 1373 2879 terram
1386 2854 1478 2886 primo

408 2898 512 2924 parvae
525 2893 619 2923 guttae
632 2897 763 2922 aquarum
778 2892 944 2922 generantur
952 2890 1006 2914 ΑΒ.
1015 2904 1035 2908 -
1049 2890 1112 2914 Post
1125 2890 1302 2923 scaturigines
1316 2890 1335 2914 P
1349 2897 1402 2915 om.
1409 2897 1478 2922 pau-

412 2927 488 2952 latim
507 2925 689 2953 scaturientes,
709 2925 767 2950 edd.
781 2931 798 2949 a
817 2930 843 2949 et
866 2923 927 2949 1561
950 2925 1073 2950 omittunt
1090 2925 1273 2950 scaturientes.

465 2961 489 2994 ν)
508 2961 546 2986 ad
564 2961 719 2986 eliciendam
738 2967 847 2992 aquam.
859 2973 879 2980 -
889 2960 928 2985 ad
942 2960 1110 2986 retinendam
1128 2967 1226 2993 aquam
1242 2961 1299 2986 cod.
1312 2960 1394 2986 Vatic.
1411 2967 1478 2994 2072

413 2997 439 3022 in
458 2997 591 3022 interlinea
609 3001 707 3026 textus;
727 3000 752 3020 et
771 3000 811 3020 est
829 2995 895 3020 forte
914 2996 989 3021 lectio
1008 2996 1183 3028 praeferenda.
1203 2996 1269 3021 Nam
1289 2996 1314 3021 in
1334 3003 1443 3021 numero
1463 2995 1479 3021 6

413 3040 469 3065 seq.
489 3031 604 3057 lectionis
623 3031 714 3056 dicitur
729 3031 798 3063 quod
815 3031 871 3056 loca
886 3031 936 3056 alta
950 3038 981 3056 ex
995 3031 1163 3064 spissitudine
1176 3031 1271 3056 habent
1289 3032 1360 3064 quod
1379 3032 1480 3064 possint

414 3068 524 3092 multam
543 3074 640 3099 aquam
661 3066 811 3095 continere‚·
835 3066 931 3091 confer.
951 3066 1042 3099 Neque
1063 3066 1122 3091 huic
1145 3067 1360 3091 animadversioni
1379 3067 1480 3092 videtur

413 3103 517 3128 obstare
529 3103 591 3127 illud
607 3103 676 3135 quod
690 3102 785 3126 ibidem
799 3102 916 3127 subditur
930 3102 1086 3131 immediate,
1102 3110 1198 3135 nempe
1214 3102 1286 3135 quod
1300 3102 1324 3127 in
1338 3103 1400 3127 locis
1414 3111 1481 3135 quae

414 3144 474 3163 sunt
484 3138 649 3163 substantiae
663 3137 740 3170 quasi
753 3137 913 3170 spongiosae
928 3145 979 3162 non
994 3143 1080 3170 potest
1093 3137 1248 3163 conservari
1264 3137 1424 3163 humiditas:
1440 3146 1479 3163 re—

414 3173 536 3206 sponderi
549 3173 618 3198 enim
631 3178 718 3205 potest
732 3173 802 3205 quod
817 3172 843 3197 in
855 3172 904 3198 hoc
918 3180 1028 3197 numero
1041 3173 1183 3206 praesentis
1203 3173 1319 3198 lectionis
1335 3173 1391 3198 loca
1405 3181 1480 3198 mon-

414 3214 472 3234 tana
491 3214 516 3233 et
535 3209 585 3233 alta
603 3216 655 3233 non
675 3208 793 3233 dicuntur
811 3215 871 3233 esse
890 3208 1041 3241 simpliciter
1059 3209 1125 3233 sicut
1143 3208 1272 3242 quaedam
1292 3209 1414 3241 spongia.
1434 3209 1481 3234 sed

414 3244 483 3269 sicut
500 3244 613 3276 spongia
627 3243 712 3275 spissa
728 3249 834 3276 propter
848 3243 1005 3268 soliditatem
1024 3244 1152 3276 lapidum;
1173 3252 1203 3269 ex
1216 3243 1266 3269 hoc
1280 3249 1367 3269 autem
1386 3244 1482 3269 habent

415 3279 485 3312 quod
504 3279 604 3311 possint
622 3279 731 3303 retinere
750 3287 853 3311 aquam.

469 3312 492 3347 ξ)
513 3314 538 3339 ίη
559 3314 648 3339 multis
667 3314 766 3339 locis...
780 3315 951 3346 complutam.
965 3327 984 3334 —
1002 3314 1027 3339 in
1049 3314 1138 3340 multis
1159 3314 1223 3340 locis
1247 3314 1273 3340 in
1293 3315 1331 3340 eis
1353 3318 1481 3348 tantaque

416 3352 442 3374 et
460 3349 589 3381 eolligunt
607 3356 664 3374 eam
686 3350 797 3382 desuper
815 3350 976 3382 complutam
995 3350 1159 3375 AB.-lidem
1178 3350 1245 3375 linea
1265 3350 1384 3383 sequenti
1404 3350 1480 3375 ornit-

416 3389 473 3408 tunt
492 3387 588 3409 tamen.

470 3420 496 3451 ο)
515 3426 549 3444 an
569 3419 892 3453 circumferentia.-quod
911 3420 1126 3454 circumferentia
1144 3422 1222 3446 ΑΒ.-
1231 3421 1282 3451 Qui
1301 3426 1426 3454 pergunt:
1444 3421 1480 3446 sit

418 3453 547 3485 disposita
565 3462 685 3486 supreme
705 3455 762 3487 (pro
781 3455 906 3488 supineP)
925 3460 951 3481 et
970 3456 1114 3481 secundum
1133 3456 1334 3487 concavitatem,
1350 3460 1376 3482 et
1389 3463 1481 3482 secun-

417 3489 480 3513 dum
495 3489 695 3522 gibbositatem,·
714 3498 760 3522 pro
779 3497 901 3522 supreme
920 3491 940 3515 Ρ
953 3491 1030 3516 habet
1047 3499 1201 3523 supremae;
1215 3499 1263 3524 pro
1281 3492 1480 3525 gibbositatem,

417 3524 600 3557 globositatem
614 3525 664 3554 Pa5
679 3525 710 3549 cf.
725 3526 810 3557 quoad
823 3526 891 3551 istud
904 3526 1023 3558 verbum,
1035 3526 1139 3551 Comm.
1152 3527 1177 3552 in
1193 3527 1226 3552 de
1238 3528 1317 3553 Caelo
1327 3530 1353 3552 et
1366 3527 1479 3558 Mundo,

418 3559 462 3584 lib.
476 3559 493 3589 1,
506 3559 563 3583 lect.
573 3567 626 3589 vm,
642 3568 668 3584 n.
681 3567 706 3591 4.

471 3594 500 3626 π)
519 3594 565 3619 sed
584 3595 670 3627 magis
683 3595 827 3619 secundum
841 3596 1034 3628 gibbositatem.
1047 3610 1067 3616 -
1080 3597 1127 3622 sed
1138 3597 1282 3623 secundum
1295 3597 1480 3631 globositatem

414 3629 505 3661 potius
524 3629 571 3654 Pa.
589 3641 607 3648 -—
626 3630 738 3654 Eaedem
757 3638 805 3662 pro
824 3631 947 3662 recipere,
967 3631 1108 3663 suscipere.

472 3664 497 3698 ρ)
516 3668 542 3690 et
560 3665 743 3690 ascendentem
793 3666 927 3698 coagulat.
940 3679 959 3686 -
977 3670 1003 3691 et
1021 3667 1204 3692 ascendentem
1217 3667 1402 3701 frigiditatem
1421 3668 1480 3700 AB3

1123 305 1713 345 METEOROLOGICORUM
1740 307 1836 342 LIB.
1867 307 1880 342 I

1534 384 1749 421 secundum
1788 384 2090 432 concavitatem,
2126 384 2194 421 sed
2227 384 2348 432 magis
2386 385 2599 422 secundum

1533 437 1799 485 gibbositatem
1838 444 1875 485 π,
1920 445 2049 475 tamen
2092 437 2374 474 multitudinem
2411 450 2600 487 aquarum

1534 490 1702 540 recipere
1730 499 1902 540 possunt.
1930 492 1980 528 Et
2007 503 2086 528 non
2115 491 2242 528 solum
2272 490 2448 539 colligunt
2476 491 2600 528 multi-

1533 544 1707 581 tudinem
1735 557 1923 592 aquarum
1951 552 1993 581 ut
2021 543 2172 581 aliunde
2201 551 2412 592 receptam,
2441 551 2600 593 propter

1533 597 1709 645 figuram,
1730 597 1799 635 sed
1828 597 1942 634 etiam
1970 597 2189 646 producunt
2217 609 2304 634 eam
2332 604 2375 633 ut
2402 597 2556 635 interius
2580 597 2601 619 *

1532 658 1752 698 generatam
1793 658 1950 700 propter
1991 650 2251 698 frigiditatem:
2282 649 2372 699 quia
2411 662 2600 700 vaporem

1532 705 1744 741 resolutum
1770 716 1793 741 a
1815 712 1926 751 terra,
1947 711 1984 741 et
2003 703 2274 741 ascendentem
2298 710 2456 752 propter
2475 703 2600 741 calidi-

1532 764 1648 794 tatem
1675 757 1858 803 innatam,
1880 757 2058 805 frigiditas
2086 764 2208 794 terrae
2227 756 2324 793 infra
2347 764 2487 794 terram
2515 769 2600 806 par-

1532 809 1599 847 tim
1630 811 1804 858 coagulat
1822 817 1847 856 θ,
1872 817 1908 847 et
1935 810 1988 847 sic
2016 810 2152 847 iterum
2178 810 2388 847 condensat
2406 810 2533 859 ipsum
2561 810 2600 847 in

1531 875 1684 912 aquam.
1707 864 1756 900 Et
1773 863 1873 910 ideo,
1896 870 1936 900 ut
1956 863 2098 900 dictum
2120 870 2186 911 est,
2207 863 2365 900 maximi
2389 862 2600 900 fluviorum

1530 915 1664 953 fluunt
1676 928 1720 952 ex
1749 915 1926 953 maximis
1945 916 2152 953 montibus.

1583 970 1633 1005 Et
1659 969 1735 1006 hoc
1763 969 2006 1006 manifestum
2035 977 2101 1016 est,
2123 969 2153 1006 si
2177 969 2261 1018 quis
2291 969 2505 1006 consideret
2533 969 2602 1006 cir·

1531 1022 1698 1059 cularem
1727 1022 2023 1071 descriptionem
2041 1022 2061 1044 ’¹‘
2079 1030 2220 1059 terrae:
2250 1022 2316 1071 qui
2340 1022 2443 1059 enim
2463 1022 2517 1059 sic
2537 1022 2601 1060 de-

1530 1074 1759 1123 scripserunt
1786 1083 1947 1122 terram,
1976 1076 2040 1112 vel
2067 1075 2139 1124 ipsi
2165 1075 2345 1112 viderunt
2376 1075 2538 1113 flumina
2565 1083 2602 1113 et

1530 1128 1719 1176 regiones,
1747 1129 1811 1165 vel
1845 1129 1894 1164 ab
1923 1128 2004 1165 aliis
2041 1128 2328 1176 inquisiverunt.
2360 1128 2473 1165 Ponit
2509 1140 2600 1177 ergo

1530 1182 1749 1230 exemplum
1777 1181 1904 1230 primo
1933 1181 2090 1230 quidem
2117 1181 2155 1218 in
2183 1181 2276 1218 Asia
2304 1181 2351 1218 de
2380 1182 2550 1218 Parnaso
2572 1187 2600 1228 ¹¹,
2635 1181 2638 1184 ’

1530 1235 1595 1283 qui
1624 1242 1679 1272 est
1703 1235 1751 1272 ad
1780 1242 1908 1271 ortum
1931 1234 2151 1281 hiemalem,
2173 1241 2210 1272 et
2238 1235 2286 1272 de
2315 1234 2504 1282 Caucaso,
2534 1235 2601 1284 qui

1531 1296 1587 1325 est
1614 1288 1664 1325 ad
1701 1295 1829 1325 ortum
1867 1288 2109 1335 aestivalem,
2140 1299 2185 1324 ex
2213 1287 2353 1336 quibus
2366 1317 2375 1334 ,
2405 1299 2495 1325 cum
2528 1287 2602 1326 sint

1530 1341 1687 1378 maximi
1706 1349 1869 1388 montes,
1887 1341 1995 1378 multi
2016 1349 2052 1378 et
2070 1340 2263 1378 maximi*
2281 1340 2390 1378 fluvii
2411 1341 2600 1388 oriuntur3
2628 1356 2638 1365 ·

1529 1394 1568 1431 in
1587 1395 1745 1444 Europa
1774 1402 1903 1431 autem
1924 1394 1972 1431 de
1992 1402 2124 1431 monte
2152 1395 2371 1443 Pyrenaeo,
2393 1394 2458 1443 qui
2476 1401 2534 1432 est
2551 1393 2602 1432 ad

1530 1460 1711 1485 occasum
1739 1447 2059 1496 aequinoctialem
2082 1453 2109 1495 f,
2131 1455 2168 1484 et
2187 1447 2234 1485 de
2263 1447 2496 1496 quibusdam
2521 1447 2603 1486 aliis

1529 1501 1726 1538 montibus
1745 1501 1811 1550 qui
1838 1508 1927 1538 sunt
1954 1501 2003 1538 ad
2031 1500 2331 1550 septentrionem
2359 1501 2398 1538 in
2427 1499 2600 1550 Scythia,

1531 1567 1576 1592 ex
1591 1555 1728 1604 quibus
1749 1554 1863 1591 etiam
1878 1554 1976 1591 fiunt
1995 1566 2136 1602 magna
2154 1554 2336 1601 flumina3
2357 1562 2394 1592 et
2408 1553 2447 1592 in
2461 1553 2600 1602 Africa,

1530 1607 1611 1645 sive
1640 1608 1678 1644 in
1707 1607 1841 1656 Libya,
1863 1607 1911 1644 de
1944 1607 2176 1656 quibusdam
2204 1607 2286 1645 aliis
2314 1607 2464 1656 magnis
2490 1619 2602 1645 mon-

1530 1661 1651 1708 tibus,
1683 1673 1727 1697 ex
1756 1661 1895 1708 quibus
1921 1660 1994 1697 alia
2029 1673 2170 1709 magna
2197 1660 2359 1698 fiumina
2385 1661 2522 1698 fluunt.
2551 1660 2603 1698 Et

1531 1714 1700 1751 similiter
1737 1713 1826 1750 dicit
1854 1725 1937 1750 esse
1971 1715 2019 1751 de
2048 1714 2128 1751 aliis
2163 1714 2360 1752 montibus
2388 1721 2426 1751 et
2451 1713 2601 1752 fluviis:

1531 1776 1567 1805 et
1585 1767 1606 1790 ’¹‘
1626 1767 1747 1816 quod,
1769 1767 2005 1816 quicumque
2025 1767 2086 1804 alii
2105 1767 2214 1804 fluvii
2233 1767 2359 1805 fluunt
2386 1779 2432 1804 ex
2455 1766 2602 1817 paludi-

1530 1821 1624 1866 bus,
1653 1820 1813 1869 paludes
1850 1820 1942 1857 istae
1971 1828 2058 1857 sunt
2088 1819 2236 1869 positae
2271 1832 2394 1870 prope
2427 1827 2602 1870 montes,

1531 1881 1567 1911 et
1595 1873 1649 1910 sic
1676 1873 1714 1910 in
1741 1874 1845 1911 idem
1874 1872 1971 1910 redit
1997 1879 2020 1910 ⁰.

1542 1951 1545 1953 Α
1585 1927 1633 1964 Et
1648 1927 1712 1974 sic,
1725 1926 1908 1975 exemplis
1922 1925 2066 1976 positis,
2079 1926 2272 1964 concludit
2285 1925 2538 1975 propositum,
2549 1925 2604 1964 di·
2653 1943 2658 1948 ·

1532 1992 1637 2017 cens:
1655 1980 1765 2023 Quod
1781 1980 1930 2029 quidem
1946 1980 2064 2030 igitur
2077 1991 2152 2017 non
2168 1985 2313 2029 oportet
2326 1987 2395 2017 etc.
2408 1980 2459 2017 Et
2470 1979 2606 2030 repetit

1532 2033 1638 2083 quod
1657 2046 1772 2083 supra
1788 2033 1932 2070 dictum
1948 2040 2021 2079 est:
2044 2033 2147 2070 unde
2166 2034 2326 2083 planum
2341 2039 2398 2070 est
2416 2032 2455 2071 in
2469 2032 2602 2072 littera.

1587 2088 1623 2124 8.
1640 2086 1789 2124 Deinde
1807 2098 1895 2123 cum
1912 2086 2016 2124 dicit:
2037 2087 2130 2124 Non
2144 2086 2267 2124 solum
2285 2087 2352 2124 sed
2364 2091 2402 2124 et
2411 2084 2504 2124 talia
2518 2094 2603 2135 etc.,

1523 2131 1697 2178 excludit
1716 2140 1902 2177 rationem
1928 2140 2156 2190 ponentium
2185 2139 2419 2190 praedictam
2446 2138 2604 2189 positio-

1533 2206 1636 2231 nem.
1667 2194 1716 2230 Et
1744 2193 1832 2231 dicit
1860 2193 1967 2242 quod
1995 2206 2076 2231 non
2105 2192 2463 2233 est.inconveniens
2496 2193 2605 2242 quod

1533 2246 1775 2284 inveniantur
1794 2251 1809 2277 ¹⁹
1838 2246 1966 2295 aliqua
1993 2247 2078 2284 loca
2111 2246 2291 2284 habentia
2323 2253 2410 2284 actu
2438 2245 2605 2294 multitu-

1534 2300 1664 2337 dinem
1685 2311 1820 2350 aquae,
1841 2312 1886 2337 ac
1906 2300 1937 2337 si
1957 2307 2083 2337 essent
2097 2307 2246 2348 stagna;
2268 2300 2337 2337 sed
2356 2311 2435 2338 non
2454 2299 2504 2338 ad
2522 2307 2605 2337 tan-

1533 2361 1615 2391 tum
1644 2354 1720 2390 hoc
1742 2354 1864 2400 valet,
1893 2361 1935 2390 ut
1964 2365 2009 2390 ex
2036 2349 2119 2391 hoc'
2130 2353 2252 2402 possit
2279 2353 2452 2392 accidere
2478 2352 2606 2391 fluxus

1533 2406 1755 2460 fluviorum.
1786 2407 1878 2443 Non
1907 2406 2010 2444 enim
2039 2407 2161 2455 magis
2192 2418 2400 2456 possumus
2433 2405 2560 2444 dicere
2586 2411 2606 2435 2

1534 2459 1639 2508 quod
1668 2471 1811 2508 aquae,
1847 2459 1877 2496 si
1906 2471 2004 2508 quae
2043 2461 2223 2497 collectae
2261 2459 2507 2497 inveniuntur
2533 2459 2605 2496 snb

1534 2520 1633 2550 terra
1659 2513 1722 2549 vel
1750 2511 1788 2549 in
1816 2512 2033 2560 montibus,
2069 2513 2287 2550 contineant
2313 2519 2435 2550 totam
2462 2523 2605 2562 aquam

1534 2565 1754 2613 fluviorum,
1785 2577 1901 2614 quam
1931 2565 1961 2602 si
1989 2565 2075 2614 quis
2105 2565 2203 2603 dicat
2236 2565 2344 2614 quod
2377 2565 2502 2603 fontes
2538 2565 2606 2614 qui

1535 2618 1732 2655 manifeste
1761 2626 1946 2667 apparent
1983 2626 2087 2656 extra
2114 2627 2274 2666 terram,
2307 2626 2429 2656 totam
2463 2630 2605 2668 aquam

1535 2671 1743 2709 fluviorum
1763 2679 1850 2708 actu
1871 2671 2088 2709 contineant
2106 2672 2142 2709 *ε
2169 2671 2322 2722 plurimi
2342 2671 2446 2710 enim
2465 2671 2605 2710 fluvio-
2632 2684 2641 2694 ·

1532 2862 1579 2887 pro
1599 2854 1672 2887 infra
1691 2858 1801 2886 terram,
1818 2855 1891 2880 intra
1910 2858 2012 2881 terram
2027 2855 2086 2881 edd.
2100 2862 2118 2881 a
2136 2860 2162 2881 et
2185 2854 2260 2881 1561.
2272 2869 2293 2876 -
2306 2855 2357 2882 Pro
2375 2856 2529 2887 condensat,
2542 2863 2606 2884 oon·

1534 2890 1648 2916 densant
1666 2891 1720 2916 ΑΒ.

1587 2925 1614 2958 e)
1634 2925 1714 2951 Ponit
1732 2933 1833 2959 ergo...
1848 2925 1979 2952 Parnaso.
1992 2939 2012 2947 -·
2026 2926 2106 2951 Ponit
2123 2933 2189 2960 ergo
2204 2926 2296 2959 primo
2317 2927 2470 2960 exemplum
2489 2927 2524 2954 de
2536 2927 2605 2954 Par-

1534 2966 1599 2986 naso
1619 2961 1660 2986 ed.
1674 2968 1707 2990 αι
1726 2961 1795 2986 idem
1814 2962 1903 2994 legunt
1921 2962 1941 2987 P
1960 2966 1986 2987 et
2001 2962 2042 2987 ed.
2060 2960 2135 2992 1561.
2154 2967 2260 2995 excepto
2280 2963 2350 2996 quod
2369 2967 2425 2988 tum
2443 2961 2486 2988 hie
2503 2968 2560 2989 tum
2579 2963 2606 2989 in

1533 2997 1654 3022 versione
1667 3002 1784 3022 montem
1799 2997 1935 3022 nominant
1943 2997 2120 3030 Paropaniso.
2134 2997 2174 3023 De
2183 2998 2278 3030 duplici
2291 2998 2397 3024 nomine
2411 2997 2487 3024 huius
2498 2998 2605 3029 montis.

1533 3032 1586 3058 vid.
1604 3033 1707 3057 Henrici
1726 3032 1847 3064 Stephani
1866 3032 2032 3058 Thesaurum
2057 3033 2172 3058 Graecae
2191 3033 2322 3067 Linguae,
2341 3033 2420 3059 Didot
2439 3032 2604 3065 1831-1865.

1534 3067 1583 3092 sub
1602 3067 1709 3092 vocibus
1728 3065 1867 3101 Παρνασός
1886 3073 1912 3093 et
1930 3065 2129 3102 Παραπάμισος.

1588 3103 1614 3136 τ)
1629 3110 1751 3128 occasum
1766 3103 1994 3136 aequinoctialem.
2003 3104 2190 3129 -occidentem
2200 3104 2421 3137 aequinoctialem
2435 3105 2604 3131 ita-lidan

1535 3143 1595 3171 post
1613 3146 1691 3163 unam
1711 3138 1756 3163 lin.
1769 3146 1816 3172 pro
1829 3139 1902 3172 flunt
1921 3146 2021 3172 magna
2033 3139 2159 3174 flumina,
2172 3140 2266 3174 fluunt
2285 3139 2379 3174 magni
2388 3139 2478 3175 fluuii.

1588 3173 1613 3206 u)
1629 3173 1736 3206 positae
1786 3174 1865 3199 redit.
1883 3188 1903 3194 —
1916 3174 2024 3206 positae
2042 3174 2175 3200 montibus
2193 3178 2220 3200 et
2234 3175 2271 3207 (et
2285 3182 2337 3201 om.
2351 3175 2384 3208 B)
2402 3175 2472 3202 sicut
2491 3175 2518 3202 in
2532 3175 2603 3210 idem

1535 3209 1605 3234 redit
1624 3209 1784 3240 AB.-Quod
1804 3209 1952 3235 immediate
1971 3211 2089 3243 sequitur
2101 3217 2187 3243 usque
2201 3211 2233 3236 ad
2246 3209 2325 3236 finem
2345 3210 2455 3242 numeri,
2470 3215 2512 3237 est
2523 3210 2600 3237 lectio

1535 3245 1610 3269 codd.
1625 3245 1683 3276 ΑΒ,
1703 3250 1810 3278 excepto
1830 3245 1900 3278 quod
1919 3246 1940 3270 B
1959 3253 2007 3278 pro
2026 3245 2161 3271 concludit
2179 3251 2300 3279 corrupte
2319 3245 2408 3271 scribit
2425 3246 2562 3276 excludit,
2581 3246 2605 3272 Α.

1534 3287 1588 3304 om.
1604 3280 1640 3305 Et
1658 3285 1718 3305 ante
1736 3280 1845 3313 repetit,
1865 3285 1892 3305 et
1909 3285 2020 3314 uterque
2037 3281 2132 3306 omittit
2155 3281 2245 3307 dicens
2264 3286 2322 3306 ante
2345 3281 2492 3307 citationem
2510 3285 2604 3308 textu·-

1534 3315 1573 3340 Pa
1587 3315 1676 3347 legunt
1695 3315 1746 3340 hoc
1766 3316 1860 3341 modo:
1881 3316 1917 3341 Et
1930 3316 1980 3346 sic,
1997 3316 2128 3350 exemplis
2142 3317 2254 3349 positis,
2269 3317 2405 3343 concludit
2424 3316 2604 3350 propositum,

1535 3351 1639 3376 dicens.-
1661 3351 1740 3381 Quod
1757 3351 1862 3384 quidem
1883 3351 1975 3385 igitur.
1990 3352 2050 3377 Non
2064 3354 2170 3384 oportet
2184 3355 2303 3384 repetere
2316 3352 2389 3386 quod
2401 3359 2485 3385 supra
2503 3352 2610 3380 dim

1534 3389 1592 3416 est,
1616 3386 1679 3419 quia
1694 3387 1808 3419 planum
1830 3390 1868 3412 est
1884 3387 1910 3412 in
1934 3387 2034 3413 littera.
2063 3387 2137 3418 Quae
2161 3387 2267 3420 quidem
2289 3387 2381 3419 lectio,
2405 3387 2493 3421 quoad
2512 3395 2605 3414 secun-

1535 3422 1594 3446 dam
1614 3427 1723 3454 partem,
1737 3430 1767 3447 ex
1782 3430 1814 3447 eo
1833 3422 1981 3447 dimanasse
1999 3423 2112 3452 videtur.
2133 3423 2202 3456 quod
2221 3423 2301 3448 verba
2322 3428 2408 3448 textus
2426 3430 2478 3448 non
2498 3430 2515 3450 ο

1535 3456 1621 3482 habita
1640 3457 1735 3482 fuerint
1758 3462 1802 3483 tan
1822 3465 1883 3482 uam
1899 3458 1978 3483 verba
1998 3458 2024 3483 S.
2039 3457 2171 3488 Thomae;
2191 3458 2237 3483 sed
2257 3459 2282 3483 in
2303 3458 2435 3484 codicibus
2451 3458 2529 3484 etiam
2546 3458 2605 3492 {pu

1535 3492 1722 3524 sublineantur,
1737 3500 1790 3526 quo
1819 3498 1875 3518 acto
1895 3494 2033 3526 scriptores
2052 3493 2164 3518 indicare
2182 3494 2268 3519 solent
2286 3494 2372 3526 ipsum
2391 3498 2488 3519 textum
2503 3493 2604 3519 adduci.

1588 3528 1616 3561 φ)
1637 3535 1687 3553 non
1708 3531 1748 3553 est
1767 3528 1953 3554 inconveniens
1971 3529 2043 3562 quod
2061 3529 2241 3554 inveniantur.
2253 3542 2273 3550 —
2286 3536 2338 3555 non
2355 3530 2439 3555 solum
2454 3531 2495 3555 est
2513 3528 2604 3554 incon-

1535 3563 1642 3588 veniens
1660 3563 1732 3596 quod
1750 3564 1924 3589 subveniatur
1942 3564 1977 3594 B?
1997 3565 2019 3589 A
2038 3564 2099 3597 legit
2117 3564 2346 3590 subinueniantur.
2357 3577 2377 3584 —
2390 3564 2442 3589 Ρτο
2459 3566 2522 3590 actu
2537 3564 2604 3589 mul-

1535 3598 1689 3627 titudinem,
1708 3602 1797 3624 actum
1818 3599 1997 3624 multitudinis
2015 3599 2068 3624 ΑΒ.

1587 3634 1617 3668 χ)
1633 3641 1776 3666 possumus
1795 3634 1891 3659 dicere.
1903 3637 2046 3667 -possunt
2065 3634 2153 3660 dicere
2166 3635 2198 3660 Α.
2216 3648 2235 3654 -
2253 3633 2312 3659 Mox
2326 3641 2375 3668 pro
2387 3634 2512 3660 collectae
2531 3633 2603 3660 inue-

1537 3668 1657 3699 niuntur,
1676 3669 1848 3694 continentur
1866 3669 1912 3694 Pa.

2629 605 2637 614 '
2652 606 2766 629 intusa.
