2782 4134
1097 270 1209 308 CAP.
1238 271 1330 319 XII,
1361 272 1512 309 LECT.
1543 273 1667 310 XVIII

281 356 345 375 rum
369 345 484 382 assequi
505 351 610 381 potest,
631 345 803 381 nullumque
824 346 948 382 proinde
970 354 1083 376 motum
1098 350 1256 387 participat.
1272 367 1292 371 —
1305 352 1347 378 Ex

280 386 447 424 praemissis
468 391 548 422 patet
568 385 646 413 unde
667 385 816 422 contingat
837 387 918 422 quod
939 386 1048 424 aliquid
1076 389 1120 416 vel
1148 397 1242 418 careat
1270 390 1351 418 omni

282 433 374 462 motu,
396 425 441 454 vel
463 425 568 454 habeat
588 434 680 453 unum
702 431 751 453 aut
773 434 882 461 paucos
903 433 1010 462 motus,
1033 428 1077 455 vel
1097 429 1201 457 multas
1222 430 1351 458 actiones

280 476 333 495 seu
354 472 451 494 motus
473 466 586 494 habeat.
601 481 620 486 -
635 465 662 493 6.
677 465 863 501 Adaptantur
882 466 1043 501 praemissa
1064 468 1205 505 principia
1225 471 1262 497 ad
1283 480 1351 506 pro-

280 506 420 544 positum.
443 506 619 542 Supremum
640 504 671 532 in
692 505 806 533 entibus
826 506 948 542 gradum
965 506 1076 534 obtinet
1095 508 1124 535 id
1146 510 1225 545 quod
1239 510 1351 537 bonum

281 547 441 584 perfectum
462 555 513 574 seu
534 545 679 582 optimum
699 545 745 573 vel
773 554 807 572 ex
828 554 859 573 se
883 546 985 580 habet,
1008 547 1051 574 vel
1079 548 1246 584 participat,
1273 551 1351 577 Deus

281 596 388 623 nempe
409 593 437 614 et
464 585 641 614 substantiae
667 591 824 622 separatae.
851 585 986 613 Proxime
1013 586 1057 613 his
1083 588 1194 615 accedit
1218 588 1247 616 id
1269 590 1350 625 quod

280 636 333 664 per
346 636 439 654 unum
453 626 499 654 vel
519 635 629 663 paucos
651 632 749 653 motus
770 624 914 662 optimum
937 625 1059 662 attingit,
1082 633 1223 663 quantum
1244 629 1281 656 ad
1296 629 1353 656 hoc

281 668 363 704 quod
384 666 421 695 sit
441 675 528 695 causa
554 665 750 702 corporalium
771 671 799 693 et
819 665 1037 701 permanentiae
1065 665 1212 702 ipsorum:
1240 674 1268 695 et
1288 668 1352 696 talis

281 713 325 735 est
345 715 482 743 suprema
502 707 634 743 sphaera.
655 705 787 734 Tertium
801 706 924 742 gradum
946 706 1054 733 habent
1068 706 1231 742 superiores
1252 707 1352 743 plane-

281 754 344 782 tae,
366 746 416 784 qui
437 755 490 783 per
510 746 618 774 multos
640 752 738 774 motus
759 745 878 774 eosdem
901 745 1019 774 effectus
1040 746 1215 782 producunt.
1239 748 1351 781 Quarto

280 793 379 816 autem
400 787 466 814 loco
487 785 607 814 veniunt
635 794 669 813 ea
697 795 785 822 quae,
813 785 879 813 licet
899 786 1011 813 bonurn
1034 786 1191 822 perfectum
1214 786 1352 823 attingere

280 836 343 855 non
363 826 485 861 valeant,
507 826 545 854 ad
565 825 661 862 ipsum
683 825 782 862 aliquo
804 826 895 854 modo
917 825 1162 862 appropinquant.
1178 843 1197 847 —
1218 836 1246 863 7.
1270 828 1352 861 Quae

281 866 357 895 dicta
378 872 446 894 sunt
466 875 547 894 num.
569 875 679 902 praec.,
706 865 885 894 illustrantur
906 874 958 902 per
979 866 1142 902 exemplum
1165 875 1199 894 ex
1220 866 1351 894 sanitate.

280 923 300 928 -
313 906 399 934 Ratio
411 906 572 934 eorundem
584 906 754 943 assignatur.
767 907 829 934 -In
840 915 1021 943 unoquoque
1037 905 1140 934 ordine
1152 913 1275 942 possunt
1290 915 1352 934 esse

280 946 364 974 multi
385 946 501 983 gradus.
518 962 537 967 -
558 946 586 974 8.
601 946 693 974 Terra
713 945 840 974 totaliter
866 955 928 974 non
956 952 1108 981 movetur;
1137 945 1206 983 quia
1226 946 1352 975 maxime

280 986 367 1014 distat
387 995 405 1014 a
425 995 543 1014 summo
564 985 667 1014 ordine
682 995 789 1021 rerum,
807 992 836 1014 et
856 995 918 1014 non
939 992 982 1014 est
1003 994 1090 1014 causa
1110 986 1245 1014 aliorum.
1269 987 1352 1021 Quae

279 1032 348 1055 sunt
360 1025 527 1063 propinqua
540 1032 643 1062 terrae,
660 1025 766 1054 scilicet
780 1026 811 1054 in
826 1032 930 1063 quarto
952 1026 1069 1062 ordine,
1085 1032 1239 1054 moventur
1252 1026 1352 1063 paucis

279 1066 422 1101 motibus;
445 1066 514 1103 quia
534 1075 683 1094 summum
705 1066 839 1094 ordinem
865 1075 926 1095 non
947 1066 1105 1103 attingunt,
1132 1066 1171 1094 ita
1193 1067 1274 1103 quod
1295 1066 1352 1094 sint

279 1115 384 1135 causae
406 1106 582 1134 universales
603 1106 821 1142 permanentiae
836 1115 948 1141 rerum;
963 1107 1014 1134 sed
1030 1106 1172 1134 intantum
1187 1113 1351 1142 moventur,

278 1146 452 1183 inquantum
472 1146 647 1183 participant
667 1146 776 1183 aliquid
791 1147 828 1174 de
842 1146 1032 1174 similitudine
1053 1145 1140 1182 primi
1161 1146 1305 1183 principii,
1321 1153 1352 1175 ut

277 1195 386 1223 nempe
407 1186 464 1220 sint
478 1192 516 1214 et
530 1186 594 1223 ipsa
615 1186 739 1215 aliorum
761 1186 947 1223 principium.
970 1186 1100 1214 Primum
1119 1187 1232 1214 caelum
1253 1193 1351 1215 autem

234 1229 443 1264 *pessulum
465 1233 580 1255 motum
601 1226 820 1255 similitudinem
842 1226 929 1263 primi
950 1226 1083 1263 principii
1105 1226 1238 1255 sortitur:
1261 1233 1289 1254 et
1310 1233 1353 1255 est

277 1267 423 1295 secundus
447 1267 563 1304 gradus.
594 1266 768 1295 Intermedia
789 1267 908 1295 tandem
936 1266 1011 1294 inter
1038 1266 1166 1303 primum
1190 1266 1302 1295 caelum
1324 1273 1352 1295 et

278 1313 407 1335 extrema
434 1316 574 1344 corpora,
603 1313 670 1335 sunt
691 1306 721 1334 in
742 1306 827 1335 tertio
849 1307 956 1344 gradu:
983 1313 1012 1334 et
1036 1307 1107 1335 haec
1133 1306 1351 1335 similitudinem

278 1346 366 1384 primi
386 1346 520 1384 principii
541 1346 685 1383 attingunt
705 1356 758 1383 per
777 1347 874 1383 plures
895 1353 1002 1375 motus.
1017 1363 1037 1367 —
1052 1356 1079 1383 9.
1103 1346 1280 1383 Proponitur
1298 1347 1352 1375 du-

278 1385 370 1415 bium.
393 1386 423 1415 Si
437 1386 537 1415 tertius
550 1387 657 1424 gradus
671 1386 843 1415 attribuatur
857 1387 1056 1423 superioribus
1070 1386 1203 1423 planetis,
1219 1396 1255 1415 eo
1271 1387 1351 1424 quod

278 1435 332 1464 per
352 1427 449 1463 plures
470 1433 568 1455 motus
589 1427 748 1463 perfectum
769 1427 881 1454 bonum
900 1426 1054 1464 attingunt,
1074 1426 1218 1454 videbitur
1232 1433 1351 1464 quartus

279 1466 480 1495 attribuendus
502 1466 557 1495 soli
578 1473 606 1495 et
627 1467 722 1502 lunae,
745 1466 785 1495 ita
806 1466 924 1503 quidem
952 1467 1032 1504 quod
1054 1466 1100 1495 isti
1121 1476 1183 1495 non
1211 1467 1352 1504 attingant

279 1506 582 1544 bonum-perfectum.
603 1507 662 1535 Sed
683 1507 741 1535 hoc
761 1512 805 1535 est
825 1506 1050 1535 inconveniens:
1073 1507 1117 1535 sol
1138 1506 1217 1535 enirn
1239 1507 1352 1535 videtur

278 1546 479 1575 nobilissimus
501 1556 563 1575 esse
584 1547 782 1584 planetarum
804 1553 832 1575 et
853 1553 913 1575 tam
934 1546 996 1584 ipse
1018 1556 1106 1584 quam
1128 1547 1197 1575 luna
1218 1547 1353 1576 videntur

279 1586 387 1615 habere
402 1587 559 1615 maximam
574 1584 734 1615 efficaciam
754 1586 784 1615 in
798 1586 983 1615 inferioribus
998 1587 1179 1624 corporibus.
1196 1603 1214 1608 —
1232 1596 1276 1615 10.
1297 1588 1351 1615 Re-

279 1626 400 1663 sponsio
421 1627 567 1662 Averrois,
590 1627 640 1664 qui
655 1633 791 1664 quartum
813 1627 947 1656 ordinem
969 1627 1097 1655 attribuit
1112 1636 1221 1664 aquae,
1244 1627 1303 1655 aeri
1324 1634 1352 1655 et

279 1665 354 1704 igni3
377 1676 452 1704 quae
480 1667 588 1704 duplici
616 1674 699 1695 motu
726 1674 896 1703 moventur,
918 1677 1025 1704 nempe
1053 1674 1137 1695 motu
1165 1667 1301 1704 proprio,
1324 1674 1353 1695 et

278 1713 363 1735 motu
389 1716 478 1744 quem
506 1714 726 1744 consequuntur
753 1717 787 1736 ex
814 1707 985 1736 caelestibus
1013 1707 1193 1744 corporibus.
1219 1707 1352 1736 Tertium

490 1809 534 1845 '.·
547 1799 737 1838 raemissis
748 1800 897 1838 duabus
909 1801 1218 1848 dubitationibus,
1226 1800 1287 1838 hic
1303 1800 1350 1838 ad

505 1859 535 1900 ‘fe
548 1866 680 1891 earum
701 1855 910 1892 solutiones
935 1855 1079 1892 accedit
1101 1855 1136 1892 *τ
1166 1862 1202 1892 et
1224 1854 1350 1904 primo

495 1912 503 1925 ³
523 1912 535 1955 ξ
547 1908 659 1946 solvit
685 1908 849 1958 primam
870 1909 1154 1958 quaestionem;
1180 1909 1350 1946 secundo

440 2001 441 2004 ,
546 1962 757 2000 secundam
773 1992 782 2009 ,
816 1962 886 2000 ibi:
919 1964 980 2000 De
1016 1962 1244 2000 dubitatione
1284 1974 1351 1999 au-

277 2021 351 2054 tem
372 2016 393 2037 *
411 2022 480 2052 etc.
503 2015 613 2053 Circa
633 2015 801 2066 primum
822 2018 899 2054 duo
919 2016 1023 2053 facit:
1042 2016 1168 2066 primo
1189 2016 1354 2053 ostendit

278 2069 371 2119 quid
391 2076 565 2119 oporteat
583 2077 813 2119 supponere,
835 2070 884 2107 ad
902 2070 978 2107 hoc
996 2077 1038 2107 ut
1053 2071 1073 2092 *
1094 2070 1142 2107 de
1162 2070 1259 2107 facili
1278 2070 1351 2107 sol-

276 2130 390 2161 vatur
409 2123 581 2172 quaestio
609 2123 736 2172 primo
760 2131 884 2171 mota;
914 2124 1084 2162 secundo
1113 2123 1222 2173 ponit
1250 2125 1350 2161 solu-

277 2176 435 2224 tionem,
457 2177 527 2214 ibi:
562 2177 716 2215 Videtur
733 2183 859 2214 autem
880 2179 899 2197 ⁴*
920 2185 989 2214 etc.

331 2230 432 2267 Dicit
466 2243 556 2278 ergo
589 2230 716 2280 primo
752 2231 858 2279 quod
892 2230 980 2268 ideo
1015 2230 1140 2279 prima
1177 2231 1349 2280 quaestio

278 2283 439 2322 difficilis
466 2284 629 2332 videtur,
655 2283 745 2333 quia
773 2297 844 2321 nos
873 2284 1100 2332 inquirimus
1136 2284 1184 2321 de
1214 2297 1349 2334 corpo-

276 2337 382 2374 ribus
420 2338 643 2375 caelestibus
681 2350 725 2375 ac
754 2337 784 2375 si
818 2346 943 2375 essent
979 2339 1061 2375 sola
1090 2350 1252 2387 corpora
1283 2339 1350 2376 ha-

275 2390 405 2428 bentia
429 2391 626 2441 quendam
655 2391 842 2438 ordinem,
865 2392 1010 2441 absque
1038 2392 1114 2429 hoc
1141 2392 1248 2440 quod
1277 2392 1350 2429 sint

276 2444 459 2491 animata;
481 2452 518 2482 et
537 2445 590 2482 sic
608 2444 760 2482 videtur
779 2445 890 2482 nobis
909 2445 1016 2494 quod
1041 2445 1178 2482 debeat
1196 2446 1235 2482 in
1256 2445 1309 2482 eis
1328 2446 1348 2467 *

276 2511 360 2536 esse
388 2499 484 2536 ordo
513 2506 690 2535 motuum
718 2499 933 2536 secundum
963 2498 1138 2536 ordinem
1167 2511 1347 2536 numero-

276 2564 362 2589 rum
382 2552 414 2599 *,
432 2559 469 2588 et
487 2551 700 2590 secundum
719 2552 834 2590 situm
856 2565 1076 2601 corporum.
1098 2554 1175 2591 Sed
1195 2553 1243 2590 ad
1271 2554 1347 2590 hoc

275 2606 382 2654 quod
409 2605 603 2655 praedicta
629 2606 814 2643 dubitatio
842 2612 860 2628 ²
889 2607 1069 2654 solvatur,
1091 2614 1241 2656 oportet
1265 2607 1345 2656 opi-

274 2659 432 2706 nionem
450 2660 593 2696 habere
614 2659 661 2696 de
682 2660 736 2696 eis
756 2660 862 2709 quod
875 2660 1100 2710 participent
1120 2673 1198 2698 non
1218 2661 1344 2697 solum

274 2713 393 2750 vitam
427 2725 731 2762 quamcumque,
762 2713 830 2750 sed
859 2714 973 2750 etiam
1001 2714 1209 2760 actionem;
1240 2715 1344 2764 quod

275 2774 332 2804 est
345 2766 544 2816 proprium
559 2766 783 2804 habentium
803 2767 972 2804 animam
992 2768 1228 2815 rationalem,
1246 2781 1344 2817 quae

275 2819 391 2868 agunt
408 2827 564 2870 propter
581 2820 713 2867 finem,
730 2828 914 2869 tanquam
929 2821 1108 2858 habentia
1128 2822 1343 2859 dominium

274 2874 332 2911 sui
368 2881 486 2920 actus,
508 2881 545 2911 et
563 2886 642 2910 non
670 2882 786 2922 agunt
815 2886 860 2910 ex
888 2875 970 2911 solo
999 2883 1157 2912 naturae
1185 2875 1342 2924 impetu,

274 2927 370 2964 sicut
406 2927 537 2964 omnia
564 2927 805 2964 irrationalia.
837 2928 923 2964 Hoc
962 2935 1090 2965 autem
1128 2930 1342 2978 supposito,

273 2980 365 3017 nihil
383 2981 533 3018 videtur
552 2988 701 3031 praeter
720 2981 907 3018 rationem
928 2982 1098 3019 accidere
1117 2981 1146 3030 β,
1168 2982 1198 3019 si
1221 2984 1344 3020 multi-

272 3034 365 3071 tudo
386 3042 564 3072 motuum
592 3047 672 3072 non
689 3035 874 3084 procedat
894 3036 1106 3072 secundum
1137 3048 1343 3085 corporum

271 3087 404 3125 situm:
421 3088 509 3138 quia
524 3088 644 3136 magis
654 3097 709 3125 est
724 3089 945 3138 accipienda
961 3089 1158 3126 diversitas
1169 3098 1344 3127 motuum

325 3265 354 3300 α)
380 3266 521 3291 dubitatio.
539 3279 558 3286 -
576 3266 612 3291 Ita
636 3266 728 3297 PACl;
754 3266 831 3291 ceteri
856 3267 953 3291 soiutio
977 3266 1121 3298 dubitatio,
1147 3268 1235 3292 confer
1257 3267 1301 3293 lib.
1316 3268 1340 3299 l,

270 3301 329 3326 loct.
347 3309 408 3331 xxv,
428 3307 481 3327 not.
500 3301 524 3330 ζ.
537 3315 556 3320 -
574 3302 638 3326 Post
657 3302 721 3326 duas
744 3302 824 3326 lineas
843 3309 891 3334 pro
910 3302 1061 3328 habentium
1085 3303 1218 3333 animam,
1244 3304 1341 3328 haben-

271 3337 340 3362 tibus
358 3337 477 3362 animam
497 3337 516 3361 Ρ
533 3342 558 3362 et
573 3337 674 3361 codices
694 3342 800 3369 excepto
813 3338 844 3361 A.
858 3352 877 3356 -
896 3338 960 3362 Post
979 3339 1072 3363 lineam
1088 3347 1135 3371 pro
1149 3342 1176 3364 et
1189 3346 1240 3363 non
1255 3342 1341 3372 agunt

270 3379 308 3397 ex
321 3373 378 3397 solo
398 3376 514 3397 naturae
528 3373 636 3404 impetu,
656 3375 682 3397 et
696 3380 748 3397 non
763 3376 885 3405 aguntur·
901 3380 940 3398 ex
957 3375 1014 3399 solo
1028 3374 1127 3406 impetu
1141 3375 1163 3399 Α
1171 3383 1179 3406 ;
1198 3375 1219 3399 E
1234 3382 1340 3407 quoque

269 3407 364 3432 omittit
381 3415 475 3432 vocem
494 3411 618 3433 naturae.

325 3441 350 3475 β)
370 3443 429 3467 Hoc
447 3445 570 3468 autem...
583 3443 785 3468 accidere.-Ita
802 3444 838 3474 A;
859 3450 907 3469 cet.
922 3450 1043 3478 corrupte
1062 3446 1122 3470 Hoc
1139 3449 1228 3470 autem
1243 3452 1339 3476 suppo—

269 3477 351 3502 situm
365 3485 417 3502 non
438 3478 544 3503 videtur
557 3478 678 3504 accidere
684 3486 693 3508 ‚⁴
712 3480 783 3511 quod
802 3485 831 3504 ut
845 3481 961 3513 corrigat,
981 3481 1000 3505 P
1020 3482 1142 3514 expungit
1161 3488 1220 3509 non,
1241 3481 1288 3504 sed
1307 3479 1339 3503 cf.

2407 287 2472 324 191

1405 358 1502 386 autem
1524 350 1657 381 ordinem
1679 353 1807 382 attribuit
1827 354 1964 383 omnibus
1983 355 2114 392 planetis,
2137 356 2187 393 qui
2201 366 2252 393 per
2266 357 2362 393 plures
2377 364 2476 386 motus

1405 399 1624 429 consequuntur
1644 394 1801 430 perfectum
1824 395 1950 431 bonum,
1972 395 2045 423 idest
2066 396 2261 424 causalitatem
2282 397 2475 425 universalem

1406 441 1492 468 super
1512 432 1658 461 inferiora.
1682 450 1702 454 -
1727 443 1770 462 11.
1792 435 1850 462 Sed
1875 444 1927 471 per
1954 436 2010 463 hoc
2037 445 2099 463 non
2127 436 2246 464 solvitur
2274 436 2415 465 dubitatio
2437 438 2474 465 ab

1405 472 1559 501 Aristotele
1574 480 1690 501 mota.—
1705 474 1871 502 Secundum
1886 474 1971 511 igitur
1985 475 2175 503 intenti0nem
2191 476 2370 512 Philosophi,
2387 486 2473 513 quar-

1406 517 1451 539 tus
1467 513 1540 540 ordo
1556 513 1754 541 attribuendus
1770 521 1813 542 est
1826 514 1881 542 soli
1897 521 1924 542 et
1938 515 2038 550 lunae,
2053 515 2103 552 qui
2118 516 2280 544 secundum
2294 516 2390 552 ipsum
2406 523 2474 544 sunt

1406 551 1498 579 infimi
1519 553 1666 589 planetae3
1688 563 1813 590 quorum
1831 555 1905 583 ordo
1926 554 1957 582 in
1971 555 2118 592 dignitate,
2141 555 2219 583 iuxta
2240 555 2301 583 eius
2323 555 2474 592 principia,

1406 598 1449 618 est
1470 593 1630 620 secundum
1651 593 1784 621 ordinem
1799 594 1879 622 situs.
1901 611 1920 615 —
1936 595 2089 631 Optimum
2110 595 2196 632 igitur
2209 595 2239 623 in
2253 596 2339 623 rebus
2354 602 2396 623 est
2410 605 2475 632 per-

1407 631 1569 659 manentia:
1593 642 1667 669 quae
1689 633 1718 661 in
1740 634 1906 662 substantiis
1931 635 2069 671 separatis
2097 641 2140 663 est
2161 636 2271 672 absque
2292 635 2351 663 ullo
2374 642 2473 671 motu,

1407 676 1435 697 et
1456 671 1492 698 ab
1514 670 1548 698 iis
1567 671 1597 699 in
1612 671 1747 700 inferiora
1768 674 1921 702 derivatur.
1944 674 2075 702 Primum
2097 675 2219 710 caelum,
2242 675 2408 703 substantiis
2429 684 2475 703 se-

1406 710 1512 745 paratis
1538 711 1833 749 propinquissimum,
1856 721 1938 742 motu
1959 714 2065 743 diurno
2087 721 2129 743 est
2151 724 2238 743 causa
2258 715 2475 751 permanentiae

1407 758 1519 777 rerum:
1542 751 1619 778 unde
1641 752 1765 780 maxime
1791 753 1902 790 attingit
1923 755 1960 782 ad
1981 754 2199 782 similitudinem
2221 754 2306 791 primi
2330 754 2474 791 principii.

1407 789 1576 833 Superiores
1598 791 1730 826 planetae
1751 799 1817 820 sunt
1838 794 1929 831 magis
1950 803 2036 822 causa
2057 793 2274 831 permanentiae
2296 803 2384 831 quarn
2401 794 2473 822 infe-

1406 838 1513 856 riores:
1537 830 1617 865 quod
1639 830 1827 859 confirmatur
1848 842 1880 860 ex
1902 834 2073 862 Ptolomaeo
2095 841 2123 862 et
2146 843 2180 862 ex
2206 833 2289 862 dictis
2310 834 2475 870 astrologo-

1406 878 1480 896 rum.
1503 869 1653 897 Inferiores
1674 876 1780 906 autem,
1803 872 1909 901 scilicet
1929 874 1974 901 sol
1988 881 2015 902 et
2034 874 2112 909 luna,
2135 874 2260 902 maxime
2281 874 2389 902 habent
2410 872 2472 902 effi-

1407 908 1516 936 caciam
1538 909 1575 936 ad
1595 910 1850 939 transmutationes
1865 914 2024 941 causandas
2038 914 2068 941 in
2082 913 2265 942 inferioribus
2287 913 2473 950 corporibus;

1407 949 1487 984 quod
1502 948 1620 985 quidem
1636 958 1696 977 non
1711 957 1753 977 est
1767 951 1920 987 optimum,
1936 954 1986 980 sed
2001 953 2113 989 optimo
2125 953 2283 990 praevium,
2299 953 2473 990 inquantum

1406 988 1542 1032 inferiora
1568 997 1692 1025 corpora
1712 999 1764 1026 per
1784 992 2038 1021 transmutationes
2059 993 2253 1030 generationis
2268 1000 2296 1021 et
2310 993 2473 1030 corruptio-

1407 1037 1451 1055 ms
1477 1035 1696 1064 consequuntur
1722 1031 1941 1066 perpetuitatem
1963 1032 1992 1059 in
2014 1033 2123 1069 specie,
2146 1043 2234 1070 quam
2262 1033 2293 1061 in
2321 1033 2473 1061 individuo

1406 1068 1512 1096 habere
1540 1077 1600 1096 non
1622 1075 1752 1105 possunt.
1774 1086 1794 1090 -
1819 1078 1862 1098 12.
1885 1071 2048 1108 Simplicius
2069 1079 2166 1101 tamen
2188 1083 2249 1101 non
2270 1072 2414 1101 existimat
2441 1073 2472 1101 in

1407 1107 1579 1144 corporibus
1607 1109 1776 1137 caelestibus
1802 1110 1935 1138 ordinem
1963 1112 2119 1140 nobilitatis
2145 1122 2207 1141 esse
2235 1114 2396 1141 secundum
2424 1122 2474 1141 or-

1407 1147 1504 1175 dinem
1533 1148 1622 1183 situs;
1651 1149 1702 1176 sed
1734 1151 1965 1187 unumquodque
1997 1151 2035 1179 ibi
2063 1152 2148 1188 poni,
2178 1153 2228 1181 ubi
2256 1153 2400 1189 optimum
2429 1159 2474 1181 est

1406 1187 1502 1224 ipsum
1524 1187 1604 1224 poni.
1618 1204 1638 1209 —
1651 1189 1790 1216 Attamen
1805 1191 1884 1226 quod
1899 1191 2006 1219 dictum
2026 1198 2069 1220 est
2083 1194 2173 1227 (num.
2189 1194 2304 1229 praec.)‚
2319 1192 2411 1229 magis
2425 1202 2474 1221 ve-

1406 1237 1471 1255 rum
1494 1236 1556 1255 esse
1577 1227 1696 1262 videtur,
1719 1230 1878 1257 secundum
1893 1231 2034 1267 principia
2052 1232 2193 1260 naturalia
2208 1250 2226 1254 -
2245 1233 2288 1260 13.
2308 1232 2474 1269 Explicatur

1407 1268 1559 1304 quomodo
1588 1267 1618 1295 in
1646 1268 1856 1296 modernorum
1884 1270 2145 1307 suppositionibus,
2173 1272 2241 1300 satis
2267 1272 2473 1300 convenienter

1405 1307 1518 1335 videtur
1539 1307 1696 1343 dispositus
1717 1317 1855 1336 numerus
1882 1310 2045 1338 caelestium
2068 1320 2234 1348 corporum,
2257 1312 2388 1349 quamvis
2409 1321 2471 1340 non

1406 1348 1567 1375 secundum
1589 1346 1732 1386 rationem
1747 1357 1765 1376 a
1780 1349 1958 1386 Philosopho
1980 1350 2025 1378 hic
2042 1351 2224 1388 assignatam.
2241 1369 2260 1374 -
2284 1362 2328 1387 14.
2351 1353 2393 1380 Ex
2413 1352 2472 1380 hoc

1406 1388 1488 1424 quod
1501 1386 1671 1415 Aristoteles
1686 1387 1769 1423 ponit
1783 1394 1888 1416 terram
1903 1399 1964 1417 non
1978 1390 2148 1427 participare
2170 1398 2292 1425 motum,
2307 1392 2471 1420 Alexander

1406 1426 1612 1455 convenienter
1633 1427 1781 1455 concludit
1801 1437 1865 1456 eam
1887 1438 1948 1457 esse
1970 1430 2166 1459 inanimatam.
2189 1431 2352 1468 Simplicius
2373 1438 2472 1459 tamen

1406 1468 1493 1495 docet
1523 1467 1701 1495 contrarium
1731 1468 1877 1504 (sequitur
1904 1469 1982 1497 enim
2010 1470 2039 1497 in
2067 1471 2123 1499 hoc
2151 1470 2299 1508 gentilium
2327 1480 2471 1506 errorem,

1407 1507 1457 1544 qui
1479 1507 1588 1535 cultum
1610 1506 1766 1535 divinitatis
1787 1508 1981 1537 attribuebant
2008 1512 2120 1546 terrae).
2144 1512 2232 1545 Quod
2253 1511 2420 1539 Aristoteles
2442 1511 2472 1539 in

1406 1547 1480 1575 libro
1495 1548 1531 1575 de
1546 1547 1652 1575 Anima
1673 1548 1824 1584 reprobat,
1847 1549 2003 1577 ostendens
2024 1550 2135 1577 nullum
2157 1560 2262 1586 corpus
2278 1551 2396 1587 simplex
2410 1560 2472 1579 esse

1407 1587 1578 1615 animatum.
1608 1588 1690 1615 Patet
1717 1587 1804 1616 etiarn
1833 1589 1913 1625 quod
1940 1598 2014 1625 quae
2043 1589 2072 1616 in
2098 1589 2270 1618 animalibus
2294 1590 2385 1628 magis
2406 1597 2474 1618 sunt

1406 1634 1515 1662 terrea,
1544 1627 1722 1656 insensibilia
1747 1634 1822 1656 sunt.
1846 1645 1865 1649 -
1886 1629 2092 1664 Proponuntur
2118 1636 2145 1657 et
2174 1630 2340 1658 refelluntur
2361 1630 2473 1659 diversa

1406 1674 1594 1705 argumenta,
1616 1667 1722 1705 quibus
1743 1668 1908 1705 Simplicius
1930 1669 2101 1697 sententIam
2123 1679 2205 1698 suam
2233 1671 2357 1706 probare
2386 1680 2473 1699 cona-

1406 1714 1454 1736 tus
1475 1714 1526 1736 est.

1407 1808 1443 1838 et
1461 1801 1664 1839 multitudo
1685 1814 1820 1838 eorum
1836 1801 2048 1839 seeundum
2064 1803 2323 1841 habitudinem
2340 1804 2389 1840 ad
2408 1804 2475 1840 bo-

1405 1867 1500 1892 num
1529 1856 1655 1902 finale,
1672 1856 1779 1904 quod
1795 1862 1850 1892 est
1863 1855 2093 1904 principium
2109 1856 2147 1893 in
2165 1857 2185 1877 ’¹‘
2204 1857 2381 1893 omnibus
2401 1858 2476 1905 agi-

1406 1909 1555 1956 bilibus,
1575 1917 1617 1946 ut
1639 1917 1743 1958 patet
1770 1922 1840 1959 per
1868 1909 2144 1959 Philosophum
2172 1911 2211 1948 in
2229 1912 2297 1948 V11
2317 1912 2435 1948 Ethic.
2456 1913 2476 1933 '¹‘

1407 1971 1445 2000 et
1459 1965 1491 2000 II
1506 1963 1656 2012 Physic.
1671 1964 1690 1985 *
1704 1969 1729 2000 ⁷.
1750 1985 1774 1991 -
1791 1965 1840 2000 Et
1855 1972 1910 2001 est
1929 1964 2204 2002 attendendum
2218 1965 2335 2013 quod,
2356 1977 2474 2013 quan—

1406 2025 1488 2054 tum
1518 2017 1566 2054 ad
1593 2018 1680 2064 hoc,
1701 2030 1780 2054 non
1808 2018 1921 2055 refert
1946 2025 2074 2055 utrum
2102 2031 2293 2067 ponamus
2314 2031 2475 2067 corpora

1407 2071 1581 2108 caelestia
1600 2071 1750 2108 moveri
1766 2084 1788 2108 a
1803 2071 2019 2108 substantiis
2048 2072 2356 2109 intellectualibus
2386 2071 2483 2109 con-‘

1406 2125 1541 2162 iunctis
1568 2137 1638 2174 per
1663 2125 1825 2163 modum
1842 2126 1861 2147 *
1880 2126 2043 2172 animae,
2064 2127 2126 2163 vel
2148 2126 2260 2163 etiam
2281 2126 2472 2175 separatis.

1407 2179 1498 2215 Non
1518 2186 1647 2216 autem
1671 2187 1769 2217 esset
1791 2179 1855 2217 via
1875 2180 2062 2227 solvendi,
2084 2180 2114 2216 si
2134 2187 2379 2217 moverentur
2405 2192 2475 2228 per

1405 2233 1530 2269 solum
1559 2241 1717 2270 naturae
1746 2233 1946 2282 impetum,
1967 2234 2063 2270 sicut
2092 2245 2252 2282 corpora
2279 2233 2409 2281 gravia
2439 2241 2475 2270 et

1405 2286 1516 2323 levia.

1460 2352 1494 2377 2.
1516 2341 1666 2378 Deinde
1687 2353 1775 2378 cum
1806 2341 1912 2378 dicit:
1947 2341 2100 2378 Videtur
2118 2346 2242 2378 autem
2263 2348 2344 2388 etc.,
2366 2341 2474 2389 ponit

1404 2393 1646 2431 solutionem.
1678 2395 1727 2431 Et
1753 2394 1879 2444 primo
1908 2395 2017 2444 ponit
2045 2394 2240 2432 solutionis
2268 2394 2471 2443 principia;

1403 2447 1574 2485 secundo
1604 2448 1768 2498 applicat
1796 2445 1845 2486 ad
1878 2449 2140 2498 propositum,
2170 2448 2242 2484 ibi:
2270 2449 2360 2485 Hoc
2393 2447 2472 2496 qui-

1402 2502 1487 2538 dem
1516 2502 1634 2552 igitur
1660 2503 1771 2539 habet
1790 2503 1809 2522 *
1835 2510 1904 2539 etc.
1926 2500 1940 2524 δ
1968 2502 2078 2539 Circa
2105 2502 2272 2551 primum
2309 2502 2384 2538 duo
2418 2501 2470 2537 fa-

1403 2555 1470 2592 cit:
1500 2556 1626 2605 primo
1657 2556 1767 2604 ponit
1795 2556 1991 2605 principia,
2023 2569 2067 2592 ex
2096 2555 2233 2604 quibus
2262 2555 2471 2603 assignatur

1401 2609 1495 2646 ratio
1525 2622 1642 2658 quare
1672 2609 1887 2659 superiores
1914 2611 2088 2658 planetae
2122 2616 2327 2646 moventur
2357 2608 2469 2658 pluri-

1401 2663 1472 2699 bus
1507 2663 1696 2710 motibus,
1725 2663 1894 2712 primum
1933 2671 2061 2700 autem
2096 2663 2238 2700 mobile
2270 2675 2348 2699 uno
2387 2663 2468 2699 solo

1400 2725 1509 2753 motu
1534 2718 1570 2763 *3
1600 2717 1770 2754 secundo
1793 2717 1901 2765 ponit
1928 2717 2122 2765 principia,
2145 2729 2189 2753 ex
2213 2717 2351 2765 quibus
2380 2716 2469 2752 assi-

1398 2778 1534 2817 gnatur
1561 2770 1654 2807 ratio
1679 2783 1796 2819 quare
1825 2770 2038 2819 superiores
2066 2771 2239 2819 planetae
2266 2777 2470 2806 moventur

1398 2823 1569 2872 pluribus
1598 2824 1787 2870 motibus,
1818 2824 2014 2860 inferiores
2043 2831 2171 2860 autem
2208 2823 2464 2871 paucioribus,

1399 2877 1612 2914 secundum
1644 2877 1946 2926 suppositionem
1978 2878 1997 2898 ²¹²
2026 2876 2197 2922 Eudoxi,
2222 2875 2293 2912 ibi:
2323 2877 2464 2911 Iterum

1398 2936 1523 2967 autem
1544 2931 1687 2967 alteri*
1704 2938 1772 2967 etc.
1797 2930 1906 2967 Circa
1926 2930 2093 2978 primum
2115 2929 2191 2966 duo
2213 2928 2318 2965 facit:
2337 2928 2463 2976 primo

1398 2984 1506 3032 ponit
1524 2985 1544 3005 *
1561 2984 1812 3032 principium;
1834 2983 2002 3020 secundo
2019 2982 2231 3018 manifestat
2250 2994 2318 3029 per
2337 2993 2463 3017 exem-

1398 3037 1517 3086 plum,
1539 3037 1607 3074 ibi:
1642 3037 1965 3079 Quemadmodum
1995 3036 2031 3071 in
2061 3047 2219 3082 corpore
2245 3035 2264 3054 ‘¹‘
2286 3041 2353 3070 etc.

1452 3091 1552 3128 Dicit
1580 3103 1668 3138 ergo
1684 3090 1809 3139 primo
1830 3088 1934 3137 quod
1954 3088 1991 3124 in
2010 3087 2067 3124 his
2086 3100 2184 3135 quae
2202 3095 2362 3136 possunt
2379 3100 2463 3136 per-

1397 3268 1496 3296 Ethic.,
1521 3272 1546 3291 et
1564 3267 1686 3291 omittunt
1703 3269 1729 3290 et
1749 3266 1779 3290 II
1795 3265 1900 3298 Physic.
1918 3279 1936 3283 -
1955 3265 2005 3288 Pro
2029 3264 2234 3294 attendendum,
2259 3265 2398 3291 attendere
2416 3267 2460 3291 BC

1395 3304 1557 3370 DIPssponit
1571 3337 1754 3361 solutionem...
1769 3335 1828 3359 Hoc
1846 3335 1950 3367 quidem
1971 3335 2055 3368 igitur
2069 3335 2146 3360 habet
2165 3338 2213 3360 etc.
2223 3350 2238 3354 —
2252 3336 2309 3360 Hoc
2319 3344 2372 3361 om.
2383 3337 2459 3362 codd.

1395 3382 1447 3399 exc.
1462 3375 1497 3401 Α;
1518 3380 1619 3403 nempe,
1639 3377 1667 3395 ut
1686 3371 1788 3402 saepius
1808 3370 1976 3402 scriptoribus
1996 3371 2094 3399 accidit,
2116 3371 2147 3394 ab
2171 3379 2223 3395 uno
2242 3376 2311 3396 textu
2331 3372 2407 3396 citato
2426 3373 2458 3397 ad

1394 3409 1472 3433 alium
1487 3412 1627 3431 transeunt.
1642 3407 1661 3430 P
1676 3405 1778 3438 corrigit
1791 3406 1915 3429 mendum
1935 3406 2058 3437 legendo:
2073 3406 2153 3437 ponit
2164 3406 2330 3431 solutionem.
2351 3408 2387 3432 Et
2405 3408 2458 3433 duo

1386 3444 1466 3477 facit,
1482 3443 1543 3475 quia
1552 3442 1644 3473 primo
1660 3441 1812 3473 praemittit
1820 3441 1957 3472 principia
1975 3441 2068 3473 quibus
2083 3442 2270 3474 manifestatur
2287 3443 2399 3472 solutio,·
2418 3450 2458 3468 se-

1392 3479 1479 3504 cundo
1499 3477 1634 3509 principia
1656 3476 1775 3508 applicat
1797 3476 1834 3500 ad
1851 3476 2027 3507 propositum,
2042 3476 2092 3501 ibi.-
2113 3477 2173 3502 Hoc
2188 3477 2292 3509 quidem
2313 3478 2397 3510 igitur
2410 3479 2457 3503 ha-

270 3518 377 3538 textum.
392 3514 414 3537 A
433 3514 590 3546 pergit:sed
605 3514 747 3539 multitudo
768 3519 886 3540 motuum
896 3517 1021 3548 procedit
1035 3517 1178 3541 secundum
1197 3522 1338 3546 corporum
1393 3515 1434 3538 bet
1459 3516 1508 3537 etc.
1533 3513 1621 3543 Margo
1647 3512 1681 3535 E:
1700 3511 1779 3536 solvit
1803 3512 1990 3543 quaestionem.
2019 3512 2097 3536 Circa
2120 3512 2192 3544 quod
2217 3513 2269 3537 duo
2285 3513 2368 3546 facit,
2394 3514 2458 3546 quia

269 3549 366 3577 situm,·
385 3549 460 3573 lectio
478 3550 526 3574 ista
546 3557 597 3574 non
616 3550 683 3575 bene
702 3551 824 3583 procedit,
838 3556 867 3576 ut
885 3557 955 3585 patet
962 3559 969 3582 ;
989 3552 1081 3584 BDG(1
1089 3551 1107 3583 i)
1128 3554 1298 3582 corrumpunt
1315 3549 1339 3573 si
1388 3549 1479 3580 primo
1500 3547 1579 3579 ponit
1597 3547 1727 3579 quaedam
1743 3546 1878 3578 principia
1892 3554 1944 3578 per
1963 3554 2030 3579 quae
2047 3547 2161 3572 solvitur
2185 3548 2304 3580 quaestio
2311 3556 2320 3577 ‚·
2339 3549 2454 3574 secundo

268 3584 413 3609 multitudo
426 3585 457 3608 ·in
476 3584 631 3610 similitudo.

322 3620 349 3653 γ)
370 3620 396 3645 in
422 3620 476 3644 VII
492 3620 579 3645 Ethic.
597 3624 624 3646 et
644 3621 675 3646 ΙΙ
689 3622 795 3655 Physic.
814 3636 833 3640 -
851 3622 952 3647 Omnes
979 3622 1079 3647 codices
1107 3622 1194 3653 legunt
1218 3620 1244 3644 in
1270 3619 1336 3643 libro

1391 3584 1506 3614 adaptat
1522 3583 1568 3606 illa
1582 3582 1719 3613 principia
1737 3582 1775 3606 ad
1789 3583 1957 3614 propositum
1973 3587 2021 3607 etc.
2033 3597 2053 3601 —
2066 3583 2124 3608 Lin.
2138 3591 2193 3615 seq.
2209 3591 2255 3615 pro
2266 3584 2356 3615 primo
2367 3585 2454 3616 ponit,

1389 3619 1478 3650 primo
1497 3618 1565 3642 enim
1580 3618 1658 3649 ponit
1672 3618 1803 3649 A,primo
1817 3618 1947 3649 proponit
1966 3618 1984 3642 Ρ
2005 3622 2030 3642 et
2048 3623 2096 3643 cet.
2112 3626 2164 3643 exc.
2180 3619 2210 3643 E.

2502 1866 2514 1876 ⁸
2527 1866 2551 1887 in
2566 1872 2614 1887 om.
2629 1872 2653 1888 n.

2502 1919 2512 1930 ⁸*
2522 1918 2578 1966 C'i'ei'
2589 1924 2639 1944 vui,
2650 1924 2673 1940 n.
2683 1926 2710 1945 4;

2502 1944 2527 1966 S.
2577 1961 2582 1966 .
2595 1945 2646 1967 lect.
2662 1951 2714 1967 vlu.

2503 1973 2511 1981 ”
2527 1971 2584 1999 Cap.
2599 1978 2634 1996 ix,
2656 1978 2680 1993 n.
2700 1978 2712 2000 3

2502 2004 2566 2025 sqq-t
2575 1997 2650 2020 S-Th.
2659 1999 2711 2020 lect.

2501 2031 2538 2051 xv,
2554 2031 2597 2052 n.5
2612 2031 2650 2052 sq.

2597 2060 2614 2087 Υ

2501 2137 2510 2144 “
2525 2136 2610 2156 motum
2620 2134 2713 2156 codices

2502 2167 2552 2183 exc.
2565 2167 2607 2183 m.

2498 2511 2508 2520 ¹
2523 2510 2631 2546 Num,R6.

2496 2728 2506 2737 '
2513 2729 2575 2748 motu
2583 2733 2630 2748 om.
2638 2726 2708 2748 codd.

2492 2885 2706 2912 *suppositiones-A.

2491 2938 2500 2947 ⁸
2516 2937 2586 2958 Num.
2601 2944 2650 2965 seq.

2490 2992 2500 3000 ·’
2510 2991 2626 3018 proponit
2638 2997 2676 3012 Ao.

2490 3047 2500 3057 '
2510 3047 2570 3068 Infra
2581 3047 2625 3068 hoc
2637 3053 2704 3069 num.
