2782 4134
1156 257 1268 294 CAP.
1298 257 1384 305 Vll,
1416 257 1568 295 LECT.
1598 259 1633 295 X

2422 265 2490 301 155

1001 534 1364 592 LECTIO
1419 538 1793 595 DECIMA

1121 703 1179 734 DE
1201 704 1384 736 NATURA
1408 705 1671 738 STELLARUM

294 854 370 898 Περὶ
395 850 434 886 δὲ
457 853 524 898 τρν
557 854 776 900 καλουμένων
808 855 939 902 ἄστρων
973 857 1138 902 ἑπόμενον
1168 857 1206 891 ἀν
1234 861 1282 896 εἴη
1312 859 1369 892 λε’-

362 909 452 944 γειν,
479 896 516 931 ἐκ
541 902 640 931 τίνων
666 912 704 933 τε
729 902 911 934 συνεστᾶσι
935 903 994 934 καὶ
1021 902 1053 935 ἐν
1080 904 1188 940 ποίοις
1213 904 1369 949 σχήμασι

361 945 420 975 καὶ
446 944 534 982 τίνες
560 946 595 976 αἱ
620 944 766 983 κινήσεις
789 946 917 979 αὐτῶν.
1090 953 1105 968 ·

293 986 546 1034 Εὗλογῶτατον
570 983 616 1026 δή
639 991 698 1021 καὶ
724 994 795 1027 τοῖς
820 988 1004 1035 εἰρημένοις
1031 991 1196 1035 ἑπόμενον
1221 993 1302 1047 ἡμῖν
1327 994 1369 1026 τὸ

361 1029 508 1067 ἕκαστον
533 1034 601 1067 τῶν
628 1034 760 1076 ἀστρων
787 1039 896 1067 ποιεῖν
917 1035 955 1067 ἐκ
979 1035 1109 1068 τούτου
1126 1038 1189 1069 τοῦ
1206 1049 1368 1082 σωματος

361 1076 395 1109 ἐν
421 1076 445 1118 ᾦ
471 1077 636 1130 τυγχάνει
670 1078 735 1116 τήν
767 1079 872 1124 φοροὶν
898 1079 1000 1124 ἔχον,
1026 1075 1146 1118 ἐπειδὴ
1179 1081 1307 1126 ἔφαμέν
1334 1094 1368 1114 τι

286 1164 288 1166 v
361 1116 448 1153 εἶναι
473 1122 490 1154 ὃ
514 1124 626 1164 κυκλῳ
651 1122 808 1169 φέρεσθαι
834 1123 997 1169 πέφυκεν·
1327 1159 1329 1161 ,

292 1163 492 1224 me.
510 1169 544 1198 οἱ
565 1166 690 1209 πύρινα
713 1167 901 1211 φοίσκοντες
926 1165 1012 1200 εἶναι
1036 1163 1096 1201 διαὶ
1120 1170 1227 1203 τοῦτο
1250 1169 1368 1216 λέγου-

272 1218 311 1226 r·
360 1220 425 1252 σιν,
444 1209 498 1243 ὅτι
531 1211 573 1244 τὸ
600 1211 668 1244 ἄνω
692 1214 791 1257 σῶμα
816 1214 881 1258 πῦρ
907 1209 992 1244 εἷναί
1017 1224 1132 1256 φασιν,
1157 1215 1200 1251 ὠς
1226 1213 1366 1261 εὔλογον

361 1251 396 1285 ὂν
432 1254 580 1288 ἕκαστον
615 1257 822 1290 συνεστάναι
848 1258 885 1290 ἐκ
911 1256 1046 1289 τούτων
1073 1258 1106 1290 ἐν
1141 1258 1188 1296 οἷς
1220 1257 1367 1292 ἕκαστον

359 1298 467 1342 ἐστίν,
485 1301 607 1344 ὁμοίως
631 1303 689 1333 καὶ
715 1303 811 1344 ἡμεῖς
835 1301 991 1356 λέγομεν.

287 1347 332 1380 Ἦ
354 1337 394 1374 δὲ
409 1343 575 1390 θερμότης
595 1345 654 1378 ἀπ’
677 1344 790 1380 αὐτῶν
815 1349 872 1379 καὶ
891 1358 933 1379 το
950 1346 1015 1390 φῶς
1032 1348 1167 1391 γίνεται
1185 1358 1367 1392 παρεκτρι-

361 1386 504 1434 βομένου
529 1390 593 1422 τοῦ
620 1389 716 1435 ἀέρος
741 1390 809 1423 ond
840 1392 903 1429 τῆς
930 1389 1062 1422 ἐκείνων
1088 1391 1203 1436 φορᾶς.
1239 1390 1365 1435 Πέφυκε

386 1433 426 1480 ἀρ
450 1435 472 1472 ἠ
496 1436 623 1472 κίνησις
648 1432 810 1480 ἐκπυροῦν
835 1437 892 1468 καὶ
918 1433 1006 1476 ξύλα
1029 1435 1090 1466 καὶ
1105 1433 1216 1473 λίθους
1241 1437 1300 1468 καὶ
1316 1438 1367 1468 σί-

357 1442 478 1524 ἔηρον·
506 1478 586 1511 εὗλο
612 1477 738 1521 ὥτερον
771 1477 828 1512 οὖν
862 1479 904 1512 τὸ
936 1477 974 1525 ἐγ
1001 1477 1119 1523 ύτερον
1153 1480 1216 1512 τοῦ
1249 1480 1364 1525 πυρός,

357 1522 543 1571 ἐγγύτερον
567 1491 610 1555 δῖ
631 1524 648 1555 ὁ
676 1523 741 1568 ἀῆρ
768 1524 837 1556 οῐον
859 1526 918 1556 καὶ
943 1522 987 1556 ἐπ
1017 1524 1085 1555 τῶν
1103 1523 1292 1568 φερομένων
1311 1526 1363 1565 βε-

355 1569 442 1601 λῶν·
468 1568 587 1601 ταῦτα
610 1567 677 1613 γάρ
702 1567 799 1601 αὐτοὶ
822 1566 1033 1613 ἐκπυροῦται
1059 1566 1166 1607 οὕτως
1191 1568 1280 1602 ὥστε
1302 1569 1365 1606 τή-

355 1610 475 1646 κεσθαι
499 1610 564 1649 τοὶς
588 1607 811 1657 μολυβδίδας,
835 1615 894 1646 καὶ
920 1613 1058 1657 ἐπείπερ
1085 1612 1182 1646 αὐτοὶ
1202 1611 1365 1659 ἐκπυροῦ-

356 1668 439 1698 ται,
466 1655 598 1702 ἀνάγκη
631 1658 691 1690 καὶ
715 1657 776 1690 τὸν
801 1656 911 1699 κύκλῳ
942 1657 1056 1690 αὐτῶν
1093 1656 1177 1702 ἀέρα
1202 1657 1244 1690 τό
1275 1659 1364 1692 αὑτό

357 1702 466 1735 τοῦτο
492 1702 651 1748 πάσχειν.

280 1744 414 1780 ‘lasea
438 1745 498 1790 μὲν
524 1744 582 1778 οὖν
609 1743 707 1778 αὐτοὶ
731 1744 990 1791 ἐκθερμαίνεται
1014 1740 1074 1777 διαὶ
1099 1746 1141 1778 τὸ
1158 1747 1192 1778 ἐν
1212 1745 1284 1791 ἀέρι
1308 1747 1365 1790 φέ-

355 1790 483 1836 ρεσθαι,
504 1790 538 1828 ὃς
562 1785 623 1823 διαὶ
646 1790 710 1827 τήν
737 1791 873 1837 πληγὴν
891 1791 937 1833 τῇ
954 1788 1085 1826 κινήσει
1102 1792 1260 1837 γίγνεται
1278 1793 1360 1836 πῦρ·

355 1836 424 1869 τῶν
447 1830 486 1867 δὲ
513 1835 581 1868 α”νω
614 1834 762 1868 ἕκαστον
795 1836 829 1868 ἐν
860 1836 906 1878 τῇ
935 1838 1061 1880 σφαίρᾳ
1091 1834 1252 1880 φέρεται,
1278 1835 1358 1869 ὥστ’

357 1877 453 1912 αὐτοὶ
482 1880 543 1924 μὲν
575 1880 623 1923 μή
649 1878 900 1923 ἐκπυροῦσθαι,
927 1881 991 1912 τοῦ
1022 1875 1055 1912 δ’
1083 1878 1179 1922 ἀέρος
1205 1880 1272 1913 ὑπὸ
1297 1880 1362 1918 τήν

356 1925 420 1958 τοῦ
443 1925 604 1956 κυκλικοῦ
627 1923 675 1956 cui
704 1935 787 1962 ατος
813 1928 957 1969 σφαῖραν
984 1923 1081 1963 ὄντος
1108 1924 1241 1971 ἀνάγκη
1268 1936 1365 1970 φερο-

355 1967 456 2013 μένης
482 1968 608 2007 ἐκείνης
634 1969 670 2001 ἐκ
694 1967 931 2024 ερμαίνεσθαι,

285 2013 347 2050 καὶ
371 2012 490 2070 ταύτῃ
520 2013 678 2057 μάλιστα
705 2025 724 2056 ῃ
752 2014 768 2045 ὁ
792 2012 886 2051 ἥλιος
913 2012 1106 2059 τετύχηκεν
1132 2009 1360 2058 ἐνδεδεμένος.

355 2058 412 2090 Διὸ
436 2053 482 2095 δη
506 2057 760 2101 πλησιάζοντός
785 2070 824 2091 τε
850 2059 962 2091 αὐτοῦ
985 2060 1044 2091 καὶ
1071 2056 1273 2104 ἀνίσχοντος
1302 2060 1362 2091 καὶ

355 2101 438 2146 ὖπὲρ
463 2103 553 2158 ἡμᾶς
579 2102 677 2140 ὄντος
701 2105 860 2148 γίγνεται
878 2104 900 2140 ἦ
917 2101 1097 2157 θερμότης.

277 2144 357 2180 Ὀτι
383 2146 444 2191 μὲν
466 2158 523 2179 ουν
549 2146 630 2179 οὔτε
655 2145 780 2191 πύρινοί
805 2147 897 2179 ἐστιν
924 2148 997 2179 ουτ’
1028 2148 1062 2180 ἐν
1087 2149 1164 2191 πυρὶ
1196 2146 1358 2192 φέρεται,

355 2189 454 2224 ταῦθ’
475 2192 554 2235 ἡμῖν
579 2189 723 2235 εἰρήσθω
748 2192 823 2234 περὶ
848 2191 976 2224 αὐτῶν.

347 2296 498 2325 Smorsss.
516 2313 550 2318 —
572 2306 595 2325 1.
617 2297 831 2335 Argumentum
845 2303 874 2326 et
888 2296 992 2326 divisio
1010 2303 1112 2326 textus.
1128 2314 1148 2319 —
1162 2304 1190 2326 2.
1206 2297 1282 2333 Quia
1296 2297 1361 2326 loca

286 2342 507 2374 consequuntur
526 2343 644 2365 naturas
665 2346 832 2374 corporum,
854 2336 1026 2366 rationabile
1047 2344 1090 2365 est
1110 2337 1222 2366 stellam
1244 2346 1307 2366 esse
1324 2338 1360 2366 de

283 2382 390 2405 natura
409 2376 550 2413 sphaerae
568 2375 599 2404 in
613 2385 672 2414 qua
685 2383 828 2406 movetur.
843 2377 980 2414 Sequitur
1000 2377 1057 2406 hoc
1071 2376 1158 2406 etiam
1179 2386 1214 2406 ex
1228 2386 1265 2406 eo
1279 2378 1360 2415 quod

284 2415 334 2446 lib.
355 2417 383 2452 1,
403 2415 468 2444 lect.
489 2424 535 2452 rv,
557 2415 668 2445 dictum
689 2423 732 2445 est
753 2417 866 2446 caelum
886 2417 974 2446 aliam
995 2418 1031 2446 ab
1055 2416 1204 2446 elementis
1225 2423 1359 2446 naturam

283 2454 400 2492 habere,
416 2455 486 2493 quia
499 2462 615 2484 motum
629 2455 798 2485 circularem
812 2456 913 2493 habet;
928 2457 1010 2494 quod
1025 2463 1053 2485 et
1067 2456 1154 2485 stellis
1168 2457 1360 2494 applicatur.-

286 2495 314 2525 3.
325 2495 477 2524 Dubitan'o
486 2495 596 2534 prima.
613 2495 766 2525 Stellarum
781 2505 907 2534 corpora
916 2503 984 2525 sunt
994 2496 1098 2532 lucida,
1110 2503 1139 2525 et
1148 2496 1283 2525 videntur
1297 2505 1360 2525 esse

283 2534 424 2573 spissiora
444 2545 535 2573 quam
555 2545 682 2573 corpora
701 2537 908 2573 sphaerarum
923 2536 1037 2565 videtur
1050 2546 1120 2574 ergo
1137 2537 1220 2574 quod
1234 2546 1359 2573 corpora

284 2575 418 2605 caelestia
437 2575 563 2604 habeant
583 2575 712 2613 aliquam
734 2576 966 2606 contrarietatem
987 2577 1026 2605 ad
1045 2576 1184 2613 invicem,
1206 2583 1235 2605 et
1255 2586 1358 2606 conse-

283 2621 408 2654 quenter
428 2614 485 2644 sint
505 2615 966 2654 corruptibilia.-Respondetur.
986 2617 1024 2645 Ut
1044 2616 1142 2654 aliqua
1162 2616 1275 2645 diversa
1301 2616 1359 2645 sint

285 2655 445 2691 contraria,
467 2661 584 2692 oportet
604 2656 686 2693 quod
707 2662 776 2684 nata
797 2655 854 2684 sint
875 2665 937 2684 esse
958 2655 988 2684 in
1009 2657 1115 2685 eodem
1136 2657 1266 2685 subiecto
1289 2666 1358 2693 pro-

283 2694 363 2724 ximo
377 2695 424 2724 vel
441 2701 568 2731 remoto,
582 2701 612 2724 et
623 2695 706 2732 quod
720 2702 824 2725 mutuo
838 2705 869 2725 se
883 2696 1035 2733 expellant.
1055 2697 1180 2726 Formae
1200 2703 1298 2725 autem
1312 2697 1358 2726 vel

283 2734 437 2773 qualitates
457 2734 587 2764 diversae
607 2735 775 2764 caelestium
795 2745 954 2773 corporum
974 2737 1056 2765 nullo
1070 2737 1163 2766 modo
1184 2743 1252 2765 sunt
1272 2743 1357 2765 natae

283 2783 346 2804 esse
373 2774 405 2803 in
425 2774 531 2804 eodem
552 2774 698 2812 subiecto,
720 2785 788 2804 cum
808 2785 914 2813 corpus
935 2777 1033 2805 stellae
1053 2783 1180 2814 nequeat
1199 2776 1298 2805 reduci
1319 2777 1357 2805 ad

283 2814 506 2852 dispositionem
519 2821 680 2844 ceterarum
693 2815 820 2852 partium
834 2816 982 2853 sphaerae,
996 2825 1051 2845 nec
1066 2826 1082 2844 e
1099 2825 1252 2845 converso.
1268 2816 1356 2845 Simi-

281 2853 347 2884 liter
373 2854 461 2884 etiam
487 2855 639 2892 qualitates
666 2855 828 2884 contrariae
848 2855 1018 2884 inferiorum
1046 2865 1204 2893 corporum
1231 2862 1298 2885 sunt
1325 2856 1356 2884 in

249 2926 251 2929 ⁸
280 2894 454 2932 corporibus
474 2895 645 2924 caelestibus
666 2904 728 2924 non
749 2895 868 2932 quidem
889 2895 1022 2932 univoce,
1043 2897 1095 2924 sed
1116 2896 1190 2925 sieut
1210 2896 1240 2924 in
1261 2896 1355 2925 causis

279 2934 499 2970 universalibus,
521 2944 572 2972 per
586 2935 735 2972 quandam
757 2935 993 2972 similitudinem3
1015 2942 1043 2964 et
1063 2935 1131 2965 ideo
1151 2945 1214 2965 non
1235 2942 1303 2964 sunt
1323 2936 1355 2965 in

280 2973 336 3002 illis
356 2975 411 3002 sub
425 2973 538 3003 ratione
558 2974 844 3011 contrarietatis-4.
867 2975 1018 3004 Dubitatio
1038 2977 1176 3004 secunda.
1190 2977 1267 3004 Inter
1287 2977 1354 3005 stel-

279 3013 323 3042 las
343 3020 372 3042 et
391 3013 518 3051 reliquas
537 3021 637 3051 partes
659 3015 849 3052 sphaerarum
870 3022 989 3052 apparet
1008 3015 1173 3052 diversitas3
1195 3025 1264 3053 ergo
1288 3025 1353 3045 cor-

278 3062 353 3090 pora
373 3053 508 3082 caelestia
527 3063 590 3083 non
616 3061 684 3084 sunt
703 3054 848 3092 simplicia
874 3065 1008 3093 corpora.
1019 3072 1038 3076 —
1049 3053 1354 3094 RespondeturssSunt

278 3092 420 3130 simplicia
434 3093 608 3130 inquantum
621 3104 684 3123 non
704 3101 924 3132 componuntur
944 3105 978 3124 ex
999 3095 1150 3124 contrariis
1168 3095 1294 3132 naturis;
1310 3103 1354 3124 est

277 3139 377 3161 tamen
386 3133 417 3161 in
429 3132 470 3161 eis
481 3133 630 3162 diversitas
640 3134 738 3172 aliqua
748 3135 909 3163 secundum
919 3142 1054 3164 naturam
1066 3135 1180 3172 speciei.
1192 3153 1211 3158 -
1224 3135 1250 3164 5.
1263 3137 1352 3171 Quod

278 3172 388 3201 dictum
409 3179 453 3202 est
473 3173 549 3202 circa
575 3180 710 3203 naturam
730 3175 895 3211 stellarum,
916 3182 1060 3204 consonat
1079 3175 1240 3213 aliqualiter
1268 3176 1351 3204 dictis

277 3221 381 3241 eorum
408 3212 459 3250 qui
487 3219 603 3250 ponunt
629 3213 725 3243 stellas
756 3223 818 3243 esse
849 3214 961 3252 igneas:
983 3216 1040 3244 hoc
1061 3215 1140 3244 enim
1162 3215 1262 3244 dicunt
1283 3215 1351 3253 quia

277 3252 398 3281 caeleste
425 3262 532 3290 corpus
552 3252 671 3290 igneum
697 3263 760 3282 esse
787 3253 959 3284 existimant.
974 3272 994 3277 —
1008 3257 1036 3284 6.
1060 3255 1209 3284 Obiiciunt
1230 3255 1350 3292 quidam

275 3292 371 3321 stellas
391 3292 494 3330 igneae
514 3302 577 3321 esse
591 3299 721 3329 naturae,
735 3293 806 3331 quia
825 3294 996 3324 calefaciunt
1016 3301 1045 3323 et
1061 3295 1264 3324 illuminant.-
1274 3296 1349 3323 Sub-

275 3331 379 3361 divisio
393 3338 495 3362 textus.
510 3350 531 3355 -
544 3333 712 3362 Excluditus
732 3333 868 3363 obiectio.
891 3335 980 3364 Calor
1007 3341 1035 3363 et
1055 3335 1155 3363 lumen
1175 3341 1350 3372 generantur

275 3380 293 3399 a
313 3371 401 3400 stellis
421 3381 474 3409 per
494 3372 701 3402 contritionem
719 3373 778 3402 sive
799 3374 1038 3403 confricationem
1052 3374 1126 3403 aeris
1148 3384 1182 3402 ex
1203 3381 1286 3402 motu
1300 3383 1347 3402 ea-

273 3420 356 3439 rum:
378 3418 492 3440 motum
513 3412 592 3441 enim
612 3419 715 3442 natum
729 3423 791 3442 esse
805 3413 906 3451 ignire,
921 3421 1035 3443 constat
1048 3414 1181 3450 exemplo
1196 3414 1283 3442 etiam
1302 3423 1348 3441 sa-

273 3450 420 3488 gittarum,
431 3461 555 3489 quarum
568 3462 635 3490 pars
649 3453 786 3490 plumbea
800 3463 834 3482 ex
848 3453 1030 3483 vehementia
1041 3460 1139 3481 motus
1150 3453 1265 3490 ignitur,
1277 3462 1346 3489 pro-

273 3496 337 3527 pter
358 3491 575 3520 calefactionem
602 3493 676 3521 aeris
698 3492 919 3522 circumstantis.
938 3510 958 3515 —
979 3503 1006 3530 7.
1029 3493 1132 3521 Stellae
1159 3499 1257 3520 tamen
1284 3502 1346 3520 non

273 3529 422 3567 igniuntur
441 3540 494 3568 per
514 3538 644 3568 motum,
659 3539 724 3561 tum
745 3532 814 3570 quia
833 3533 921 3570 longe
935 3533 971 3561 ab
989 3541 1054 3561 aere
1069 3532 1185 3567 distant,
1199 3538 1263 3559 tum
1278 3531 1346 3568 quia

272 3570 441 3607 peregrinae
454 3570 654 3608 impressionis
667 3582 729 3601 non
741 3579 808 3601 sunt
819 3572 1012 3609 susceptivae:
1028 3572 1080 3600 sed
1094 3580 1128 3599 ex
1145 3577 1227 3599 motu
1241 3571 1344 3607 sphae-

273 3618 322 3639 rae
336 3610 465 3639 caelestis
480 3611 594 3640 calescit
607 3621 657 3641 aer
671 3612 756 3641 etiarn
771 3612 897 3641 inferior.
914 3629 933 3634 -
947 3612 975 3640 8.
986 3612 1029 3639 Ex
1043 3611 1100 3639 hoc
1121 3611 1201 3647 quod
1222 3611 1345 3646 sphaera

1426 866 1443 885 *
1457 867 1506 898 De
1530 869 1649 900 vocatis
1673 878 1780 902 autem
1803 873 1892 903 astn's
1910 883 2107 915 consequens
2132 873 2242 916 utique
2262 874 2320 905 erit
2335 873 2436 905 dicere
2460 885 2496 906 ex

1493 912 1610 954 quibus
1640 923 1802 954 constant,
1827 923 1857 948 et
1885 917 1918 947 in
1942 917 2058 958 quibus
2087 917 2215 959 figuris,
2239 924 2270 949 et
2301 918 2357 960 qui
2387 925 2496 950 motus

1493 967 1616 989 eorum.

1425 1000 1753 1034 Rationabilissimum
1768 1011 1876 1035 autem
1892 1012 1922 1036 et
1937 1006 2026 1037 dictis
2042 1016 2240 1048 consequens
2259 1007 2362 1046 nobis,
2379 1017 2495 1038 unum-

1493 1047 1646 1088 quodque
1679 1054 1838 1079 astrorum
1867 1049 1967 1080 facere
1998 1061 2034 1082 ex
2062 1052 2176 1082 eodem
2209 1061 2341 1092 corpore
2371 1052 2404 1082 in
2427 1062 2494 1093 quo

1493 1091 1595 1123 existit
1602 1092 1757 1124 lationem
1770 1092 1906 1132 habens3
1923 1095 2079 1135 quoniam
2094 1095 2277 1127 dicebamus
2293 1096 2413 1138 aliquid
2428 1106 2494 1127 esse

1491 1135 1580 1175 quod
1604 1136 1798 1167 circumferri
1821 1144 1933 1168 natum
1956 1146 2011 1170 est.

1425 1177 1514 1209 Sicut
1537 1179 1623 1210 enim
1638 1180 1730 1222 ignea
1755 1181 1893 1212 dicentes
1917 1193 2003 1222 esse,
2027 1190 2157 1224 propter
2190 1184 2252 1215 hoc
2277 1184 2386 1216 dicunt
2419 1185 2495 1226 quia

1492 1224 1582 1264 quod
1605 1234 1733 1256 sursum
1757 1235 1873 1266 corpus
1897 1226 2003 1268 ignem
2027 1237 2093 1258 esse
2113 1228 2232 1267 dicunt,
2251 1235 2288 1260 ut
2310 1229 2494 1261 rationabile

1492 1267 1626 1299 existens
1643 1271 1901 1311 unumquodque
1916 1279 2058 1303 constare
2075 1282 2112 1303 ex
2130 1272 2178 1303 his
2194 1273 2227 1303 in
2243 1273 2359 1314 quibus
2376 1283 2491 1305 unum-

1490 1313 1646 1354 quodque
1669 1321 1735 1352 est,
1759 1314 1901 1346 similiter
1924 1322 1956 1347 et
1977 1326 2037 1348 nos
2061 1317 2206 1348 dicimus.

1423 1352 1441 1371 *
1456 1353 1555 1387 Calor
1576 1364 1685 1389 autem
1707 1359 1746 1390 ab
1769 1359 1845 1400 ipsis
1863 1367 1894 1391 et
1916 1360 2027 1391 lumen
2049 1368 2232 1401 generatur,
2242 1361 2347 1392 attrito
2367 1372 2436 1393 aere
2453 1363 2492 1393 ab

1490 1399 1621 1432 illorum
1643 1402 1770 1434 latione.
1795 1403 1896 1434 Natus
1920 1411 1966 1435 est
1990 1404 2075 1435 enim
2102 1412 2211 1436 motus
2233 1405 2332 1446 ignire
2356 1413 2386 1437 et
2407 1406 2493 1447 ligna

1490 1451 1521 1477 et
1550 1446 1671 1487 lapides
1695 1454 1726 1478 et
1749 1447 1883 1479 ferrum:
1908 1448 2124 1480 rationabilius
2154 1449 2250 1490 igitur
2279 1450 2492 1492 propinquius

1487 1489 1564 1530 igni,
1589 1491 1802 1532 propinquius
1829 1499 1937 1523 autem
1961 1503 2023 1531 aer,
2047 1493 2135 1524 velut
2157 1500 2188 1524 et
2210 1494 2242 1523 in
2265 1493 2335 1524 latis
2359 1495 2489 1535 sagittis.

1489 1534 1558 1565 Hae
1581 1534 1668 1575 ipsae
1691 1535 1778 1566 enim
1795 1535 1959 1576 igniuntur
1982 1537 2025 1568 sic
2049 1544 2084 1568 ut
2106 1537 2282 1578 liquescant
2304 1538 2491 1578 plumbeae:

1489 1585 1520 1609 et
1542 1579 1698 1619 quoniam
1715 1580 1882 1620 igniuntur
1904 1581 1992 1619 istae,
2013 1591 2138 1612 necesse
2158 1589 2205 1613 est
2227 1589 2258 1613 et
2281 1592 2356 1613 eum
2379 1583 2435 1624 qui
2458 1583 2491 1614 in

1489 1622 1621 1654 circuitu
1645 1624 1787 1664 ipsarum
1809 1634 1926 1664 aerem,
1949 1625 2012 1657 hoc
2035 1626 2143 1666 ipsum
2165 1626 2240 1666 pati.

1422 1748 1494 1779 Hae
1510 1748 1642 1790 quidem
1657 1748 1744 1789 ipsae
1758 1749 1954 1780 incalescunt
1969 1757 2098 1791 propter
2113 1751 2147 1781 in
2162 1760 2232 1781 aere
2248 1751 2330 1790 ferri,
2341 1751 2397 1792 qui
2414 1762 2488 1792 pro-

1489 1799 1558 1834 pter
1572 1793 1700 1833 plagam
1714 1800 1808 1824 motu
1824 1793 1860 1824 fit
1874 1794 1964 1834 ignis.
1982 1794 2106 1826 Eorum
2122 1802 2230 1826 autem
2247 1805 2328 1836 quae
2349 1806 2489 1835 sursum,

1488 1838 1748 1878 unumquodque
1771 1838 1804 1868 in
1827 1838 1962 1878 sphaera
1984 1838 2100 1878 fertur,
2119 1846 2155 1870 ut
2177 1839 2246 1880 ipsa
2269 1839 2399 1881 quidem
2423 1850 2489 1871 non

1486 1881 1662 1922 igniantur:
1678 1892 1783 1913 aerem
1807 1889 1914 1913 autem
1933 1883 1992 1913 sub
2017 1883 2174 1914 circularis
2199 1883 2339 1924 corporis
2359 1883 2491 1924 sphaera

1487 1926 1683 1965 existentem,
1707 1936 1833 1958 necesse
1857 1931 1914 1966 est,
1938 1927 2000 1958 lata
2023 1926 2087 1967 illa,
2111 1927 2305 1959 incalescere.

1418 2013 1460 2045 Et
1482 2014 1541 2045 hac
1570 2015 1707 2045 maxime
1730 2015 1781 2046 cui
1814 2016 1864 2046 sol
1894 2022 1977 2047 extat
1999 2015 2125 2048 infixus.
2148 2017 2282 2057 Propter
2309 2017 2408 2057 quod,
2433 2027 2489 2057 ap-

1484 2059 1685 2099 proximante
1707 2059 1790 2100 ipso,
1810 2066 1842 2091 et
1864 2060 1984 2091 oriente
2008 2068 2039 2092 et
2062 2071 2157 2102 super
2180 2071 2240 2092 nos
2263 2060 2422 2100 existente,
2437 2071 2489 2101 ge-

1485 2111 1612 2134 neratur
1635 2103 1729 2135 calor.

1418 2149 1517 2187 Quod
1541 2148 1674 2190 quidem
1696 2148 1792 2189 igitur
1820 2158 1924 2190 neque
1940 2149 2033 2189 ignea
2055 2156 2144 2188 sunt,
2164 2159 2268 2190 neque
2291 2149 2325 2180 in
2348 2149 2420 2190 igne
2443 2149 2489 2180 fe-

1485 2199 1614 2232 runtur,
1638 2199 1763 2224 tantum
1793 2193 1885 2223 nobis
1914 2193 2035 2224 dictum
2064 2194 2104 2224 sit
2134 2194 2172 2224 de
2196 2193 2282 2234 ipsis.

1416 2297 1546 2326 caelestis
1574 2297 1712 2326 continue
1733 2304 1883 2333 movetur,
1910 2307 1972 2326 non
2000 2298 2129 2336 sequitur
2150 2299 2231 2335 quod
2258 2299 2337 2327 calor
2364 2298 2395 2326 in
2422 2307 2487 2327 aere

1415 2337 1520 2366 debeat
1545 2346 1660 2374 semper
1679 2347 1742 2366 esse
1763 2338 1907 2374 aequalis:
1920 2337 2054 2366 'maxime
2081 2337 2159 2366 enim
2180 2338 2324 2374 dependet
2345 2347 2379 2366 ex
2404 2344 2487 2367 motu

1414 2377 1554 2414 sphaerae
1575 2377 1659 2413 solis,
1688 2384 1716 2406 et
1737 2387 1771 2406 ex
1791 2378 1853 2406 eius
1874 2378 2090 2415 propinquitate
2109 2378 2148 2406 ad
2169 2387 2233 2406 nos.
2255 2394 2275 2400 -
2294 2378 2442 2416 Epilogus.
2467 2394 2487 2398 -

1415 2426 1444 2453 9.
1460 2417 1590 2446 Dubium
1599 2417 1742 2456 primum.
1758 2418 1790 2446 In
1804 2417 1995 2455 responsione
2010 2418 2078 2446 data
2092 2419 2183 2453 (num.
2196 2418 2224 2453 6)
2240 2417 2311 2446 nihil
2325 2418 2361 2446 de
2376 2417 2486 2446 lumine

1415 2456 1484 2485 dixit
1505 2457 1690 2493 Aristoteles3
1712 2467 1781 2495 ergo
1802 2455 2011 2486 insufficienter
2031 2466 2093 2486 rem
2110 2457 2249 2486 tractavit.
2264 2474 2283 2479 -
2297 2457 2405 2486 Relicta
2418 2457 2486 2485 Ale-

1414 2497 1516 2525 xandn·
1527 2497 1683 2533 solutione,
1693 2498 1887 2534 respondetur
1897 2497 2111 2534 Philosophum
2121 2503 2278 2534 utrumque
2288 2497 2486 2526 manifestasse

1414 2537 1598 2566 ostendendo
1619 2545 1654 2566 ex
1674 2544 1757 2566 motu
1771 2537 1919 2566 stellarum
1940 2537 2025 2575 igniri
2050 2537 2187 2566 inferiora
2207 2546 2346 2574 corpora:
2367 2537 2398 2566 in
2419 2537 2485 2575 igne

1413 2576 1491 2604 enim
1506 2576 1650 2605 invenitur
1663 2577 1743 2606 calor
1757 2584 1785 2606 et
1795 2576 1903 2605 lumen.
1915 2594 1934 2599 -
1949 2587 1992 2606 10.
2008 2577 2138 2605 Dubium
2149 2578 2317 2605 secundum.
2332 2577 2485 2605 Undenam

1412 2617 1518 2645 habeat
1539 2624 1637 2645 motus
1662 2617 1797 2645 virtutem
1822 2617 1950 2654 igniendi
1979 2616 2038 2645 sive
2065 2616 2257 2645 calefaciendi.
2279 2633 2299 2639 -
2319 2617 2486 2653 Respondet

1411 2657 1555 2685 Averroes
1583 2656 1736 2694 proprium
1756 2665 1819 2686 esse
1846 2657 1931 2686 calidi
1958 2665 2021 2686 esse
2049 2656 2167 2685 mobile.
2194 2657 2252 2685 Sed
2279 2657 2351 2685 haec
2378 2656 2484 2685 solutio

1412 2696 1526 2726 admitti
1547 2697 1662 2735 nequit:
1684 2706 1754 2726 nam
1775 2697 1912 2726 omnibus
1934 2697 2105 2734 corporibus
2126 2696 2304 2726 naturalibus
2319 2697 2487 2726 communis

1412 2742 1456 2764 est
1476 2743 1591 2773 motus;
1612 2743 1641 2766 et
1661 2743 1818 2773 praeterea,
1831 2737 1910 2766 calor
1924 2737 1964 2765 sic
1978 2737 2071 2775 magis
2085 2743 2160 2765 esset
2174 2746 2260 2765 causa
2281 2743 2378 2765 motus
2394 2746 2482 2774 quam

1412 2785 1428 2804 e
1443 2785 1594 2806 converso.
1605 2778 1709 2805 —Vera
1722 2776 1885 2814 responsio.
1901 2778 1998 2805 Motus
2013 2777 2121 2812 localis,
2137 2776 2205 2814 quia
2216 2776 2327 2813 primus
2337 2783 2480 2812 motuum,

1411 2822 1456 2844 est
1468 2825 1556 2845 causa
1570 2823 1751 2854 ceterorum;
1773 2816 1927 2854 praecipue
1948 2817 2059 2854 primae
2082 2816 2267 2851 alterationis,
2281 2825 2356 2853 quae
2371 2822 2414 2844 est
2434 2825 2481 2844 ca-

1410 2856 1535 2885 lefactio.
1549 2873 1569 2879 -
1588 2867 1597 2885 1
1609 2867 1631 2885 1.
1647 2857 1778 2885 Dubium
1793 2857 1920 2885 tertium.
1937 2857 2097 2892 Quomodo
2112 2866 2146 2885 ex
2160 2863 2243 2884 motu
2257 2856 2326 2884 solis
2347 2861 2480 2884 causetur

1411 2896 1491 2925 calor
1503 2896 1534 2925 in
1548 2906 1614 2925 aere
1635 2904 1663 2925 et
1683 2897 1758 2934 igne,
1774 2906 1841 2925 cum
1860 2906 1878 2925 a
1897 2897 1958 2925 sole
1978 2906 2041 2925 non
2062 2902 2216 2933 tangantur
2236 2895 2410 2930 immediate,
2426 2904 2479 2923 nec

1410 2935 1543 2965 calefiant
1563 2946 1688 2974 corpora
1708 2936 1840 2965 caelestia
1861 2936 1966 2965 media.
1982 2953 2001 2958 -
2019 2936 2188 2973 Respondet
2207 2935 2379 2963 Alexander
2398 2935 2479 2971 quod

1409 2975 1562 3013 impressio
1584 2977 1653 3005 solis
1674 2977 1804 3014 pervenit
1825 2977 1862 3004 ad
1883 2985 2007 3012 corpora
2034 2975 2168 3004 inferiora
2188 2983 2240 3010 per
2261 2975 2381 3002 modum
2404 2974 2477 3002 cale-

1409 3016 1542 3045 factionis
1562 3017 1758 3045 mediantibus
1778 3016 1950 3053 corporibus
1971 3015 2140 3043 caelestibus
2161 3013 2281 3049 mediis,
2307 3013 2411 3050 quibus
2432 3013 2477 3042 sol

1409 3055 1549 3093 imprimit
1569 3056 1687 3094 aliquid,
1703 3056 1769 3085 licet
1782 3066 1844 3084 non
1858 3054 2083 3084 calefactionem.
2099 3051 2259 3081 Difficultas
2281 3059 2381 3081 contra
2402 3053 2476 3081 hanc

1408 3096 1638 3133 responsionem.
1663 3113 1683 3118 -
1701 3096 1869 3134 Respondet
1896 3095 2045 3122 Aret-roes
2065 3094 2190 3121 calorem
2217 3093 2247 3120 in
2275 3101 2339 3120 aere
2365 3093 2476 3120 causari

1407 3136 1562 3173 praecipue
1577 3145 1611 3164 ex
1625 3143 1708 3164 motu
1729 3135 1834 3163 diurno
1849 3134 1937 3162 totius
1952 3133 2031 3168 caeli,
2047 3133 2128 3170 quod
2142 3138 2275 3160 movetur
2289 3132 2362 3160 sicut
2381 3141 2474 3160 unum

1406 3175 1515 3204 animal
1536 3182 1640 3210 totum,
1655 3182 1684 3203 et
1704 3176 1805 3203 alterat
1832 3174 1994 3202 secundum
2014 3179 2106 3201 totam
2127 3181 2211 3200 suam
2230 3171 2474 3208 profunditatem

1406 3215 1591 3252 potissimum
1604 3225 1673 3243 vero
1694 3214 1797 3242 virtute
1814 3212 1892 3248 solis,
1908 3212 1959 3249 qui
1978 3211 2087 3240 excedit
2108 3211 2163 3240 alia
2185 3220 2308 3248 corpora
2328 3211 2431 3239 virtute
2446 3218 2475 3239 et

1405 3254 1613 3292 magnitudine.
1625 3271 1643 3275 -
1654 3255 1726 3282 Tres
1741 3251 1924 3281 difficultates
1934 3252 2009 3280 circa
2023 3251 2178 3288 praedicta.
2189 3267 2205 3272 -
2214 3251 2382 3288 Respondet
2396 3251 2472 3279 Sim-

1400 3295 1510 3332 plicius
1531 3295 1657 3322 calorem
1678 3292 1792 3321 causari
1812 3291 2006 3320 mediantibus
2026 3291 2114 3319 radiis
2128 3300 2146 3319 a
2159 3290 2228 3319 solis
2249 3299 2372 3327 corpore
2393 3300 2473 3328 egre-

1404 3333 1558 3369 dientibus,
1581 3333 1631 3370 qui
1645 3342 1663 3361 a
1676 3339 1751 3360 terra
1772 3338 1800 3360 et
1820 3341 1897 3368 aqua
1917 3331 2103 3359 reflectuntur
2121 3331 2159 3359 ad
2179 3330 2313 3367 aequales
2334 3331 2471 3368 angulos:

1403 3373 1482 3400 unde
1503 3373 1662 3401 secundum
1690 3372 1771 3408 quod
1792 3370 1915 3408 angulus
1936 3370 2100 3399 reflexionis
2121 3376 2164 3398 est
2184 3370 2279 3398 maior
2298 3371 2343 3398 vel
2364 3370 2470 3406 minor,

1403 3413 1434 3440 fit
1455 3412 1542 3440 etiam
1564 3412 1660 3439 minor
1679 3411 1725 3439 vel
1745 3410 1840 3439 maior
1858 3410 1937 3438 calor
1957 3411 1987 3438 in
2009 3419 2083 3438 aere.
2095 3427 2114 3431 -
2125 3411 2293 3438 Notandum
2308 3410 2383 3438 circa
2397 3411 2471 3438 hanc

1401 3451 1631 3488 responsionem.
1644 3468 1663 3472 -
1679 3458 1722 3478 12.
1738 3450 1962 3478 Determinatur
1976 3450 2088 3478 solutio.
2104 3450 2192 3478 Calor
2205 3459 2223 3478 a
2237 3450 2324 3478 stellis
2339 3457 2472 3478 causatur

1402 3490 1508 3528 duplici
1528 3491 1632 3518 modo:
1655 3492 1683 3526 a)
1704 3499 1757 3527 per
1770 3496 1883 3518 motum
1905 3499 1964 3527 quo
1986 3495 2104 3518 movent
2121 3498 2218 3518 aerem
2239 3495 2267 3518 et
2288 3489 2393 3527 ignem,
2408 3499 2470 3518 non

1401 3538 1498 3559 tamen
1520 3530 1602 3567 quasi
1616 3529 1652 3558 sit
1666 3529 1834 3558 confricatio
1856 3536 1958 3558 mutua
1971 3529 2045 3558 inter
2059 3539 2109 3565 ea;
2131 3530 2158 3565 b)
2180 3539 2232 3566 per
2251 3530 2351 3557 lumen
2372 3529 2468 3564 etiam,

1400 3571 1573 3607 inquantum
1595 3577 1637 3598 est
1658 3569 1780 3606 qualitas
1807 3569 1900 3598 activa
1920 3569 2006 3606 primi
2027 3569 2188 3605 alterantis,
2212 3569 2318 3598 scilicet
2339 3568 2469 3605 corporis

1401 3610 1545 3646 caelestis,
1574 3616 1708 3638 causatur
1729 3610 1807 3638 calor
1827 3610 1864 3639 ab
1894 3609 2031 3638 omnibus
2058 3609 2160 3645 stellis,
2187 3609 2340 3646 praecipue
2361 3618 2429 3637 vero
2451 3617 2468 3636 a

2522 882 2600 935 ‘'ssCap.
2612 890 2651 905 vn.
2666 885 2734 907 Text.

2519 1368 2530 1379 ⁸
2545 1367 2613 1390 Text.
2627 1374 2665 1395 42.
