2554 4062
229 225 334 250 XXXVI

230 304 352 324 morem
384 300 561 333 aquosum,
589 296 665 320 tunc
692 288 725 318 in
757 287 895 318 secunda
925 285 1098 325 digestione
1129 288 1291 324 separatur

230 339 336 370 urina:
361 337 393 367 in
415 336 504 367 tertia
526 343 601 365 vero
626 340 656 364 et
679 339 789 374 quarta
812 331 847 362 fit
877 329 1045 361 maturatio
1076 328 1134 359 cibi
1160 334 1190 358 et
1204 336 1288 378 ‘con-

228 383 331 414 versio
353 382 386 412 in
405 389 522 411 semen.
539 379 611 409 Hoc
634 377 728 408 etiarn
752 382 881 416 apparet
895 375 927 405 in
951 373 1100 404 omnibus
1124 381 1240 412 pomis,
1258 377 1290 421 et

229 429 309 459 clare
331 427 364 457 in
387 424 562 466 amygdala,
578 423 611 453 in
634 432 698 463 qua
721 421 807 462 prius
831 431 848 450 a
872 419 972 450 calido
1000 423 1161 467 separatur
1183 416 1288 446 hurm-

228 473 307 503 dum
336 479 480 507 aereum,
505 475 536 499 et
558 466 749 498 convertitur
779 465 837 495 flos
861 463 893 494 in
924 462 1072 493 corticem
1101 461 1234 491 vmdem
1257 466 1289 490 et

229 521 403 557 aquosum:
428 519 538 554 postea
561 518 720 552 separatur
735 509 903 540 humidum
926 516 1085 547 aquosum
1105 512 1136 536 et
1159 514 1287 535 conver-

227 562 303 593 titur
325 560 358 590 in
381 558 529 590 corticem
553 562 695 587 osseum:
721 561 750 584 et
773 552 863 584 tertio
888 561 995 581 semen
1015 550 1097 581 intra
1120 549 1286 580 formatur.

227 606 268 636 Et
291 615 327 635 ex
349 604 422 641 hoc,
446 601 535 643 quasi
558 601 591 631 in
614 599 761 630 omnibus
785 596 958 627 seminibus
988 594 1168 625 invenimus
1192 594 1286 624 corti-

228 660 296 680 cem
320 648 522 679 extrinsecam
549 644 648 684 magis
671 651 804 679 aeream,
821 640 992 671 secundam
1016 639 1116 679 magis
1139 649 1286 680 aqueam,

227 701 258 724 et
279 693 359 724 intra
382 701 489 722 semen
512 690 590 720 bene
614 693 804 718 maturatum
830 692 860 716 et
883 684 1042 725 digestum
1058 683 1146 727 (ibid.
1163 683 1216 714 lib.
1231 684 1285 722 IV,

225 739 295 769 lect.
312 748 354 775 rv,
375 746 405 767 n.
428 733 466 777 1).
738 774 745 780 ·
762 774 769 780 1
870 773 876 780 ·
919 772 926 779 ⁸
1050 772 1057 780 ⁸
1093 773 1099 779 ¹
1262 771 1269 778 ο

291 779 484 812 Determinat
507 778 544 807 de
568 774 770 806 mollificabih
794 783 895 813 magis
918 783 950 803 in
974 773 1117 813 specmh,
1140 779 1171 803 et
1193 778 1285 812 ponit

225 837 277 857 sex
293 824 487 856 conditiones
504 831 580 862 quas
595 820 707 850 habere
731 819 823 848 debet
839 818 1043 858 coagulatum
1059 817 1099 847 ad
1114 817 1176 848 hoc
1195 816 1284 857 quod

225 869 432 901 mollificetur.
449 866 551 898 Prima
567 871 622 901 est,
639 863 727 904 quod
742 863 803 893 tale
824 862 1027 902 coagulatum
1052 871 1118 892 non
1142 861 1182 892 sit
1200 871 1284 901 aqua

224 916 274 946 vel
297 922 434 955 aqueum
449 922 467 941 a
489 907 716 950 praedominio‚
737 907 791 937 sed
810 906 836 937 si
853 913 900 937 est
917 907 949 937 in
966 916 1004 936 eo
1025 916 1167 937 excessus
1187 905 1282 935 unius

223 969 318 999 super
334 958 475 993 alterum,
489 954 527 984 sit
542 953 639 992 magis
655 959 810 982 terreum:
824 957 855 981 et
869 957 998 991 propter
1013 950 1171 981 defectum
1186 949 1282 980 huius

222 1003 334 1044 glacies
358 1011 422 1032 non
446 1005 491 1030 est
513 995 739 1028 mollificabilis.
766 996 911 1026 Secunda
936 995 1078 1026 conditio
1105 1001 1165 1032 est,
1191 994 1281 1035 quod

223 1055 327 1079 totum
349 1044 516 1076 humidum
539 1052 604 1072 non
628 1041 668 1071 sit
690 1047 976 1081 evaporatum·per
1007 1039 1279 1079 coagulationem,

223 1092 295 1133 quia
319 1087 527 1121 mollificabile
551 1086 643 1116 debet
665 1094 731 1115 esse
754 1091 820 1115 tam
843 1094 983 1125 aqueum
1002 1094 1100 1125 quam
1123 1091 1279 1122 terreum,

221 1137 271 1166 vel
294 1145 358 1165 non
381 1133 518 1164 multum
541 1131 613 1171 plus
636 1136 790 1160 terreum:
816 1135 847 1159 et
869 1135 999 1169 propter
1021 1129 1083 1173 hoc
1099 1128 1226 1159 nitrum
1249 1135 1280 1158 et

220 1181 265 1211 sal
288 1189 352 1210 non
375 1183 448 1208 sunt
476 1174 722 1212 mollificabiles,
749 1173 803 1204 sed
832 1173 938 1204 statim
969 1173 1145 1204 solvuntur.
1171 1173 1278 1203 Tertia

219 1223 358 1255 conditio
378 1229 433 1260 est,
453 1220 541 1261 quod
559 1229 625 1249 non
648 1218 783 1249 habeant
806 1217 926 1248 siccum
941 1217 1147 1258 inaequaliter
1170 1217 1277 1257 dispo-

219 1269 331 1305 situm,
359 1276 399 1296 ne
421 1264 490 1306 pori
515 1264 576 1294 sint
599 1263 765 1294 strictiores
796 1272 894 1303 quam
917 1262 1088 1293 humidum
1118 1271 1277 1303 aqueum,

219 1312 306 1354 quod
330 1317 376 1341 est
397 1308 486 1351 quasi
510 1307 638 1338 materia
661 1306 922 1344 mollificationis‚
950 1306 1083 1337 diffundi
1107 1306 1226 1347 possit:
1246 1313 1278 1337 et

217 1363 344 1397 propter
372 1355 432 1385 hoc
464 1354 573 1384 lateres
604 1358 634 1382 et
657 1351 776 1391 lapides
799 1361 865 1381 non
892 1350 1126 1382 mollificantur.
1155 1352 1276 1389 Quarta

217 1411 290 1432 vero
315 1406 370 1437 est,
386 1398 473 1440 quod
496 1407 561 1428 non
585 1395 647 1426 sint
662 1395 816 1426 trahibilia
838 1395 871 1426 in
888 1396 1022 1436 longum
1045 1396 1095 1426 vel
1119 1396 1158 1426 ad
1180 1395 1274 1434 latus,

217 1452 252 1476 ut
275 1443 406 1484 corrigia
428 1450 458 1474 et
480 1448 609 1472 nervus:
627 1447 657 1471 et
679 1440 759 1471 ratio
783 1446 839 1478 est,
856 1440 931 1481 quia
946 1440 1020 1471 talia
1044 1447 1119 1471 sunt
1141 1440 1274 1479 viscosa,

216 1499 298 1531 quae
321 1498 386 1519 non
402 1485 525 1518 'cedunt
554 1485 650 1516 tactui
673 1485 705 1515 in
737 1484 935 1525 profundum
959 1485 1028 1523 sui,
1052 1485 1107 1516 sed
1135 1492 1219 1516 extra
1242 1495 1275 1516 se

216 1534 382 1565 trahuntur
404 1532 436 1562 in
459 1531 602 1570 longum,
620 1528 831 1560 mollificabile
855 1537 961 1560 autem
985 1529 1077 1560 debet
1100 1530 1208 1560 cedere
1229 1536 1274 1560 ta-

217 1578 279 1609 ctui
302 1578 334 1608 in
358 1587 407 1614 se,
434 1575 513 1606 sicut
535 1573 739 1605 manifestum
769 1573 829 1605 fuit
852 1574 996 1615 superius
1026 1574 1059 1604 in
1090 1573 1274 1605 definitione

217 1622 330 1653 mollis.
349 1621 467 1658 Quinta
482 1626 537 1658 est,
554 1619 643 1660 quod
659 1628 724 1649 non
740 1618 802 1649 sint
815 1618 1048 1656 humectabilia,
1065 1619 1200 1650 humido
1217 1618 1275 1650 sci-

213 1667 284 1698 licet
307 1666 409 1696 alieno
433 1671 464 1695 et
486 1664 670 1701 extrinseco,
698 1669 732 1694 ut
755 1663 836 1701 lana,
864 1664 918 1694 sed
942 1663 1156 1694 mollificabile
1180 1664 1274 1695 debet

214 1711 326 1742 habere
348 1709 517 1741 humidum
534 1707 718 1748 proprium;
735 1714 781 1738 est
797 1707 882 1738 enim
905 1707 1030 1738 humidi
1049 1709 1138 1749 quod
1155 1708 1274 1750 ubique

215 1755 300 1792 fluat,
318 1762 348 1786 et
370 1754 412 1785 ita
435 1752 605 1784 mollificet.
631 1752 721 1782 Sexta
745 1752 885 1783 conditio
916 1760 981 1791 est,
1001 1753 1091 1794 quod
1122 1763 1188 1784 non
1212 1754 1275 1785 sint

215 1799 356 1830 ductilia:
382 1805 411 1829 et
434 1797 512 1828 ratio
536 1803 596 1835 est,
621 1796 695 1837 quia
718 1796 790 1827 talia
812 1797 929 1828 habent
951 1798 1023 1838 plus
1046 1807 1148 1839 aquae
1175 1809 1274 1840 quam

214 1851 322 1883 terrae,
345 1843 424 1874 sicut
447 1842 571 1873 metalla
595 1839 684 1884 (ibid.
701 1841 771 1873 lect.
787 1850 831 1880 x1,
849 1851 879 1873 n.
902 1839 942 1885 ι).

279 1976 399 2008 Deinde
422 1985 495 2006 cum
518 1974 605 2005 dicit:
626 1974 890 2005 Commassabilia
906 1980 1013 2006 autem
1038 1982 1109 2014 etc.,
1127 1976 1274 2007 determi-

214 2028 267 2052 nat
290 2022 327 2052 de
351 2019 652 2057 commassabffibus,
669 2026 700 2050 et
723 2019 798 2050 dicit
819 2020 909 2060 quod
925 2021 1191 2059 commassabilia,
1208 2021 1273 2052 sive

213 2065 415 2103 infiltrabilia,
441 2071 514 2095 sunt
544 2074 580 2094 ea
602 2074 683 2105 quae
712 2071 786 2094 sunt
809 2064 954 2105 capibilia
977 2066 1032 2096 sed
1063 2075 1129 2096 non
1157 2066 1275 2097 habent

214 2117 374 2151 capturam
397 2109 580 2146 mansivam,
595 2108 675 2139 idest
697 2118 763 2139 non
787 2108 922 2141 retinent
944 2109 1079 2150 figuram
1102 2120 1201 2151 quam
1217 2111 1272 2142 ha·

214 2156 288 2186 bent
310 2154 437 2195 quando
468 2153 644 2194 capiuntur.
668 2153 767 2191 Quod
789 2153 875 2184 enim
915 2154 988 2186 talia
1019 2155 1081 2186 sint
1109 2155 1272 2196 capibilia,

213 2199 358 2230 convenit
380 2198 423 2229 eis
452 2198 571 2229 ratione
603 2207 758 2239 potorum
791 2197 1039 2239 interceptos-um
1067 2199 1099 2230 in
1131 2200 1272 2241 partibus

213 2244 289 2274 eius.
307 2243 403 2281 Quod
426 2249 531 2273 autern
558 2242 684 2274 redeant
713 2243 753 2272 ad
776 2242 913 2283 primam
943 2243 1095 2284 figuram,
1123 2245 1272 2276 convenit

213 2289 256 2319 eis
286 2288 405 2319 ratione
435 2287 506 2318 sicci
537 2287 812 2327 praedominantis.
839 2287 1129 2320 lncommassabilia
1164 2297 1271 2321 autem

214 2333 359 2364 dicuntur
382 2339 510 2372 propter
533 2342 640 2362 causas
664 2331 828 2373 oppositas
853 2331 941 2375 (ibid.
962 2334 1032 2365 lect.
1048 2345 1102 2374 xn,
1119 2344 1150 2365 n.
1168 2333 1214 2378 7).

278 2508 385 2540 Simile
408 2515 454 2539 est
472 2509 567 2540 etiam
585 2509 623 2540 de
639 2508 715 2539 vino
740 2509 824 2540 dulci
841 2510 930 2550 quod
949 2518 995 2542 est
1010 2511 1128 2552 pingue
1144 2519 1174 2544 et
1187 2523 1274 2554 gros-

214 2563 304 2591 sum,
330 2553 418 2594 quod
440 2553 557 2593 patitur
580 2553 810 2584 exhalationem
834 2554 914 2586 sicut
937 2556 1055 2586 oleum.
1082 2557 1164 2588 Nam
1192 2558 1273 2590 sicut

215 2597 323 2628 oleum
346 2607 411 2627 non
435 2598 619 2637 coagulatur
641 2608 659 2628 a
682 2597 783 2628 calido
807 2608 910 2640 neque
934 2610 951 2630 a
975 2599 1099 2641 frigide,
1116 2602 1272 2644 ingrossa-

215 2649 266 2672 tur
287 2648 392 2672 tamen
415 2641 453 2672 ab
477 2649 623 2683 utroque,
644 2641 687 2673 sic
711 2649 741 2673 et
763 2642 847 2674 istud
878 2644 1000 2676 vinum.
1025 2646 1065 2676 Et
1088 2646 1113 2676 si
1137 2646 1273 2688 figantur

215 2685 324 2716 calami
349 2685 436 2726 parvi
458 2686 491 2716 in
514 2686 602 2727 ipso,
626 2685 873 2719 inflammantur.
899 2689 940 2720 Et
962 2689 987 2720 si
1011 2690 1217 2732 sublimetur,
1242 2700 1272 2725 et

213 2729 435 2770 permiscentur
458 2740 532 2761 cum
563 2731 692 2770 pulvere
715 2732 874 2773 sulphuris
907 2741 938 2764 et
961 2734 1040 2773 sale,
1065 2743 1200 2776 praestat
1224 2737 1271 2768 fo-

213 2781 358 2805 mentum
381 2773 525 2806 flammae
549 2775 674 2814 subtili3
698 2776 773 2817 quia
795 2787 813 2807 a
837 2778 988 2818 sulphure
1021 2788 1153 2820 augetur
1175 2782 1207 2813 in
1232 2793 1271 2813 eo

212 2818 417 2856 unctuositas,
437 2829 455 2849 a
470 2820 533 2850 sale
549 2827 681 2860 augetur
694 2820 823 2852 siccitas.
849 2822 889 2853 Et
905 2822 976 2854 ideo
993 2831 1040 2855 est
1061 2825 1172 2857 vinum
1200 2827 1270 2858 solo

213 2862 446 2906 nominekquia
469 2863 533 2894 vini
556 2864 773 2905 operationem
797 2877 863 2898 non
890 2867 1000 2907 habet,
1024 2879 1105 2910 quae
1138 2878 1184 2902 est
1206 2871 1270 2903 ine-

211 2906 326 2947 briare,
350 2917 388 2938 eo
411 2908 499 2950 quod
514 2918 578 2939 non
595 2916 699 2950 potest
715 2920 882 2951 evaporare
899 2911 987 2955 (ibid.
1005 2913 1074 2946 lect.
1094 2925 1158 2955 xm,
1176 2926 1205 2948 n.
1226 2916 1270 2960 2).

336 3508 502 3550 Echard
535 3517 634 3564 post
664 3514 797 3555 verba

1343 281 1376 311 in
1399 280 1488 311 tertia
1511 286 1541 310 et
1560 285 1672 320 quarta
1686 277 1722 309 fit
1738 276 1908 308 maturatio
1925 282 1956 307 et
1972 276 2138 306 conversio
2154 276 2188 307 in
2208 286 2328 309 semen.
2346 278 2420 309 Hoc

1343 325 1438 356 etiam
1462 331 1593 364 apparet
1614 323 1647 354 in
1671 322 1822 353 omnibus
1845 321 1963 362 pomis,
1981 328 2012 351 et
2028 321 2109 351 clare
2131 320 2164 351 in
2181 323 2362 363 amygdala,
2385 323 2420 354 in
2459 361 2462 363 ,

1343 379 1407 410 qua
1422 369 1528 409 primo
1544 374 1707 408 separatur
1722 366 1895 397 humidum
1911 376 2050 404 aereum,
2068 366 2158 407 quod
2178 367 2373 398 convertitur
2386 367 2420 398 in

1342 414 1493 444 corticem
1515 412 1665 451 viridem,
1686 419 1796 453 postea
1820 418 1982 452 separatur
1996 410 2170 441 humidum
2193 421 2371 452 aquosum,
2389 419 2422 443 et

1342 457 1535 488 convertitur
1553 457 1586 487 in
1610 457 1761 488 corticem
1784 466 1929 494 osseum,
1954 463 1985 487 et
2008 456 2100 487 tertio
2124 465 2233 486 semen
2257 455 2339 488 intra
2354 456 2420 488 for-

1341 509 1456 533 matur.
1478 503 1519 533 Et
1533 501 1625 543 quasi
1647 501 1680 532 in
1705 501 1856 532 omnibus
1880 501 2035 531 fructibus
2059 500 2240 531 invenimus
2267 501 2419 532 corticem

1341 547 1552 578 extrinsecum
1565 546 1666 587 magis
1681 555 1821 584 aereum,
1835 546 2013 576 secundum
2026 553 2133 576 autem
2150 545 2252 586 magis
2264 555 2418 588 aqueum,

1341 599 1372 623 et
1394 592 1475 623 intra
1503 601 1612 622 semen
1635 591 1715 621 bene
1740 590 1899 631 digestum
1922 589 1994 633 (fol.
2018 591 2076 621 166
2102 588 2213 633 recto).

1407 771 1454 801 Ex
1473 771 1508 802 B.
1520 773 1671 801 Annam-0
1687 770 1819 800 MAGNO.
1838 785 1857 791 —
1873 769 1962 799 Haec
1978 775 2086 800 autem
2103 767 2160 811 (sc.
2174 767 2416 812 mollificabilia)

1339 822 1414 846 sunt
1429 824 1652 857 quaecumque
1671 814 1850 844 secundum
1866 823 1958 844 suam
1975 821 2123 844 naturam
2143 821 2218 846 sunt
2240 815 2343 856 magis
2357 822 2419 846 ter-

1338 860 1466 898 restria;
1490 867 1521 890 et
1544 860 1662 890 habent
1684 858 1858 889 humidum
1881 858 2051 899 proprium
2077 860 2167 900 quod
2197 870 2264 891 non
2287 860 2319 891 in
2346 867 2416 891 toto

1338 911 1444 944 potest
1467 903 1607 943 extingui
1631 903 1670 933 ab
1694 902 1782 943 ipsis,
1803 902 1885 933 sicut
1907 902 2081 934 humidum
2104 904 2177 935 nitri
2194 912 2225 935 et
2239 905 2312 935 salis
2336 905 2417 936 bene

1336 949 1369 979 in
1393 955 1462 979 toto
1487 948 1677 987 astringitur.
1707 947 1846 987 Oportet
1869 947 1965 978 etiarn
1993 949 2083 989 quod
2112 959 2179 979 non
2207 950 2346 981 habeant
2368 950 2416 980 in-

1335 992 1508 1034 aequaliter
1531 992 1666 1029 siccum,
1691 991 1772 1022 sicut
1795 991 1890 1022 habet
1912 992 2000 1031 later,
2022 993 2079 1034 qui
2101 994 2207 1025 multo
2224 994 2298 1035 plus
2321 994 2417 1025 habet

1335 1038 1374 1068 de
1405 1037 1489 1067 sicco
1517 1046 1617 1077 quam
1645 1036 1684 1066 de
1711 1035 1865 1074 humide,
1889 1043 1920 1067 et
1942 1037 2038 1068 habet
2060 1037 2182 1070 siccum
2206 1039 2416 1070 strictioribus

1334 1081 1421 1122 poris
1444 1091 1543 1122 quam
1566 1080 1598 1111 in
1623 1079 1741 1121 quibus
1765 1080 1911 1111 solutum
1934 1082 2038 1121 possit
2060 1082 2195 1114 diffundi
2223 1084 2415 1122 humidum,

1333 1125 1456 1157 etiamsi
1479 1125 1615 1156 solubile
1638 1124 1812 1155 humidum
1835 1124 1975 1156 haberet.
2001 1125 2140 1167 Oportet
2162 1127 2295 1169 insuper
2323 1129 2415 1170 quod

1333 1181 1399 1201 non
1424 1170 1487 1202 sint
1509 1169 1656 1208 tractiva,
1681 1169 1757 1210 quia
1779 1168 1834 1199 ina
1857 1176 1933 1200 sunt
1955 1171 2112 1202 terrestria
2134 1172 2271 1212 viscosa,
2286 1180 2319 1205 et
2340 1173 2415 1205 ideo

1331 1225 1398 1246 non
1422 1214 1649 1246 mollificantur
1670 1213 1714 1244 ita
1737 1213 1828 1255 quod
1851 1213 1966 1245 cedant
1988 1214 2021 1245 in
2045 1215 2259 1256 profundum,
2283 1218 2340 1249 sed
2363 1227 2415 1250 ce-

1331 1260 1413 1291 dunt
1428 1266 1511 1291 extra
1528 1259 1631 1300 seipsa
1647 1258 1680 1289 in
1692 1258 1838 1299 longum,
1855 1257 1937 1290 sicut
1951 1269 2068 1290 nervus
2083 1266 2115 1291 et
2127 1261 2270 1302 corrigia.
2289 1261 2414 1300 Quinto

1331 1305 1426 1336 etiam
1449 1304 1583 1345 exigitur
1605 1304 1696 1345 quod
1719 1313 1786 1334 non
1802 1302 1865 1334 sint
1880 1303 2124 1336 madefactibilia
2147 1305 2284 1338 humido
2307 1306 2414 1339 alieno

1330 1356 1457 1390 recepto
1481 1349 1514 1380 in
1530 1348 1732 1390 profundum
1750 1348 1802 1379 vel
1819 1347 1854 1378 in
1870 1348 2038 1389 superficie
2061 1350 2127 1382 sui:
2147 1350 2224 1392 quia
2246 1350 2414 1384 mollifica-

1329 1394 1404 1425 bilia
1427 1400 1502 1425 sunt
1525 1403 1607 1436 quae
1630 1403 1688 1434 per
1710 1391 1879 1434 proprium
1911 1393 2085 1425 humidum
2115 1396 2238 1427 moveri
2262 1396 2295 1427 in
2319 1403 2415 1429 terne·

1329 1439 1444 1470 stn'bus
1461 1439 1526 1470 suis
1539 1438 1706 1479 incipiunt,
1722 1444 1753 1469 et
1764 1447 1831 1468 non
1847 1447 1904 1478 per
1919 1438 2071 1478 alienum,
2084 1440 2161 1482 quia
2171 1450 2228 1482 per
2239 1441 2414 1473 humidum

1329 1484 1469 1515 alienum
1494 1494 1561 1514 non
1585 1482 1742 1523 contingit
1764 1482 1888 1513 moveri
1911 1484 2088 1524 quamlibet
2110 1492 2234 1526 partem
2259 1486 2333 1518 sicci
2351 1493 2415 1518 ter—

1329 1528 1444 1567 restris,
1469 1529 1551 1560 sicut
1573 1527 1648 1559 facit
1670 1527 1843 1558 humidum
1866 1528 2047 1568 proprium,
2065 1536 2096 1561 et
2114 1529 2189 1562 ideo
2212 1530 2336 1563 etiamsi
2353 1530 2413 1562 dif-

1329 1573 1426 1605 fluere
1442 1573 1546 1611 faciat,
1564 1582 1629 1603 non
1643 1579 1750 1604 tamen
1767 1572 1945 1604 necessario
1961 1573 2128 1606 mollificat
2141 1575 2294 1607 alienum.
2311 1576 2412 1608 Molle

1329 1619 1415 1650 enim
1432 1624 1463 1649 et
1477 1617 1692 1649 madefactum
1714 1613 1746 1647 in
1761 1617 1824 1648 hoc
1839 1617 1998 1657 differunt,
2023 1619 2100 1660 quia
2115 1620 2214 1651 molle
2230 1630 2291 1652 suo
2306 1621 2414 1652 humi-

1329 1664 1372 1694 do
1385 1663 1505 1704 ubique
1521 1663 1604 1693 laxat
1619 1662 1752 1701 siccum,
1769 1672 1808 1693 eo
1821 1662 1911 1704 quod
1927 1662 1970 1694 ibi
1983 1663 2163 1704 plurimum
2179 1665 2305 1697 humidi
2321 1672 2413 1699 uatu-

1329 1708 1401 1739 ralis
1425 1714 1472 1739 est
1491 1717 1566 1738 cum
1590 1706 1732 1748 plurimo
1756 1706 1830 1738 sicci
1854 1707 2007 1738 naturalis
2036 1708 2197 1741 eiusdem:
2223 1710 2280 1742 sed
2303 1710 2412 1743 made-

1328 1753 1449 1784 factum
1469 1752 1564 1783 habet
1586 1751 1729 1782 alienum
1744 1751 1919 1783 humidum
1941 1752 1975 1783 in
1999 1753 2087 1793 poris
2103 1753 2181 1793 suis,
2198 1762 2230 1786 et
2244 1754 2320 1787 ideo
2343 1764 2412 1787 non

1327 1798 1370 1829 ibi
1394 1797 1573 1839 plurimum
1597 1796 1691 1827 alieni
1715 1795 1841 1827 humidi
1869 1796 1990 1838 ubique
2014 1805 2120 1838 potest
2142 1808 2212 1830 esse
2235 1809 2312 1831 cum
2334 1800 2410 1842 plu-

1328 1843 1411 1874 rimo
1436 1842 1509 1874 sicci
1533 1841 1694 1873 naturalis.
1715 1841 1853 1882 Oportet
1881 1842 1975 1873 etiam
2001 1849 2106 1881 sexto,
2129 1844 2221 1886 quod
2244 1844 2411 1877 mollifica-

1328 1888 1403 1918 bilia
1426 1897 1493 1918 non
1526 1886 1589 1917 sint
1612 1886 1794 1924 ducfibilia,
1823 1896 1906 1928 quae
1930 1886 2049 1919 habent
2080 1888 2155 1929 plus
2179 1899 2283 1931 aquae
2309 1899 2411 1933 quam

1328 1939 1427 1963 terrae
1451 1931 1498 1974 (in
1521 1931 1576 1962 lib.
1601 1931 1644 1962 lV
1667 1931 1814 1970 Meteon,
1838 1931 1944 1963 Tract.
1970 1942 2014 1971 ιιι,
2039 1942 2109 1974 cap.
2133 1931 2192 1976 m).

1395 1977 1443 2008 Ex
1459 1977 1565 2007 Parae
1582 1978 1785 2007 Atvnnmn.
1802 1993 1821 2000 -
1838 1976 1962 2008 Deinde
1986 1987 2062 2008 cum
2085 1977 2179 2010 dicit:
2206 1978 2411 2012 Commam-

1328 2022 1404 2053 bilia
1428 2026 1554 2059 autem,
1580 2021 1770 2052 determinat
1792 2021 1831 2052 de
1860 2022 2176 2062 commassabilibus,
2202 2034 2286 2066 quae
2309 2024 2411 2067 impe-

1328 2067 1421 2098 diunt
1442 2066 1630 2098 scissionem
1654 2072 1784 2106 propter
1806 2065 2019 2106 privationem
2049 2077 2207 2108 potorum
2230 2070 2412 2102 secundum

1326 2111 1582 2152 longitudinem,
1607 2110 1714 2142 dicens
1737 2110 1828 2152 quod
1851 2112 2124 2151 commassabilia,
2152 2112 2218 2145 sive
2241 2113 2410 2155 meabilis,

1327 2163 1402 2187 sunt
1424 2165 1648 2197 quaecumque
1672 2154 1818 2196 capibilia
1842 2155 2004 2188 existentia
2027 2166 2095 2188 non
2114 2157 2251 2190 retinent
2273 2158 2412 2200 figuram

1327 2200 1478 2241 capientis
1506 2207 1581 2241 post
1613 2200 1828 2231 remotionem
1861 2199 1979 2241 ipsius,
2009 2201 2091 2233 sicut
2115 2201 2237 2235 filtrum
2265 2211 2298 2236 et
2325 2204 2409 2237 lana.

1327 2245 1426 2283 Quod
1442 2244 1529 2276 enim
1545 2245 1620 2276 talia
1635 2244 1699 2276 sint
1714 2244 1873 2286 capitalia,
1886 2245 2038 2278 convenit
2052 2246 2098 2278 eia
2113 2247 2237 2279 ratione
2251 2258 2411 2290 potorum

1326 2290 1576 2331 interceptorum
1599 2289 1742 2331 partibus
1758 2289 1924 2331 ipsorum,
1948 2290 1981 2322 in
2001 2301 2086 2333 quos
2109 2293 2279 2325 exteriore·

1327 2335 1496 2366 convenire
1512 2341 1659 2376 possunt.
1680 2334 1780 2372 Quod
1802 2342 1912 2366 autem
1935 2336 2066 2368 redeant
2080 2337 2121 2367 ad
2137 2337 2281 2379 primum
2298 2338 2409 2379 situm,

1327 2390 1393 2411 non
1418 2380 1584 2411 retinendo
1609 2378 1746 2420 figuram
1772 2379 1943 2421 capientis,
1970 2380 2084 2413 accidit
2111 2381 2235 2414 ratione
2262 2383 2410 2416 siccitatis

1328 2425 1477 2466 partium.
1502 2425 1528 2456 E
1553 2424 1712 2456 contrario
1736 2431 1845 2456 autem
1870 2432 1929 2457 etc.
1953 2423 2040 2469 (cod.
2059 2426 2130 2458 Vat.
2157 2427 2256 2468 2181,
2281 2427 2338 2462 fol.
2363 2428 2406 2471 89

1328 2479 1419 2501 verso
1437 2493 1443 2500 .
2112 2498 2119 2503 .

1395 2468 1518 2545 D)einde
1541 2524 1616 2546 cum
1640 2514 1733 2546 dicit:
1764 2514 1878 2546 Vmum
1902 2519 2012 2546 autem
2035 2515 2123 2557 quod
2149 2516 2277 2558 quidem
2301 2517 2408 2558 dulae.

1328 2559 1471 2600 adiungit
1493 2559 1596 2590 simile
1619 2559 1658 2590 de
1682 2558 1758 2590 vino
1782 2559 1938 2601 quodam,
1953 2559 2062 2591 dicens
2084 2561 2175 2602 quod
2199 2561 2345 2595 similiter
2362 2563 2409 2595 vi-

1327 2614 1405 2635 num
1431 2604 1522 2635 dulce
1545 2604 1636 2635 valde
1668 2611 1699 2635 et
1722 2603 1857 2635 existens
1888 2604 2060 2646 antiquum
2084 2605 2205 2647 patitur
2236 2607 2408 2640 exhalatio-

1326 2659 1410 2680 nem.
1428 2649 1534 2681 Omne
1552 2649 1638 2680 enim
1662 2648 1782 2690 pingue
1805 2656 1853 2681 est
1868 2649 2062 2681 exhalabile:
2086 2649 2276 2683 huiusmodi
2298 2660 2408 2686 autem

1325 2693 1436 2725 vinum
1461 2701 1507 2725 est
1522 2694 1652 2735 pingue.
1669 2693 1772 2725 Cuius
1796 2695 1945 2735 probatio
1961 2701 2019 2734 est,
2035 2695 2112 2737 quia
2135 2695 2231 2728 habet
2246 2697 2407 2738 operatio-

1325 2749 1400 2770 nem
1424 2739 1558 2770 eandem
1582 2746 1613 2770 et
1637 2738 1839 2770 consimilem
1862 2739 1946 2771 oleo.
1970 2739 2061 2772 Sicut
2093 2740 2180 2772 enim
2204 2741 2315 2773 oleum
2338 2752 2407 2775 non

1326 2783 1512 2825 coagulatur
1527 2794 1545 2815 a
1562 2783 1688 2825 frigido,
1704 2783 1748 2815 ita
1764 2793 1822 2815 nec
1837 2784 2025 2816 huiusmodi
2045 2784 2172 2824 vinum,
2189 2793 2321 2828 propter
2335 2786 2406 2829 pin-

1324 2828 1495 2869 guedinem
1519 2839 1575 2860 seu
1599 2828 1859 2861 unctuositatem.
1878 2829 2008 2868 lterum,
2030 2829 2112 2862 sicut
2135 2829 2247 2862 oleum
2270 2832 2405 2864 combu-

1324 2874 1419 2911 ritur,
1437 2873 1480 2904 sic
1504 2881 1534 2905 et
1558 2873 1746 2905 huiusmodi
1769 2873 1892 2906 vinum.
1918 2874 1951 2906 Si
1975 2874 2062 2906 enim
2084 2873 2260 2916 infigantur
2291 2875 2406 2910 calami

1324 2918 1410 2959 parvi
1424 2918 1581 2959 superius,
1597 2918 1846 2950 inflammantur.
1864 2918 1989 2951 Dicitur
2003 2918 2099 2951 etiam
2115 2920 2205 2962 quod
2218 2920 2406 2954 sublimatio

1323 2963 1510 2994 huiusmodi
1538 2963 1613 3001 vini,
1630 2963 1656 2994 si
1680 2963 1860 2995 subtilietur
1882 2973 1940 3005 per
1962 2963 2199 2996 immixtionem
2224 2965 2406 3008 aliquantu·
2433 2964 2438 2969 '

1322 3007 1391 3038 lum
1411 3008 1483 3039 salis
1507 3015 1538 3039 et
1553 3007 1692 3049 pulveris
1709 3007 1884 3049 sulphuris,
1901 3015 2039 3050 praestat
2054 3009 2238 3042 sumntum
2254 3010 2404 3045 flammae

1324 3052 1451 3091 subtili;
1476 3052 1552 3094 quia
1575 3063 1593 3084 a
1617 3052 1771 3094 sulphure
1794 3059 1929 3094 augetur
1952 3054 2162 3094 unctuosius,
2180 3063 2212 3087 et
2229 3066 2248 3088 a
2272 3055 2338 3088 ule
2354 3066 2404 3089 ea-

1321 3096 1434 3128 liditas.
1451 3097 1585 3138 Propter
1600 3097 1690 3139 quod
1712 3097 1826 3128 vinum
1849 3105 1896 3129 est
1914 3099 2093 3131 secundum
2118 3109 2250 3140 nomen,
2267 3110 2335 3133 non
2360 3107 2404 3134 ta-

1323 3151 1397 3172 men
1421 3142 1600 3173 secundum
1624 3142 1866 3183 operationem3
1890 3143 1966 3184 quia
1997 3143 2117 3176 humor
2138 3144 2240 3186 ipsiu:
2264 3154 2332 3177 non
2356 3153 2406 3178 eat

1322 3185 1465 3225 vinosus,
1482 3186 1558 3228 quia
1570 3197 1637 3217 non
1653 3186 1727 3218 facit
1739 3187 1960 3228 operationem
1984 3188 2062 3228 vini,
2078 3199 2162 3231 quae
2174 3196 2222 3221 est
2235 3189 2403 3223 inebriare.

1322 3231 1396 3261 Non
1421 3231 1507 3262 enim
1531 3238 1578 3263 est
1597 3231 1737 3263 calidum
1760 3231 1892 3271 siccum,
1910 3233 1965 3264 sed
1990 3241 2189 3266 unctuosum
2212 3234 2326 3275 magis,
2343 3235 2404 3267 sci-

1322 3274 1394 3306 licet
1417 3275 1557 3307 calidum
1581 3276 1765 3308 humidum.
1791 3277 2034 3319 Quodcumque
2056 3284 2166 3310 autem
2193 3277 2307 3310 vinum
2331 3290 2402 3321 par-

1322 3329 1395 3350 vam
1418 3327 1524 3360 potest
1547 3320 1647 3352 facere
1672 3321 1906 3353 exhalationem
1934 3322 2070 3354 calidam
2094 3321 2222 3362 siccam,
2247 3322 2402 3357 inebriare

1322 3371 1444 3404 potest3
1469 3365 1560 3396 calidi
1585 3365 1670 3396 enim
1696 3366 1768 3398 sicci
1793 3374 1840 3398 est
1862 3366 2035 3398 inebriare:
2058 3373 2089 3398 et
2112 3366 2185 3398 ideo
2209 3368 2353 3409 positum
2368 3369 2402 3401 in

1323 3407 1451 3440 frixorio
1476 3409 1591 3441 emittit
1606 3410 1782 3450 flammam,
1799 3411 1883 3443 sicut
1902 3411 2013 3442 oleum
2035 3409 2127 3454 (ibid.
2149 3411 2205 3443 fol.
2224 3423 2266 3454 90
2286 3412 2399 3457 recto).

830 3529 939 3570 quae
973 3519 1229 3564 adduximus
1263 3524 1306 3565 in
1340 3526 1548 3583 principio
1582 3529 1709 3571 huius
1754 3529 1937 3579 numeri,
1972 3530 2116 3572 statim
2151 3532 2397 3591 subiungit:

219 3585 234 3604 ι
255 3568 386 3610 Cuius
420 3577 561 3613 autem
594 3573 647 3614 sit
681 3574 1046 3628 (commentarium
1080 3583 1120 3624 in
1155 3586 1323 3628 tertium
1348 3594 1389 3629 et
1416 3592 1631 3646 quartum)
1667 3605 1755 3633 non
1770 3592 1836 3633 ita
1858 3592 1979 3634 facile
2001 3594 2134 3635 astrui
2157 3602 2312 3651 potest.
2347 3596 2396 3638 In
