<?xml version="1.0" encoding="UTF-8"?>
<!DOCTYPE html PUBLIC "-//W3C//DTD XHTML 1.0 Transitional//EN"
    "http://www.w3.org/TR/xhtml1/DTD/xhtml1-transitional.dtd">
<html xmlns="http://www.w3.org/1999/xhtml" xml:lang="en" lang="en">
 <head>
  <title>
</title>
<meta http-equiv="Content-Type" content="text/html;charset=utf-8" />
  <meta name='ocr-system' content='tesseract 3.04.00' />
  <meta name='ocr-capabilities' content='ocr_page ocr_carea ocr_par ocr_line ocrx_word'/>
</head>
<body>
  <div class='ocr_page' id='page_1' title='image "./operaomniaiussui03thom/operaomniaiussui03thom_0382.png"; bbox 0 0 2782 4134; ppageno 0'>
   <div class='ocr_carea' id='block_1_1' title="bbox 359 288 434 325">
    <p class='ocr_par' dir='ltr' id='par_1_1' title="bbox 359 288 434 325">
     <span class='ocr_line' id='line_1_1' title="bbox 359 288 434 325; baseline -0.027 0"><span class='ocrx_word' id='word_1_1' title='bbox 359 288 434 325; x_wconf 88' lang='lat'>338</span> 
     </span>
    </p>
   </div>
   <div class='ocr_carea' id='block_1_2' title="bbox 1073 285 1828 323">
    <p class='ocr_par' dir='ltr' id='par_1_2' title="bbox 1073 285 1828 323">
     <span class='ocr_line' id='line_1_2' title="bbox 1073 285 1828 323; baseline -0.003 0"><span class='ocrx_word' id='word_1_2' title='bbox 1073 285 1661 323; x_wconf 89' lang='lat' dir='ltr'><strong>METEOROLOGICORUM</strong></span> <span class='ocrx_word' id='word_1_3' title='bbox 1689 285 1783 322; x_wconf 93' lang='lat' dir='ltr'>LIB.</span> <span class='ocrx_word' id='word_1_4' title='bbox 1815 286 1828 321; x_wconf 94' lang='lat' dir='ltr'>I</span> 
     </span>
    </p>
   </div>
   <div class='ocr_carea' id='block_1_3' title="bbox 1127 521 1772 600">
    <p class='ocr_par' dir='ltr' id='par_1_3' title="bbox 1127 521 1772 600">
     <span class='ocr_line' id='line_1_3' title="bbox 1127 521 1772 600; baseline 0.002 -22"><span class='ocrx_word' id='word_1_5' title='bbox 1127 521 1424 578; x_wconf 86' lang='lat' dir='ltr'>LEcT10</span> <span class='ocrx_word' id='word_1_6' title='bbox 1464 522 1772 600; x_wconf 81' lang='lat' dir='ltr'><strong>QUINTA</strong></span> 
     </span>
    </p>
   </div>
   <div class='ocr_carea' id='block_1_4' title="bbox 376 683 2520 837">
    <p class='ocr_par' dir='ltr' id='par_1_4' title="bbox 376 683 2520 837">
     <span class='ocr_line' id='line_1_4' title="bbox 509 683 2386 722; baseline 0 -3"><span class='ocrx_word' id='word_1_7' title='bbox 509 687 772 718; x_wconf 88' lang='lat' dir='ltr'><strong>SOLVUNTUR</strong></span> <span class='ocrx_word' id='word_1_8' title='bbox 796 685 925 716; x_wconf 86' lang='lat' dir='ltr'><strong>ALIAE</strong></span> <span class='ocrx_word' id='word_1_9' title='bbox 947 683 1066 715; x_wconf 89' lang='lat' dir='ltr'><strong>DUAE</strong></span> <span class='ocrx_word' id='word_1_10' title='bbox 1091 683 1411 720; x_wconf 89' lang='lat' dir='ltr'>QUAESTIONES:</span> <span class='ocrx_word' id='word_1_11' title='bbox 1437 684 1585 722; x_wconf 88' lang='lat' dir='ltr'><strong>QUARE</strong></span> <span class='ocrx_word' id='word_1_12' title='bbox 1609 685 1755 716; x_wconf 91' lang='lat' dir='ltr'>NEMPE</span> <span class='ocrx_word' id='word_1_13' title='bbox 1779 686 1822 716; x_wconf 92' lang='lat' dir='ltr'>IN</span> <span class='ocrx_word' id='word_1_14' title='bbox 1846 686 2071 718; x_wconf 89' lang='lat' dir='ltr'><strong>SUPERIORI</strong></span> <span class='ocrx_word' id='word_1_15' title='bbox 2095 687 2238 718; x_wconf 89' lang='lat' dir='ltr'><strong>PARTE</strong></span> <span class='ocrx_word' id='word_1_16' title='bbox 2262 688 2386 719; x_wconf 82' lang='lat' dir='ltr'><strong>AERIS</strong></span> 
     </span>
     <span class='ocr_line' id='line_1_5' title="bbox 376 740 2520 782; baseline 0 -6"><span class='ocrx_word' id='word_1_17' title='bbox 376 745 468 776; x_wconf 90' lang='lat' dir='ltr'>NON</span> <span class='ocrx_word' id='word_1_18' title='bbox 492 743 787 776; x_wconf 90' lang='lat' dir='ltr'><strong>GENERANTUR</strong></span> <span class='ocrx_word' id='word_1_19' title='bbox 809 741 964 780; x_wconf 91' lang='lat' dir='ltr'><strong>NUBES;</strong></span> <span class='ocrx_word' id='word_1_20' title='bbox 988 740 1047 771; x_wconf 89' lang='lat' dir='ltr'>ET</span> <span class='ocrx_word' id='word_1_21' title='bbox 1069 740 1271 772; x_wconf 88' lang='lat' dir='ltr'><strong>PROPTER</strong></span> <span class='ocrx_word' id='word_1_22' title='bbox 1294 741 1420 778; x_wconf 84' lang='lat' dir='ltr'><strong>QUAM</strong></span> <span class='ocrx_word' id='word_1_23' title='bbox 1444 741 1620 773; x_wconf 89' lang='lat' dir='ltr'><strong>CAUSAM</strong></span> <span class='ocrx_word' id='word_1_24' title='bbox 1645 742 1850 774; x_wconf 86' lang='lat' dir='ltr'><strong>CORPORA</strong></span> <span class='ocrx_word' id='word_1_25' title='bbox 1874 743 2131 782; x_wconf 86' lang='lat' dir='ltr'><strong>CAELESTIA,</strong></span> <span class='ocrx_word' id='word_1_26' title='bbox 2154 743 2285 775; x_wconf 91' lang='lat' dir='ltr'><strong>LICET</strong></span> <span class='ocrx_word' id='word_1_27' title='bbox 2307 744 2400 776; x_wconf 90' lang='lat' dir='ltr'>NON</span> <span class='ocrx_word' id='word_1_28' title='bbox 2423 745 2520 777; x_wconf 89' lang='lat' dir='ltr'>SINT</span> 
     </span>
     <span class='ocr_line' id='line_1_6' title="bbox 686 797 2208 837; baseline 0.001 -6"><span class='ocrx_word' id='word_1_29' title='bbox 686 799 846 831; x_wconf 88' lang='lat' dir='ltr'><strong>CALIDA</strong></span> <span class='ocrx_word' id='word_1_30' title='bbox 870 799 913 829; x_wconf 91' lang='lat' dir='ltr'>IN</span> <span class='ocrx_word' id='word_1_31' title='bbox 937 798 1003 829; x_wconf 90' lang='lat' dir='ltr'>SU1</span> <span class='ocrx_word' id='word_1_32' title='bbox 1027 798 1225 837; x_wconf 89' lang='lat' dir='ltr'><strong>NATURA,</strong></span> <span class='ocrx_word' id='word_1_33' title='bbox 1250 797 1454 829; x_wconf 89' lang='lat' dir='ltr'><strong>CAUSANT</strong></span> <span class='ocrx_word' id='word_1_34' title='bbox 1479 798 1688 830; x_wconf 90' lang='lat' dir='ltr'><strong>CALOREM</strong></span> <span class='ocrx_word' id='word_1_35' title='bbox 1713 800 1756 831; x_wconf 92' lang='lat' dir='ltr'>IN</span> <span class='ocrx_word' id='word_1_36' title='bbox 1780 800 1884 831; x_wconf 89' lang='lat' dir='ltr'>ISTIS</span> <span class='ocrx_word' id='word_1_37' title='bbox 1907 801 2208 832; x_wconf 87' lang='lat' dir='ltr'>INFERIORIBUS</span> 
     </span>
    </p>
   </div>
   <div class='ocr_carea' id='block_1_5' title="bbox 347 936 1420 3340">
    <p class='ocr_par' dir='ltr' id='par_1_5' title="bbox 354 936 1420 1070">
     <span class='ocr_line' id='line_1_7' title="bbox 354 936 1420 982; baseline -0.004 -10"><span class='ocrx_word' id='word_1_38' title='bbox 354 940 420 973; x_wconf 83' lang='grc' dir='ltr'><strong>Τοῧ</strong></span> <span class='ocrx_word' id='word_1_39' title='bbox 445 938 503 982; x_wconf 79' lang='grc' dir='ltr'>μέν</span> <span class='ocrx_word' id='word_1_40' title='bbox 530 936 586 970; x_wconf 74' lang='grc' dir='ltr'>οὖν</span> <span class='ocrx_word' id='word_1_41' title='bbox 613 938 645 970; x_wconf 82' lang='grc' dir='ltr'>ἐν</span> <span class='ocrx_word' id='word_1_42' title='bbox 664 938 711 978; x_wconf 80' lang='grc' dir='ltr'>τῷ</span> <span class='ocrx_word' id='word_1_43' title='bbox 732 938 798 970; x_wconf 81' lang='grc' dir='ltr'>ἄνω</span> <span class='ocrx_word' id='word_1_44' title='bbox 818 936 913 978; x_wconf 84' lang='grc' dir='ltr'>τόπῳ</span> <span class='ocrx_word' id='word_1_45' title='bbox 931 936 978 981; x_wconf 74' lang='grc' dir='ltr'><strong>μή</strong></span> <span class='ocrx_word' id='word_1_46' title='bbox 997 936 1219 969; x_wconf 81' lang='grc' dir='ltr'><strong>συνίστασθαι</strong></span> <span class='ocrx_word' id='word_1_47' title='bbox 1237 936 1317 981; x_wconf 85' lang='grc' dir='ltr'>νέφη</span> <span class='ocrx_word' id='word_1_48' title='bbox 1337 936 1420 969; x_wconf 83' lang='grc' dir='ltr'><strong>ταύ-</strong></span> 
     </span>
     <span class='ocr_line' id='line_1_8' title="bbox 420 979 1418 1024; baseline -0.001 -10"><span class='ocrx_word' id='word_1_49' title='bbox 420 994 481 1019; x_wconf 90' lang='grc' dir='ltr'>την</span> <span class='ocrx_word' id='word_1_50' title='bbox 508 982 725 1019; x_wconf 74' lang='grc' dir='ltr'>ὑποληπτέον</span> <span class='ocrx_word' id='word_1_51' title='bbox 759 983 876 1014; x_wconf 81' lang='grc' dir='ltr'><strong>αἰτίαν</strong></span> <span class='ocrx_word' id='word_1_52' title='bbox 902 979 1007 1022; x_wconf 80' lang='grc' dir='ltr'><strong>εἶναι,</strong></span> <span class='ocrx_word' id='word_1_53' title='bbox 1036 980 1090 1013; x_wconf 78' lang='grc' dir='ltr'>ὅτι</span> <span class='ocrx_word' id='word_1_54' title='bbox 1115 981 1174 1013; x_wconf 84' lang='grc' dir='ltr'>οὐκ</span> <span class='ocrx_word' id='word_1_55' title='bbox 1200 982 1327 1013; x_wconf 86' lang='grc' dir='ltr'><strong>ἔνεστιν</strong></span> <span class='ocrx_word' id='word_1_56' title='bbox 1355 981 1418 1024; x_wconf 69' lang='grc' dir='ltr'>ἀήρ</span> 
     </span>
     <span class='ocr_line' id='line_1_9' title="bbox 420 1026 1004 1070; baseline 0 -12"><span class='ocrx_word' id='word_1_57' title='bbox 420 1027 533 1070; x_wconf 84' lang='grc' dir='ltr'><strong>μόνον,</strong></span> <span class='ocrx_word' id='word_1_58' title='bbox 563 1026 652 1058; x_wconf 78' lang='grc' dir='ltr'><strong>ἀλλά</strong></span> <span class='ocrx_word' id='word_1_59' title='bbox 675 1027 806 1070; x_wconf 79' lang='grc' dir='ltr'><strong>μᾶλλον</strong></span> <span class='ocrx_word' id='word_1_60' title='bbox 834 1027 901 1058; x_wconf 85' lang='grc' dir='ltr'><strong>οἷον</strong></span> <span class='ocrx_word' id='word_1_61' title='bbox 927 1027 1004 1070; x_wconf 90' lang='grc' dir='ltr'><strong>πῦρ.</strong></span> 
     </span>
    </p>

    <p class='ocr_par' dir='ltr' id='par_1_6' title="bbox 353 1067 1420 1817">
     <span class='ocr_line' id='line_1_10' title="bbox 353 1067 1419 1114; baseline -0.004 -11"><span class='ocrx_word' id='word_1_62' title='bbox 353 1071 455 1106; x_wconf 82' lang='grc' dir='ltr'>Οὐθὲν</span> <span class='ocrx_word' id='word_1_63' title='bbox 481 1067 518 1102; x_wconf 80' lang='grc' dir='ltr'>δὲ</span> <span class='ocrx_word' id='word_1_64' title='bbox 543 1070 663 1102; x_wconf 93' lang='grc' dir='ltr'><strong>κωλύει</strong></span> <span class='ocrx_word' id='word_1_65' title='bbox 697 1072 755 1102; x_wconf 86' lang='grc' dir='ltr'>καὶ</span> <span class='ocrx_word' id='word_1_66' title='bbox 781 1067 839 1102; x_wconf 77' lang='grc' dir='ltr'>διά</span> <span class='ocrx_word' id='word_1_67' title='bbox 863 1071 927 1107; x_wconf 74' lang='grc' dir='ltr'>τήν</span> <span class='ocrx_word' id='word_1_68' title='bbox 960 1069 1070 1111; x_wconf 87' lang='grc' dir='ltr'><strong>κύκλῳ</strong></span> <span class='ocrx_word' id='word_1_69' title='bbox 1096 1069 1198 1114; x_wconf 82' lang='grc' dir='ltr'><strong>φοράν</strong></span> <span class='ocrx_word' id='word_1_70' title='bbox 1230 1068 1419 1101; x_wconf 73' lang='grc' dir='ltr'><strong>κωλύεσθαι</strong></span> 
     </span>
     <span class='ocr_line' id='line_1_11' title="bbox 420 1112 1420 1159; baseline 0.001 -13"><span class='ocrx_word' id='word_1_71' title='bbox 420 1115 641 1148; x_wconf 79' lang='grc' dir='ltr'><strong>συνίστασθαι</strong></span> <span class='ocrx_word' id='word_1_72' title='bbox 666 1115 744 1158; x_wconf 84' lang='grc' dir='ltr'><strong>νέφη</strong></span> <span class='ocrx_word' id='word_1_73' title='bbox 772 1116 805 1147; x_wconf 91' lang='grc' dir='ltr'>ἐν</span> <span class='ocrx_word' id='word_1_74' title='bbox 831 1116 880 1156; x_wconf 77' lang='grc' dir='ltr'>τῷ</span> <span class='ocrx_word' id='word_1_75' title='bbox 907 1115 976 1147; x_wconf 80' lang='grc' dir='ltr'><strong>α”νω</strong></span> <span class='ocrx_word' id='word_1_76' title='bbox 1002 1114 1115 1155; x_wconf 82' lang='grc' dir='ltr'>τόπῳ·</span> <span class='ocrx_word' id='word_1_77' title='bbox 1140 1116 1206 1159; x_wconf 83' lang='grc' dir='ltr'><strong>ῥεῖν</strong></span> <span class='ocrx_word' id='word_1_78' title='bbox 1231 1115 1295 1159; x_wconf 78' lang='grc' dir='ltr'>γάρ</span> <span class='ocrx_word' id='word_1_79' title='bbox 1315 1112 1420 1159; x_wconf 81' lang='grc' dir='ltr'><strong>ἀναγ-</strong></span> 
     </span>
     <span class='ocr_line' id='line_1_12' title="bbox 419 1158 1419 1212; baseline 0.003 -22"><span class='ocrx_word' id='word_1_80' title='bbox 419 1163 515 1191; x_wconf 85' lang='grc' dir='ltr'><strong>καῖον</strong></span> <span class='ocrx_word' id='word_1_81' title='bbox 543 1159 687 1192; x_wconf 79' lang='grc' dir='ltr'><strong>ἅπαντα</strong></span> <span class='ocrx_word' id='word_1_82' title='bbox 712 1160 771 1192; x_wconf 78' lang='grc' dir='ltr'>τὸν</span> <span class='ocrx_word' id='word_1_83' title='bbox 796 1159 906 1200; x_wconf 83' lang='grc' dir='ltr'><strong>κύκλῳ</strong></span> <span class='ocrx_word' id='word_1_84' title='bbox 933 1158 1031 1202; x_wconf 80' lang='grc' dir='ltr'><strong>ἀέρα,</strong></span> <span class='ocrx_word' id='word_1_85' title='bbox 1060 1158 1135 1196; x_wconf 82' lang='grc' dir='ltr'><strong>ὅσος</strong></span> <span class='ocrx_word' id='word_1_86' title='bbox 1159 1158 1206 1212; x_wconf 73' lang='grc' dir='ltr'><strong>μή</strong></span> <span class='ocrx_word' id='word_1_87' title='bbox 1236 1159 1330 1196; x_wconf 77' lang='grc' dir='ltr'><strong>ἐντὸς</strong></span> <span class='ocrx_word' id='word_1_88' title='bbox 1357 1162 1419 1197; x_wconf 74' lang='grc' dir='ltr'>τῆς</span> 
     </span>
     <span class='ocr_line' id='line_1_13' title="bbox 421 1203 1419 1249; baseline 0.002 -15"><span class='ocrx_word' id='word_1_89' title='bbox 421 1207 626 1249; x_wconf 81' lang='grc' dir='ltr'><strong>περιφερείας</strong></span> <span class='ocrx_word' id='word_1_90' title='bbox 649 1203 869 1247; x_wconf 67' lang='grc' dir='ltr'><strong>λαμβάνεται</strong></span> <span class='ocrx_word' id='word_1_91' title='bbox 891 1205 953 1241; x_wconf 76' lang='grc' dir='ltr'>τῆς</span> <span class='ocrx_word' id='word_1_92' title='bbox 974 1204 1227 1246; x_wconf 80' lang='grc' dir='ltr'><strong>ἀπαρτιζουσης</strong></span> <span class='ocrx_word' id='word_1_93' title='bbox 1248 1203 1336 1237; x_wconf 76' lang='grc' dir='ltr'><strong>ὥστε</strong></span> <span class='ocrx_word' id='word_1_94' title='bbox 1354 1205 1419 1241; x_wconf 74' lang='grc' dir='ltr'>τήν</span> 
     </span>
     <span class='ocr_line' id='line_1_14' title="bbox 419 1245 1416 1294; baseline 0.002 -15"><span class='ocrx_word' id='word_1_95' title='bbox 419 1249 483 1293; x_wconf 79' lang='grc' dir='ltr'><strong>γῆν</strong></span> <span class='ocrx_word' id='word_1_96' title='bbox 509 1245 705 1293; x_wconf 78' lang='grc' dir='ltr'><strong>σφαιροειδῆ</strong></span> <span class='ocrx_word' id='word_1_97' title='bbox 731 1245 816 1280; x_wconf 86' lang='grc' dir='ltr'><strong>εἶναι</strong></span> <span class='ocrx_word' id='word_1_98' title='bbox 842 1249 976 1280; x_wconf 84' lang='grc' dir='ltr'><strong>πᾶσαν·</strong></span> <span class='ocrx_word' id='word_1_99' title='bbox 1003 1250 1162 1292; x_wconf 86' lang='grc' dir='ltr'><strong>φαίνεται</strong></span> <span class='ocrx_word' id='word_1_100' title='bbox 1186 1248 1251 1294; x_wconf 78' lang='grc' dir='ltr'>γάρ</span> <span class='ocrx_word' id='word_1_101' title='bbox 1276 1250 1335 1280; x_wconf 87' lang='grc' dir='ltr'>καὶ</span> <span class='ocrx_word' id='word_1_102' title='bbox 1361 1251 1416 1281; x_wconf 82' lang='grc' dir='ltr'>νῦν</span> 
     </span>
     <span class='ocr_line' id='line_1_15' title="bbox 423 1291 1418 1338; baseline 0.003 -14"><span class='ocrx_word' id='word_1_103' title='bbox 423 1294 443 1328; x_wconf 69' lang='grc' dir='ltr'>τ’)</span> <span class='ocrx_word' id='word_1_104' title='bbox 470 1295 535 1325; x_wconf 81' lang='grc' dir='ltr'>τῶν</span> <span class='ocrx_word' id='word_1_105' title='bbox 564 1293 693 1337; x_wconf 81' lang='grc' dir='ltr'><strong>ἀνέμων</strong></span> <span class='ocrx_word' id='word_1_106' title='bbox 714 1292 842 1338; x_wconf 82' lang='grc' dir='ltr'><strong>γένεσις</strong></span> <span class='ocrx_word' id='word_1_107' title='bbox 860 1291 893 1324; x_wconf 87' lang='grc' dir='ltr'>έν</span> <span class='ocrx_word' id='word_1_108' title='bbox 912 1297 982 1330; x_wconf 88' lang='grc' dir='ltr'><strong>τοῖς</strong></span> <span class='ocrx_word' id='word_1_109' title='bbox 1003 1292 1200 1336; x_wconf 71' lang='grc' dir='ltr'><strong>λιμνάζουσι</strong></span> <span class='ocrx_word' id='word_1_110' title='bbox 1219 1292 1338 1331; x_wconf 78' lang='grc' dir='ltr'><strong>τόποις</strong></span> <span class='ocrx_word' id='word_1_111' title='bbox 1357 1296 1418 1332; x_wconf 75' lang='grc' dir='ltr'>τῆς</span> 
     </span>
     <span class='ocr_line' id='line_1_16' title="bbox 418 1336 1420 1382; baseline 0.001 -12"><span class='ocrx_word' id='word_1_112' title='bbox 418 1337 494 1382; x_wconf 78' lang='grc' dir='ltr'><strong>γῆς,</strong></span> <span class='ocrx_word' id='word_1_113' title='bbox 520 1341 577 1370; x_wconf 80' lang='grc' dir='ltr'>καὶ</span> <span class='ocrx_word' id='word_1_114' title='bbox 605 1339 668 1382; x_wconf 79' lang='grc' dir='ltr'><strong>οὐχ</strong></span> <span class='ocrx_word' id='word_1_115' title='bbox 693 1337 915 1382; x_wconf 76' lang='grc' dir='ltr'><strong>ὑπερβάλλειν</strong></span> <span class='ocrx_word' id='word_1_116' title='bbox 942 1337 990 1369; x_wconf 79' lang='grc' dir='ltr'>τά</span> <span class='ocrx_word' id='word_1_117' title='bbox 1010 1336 1194 1381; x_wconf 89' lang='grc' dir='ltr'><strong>πνεύματα</strong></span> <span class='ocrx_word' id='word_1_118' title='bbox 1211 1338 1278 1369; x_wconf 83' lang='grc' dir='ltr'>τῶν</span> <span class='ocrx_word' id='word_1_119' title='bbox 1297 1338 1420 1382; x_wconf 80' lang='grc' dir='ltr'><strong>ὑψηλο-</strong></span> 
     </span>
     <span class='ocr_line' id='line_1_17' title="bbox 419 1376 1418 1426; baseline 0.001 -13"><span class='ocrx_word' id='word_1_120' title='bbox 419 1382 537 1414; x_wconf 85' lang='grc' dir='ltr'><strong>τάτων</strong></span> <span class='ocrx_word' id='word_1_121' title='bbox 572 1382 665 1426; x_wconf 82' lang='grc' dir='ltr'><strong>ὀρῶν.</strong></span> <span class='ocrx_word' id='word_1_122' title='bbox 705 1383 773 1413; x_wconf 85' lang='grc' dir='ltr'>Ῥεῖ</span> <span class='ocrx_word' id='word_1_123' title='bbox 795 1377 833 1413; x_wconf 80' lang='grc' dir='ltr'>δὲ</span> <span class='ocrx_word' id='word_1_124' title='bbox 857 1381 968 1422; x_wconf 89' lang='grc' dir='ltr'><strong>κύκλῳ</strong></span> <span class='ocrx_word' id='word_1_125' title='bbox 997 1376 1057 1413; x_wconf 74' lang='grc' dir='ltr'><strong>διά</strong></span> <span class='ocrx_word' id='word_1_126' title='bbox 1086 1382 1128 1413; x_wconf 75' lang='grc' dir='ltr'>τό</span> <span class='ocrx_word' id='word_1_127' title='bbox 1160 1382 1418 1426; x_wconf 80' lang='grc' dir='ltr'><strong>συνεφέλκεσθαι</strong></span> 
     </span>
     <span class='ocr_line' id='line_1_18' title="bbox 419 1425 1418 1471; baseline 0 -12"><span class='ocrx_word' id='word_1_128' title='bbox 419 1429 463 1470; x_wconf 87' lang='grc' dir='ltr'><strong>τῇ</strong></span> <span class='ocrx_word' id='word_1_129' title='bbox 482 1428 544 1460; x_wconf 81' lang='grc' dir='ltr'>τοῦ</span> <span class='ocrx_word' id='word_1_130' title='bbox 567 1427 644 1459; x_wconf 79' lang='grc' dir='ltr'><strong>ὅλου</strong></span> <span class='ocrx_word' id='word_1_131' title='bbox 663 1428 841 1471; x_wconf 74' lang='grc' dir='ltr'><strong>περιφορᾷ·</strong></span> <span class='ocrx_word' id='word_1_132' title='bbox 869 1426 909 1459; x_wconf 75' lang='grc' dir='ltr'>τὸ</span> <span class='ocrx_word' id='word_1_133' title='bbox 927 1426 985 1470; x_wconf 79' lang='grc' dir='ltr'>μὲν</span> <span class='ocrx_word' id='word_1_134' title='bbox 1004 1425 1068 1471; x_wconf 74' lang='grc' dir='ltr'>γάρ</span> <span class='ocrx_word' id='word_1_135' title='bbox 1088 1426 1152 1470; x_wconf 88' lang='grc' dir='ltr'>πῦρ</span> <span class='ocrx_word' id='word_1_136' title='bbox 1171 1428 1220 1468; x_wconf 79' lang='grc' dir='ltr'>τῷ</span> <span class='ocrx_word' id='word_1_137' title='bbox 1240 1427 1306 1459; x_wconf 80' lang='grc' dir='ltr'>ἅνω</span> <span class='ocrx_word' id='word_1_138' title='bbox 1326 1440 1418 1461; x_wconf 85' lang='grc' dir='ltr'><strong>στοι-</strong></span> 
     </span>
     <span class='ocr_line' id='line_1_19' title="bbox 417 1468 1417 1515; baseline 0.001 -11"><span class='ocrx_word' id='word_1_139' title='bbox 417 1475 517 1514; x_wconf 88' lang='grc' dir='ltr'><strong>χείῳ,</strong></span> <span class='ocrx_word' id='word_1_140' title='bbox 545 1473 592 1513; x_wconf 78' lang='grc' dir='ltr'>τῷ</span> <span class='ocrx_word' id='word_1_141' title='bbox 624 1468 662 1504; x_wconf 74' lang='grc' dir='ltr'>δὲ</span> <span class='ocrx_word' id='word_1_142' title='bbox 687 1474 763 1514; x_wconf 82' lang='grc' dir='ltr'><strong>πυρὶ</strong></span> <span class='ocrx_word' id='word_1_143' title='bbox 790 1472 806 1503; x_wconf 82' lang='grc' dir='ltr'>ό</span> <span class='ocrx_word' id='word_1_144' title='bbox 834 1470 897 1514; x_wconf 73' lang='grc' dir='ltr'>ἀήρ</span> <span class='ocrx_word' id='word_1_145' title='bbox 927 1470 1070 1515; x_wconf 73' lang='grc' dir='ltr'><strong>συνεχής</strong></span> <span class='ocrx_word' id='word_1_146' title='bbox 1102 1471 1212 1503; x_wconf 79' lang='grc' dir='ltr'><strong>ἐστιν·</strong></span> <span class='ocrx_word' id='word_1_147' title='bbox 1239 1470 1327 1504; x_wconf 81' lang='grc' dir='ltr'><strong>ὥστε</strong></span> <span class='ocrx_word' id='word_1_148' title='bbox 1359 1475 1417 1505; x_wconf 83' lang='grc' dir='ltr'>καὶ</span> 
     </span>
     <span class='ocr_line' id='line_1_20' title="bbox 418 1512 1415 1562; baseline 0 -13"><span class='ocrx_word' id='word_1_149' title='bbox 418 1516 478 1551; x_wconf 79' lang='grc' dir='ltr'>διά</span> <span class='ocrx_word' id='word_1_150' title='bbox 506 1516 570 1552; x_wconf 75' lang='grc' dir='ltr'>τήν</span> <span class='ocrx_word' id='word_1_151' title='bbox 602 1519 729 1554; x_wconf 86' lang='grc' dir='ltr'><strong>κίνησιν</strong></span> <span class='ocrx_word' id='word_1_152' title='bbox 762 1516 933 1547; x_wconf 85' lang='grc' dir='ltr'><strong>κωλύεται</strong></span> <span class='ocrx_word' id='word_1_153' title='bbox 966 1514 1198 1560; x_wconf 74' lang='grc' dir='ltr'><strong>συγκρίνεσθαι</strong></span> <span class='ocrx_word' id='word_1_154' title='bbox 1231 1516 1275 1553; x_wconf 83' lang='grc' dir='ltr'>εἰς</span> <span class='ocrx_word' id='word_1_155' title='bbox 1310 1512 1415 1562; x_wconf 72' lang='grc' dir='ltr'><strong>ὕδωρ,</strong></span> 
     </span>
     <span class='ocr_line' id='line_1_21' title="bbox 420 1559 1417 1604; baseline -0.001 -9"><span class='ocrx_word' id='word_1_156' title='bbox 420 1562 493 1595; x_wconf 83' lang='grc' dir='ltr'><strong>ἀλλ’</strong></span> <span class='ocrx_word' id='word_1_157' title='bbox 517 1562 568 1593; x_wconf 79' lang='grc' dir='ltr'>ἀεὶ</span> <span class='ocrx_word' id='word_1_158' title='bbox 595 1560 611 1593; x_wconf 82' lang='grc' dir='ltr'>ὅ</span> <span class='ocrx_word' id='word_1_159' title='bbox 636 1572 670 1593; x_wconf 89' lang='grc' dir='ltr'>τι</span> <span class='ocrx_word' id='word_1_160' title='bbox 698 1559 736 1592; x_wconf 79' lang='grc' dir='ltr'>ἂν</span> <span class='ocrx_word' id='word_1_161' title='bbox 762 1560 954 1603; x_wconf 85' lang='grc' dir='ltr'><strong>βαρύνηται</strong></span> <span class='ocrx_word' id='word_1_162' title='bbox 979 1561 1092 1604; x_wconf 91' lang='grc' dir='ltr'><strong>μόριον</strong></span> <span class='ocrx_word' id='word_1_163' title='bbox 1119 1560 1242 1599; x_wconf 83' lang='grc' dir='ltr'><strong>αὑτοῦ,</strong></span> <span class='ocrx_word' id='word_1_164' title='bbox 1266 1560 1417 1603; x_wconf 86' lang='grc' dir='ltr'><strong>ἐκθλιβο-</strong></span> 
     </span>
     <span class='ocr_line' id='line_1_22' title="bbox 418 1604 1415 1652; baseline 0 -15"><span class='ocrx_word' id='word_1_165' title='bbox 418 1606 517 1652; x_wconf 82' lang='grc' dir='ltr'><strong>μένου</strong></span> <span class='ocrx_word' id='word_1_166' title='bbox 544 1606 587 1643; x_wconf 87' lang='grc' dir='ltr'>εἰς</span> <span class='ocrx_word' id='word_1_167' title='bbox 615 1605 673 1638; x_wconf 78' lang='grc' dir='ltr'>τὸν</span> <span class='ocrx_word' id='word_1_168' title='bbox 698 1604 764 1637; x_wconf 83' lang='grc' dir='ltr'>ἄνω</span> <span class='ocrx_word' id='word_1_169' title='bbox 791 1604 898 1637; x_wconf 89' lang='grc' dir='ltr'><strong>τόπον</strong></span> <span class='ocrx_word' id='word_1_170' title='bbox 915 1606 978 1638; x_wconf 85' lang='grc' dir='ltr'>τοῦ</span> <span class='ocrx_word' id='word_1_171' title='bbox 997 1604 1130 1649; x_wconf 82' lang='grc' dir='ltr'><strong>θερμοῦ,</strong></span> <span class='ocrx_word' id='word_1_172' title='bbox 1149 1604 1247 1636; x_wconf 88' lang='grc' dir='ltr'><strong>κάτω</strong></span> <span class='ocrx_word' id='word_1_173' title='bbox 1263 1605 1415 1650; x_wconf 88' lang='grc' dir='ltr'><strong>φέρεται,</strong></span> 
     </span>
     <span class='ocr_line' id='line_1_23' title="bbox 421 1645 1416 1695; baseline 0 -12"><span class='ocrx_word' id='word_1_174' title='bbox 421 1652 511 1684; x_wconf 79' lang='grc' dir='ltr'><strong>ἄλλα</strong></span> <span class='ocrx_word' id='word_1_175' title='bbox 535 1645 563 1681; x_wconf 80' lang='grc' dir='ltr'>δ’</span> <span class='ocrx_word' id='word_1_176' title='bbox 595 1651 626 1682; x_wconf 83' lang='grc' dir='ltr'>ἐν</span> <span class='ocrx_word' id='word_1_177' title='bbox 653 1649 744 1694; x_wconf 85' lang='grc' dir='ltr'><strong>μέρει</strong></span> <span class='ocrx_word' id='word_1_178' title='bbox 773 1649 1043 1693; x_wconf 83' lang='grc' dir='ltr'><strong>συναναφέρεται</strong></span> <span class='ocrx_word' id='word_1_179' title='bbox 1076 1651 1123 1691; x_wconf 79' lang='grc' dir='ltr'>τῷ</span> <span class='ocrx_word' id='word_1_180' title='bbox 1158 1649 1416 1695; x_wconf 82' lang='grc' dir='ltr'><strong>άναθυμιωμένῳ</strong></span> 
     </span>
     <span class='ocr_line' id='line_1_24' title="bbox 419 1689 1416 1740; baseline -0.001 -12"><span class='ocrx_word' id='word_1_181' title='bbox 419 1698 508 1740; x_wconf 81' lang='grc' dir='ltr'><strong>πυρὶ,</strong></span> <span class='ocrx_word' id='word_1_182' title='bbox 533 1697 590 1726; x_wconf 82' lang='grc' dir='ltr'>καὶ</span> <span class='ocrx_word' id='word_1_183' title='bbox 618 1694 706 1727; x_wconf 80' lang='grc' dir='ltr'><strong>οὕτω</strong></span> <span class='ocrx_word' id='word_1_184' title='bbox 732 1695 875 1739; x_wconf 85' lang='grc' dir='ltr'><strong>συνεχῶς</strong></span> <span class='ocrx_word' id='word_1_185' title='bbox 902 1694 943 1726; x_wconf 72' lang='grc' dir='ltr'>τό</span> <span class='ocrx_word' id='word_1_186' title='bbox 968 1694 1027 1738; x_wconf 81' lang='grc' dir='ltr'>μέν</span> <span class='ocrx_word' id='word_1_187' title='bbox 1048 1693 1142 1739; x_wconf 81' lang='grc' dir='ltr'><strong>ἀέρος</strong></span> <span class='ocrx_word' id='word_1_188' title='bbox 1159 1689 1314 1726; x_wconf 76' lang='grc' dir='ltr'><strong>διατελεῖ</strong></span> <span class='ocrx_word' id='word_1_189' title='bbox 1330 1697 1416 1732; x_wconf 87' lang='grc' dir='ltr'>πλῆ-</span> 
     </span>
     <span class='ocr_line' id='line_1_25' title="bbox 419 1738 1416 1785; baseline -0.001 -13"><span class='ocrx_word' id='word_1_190' title='bbox 419 1753 470 1784; x_wconf 86' lang='grc' dir='ltr'>ρες</span> <span class='ocrx_word' id='word_1_191' title='bbox 496 1739 545 1781; x_wconf 81' lang='grc' dir='ltr'>ὃν,</span> <span class='ocrx_word' id='word_1_192' title='bbox 564 1738 606 1771; x_wconf 76' lang='grc' dir='ltr'>τὸ</span> <span class='ocrx_word' id='word_1_193' title='bbox 627 1738 665 1770; x_wconf 87' lang='grc' dir='ltr'>δὲ</span> <span class='ocrx_word' id='word_1_194' title='bbox 683 1738 797 1781; x_wconf 73' lang='grc' dir='ltr'><strong>πυρὸς,</strong></span> <span class='ocrx_word' id='word_1_195' title='bbox 823 1741 880 1770; x_wconf 82' lang='grc' dir='ltr'>καὶ</span> <span class='ocrx_word' id='word_1_196' title='bbox 908 1738 959 1771; x_wconf 84' lang='grc' dir='ltr'>ἀεὶ</span> <span class='ocrx_word' id='word_1_197' title='bbox 987 1738 1069 1771; x_wconf 83' lang='grc' dir='ltr'><strong>ἄλλο</strong></span> <span class='ocrx_word' id='word_1_198' title='bbox 1094 1740 1152 1770; x_wconf 80' lang='grc' dir='ltr'>καὶ</span> <span class='ocrx_word' id='word_1_199' title='bbox 1178 1738 1261 1770; x_wconf 82' lang='grc' dir='ltr'><strong>ἄλλο</strong></span> <span class='ocrx_word' id='word_1_200' title='bbox 1284 1742 1416 1785; x_wconf 80' lang='grc' dir='ltr'><strong>γίνεται</strong></span> 
     </span>
     <span class='ocr_line' id='line_1_26' title="bbox 419 1781 717 1817; baseline -0.013 0"><span class='ocrx_word' id='word_1_201' title='bbox 419 1785 564 1817; x_wconf 76' lang='grc' dir='ltr'><strong>ἕκαστον</strong></span> <span class='ocrx_word' id='word_1_202' title='bbox 592 1781 717 1816; x_wconf 82' lang='grc' dir='ltr'><strong>αὐτῶν.</strong></span> 
     </span>
    </p>

    <p class='ocr_par' dir='ltr' id='par_1_7' title="bbox 350 1821 1418 2006">
     <span class='ocr_line' id='line_1_27' title="bbox 350 1821 1418 1874; baseline 0.001 -15"><span class='ocrx_word' id='word_1_203' title='bbox 350 1829 424 1873; x_wconf 88' lang='grc' dir='ltr'><strong>Περὶ</strong></span> <span class='ocrx_word' id='word_1_204' title='bbox 449 1829 507 1874; x_wconf 80' lang='grc' dir='ltr'>μὲν</span> <span class='ocrx_word' id='word_1_205' title='bbox 534 1826 590 1860; x_wconf 76' lang='grc' dir='ltr'>οὖν</span> <span class='ocrx_word' id='word_1_206' title='bbox 617 1829 679 1860; x_wconf 84' lang='grc' dir='ltr'>τοῦ</span> <span class='ocrx_word' id='word_1_207' title='bbox 704 1827 750 1871; x_wconf 77' lang='grc' dir='ltr'><strong>μή</strong></span> <span class='ocrx_word' id='word_1_208' title='bbox 776 1827 926 1873; x_wconf 83' lang='grc' dir='ltr'><strong>γίνεσθαι</strong></span> <span class='ocrx_word' id='word_1_209' title='bbox 951 1826 1045 1870; x_wconf 89' lang='grc' dir='ltr'><strong>νέφη,</strong></span> <span class='ocrx_word' id='word_1_210' title='bbox 1065 1821 1141 1871; x_wconf 72' lang='grc' dir='ltr'><strong>μηδ’</strong></span> <span class='ocrx_word' id='word_1_211' title='bbox 1163 1827 1207 1864; x_wconf 86' lang='grc' dir='ltr'>εἰς</span> <span class='ocrx_word' id='word_1_212' title='bbox 1234 1823 1319 1872; x_wconf 63' lang='grc' dir='ltr'><strong>ὕδωρ</strong></span> <span class='ocrx_word' id='word_1_213' title='bbox 1337 1828 1418 1874; x_wconf 82' lang='grc' dir='ltr'><strong>σύγ-</strong></span> 
     </span>
     <span class='ocr_line' id='line_1_28' title="bbox 416 1868 1415 1919; baseline 0 -14"><span class='ocrx_word' id='word_1_214' title='bbox 416 1885 538 1919; x_wconf 87' lang='grc' dir='ltr'><strong>κρισιν,</strong></span> <span class='ocrx_word' id='word_1_215' title='bbox 564 1875 621 1904; x_wconf 89' lang='grc' dir='ltr'>καὶ</span> <span class='ocrx_word' id='word_1_216' title='bbox 648 1873 715 1909; x_wconf 82' lang='grc' dir='ltr'><strong>πῶς</strong></span> <span class='ocrx_word' id='word_1_217' title='bbox 740 1868 793 1903; x_wconf 79' lang='grc' dir='ltr'>δεῖ</span> <span class='ocrx_word' id='word_1_218' title='bbox 813 1872 932 1912; x_wconf 82' lang='grc' dir='ltr'><strong>λαβεῖν</strong></span> <span class='ocrx_word' id='word_1_219' title='bbox 959 1873 1030 1915; x_wconf 89' lang='grc' dir='ltr'><strong>περὶ</strong></span> <span class='ocrx_word' id='word_1_220' title='bbox 1057 1872 1118 1904; x_wconf 86' lang='grc' dir='ltr'>τοῦ</span> <span class='ocrx_word' id='word_1_221' title='bbox 1145 1870 1276 1915; x_wconf 77' lang='grc' dir='ltr'><strong>μεταξύ</strong></span> <span class='ocrx_word' id='word_1_222' title='bbox 1306 1873 1415 1905; x_wconf 84' lang='grc' dir='ltr'><strong>τόπου</strong></span> 
     </span>
     <span class='ocr_line' id='line_1_29' title="bbox 418 1916 1416 1962; baseline 0 -13"><span class='ocrx_word' id='word_1_223' title='bbox 418 1919 485 1951; x_wconf 80' lang='grc' dir='ltr'>τῶν</span> <span class='ocrx_word' id='word_1_224' title='bbox 513 1918 644 1962; x_wconf 84' lang='grc' dir='ltr'><strong>ἄστρων</strong></span> <span class='ocrx_word' id='word_1_225' title='bbox 676 1918 734 1949; x_wconf 84' lang='grc' dir='ltr'>καὶ</span> <span class='ocrx_word' id='word_1_226' title='bbox 759 1917 821 1953; x_wconf 81' lang='grc' dir='ltr'><strong>τῆς</strong></span> <span class='ocrx_word' id='word_1_227' title='bbox 847 1917 930 1961; x_wconf 74' lang='grc' dir='ltr'><strong>γῆς,</strong></span> <span class='ocrx_word' id='word_1_228' title='bbox 957 1917 1015 1948; x_wconf 84' lang='grc' dir='ltr'>καὶ</span> <span class='ocrx_word' id='word_1_229' title='bbox 1041 1919 1130 1952; x_wconf 86' lang='grc' dir='ltr'><strong>τίνος</strong></span> <span class='ocrx_word' id='word_1_230' title='bbox 1158 1916 1232 1948; x_wconf 75' lang='grc' dir='ltr'><strong>ἐστὶ</strong></span> <span class='ocrx_word' id='word_1_231' title='bbox 1257 1916 1416 1961; x_wconf 77' lang='grc' dir='ltr'><strong>σώματος</strong></span> 
     </span>
     <span class='ocr_line' id='line_1_30' title="bbox 418 1959 932 2006; baseline -0.006 -12"><span class='ocrx_word' id='word_1_232' title='bbox 418 1962 561 2006; x_wconf 76' lang='grc' dir='ltr'><strong>πλήρης,</strong></span> <span class='ocrx_word' id='word_1_233' title='bbox 589 1962 749 1994; x_wconf 89' lang='grc' dir='ltr'><strong>τοσαῦτα</strong></span> <span class='ocrx_word' id='word_1_234' title='bbox 773 1959 932 2003; x_wconf 79' lang='grc' dir='ltr'><strong>εἰρήσθω·</strong></span> 
     </span>
    </p>

    <p class='ocr_par' dir='ltr' id='par_1_8' title="bbox 352 2003 1416 2262">
     <span class='ocr_line' id='line_1_31' title="bbox 352 2003 1414 2052; baseline 0 -14"><span class='ocrx_word' id='word_1_235' title='bbox 352 2009 425 2052; x_wconf 85' lang='grc' dir='ltr'><strong>περὶ</strong></span> <span class='ocrx_word' id='word_1_236' title='bbox 457 2003 494 2038; x_wconf 81' lang='grc' dir='ltr'>δὲ</span> <span class='ocrx_word' id='word_1_237' title='bbox 523 2008 586 2044; x_wconf 86' lang='grc' dir='ltr'><strong>τῆς</strong></span> <span class='ocrx_word' id='word_1_238' title='bbox 620 2006 797 2052; x_wconf 83' lang='grc' dir='ltr'><strong>γινομένης</strong></span> <span class='ocrx_word' id='word_1_239' title='bbox 834 2004 1067 2048; x_wconf 81' lang='grc' dir='ltr'><strong>θερμότητος,</strong></span> <span class='ocrx_word' id='word_1_240' title='bbox 1100 2004 1139 2040; x_wconf 80' lang='grc' dir='ltr'>ἦν</span> <span class='ocrx_word' id='word_1_241' title='bbox 1172 2004 1365 2051; x_wconf 89' lang='grc' dir='ltr'><strong>παρέχεται</strong></span> <span class='ocrx_word' id='word_1_242' title='bbox 1399 2007 1414 2038; x_wconf 87' lang='grc' dir='ltr'>ό</span> 
     </span>
     <span class='ocr_line' id='line_1_32' title="bbox 419 2048 1414 2094; baseline -0.003 -11"><span class='ocrx_word' id='word_1_243' title='bbox 419 2050 530 2091; x_wconf 80' lang='grc' dir='ltr'><strong>ἥλιος,</strong></span> <span class='ocrx_word' id='word_1_244' title='bbox 557 2051 687 2094; x_wconf 80' lang='grc' dir='ltr'><strong>μᾶλλον</strong></span> <span class='ocrx_word' id='word_1_245' title='bbox 713 2050 771 2094; x_wconf 83' lang='grc' dir='ltr'>μὲν</span> <span class='ocrx_word' id='word_1_246' title='bbox 796 2048 870 2081; x_wconf 83' lang='grc' dir='ltr'><strong>καθ’</strong></span> <span class='ocrx_word' id='word_1_247' title='bbox 900 2049 987 2082; x_wconf 74' lang='grc' dir='ltr'><strong>αὐτὸ</strong></span> <span class='ocrx_word' id='word_1_248' title='bbox 1019 2050 1078 2080; x_wconf 83' lang='grc' dir='ltr'>καὶ</span> <span class='ocrx_word' id='word_1_249' title='bbox 1114 2049 1255 2093; x_wconf 83' lang='grc' dir='ltr'><strong>ἀκριβῶς</strong></span> <span class='ocrx_word' id='word_1_250' title='bbox 1286 2048 1318 2081; x_wconf 77' lang='grc' dir='ltr'>ἐν</span> <span class='ocrx_word' id='word_1_251' title='bbox 1344 2054 1414 2088; x_wconf 74' lang='grc' dir='ltr'><strong>τοῖς</strong></span> 
     </span>
     <span class='ocr_line' id='line_1_33' title="bbox 418 2091 1415 2140; baseline -0.002 -12"><span class='ocrx_word' id='word_1_252' title='bbox 418 2098 492 2139; x_wconf 82' lang='grc' dir='ltr'><strong>περὶ</strong></span> <span class='ocrx_word' id='word_1_253' title='bbox 519 2095 703 2133; x_wconf 73' lang='grc' dir='ltr'><strong>αἰσθήσεως</strong></span> <span class='ocrx_word' id='word_1_254' title='bbox 736 2093 898 2138; x_wconf 75' lang='grc' dir='ltr'><strong>προσήκει</strong></span> <span class='ocrx_word' id='word_1_255' title='bbox 925 2093 1036 2140; x_wconf 90' lang='grc' dir='ltr'><strong>λέγειν</strong></span> <span class='ocrx_word' id='word_1_256' title='bbox 1063 2091 1189 2135; x_wconf 89' lang='grc' dir='ltr'><strong>(πάθος</strong></span> <span class='ocrx_word' id='word_1_257' title='bbox 1222 2094 1287 2140; x_wconf 85' lang='grc' dir='ltr'>γάρ</span> <span class='ocrx_word' id='word_1_258' title='bbox 1313 2107 1347 2128; x_wconf 86' lang='grc' dir='ltr'>τι</span> <span class='ocrx_word' id='word_1_259' title='bbox 1373 2096 1415 2128; x_wconf 79' lang='grc' dir='ltr'><strong>τὸ</strong></span> 
     </span>
     <span class='ocr_line' id='line_1_34' title="bbox 417 2132 1416 2186; baseline -0.008 -14"><span class='ocrx_word' id='word_1_260' title='bbox 417 2140 534 2185; x_wconf 81' lang='grc' dir='ltr'><strong>θερμὸν</strong></span> <span class='ocrx_word' id='word_1_261' title='bbox 562 2139 747 2177; x_wconf 76' lang='grc' dir='ltr'><strong>αἰσθήσεώς</strong></span> <span class='ocrx_word' id='word_1_262' title='bbox 774 2139 904 2182; x_wconf 85' lang='grc' dir='ltr'><strong>ἑστιν)·</strong></span> <span class='ocrx_word' id='word_1_263' title='bbox 931 2133 990 2170; x_wconf 67' lang='grc' dir='ltr'><strong>διαὶ</strong></span> <span class='ocrx_word' id='word_1_264' title='bbox 1022 2140 1100 2170; x_wconf 86' lang='grc' dir='ltr'><strong>τίνα</strong></span> <span class='ocrx_word' id='word_1_265' title='bbox 1129 2132 1158 2169; x_wconf 75' lang='grc' dir='ltr'>δ’</span> <span class='ocrx_word' id='word_1_266' title='bbox 1188 2138 1304 2171; x_wconf 78' lang='grc' dir='ltr'><strong>αἰτίαν</strong></span> <span class='ocrx_word' id='word_1_267' title='bbox 1329 2142 1416 2186; x_wconf 80' lang='grc' dir='ltr'><strong>γίνε-</strong></span> 
     </span>
     <span class='ocr_line' id='line_1_35' title="bbox 417 2181 1414 2227; baseline -0.001 -11"><span class='ocrx_word' id='word_1_268' title='bbox 417 2185 556 2227; x_wconf 82' lang='grc' dir='ltr'><strong>ται,μή</strong></span> <span class='ocrx_word' id='word_1_269' title='bbox 585 2183 749 2218; x_wconf 77' lang='grc' dir='ltr'><strong>τοιούτων</strong></span> <span class='ocrx_word' id='word_1_270' title='bbox 775 2183 881 2215; x_wconf 80' lang='grc' dir='ltr'><strong>ὄντων</strong></span> <span class='ocrx_word' id='word_1_271' title='bbox 906 2183 1039 2214; x_wconf 80' lang='grc' dir='ltr'><strong>ἐκείνων</strong></span> <span class='ocrx_word' id='word_1_272' title='bbox 1065 2182 1128 2219; x_wconf 78' lang='grc' dir='ltr'>τήν</span> <span class='ocrx_word' id='word_1_273' title='bbox 1146 2181 1255 2226; x_wconf 85' lang='grc' dir='ltr'><strong>φύσιν,</strong></span> <span class='ocrx_word' id='word_1_274' title='bbox 1274 2184 1414 2218; x_wconf 81' lang='grc' dir='ltr'><strong>λεκτέον</strong></span> 
     </span>
     <span class='ocr_line' id='line_1_36' title="bbox 416 2230 566 2262; baseline 0 -2"><span class='ocrx_word' id='word_1_275' title='bbox 416 2231 473 2262; x_wconf 83' lang='grc' dir='ltr'>καὶ</span> <span class='ocrx_word' id='word_1_276' title='bbox 497 2230 566 2261; x_wconf 86' lang='grc' dir='ltr'><strong>νῦν.</strong></span> 
     </span>
    </p>

    <p class='ocr_par' dir='ltr' id='par_1_9' title="bbox 347 2266 1417 2399">
     <span class='ocr_line' id='line_1_37' title="bbox 347 2266 1414 2318; baseline -0.002 -13"><span class='ocrx_word' id='word_1_277' title='bbox 347 2273 489 2318; x_wconf 79' lang='grc' dir='ltr'><strong>Ὀρῶμεν</strong></span> <span class='ocrx_word' id='word_1_278' title='bbox 514 2269 557 2310; x_wconf 73' lang='grc' dir='ltr'>δή</span> <span class='ocrx_word' id='word_1_279' title='bbox 584 2274 647 2310; x_wconf 74' lang='grc' dir='ltr'>τήν</span> <span class='ocrx_word' id='word_1_280' title='bbox 672 2275 798 2310; x_wconf 88' lang='grc' dir='ltr'><strong>κίνησιν</strong></span> <span class='ocrx_word' id='word_1_281' title='bbox 818 2271 871 2304; x_wconf 82' lang='grc' dir='ltr'>ὅτι</span> <span class='ocrx_word' id='word_1_282' title='bbox 889 2266 1037 2303; x_wconf 73' lang='grc' dir='ltr'><strong>δύναται</strong></span> <span class='ocrx_word' id='word_1_283' title='bbox 1055 2266 1234 2315; x_wconf 67' lang='grc' dir='ltr'><strong>διακρίνειν</strong></span> <span class='ocrx_word' id='word_1_284' title='bbox 1252 2271 1312 2303; x_wconf 80' lang='grc' dir='ltr'>τὸν</span> <span class='ocrx_word' id='word_1_285' title='bbox 1331 2272 1414 2318; x_wconf 75' lang='grc' dir='ltr'><strong>ἀέρα</strong></span> 
     </span>
     <span class='ocr_line' id='line_1_38' title="bbox 415 2314 1417 2362; baseline -0.001 -12"><span class='ocrx_word' id='word_1_286' title='bbox 415 2321 472 2350; x_wconf 82' lang='grc' dir='ltr'>καὶ</span> <span class='ocrx_word' id='word_1_287' title='bbox 499 2318 676 2362; x_wconf 79' lang='grc' dir='ltr'><strong>ἐκπυροῦν,</strong></span> <span class='ocrx_word' id='word_1_288' title='bbox 694 2316 782 2350; x_wconf 75' lang='grc' dir='ltr'><strong>ὥστε</strong></span> <span class='ocrx_word' id='word_1_289' title='bbox 807 2317 865 2348; x_wconf 84' lang='grc' dir='ltr'>καὶ</span> <span class='ocrx_word' id='word_1_290' title='bbox 891 2316 938 2348; x_wconf 81' lang='grc' dir='ltr'>τά</span> <span class='ocrx_word' id='word_1_291' title='bbox 961 2315 1125 2361; x_wconf 87' lang='grc' dir='ltr'><strong>φερόμενα</strong></span> <span class='ocrx_word' id='word_1_292' title='bbox 1148 2314 1323 2358; x_wconf 87' lang='grc' dir='ltr'><strong>τηκόμενα</strong></span> <span class='ocrx_word' id='word_1_293' title='bbox 1339 2320 1417 2362; x_wconf 87' lang='grc' dir='ltr'><strong>φαί-</strong></span> 
     </span>
     <span class='ocr_line' id='line_1_39' title="bbox 416 2362 731 2399; baseline 0.003 -5"><span class='ocrx_word' id='word_1_294' title='bbox 416 2362 529 2395; x_wconf 88' lang='grc' dir='ltr'><strong>νεσθαι</strong></span> <span class='ocrx_word' id='word_1_295' title='bbox 555 2362 731 2399; x_wconf 87' lang='grc' dir='ltr'><strong>πολλάκις.</strong></span> 
     </span>
    </p>

    <p class='ocr_par' dir='ltr' id='par_1_10' title="bbox 349 2403 1416 2672">
     <span class='ocr_line' id='line_1_40' title="bbox 349 2403 1413 2453; baseline 0.002 -17"><span class='ocrx_word' id='word_1_296' title='bbox 349 2406 394 2438; x_wconf 73' lang='grc' dir='ltr'>Τὸ</span> <span class='ocrx_word' id='word_1_297' title='bbox 419 2407 478 2451; x_wconf 80' lang='grc' dir='ltr'>μέν</span> <span class='ocrx_word' id='word_1_298' title='bbox 515 2405 572 2439; x_wconf 74' lang='grc' dir='ltr'>οὖν</span> <span class='ocrx_word' id='word_1_299' title='bbox 603 2405 754 2453; x_wconf 83' lang='grc' dir='ltr'><strong>γίνεσθαι</strong></span> <span class='ocrx_word' id='word_1_300' title='bbox 787 2405 850 2442; x_wconf 75' lang='grc' dir='ltr'>τήν</span> <span class='ocrx_word' id='word_1_301' title='bbox 885 2404 988 2438; x_wconf 81' lang='grc' dir='ltr'><strong>ἀλέαν</strong></span> <span class='ocrx_word' id='word_1_302' title='bbox 1023 2407 1081 2437; x_wconf 83' lang='grc' dir='ltr'>καὶ</span> <span class='ocrx_word' id='word_1_303' title='bbox 1117 2404 1182 2440; x_wconf 69' lang='grc' dir='ltr'>τήν</span> <span class='ocrx_word' id='word_1_304' title='bbox 1214 2403 1413 2449; x_wconf 81' lang='grc' dir='ltr'><strong>θερμότητα</strong></span> 
     </span>
     <span class='ocr_line' id='line_1_41' title="bbox 417 2449 1416 2505; baseline -0.001 -22"><span class='ocrx_word' id='word_1_305' title='bbox 417 2451 516 2488; x_wconf 76' lang='grc' dir='ltr'><strong>ἱκανή</strong></span> <span class='ocrx_word' id='word_1_306' title='bbox 541 2452 614 2484; x_wconf 82' lang='grc' dir='ltr'><strong>ἐστι</strong></span> <span class='ocrx_word' id='word_1_307' title='bbox 640 2449 910 2495; x_wconf 74' lang='grc' dir='ltr'><strong>παρασκευάζειν</strong></span> <span class='ocrx_word' id='word_1_308' title='bbox 935 2452 993 2482; x_wconf 85' lang='grc' dir='ltr'>καὶ</span> <span class='ocrx_word' id='word_1_309' title='bbox 1011 2451 1032 2486; x_wconf 71' lang='grc' dir='ltr'>ἡ</span> <span class='ocrx_word' id='word_1_310' title='bbox 1051 2450 1114 2482; x_wconf 86' lang='grc' dir='ltr'>τοῦ</span> <span class='ocrx_word' id='word_1_311' title='bbox 1132 2450 1228 2486; x_wconf 83' lang='grc' dir='ltr'><strong>ήλίου</strong></span> <span class='ocrx_word' id='word_1_312' title='bbox 1251 2450 1339 2505; x_wconf 72' lang='grc' dir='ltr'><strong>φορά</strong></span> <span class='ocrx_word' id='word_1_313' title='bbox 1355 2450 1416 2494; x_wconf 88' lang='grc' dir='ltr'>μό-</span> 
     </span>
     <span class='ocr_line' id='line_1_42' title="bbox 415 2491 1413 2542; baseline -0.001 -14"><span class='ocrx_word' id='word_1_314' title='bbox 415 2508 487 2528; x_wconf 87' lang='grc' dir='ltr'><strong>νον·</strong></span> <span class='ocrx_word' id='word_1_315' title='bbox 515 2495 661 2540; x_wconf 87' lang='grc' dir='ltr'><strong>ταχεῖάν</strong></span> <span class='ocrx_word' id='word_1_316' title='bbox 687 2507 725 2527; x_wconf 87' lang='grc' dir='ltr'>τε</span> <span class='ocrx_word' id='word_1_317' title='bbox 750 2495 814 2542; x_wconf 77' lang='grc' dir='ltr'>γάρ</span> <span class='ocrx_word' id='word_1_318' title='bbox 844 2491 896 2528; x_wconf 77' lang='grc' dir='ltr'>δεῖ</span> <span class='ocrx_word' id='word_1_319' title='bbox 926 2496 985 2526; x_wconf 84' lang='grc' dir='ltr'>καὶ</span> <span class='ocrx_word' id='word_1_320' title='bbox 1017 2494 1064 2539; x_wconf 75' lang='grc' dir='ltr'><strong>μή</strong></span> <span class='ocrx_word' id='word_1_321' title='bbox 1100 2493 1210 2537; x_wconf 82' lang='grc' dir='ltr'><strong>πόρρω</strong></span> <span class='ocrx_word' id='word_1_322' title='bbox 1235 2506 1332 2526; x_wconf 81' lang='grc' dir='ltr'><strong>ειναι.</strong></span> <span class='ocrx_word' id='word_1_323' title='bbox 1371 2496 1413 2527; x_wconf 84' lang='grc' dir='ltr'><strong>Ἤ</strong></span> 
     </span>
     <span class='ocr_line' id='line_1_43' title="bbox 416 2535 1414 2584; baseline 0 -12"><span class='ocrx_word' id='word_1_324' title='bbox 416 2541 475 2583; x_wconf 84' lang='grc' dir='ltr'>μὲν</span> <span class='ocrx_word' id='word_1_325' title='bbox 501 2539 558 2572; x_wconf 70' lang='grc' dir='ltr'>οὖν</span> <span class='ocrx_word' id='word_1_326' title='bbox 587 2540 654 2572; x_wconf 83' lang='grc' dir='ltr'>τῶν</span> <span class='ocrx_word' id='word_1_327' title='bbox 682 2539 813 2584; x_wconf 83' lang='grc' dir='ltr'><strong>ἄστρων</strong></span> <span class='ocrx_word' id='word_1_328' title='bbox 847 2542 974 2584; x_wconf 84' lang='grc' dir='ltr'><strong>ταχεῖα</strong></span> <span class='ocrx_word' id='word_1_329' title='bbox 999 2539 1079 2582; x_wconf 78' lang='grc' dir='ltr'><strong>μέν,</strong></span> <span class='ocrx_word' id='word_1_330' title='bbox 1107 2538 1170 2582; x_wconf 86' lang='grc' dir='ltr'>πόρ</span> <span class='ocrx_word' id='word_1_331' title='bbox 1192 2552 1217 2570; x_wconf 92' lang='grc' dir='ltr'><strong>ω</strong></span> <span class='ocrx_word' id='word_1_332' title='bbox 1243 2535 1302 2580; x_wconf 71' lang='grc' dir='ltr'>δὲ,</span> <span class='ocrx_word' id='word_1_333' title='bbox 1329 2539 1350 2575; x_wconf 75' lang='grc' dir='ltr'>ἡ</span> <span class='ocrx_word' id='word_1_334' title='bbox 1376 2535 1414 2572; x_wconf 77' lang='grc' dir='ltr'>δὲ</span> 
     </span>
     <span class='ocr_line' id='line_1_44' title="bbox 416 2578 1412 2628; baseline -0.004 -11"><span class='ocrx_word' id='word_1_335' title='bbox 416 2586 479 2623; x_wconf 86' lang='grc' dir='ltr'><strong>τῆς</strong></span> <span class='ocrx_word' id='word_1_336' title='bbox 504 2584 644 2621; x_wconf 83' lang='grc' dir='ltr'><strong>σελήνης</strong></span> <span class='ocrx_word' id='word_1_337' title='bbox 669 2583 765 2616; x_wconf 89' lang='grc' dir='ltr'><strong>κάτω</strong></span> <span class='ocrx_word' id='word_1_338' title='bbox 783 2584 855 2627; x_wconf 79' lang='grc' dir='ltr'><strong>μὲν,</strong></span> <span class='ocrx_word' id='word_1_339' title='bbox 875 2578 1019 2628; x_wconf 72' lang='grc' dir='ltr'><strong>βραδεῖα</strong></span> <span class='ocrx_word' id='word_1_340' title='bbox 1044 2578 1099 2615; x_wconf 78' lang='grc' dir='ltr'><strong>δέ·</strong></span> <span class='ocrx_word' id='word_1_341' title='bbox 1127 2584 1148 2620; x_wconf 77' lang='grc' dir='ltr'><strong>η</strong></span> <span class='ocrx_word' id='word_1_342' title='bbox 1197 2585 1211 2617; x_wconf 82' lang='grc' dir='ltr'>ἐ</span> <span class='ocrx_word' id='word_1_343' title='bbox 1236 2584 1299 2616; x_wconf 79' lang='grc' dir='ltr'>τοῦ</span> <span class='ocrx_word' id='word_1_344' title='bbox 1317 2584 1412 2620; x_wconf 76' lang='grc' dir='ltr'><strong>ἡλίου</strong></span> 
     </span>
     <span class='ocr_line' id='line_1_45' title="bbox 418 2628 898 2672; baseline -0.006 -11"><span class='ocrx_word' id='word_1_345' title='bbox 418 2629 514 2672; x_wconf 84' lang='grc' dir='ltr'><strong>ἄμφω</strong></span> <span class='ocrx_word' id='word_1_346' title='bbox 539 2630 641 2661; x_wconf 81' lang='grc' dir='ltr'><strong>ταῦτ’</strong></span> <span class='ocrx_word' id='word_1_347' title='bbox 671 2628 740 2672; x_wconf 82' lang='grc' dir='ltr'><strong>ἔχει</strong></span> <span class='ocrx_word' id='word_1_348' title='bbox 766 2629 898 2665; x_wconf 83' lang='grc' dir='ltr'><strong>ἱκανῶς.</strong></span> 
     </span>
    </p>

    <p class='ocr_par' dir='ltr' id='par_1_11' title="bbox 349 2668 1415 2983">
     <span class='ocr_line' id='line_1_46' title="bbox 349 2668 1415 2718; baseline 0.002 -16"><span class='ocrx_word' id='word_1_349' title='bbox 349 2672 395 2704; x_wconf 79' lang='grc' dir='ltr'><strong>Τό</strong></span> <span class='ocrx_word' id='word_1_350' title='bbox 420 2668 458 2705; x_wconf 75' lang='grc' dir='ltr'>δὲ</span> <span class='ocrx_word' id='word_1_351' title='bbox 483 2673 637 2718; x_wconf 88' lang='grc' dir='ltr'><strong>μάλιστα</strong></span> <span class='ocrx_word' id='word_1_352' title='bbox 660 2671 811 2718; x_wconf 84' lang='grc' dir='ltr'><strong>γίνεσθαι</strong></span> <span class='ocrx_word' id='word_1_353' title='bbox 838 2672 910 2716; x_wconf 80' lang='grc' dir='ltr'>ἅμα</span> <span class='ocrx_word' id='word_1_354' title='bbox 935 2672 982 2712; x_wconf 78' lang='grc' dir='ltr'>τῷ</span> <span class='ocrx_word' id='word_1_355' title='bbox 1002 2671 1083 2712; x_wconf 80' lang='grc' dir='ltr'><strong>ἡλίῳ</strong></span> <span class='ocrx_word' id='word_1_356' title='bbox 1102 2671 1196 2715; x_wconf 79' lang='grc' dir='ltr'><strong>αὐτῷ</strong></span> <span class='ocrx_word' id='word_1_357' title='bbox 1217 2672 1280 2709; x_wconf 74' lang='grc' dir='ltr'>την</span> <span class='ocrx_word' id='word_1_358' title='bbox 1298 2671 1415 2716; x_wconf 89' lang='grc' dir='ltr'><strong>θερμό-</strong></span> 
     </span>
     <span class='ocr_line' id='line_1_47' title="bbox 416 2715 1410 2763; baseline -0.001 -13"><span class='ocrx_word' id='word_1_359' title='bbox 416 2730 510 2755; x_wconf 85' lang='grc' dir='ltr'><strong>τητα</strong></span> <span class='ocrx_word' id='word_1_360' title='bbox 535 2718 689 2763; x_wconf 81' lang='grc' dir='ltr'><strong>εὔλογον,</strong></span> <span class='ocrx_word' id='word_1_361' title='bbox 710 2716 952 2760; x_wconf 85' lang='grc' dir='ltr'><strong>λαμβάνοντας</strong></span> <span class='ocrx_word' id='word_1_362' title='bbox 980 2716 1020 2747; x_wconf 78' lang='grc' dir='ltr'>τό</span> <span class='ocrx_word' id='word_1_363' title='bbox 1048 2715 1161 2759; x_wconf 82' lang='grc' dir='ltr'><strong>ὅμοιον</strong></span> <span class='ocrx_word' id='word_1_364' title='bbox 1183 2718 1219 2750; x_wconf 84' lang='grc' dir='ltr'><strong>ἐκ</strong></span> <span class='ocrx_word' id='word_1_365' title='bbox 1244 2717 1310 2750; x_wconf 86' lang='grc' dir='ltr'>τῶν</span> <span class='ocrx_word' id='word_1_366' title='bbox 1333 2717 1410 2761; x_wconf 84' lang='grc' dir='ltr'><strong>παρ’</strong></span> 
     </span>
     <span class='ocr_line' id='line_1_48' title="bbox 417 2759 1415 2816; baseline 0.001 -23"><span class='ocrx_word' id='word_1_367' title='bbox 417 2763 495 2806; x_wconf 77' lang='grc' dir='ltr'><strong>ἡμῖν</strong></span> <span class='ocrx_word' id='word_1_368' title='bbox 520 2762 718 2808; x_wconf 83' lang='grc' dir='ltr'><strong>γινομένων·</strong></span> <span class='ocrx_word' id='word_1_369' title='bbox 744 2763 802 2792; x_wconf 84' lang='grc' dir='ltr'>καὶ</span> <span class='ocrx_word' id='word_1_370' title='bbox 827 2761 891 2808; x_wconf 79' lang='grc' dir='ltr'>γοὶρ</span> <span class='ocrx_word' id='word_1_371' title='bbox 918 2759 1067 2793; x_wconf 84' lang='grc' dir='ltr'><strong>ἐνταῦθα</strong></span> <span class='ocrx_word' id='word_1_372' title='bbox 1097 2762 1163 2793; x_wconf 81' lang='grc' dir='ltr'>τῶν</span> <span class='ocrx_word' id='word_1_373' title='bbox 1196 2762 1252 2802; x_wconf 75' lang='grc' dir='ltr'><strong>βίᾳ</strong></span> <span class='ocrx_word' id='word_1_374' title='bbox 1278 2761 1415 2816; x_wconf 87' lang='grc' dir='ltr'><strong>φερομέ-</strong></span> 
     </span>
     <span class='ocr_line' id='line_1_49' title="bbox 417 2804 1412 2851; baseline -0.001 -13"><span class='ocrx_word' id='word_1_375' title='bbox 417 2819 478 2838; x_wconf 87' lang='grc' dir='ltr'>νων</span> <span class='ocrx_word' id='word_1_376' title='bbox 501 2807 516 2839; x_wconf 82' lang='grc' dir='ltr'>ὀ</span> <span class='ocrx_word' id='word_1_377' title='bbox 539 2806 734 2848; x_wconf 83' lang='grc' dir='ltr'><strong>πλησιάζων</strong></span> <span class='ocrx_word' id='word_1_378' title='bbox 762 2805 826 2850; x_wconf 78' lang='grc' dir='ltr'>ἀήρ</span> <span class='ocrx_word' id='word_1_379' title='bbox 851 2805 1006 2849; x_wconf 88' lang='grc' dir='ltr'><strong>μάλιστα</strong></span> <span class='ocrx_word' id='word_1_380' title='bbox 1031 2808 1164 2851; x_wconf 83' lang='grc' dir='ltr'><strong>γίνεται</strong></span> <span class='ocrx_word' id='word_1_381' title='bbox 1189 2804 1319 2850; x_wconf 78' lang='grc' dir='ltr'><strong>θερμός.</strong></span> <span class='ocrx_word' id='word_1_382' title='bbox 1347 2807 1412 2838; x_wconf 84' lang='grc' dir='ltr'>Καὶ</span> 
     </span>
     <span class='ocr_line' id='line_1_50' title="bbox 417 2849 1414 2897; baseline -0.002 -13"><span class='ocrx_word' id='word_1_383' title='bbox 417 2852 511 2884; x_wconf 87' lang='grc' dir='ltr'><strong>τουτ’</strong></span> <span class='ocrx_word' id='word_1_384' title='bbox 540 2850 684 2897; x_wconf 76' lang='grc' dir='ltr'><strong>εὐλόγως</strong></span> <span class='ocrx_word' id='word_1_385' title='bbox 710 2850 904 2892; x_wconf 88' lang='grc' dir='ltr'><strong>συμβαίνει·</strong></span> <span class='ocrx_word' id='word_1_386' title='bbox 931 2849 1086 2893; x_wconf 86' lang='grc' dir='ltr'><strong>μάλιστα</strong></span> <span class='ocrx_word' id='word_1_387' title='bbox 1110 2850 1174 2896; x_wconf 81' lang='grc' dir='ltr'>γάρ</span> <span class='ocrx_word' id='word_1_388' title='bbox 1200 2851 1220 2887; x_wconf 73' lang='grc' dir='ltr'><strong><em>ἠ</em></strong></span> <span class='ocrx_word' id='word_1_389' title='bbox 1247 2851 1309 2883; x_wconf 85' lang='grc' dir='ltr'>τοῦ</span> <span class='ocrx_word' id='word_1_390' title='bbox 1337 2862 1414 2882; x_wconf 88' lang='grc' dir='ltr'><strong>στε-</strong></span> 
     </span>
     <span class='ocr_line' id='line_1_51' title="bbox 416 2891 1412 2939; baseline -0.002 -11"><span class='ocrx_word' id='word_1_391' title='bbox 416 2897 491 2939; x_wconf 87' lang='grc' dir='ltr'><strong>ρεοῦ</strong></span> <span class='ocrx_word' id='word_1_392' title='bbox 508 2891 669 2938; x_wconf 78' lang='grc' dir='ltr'><strong>διακρίνει</strong></span> <span class='ocrx_word' id='word_1_393' title='bbox 693 2897 817 2932; x_wconf 87' lang='grc' dir='ltr'><strong>κίνησις</strong></span> <span class='ocrx_word' id='word_1_394' title='bbox 837 2894 958 2927; x_wconf 78' lang='grc' dir='ltr'><strong>αὐτόν.</strong></span> <span class='ocrx_word' id='word_1_395' title='bbox 986 2893 1049 2926; x_wconf 89' lang='grc' dir='ltr'>Διά</span> <span class='ocrx_word' id='word_1_396' title='bbox 1066 2906 1103 2926; x_wconf 89' lang='grc' dir='ltr'>τε</span> <span class='ocrx_word' id='word_1_397' title='bbox 1121 2894 1254 2932; x_wconf 90' lang='grc' dir='ltr'><strong>ταύτην</strong></span> <span class='ocrx_word' id='word_1_398' title='bbox 1273 2893 1330 2927; x_wconf 80' lang='grc' dir='ltr'>οὖν</span> <span class='ocrx_word' id='word_1_399' title='bbox 1349 2895 1412 2932; x_wconf 72' lang='grc' dir='ltr'>τήν</span> 
     </span>
     <span class='ocr_line' id='line_1_52' title="bbox 417 2934 1409 2983; baseline 0 -11"><span class='ocrx_word' id='word_1_400' title='bbox 417 2941 533 2972; x_wconf 88' lang='grc' dir='ltr'><strong>αἰτίαν</strong></span> <span class='ocrx_word' id='word_1_401' title='bbox 553 2940 744 2983; x_wconf 82' lang='grc' dir='ltr'><strong>ἀφικνεῖται</strong></span> <span class='ocrx_word' id='word_1_402' title='bbox 762 2939 842 2982; x_wconf 73' lang='grc' dir='ltr'><strong>πρὸς</strong></span> <span class='ocrx_word' id='word_1_403' title='bbox 860 2934 958 2971; x_wconf 73' lang='grc' dir='ltr'><strong>τόνδε</strong></span> <span class='ocrx_word' id='word_1_404' title='bbox 976 2939 1036 2971; x_wconf 80' lang='grc' dir='ltr'>τόν</span> <span class='ocrx_word' id='word_1_405' title='bbox 1059 2938 1167 2971; x_wconf 88' lang='grc' dir='ltr'><strong>τόπον</strong></span> <span class='ocrx_word' id='word_1_406' title='bbox 1186 2941 1206 2976; x_wconf 75' lang='grc' dir='ltr'>ἡ</span> <span class='ocrx_word' id='word_1_407' title='bbox 1224 2938 1409 2983; x_wconf 85' lang='grc' dir='ltr'><strong>θερμότης,</strong></span> 
     </span>
    </p>

    <p class='ocr_par' dir='ltr' id='par_1_12' title="bbox 349 2978 1411 3072">
     <span class='ocr_line' id='line_1_53' title="bbox 349 2978 1411 3028; baseline 0.002 -14"><span class='ocrx_word' id='word_1_408' title='bbox 349 2986 405 3015; x_wconf 86' lang='grc' dir='ltr'>καὶ</span> <span class='ocrx_word' id='word_1_409' title='bbox 431 2980 490 3017; x_wconf 76' lang='grc' dir='ltr'>διά</span> <span class='ocrx_word' id='word_1_410' title='bbox 515 2984 556 3016; x_wconf 79' lang='grc' dir='ltr'>τό</span> <span class='ocrx_word' id='word_1_411' title='bbox 582 2984 623 3016; x_wconf 82' lang='grc' dir='ltr'>τὸ</span> <span class='ocrx_word' id='word_1_412' title='bbox 649 2983 804 3028; x_wconf 88' lang='grc' dir='ltr'><strong>περιέχον</strong></span> <span class='ocrx_word' id='word_1_413' title='bbox 824 2985 887 3025; x_wconf 88' lang='grc' dir='ltr'>πῦρ</span> <span class='ocrx_word' id='word_1_414' title='bbox 911 2983 970 3016; x_wconf 78' lang='grc' dir='ltr'>τόν</span> <span class='ocrx_word' id='word_1_415' title='bbox 991 2981 1075 3025; x_wconf 88' lang='grc' dir='ltr'><strong>άέρα</strong></span> <span class='ocrx_word' id='word_1_416' title='bbox 1092 2978 1345 3028; x_wconf 78' lang='grc' dir='ltr'><strong>διαρραίνεσθαι</strong></span> <span class='ocrx_word' id='word_1_417' title='bbox 1366 2985 1411 3026; x_wconf 84' lang='grc' dir='ltr'>τῇ</span> 
     </span>
     <span class='ocr_line' id='line_1_54' title="bbox 415 3027 1209 3072; baseline 0.001 -12"><span class='ocrx_word' id='word_1_418' title='bbox 415 3029 542 3066; x_wconf 73' lang='grc' dir='ltr'><strong>κινήσει</strong></span> <span class='ocrx_word' id='word_1_419' title='bbox 567 3027 731 3065; x_wconf 85' lang='grc' dir='ltr'><strong>πολλάκις</strong></span> <span class='ocrx_word' id='word_1_420' title='bbox 754 3030 812 3060; x_wconf 82' lang='grc' dir='ltr'>καὶ</span> <span class='ocrx_word' id='word_1_421' title='bbox 838 3027 994 3072; x_wconf 88' lang='grc' dir='ltr'><strong>φέρεσθαι</strong></span> <span class='ocrx_word' id='word_1_422' title='bbox 1017 3027 1113 3060; x_wconf 83' lang='grc' dir='ltr'><strong>κάτω</strong></span> <span class='ocrx_word' id='word_1_423' title='bbox 1138 3029 1209 3069; x_wconf 76' lang='grc' dir='ltr'><strong>βία.</strong></span> 
     </span>
    </p>

    <p class='ocr_par' dir='ltr' id='par_1_13' title="bbox 350 3068 1414 3340">
     <span class='ocr_line' id='line_1_55' title="bbox 350 3068 1409 3118; baseline 0.001 -15"><span class='ocrx_word' id='word_1_424' title='bbox 350 3074 489 3118; x_wconf 75' lang='grc' dir='ltr'><strong>Σημεῖόν</strong></span> <span class='ocrx_word' id='word_1_425' title='bbox 514 3068 542 3104; x_wconf 75' lang='grc' dir='ltr'>δ’</span> <span class='ocrx_word' id='word_1_426' title='bbox 572 3073 685 3105; x_wconf 75' lang='grc' dir='ltr'><strong>ἱκανόν</strong></span> <span class='ocrx_word' id='word_1_427' title='bbox 716 3071 771 3106; x_wconf 76' lang='grc' dir='ltr'>ὅτι</span> <span class='ocrx_word' id='word_1_428' title='bbox 798 3074 813 3105; x_wconf 83' lang='grc' dir='ltr'>ὁ</span> <span class='ocrx_word' id='word_1_429' title='bbox 840 3073 907 3105; x_wconf 80' lang='grc' dir='ltr'>ἄνω</span> <span class='ocrx_word' id='word_1_430' title='bbox 933 3071 1039 3110; x_wconf 83' lang='grc' dir='ltr'><strong>τόπος</strong></span> <span class='ocrx_word' id='word_1_431' title='bbox 1074 3073 1134 3104; x_wconf 81' lang='grc' dir='ltr'>οὐκ</span> <span class='ocrx_word' id='word_1_432' title='bbox 1166 3073 1239 3106; x_wconf 82' lang='grc' dir='ltr'><strong>ἔστι</strong></span> <span class='ocrx_word' id='word_1_433' title='bbox 1273 3072 1409 3118; x_wconf 78' lang='grc' dir='ltr'><strong>θερμός,</strong></span> 
     </span>
     <span class='ocr_line' id='line_1_56' title="bbox 416 3112 1410 3162; baseline -0.002 -12"><span class='ocrx_word' id='word_1_434' title='bbox 416 3116 488 3150; x_wconf 83' lang='grc' dir='ltr'><strong>οὐδ’</strong></span> <span class='ocrx_word' id='word_1_435' title='bbox 510 3116 797 3162; x_wconf 84' lang='grc' dir='ltr'><strong>ἑκπεπυρωμένος,</strong></span> <span class='ocrx_word' id='word_1_436' title='bbox 816 3119 874 3149; x_wconf 83' lang='grc' dir='ltr'>καὶ</span> <span class='ocrx_word' id='word_1_437' title='bbox 894 3119 928 3149; x_wconf 82' lang='grc' dir='ltr'>αἱ</span> <span class='ocrx_word' id='word_1_438' title='bbox 953 3112 1136 3160; x_wconf 79' lang='grc' dir='ltr'><strong>διαδρομαὶ</strong></span> <span class='ocrx_word' id='word_1_439' title='bbox 1155 3118 1220 3150; x_wconf 85' lang='grc' dir='ltr'>τῶν</span> <span class='ocrx_word' id='word_1_440' title='bbox 1241 3117 1410 3162; x_wconf 83' lang='grc' dir='ltr'><strong>ἀστέρων-</strong></span> 
     </span>
     <span class='ocr_line' id='line_1_57' title="bbox 417 3156 1413 3208; baseline -0.001 -15"><span class='ocrx_word' id='word_1_441' title='bbox 417 3163 485 3194; x_wconf 82' lang='grc' dir='ltr'><strong>ὲκεῖ</strong></span> <span class='ocrx_word' id='word_1_442' title='bbox 507 3162 565 3206; x_wconf 86' lang='grc' dir='ltr'>μὲν</span> <span class='ocrx_word' id='word_1_443' title='bbox 590 3162 654 3208; x_wconf 72' lang='grc' dir='ltr'>γάρ</span> <span class='ocrx_word' id='word_1_444' title='bbox 681 3162 718 3194; x_wconf 80' lang='grc' dir='ltr'><strong>οὗ</strong></span> <span class='ocrx_word' id='word_1_445' title='bbox 742 3165 911 3208; x_wconf 87' lang='grc' dir='ltr'><strong>γίνονται,</strong></span> <span class='ocrx_word' id='word_1_446' title='bbox 934 3160 1030 3194; x_wconf 88' lang='grc' dir='ltr'><strong>κάτω</strong></span> <span class='ocrx_word' id='word_1_447' title='bbox 1055 3156 1106 3202; x_wconf 77' lang='grc' dir='ltr'><strong>δέ,</strong></span> <span class='ocrx_word' id='word_1_448' title='bbox 1124 3164 1240 3195; x_wconf 89' lang='grc' dir='ltr'><strong>καίτοι</strong></span> <span class='ocrx_word' id='word_1_449' title='bbox 1262 3161 1309 3194; x_wconf 80' lang='grc' dir='ltr'>τά</span> <span class='ocrx_word' id='word_1_450' title='bbox 1328 3162 1413 3206; x_wconf 83' lang='grc' dir='ltr'><strong>μᾶλ-</strong></span> 
     </span>
     <span class='ocr_line' id='line_1_58' title="bbox 414 3201 1412 3251; baseline 0 -13"><span class='ocrx_word' id='word_1_451' title='bbox 414 3209 471 3238; x_wconf 90' lang='grc' dir='ltr'>λον</span> <span class='ocrx_word' id='word_1_452' title='bbox 496 3205 677 3251; x_wconf 83' lang='grc' dir='ltr'><strong>κινούμενα</strong></span> <span class='ocrx_word' id='word_1_453' title='bbox 701 3209 758 3238; x_wconf 80' lang='grc' dir='ltr'>καὶ</span> <span class='ocrx_word' id='word_1_454' title='bbox 785 3207 914 3251; x_wconf 84' lang='grc' dir='ltr'><strong>μᾶλλον</strong></span> <span class='ocrx_word' id='word_1_455' title='bbox 933 3206 1154 3251; x_wconf 83' lang='grc' dir='ltr'><strong>ἐκπυροῦται.</strong></span> <span class='ocrx_word' id='word_1_456' title='bbox 1181 3206 1260 3250; x_wconf 78' lang='grc' dir='ltr'><strong>Πρὸς</strong></span> <span class='ocrx_word' id='word_1_457' title='bbox 1278 3201 1316 3238; x_wconf 77' lang='grc' dir='ltr'>δὲ</span> <span class='ocrx_word' id='word_1_458' title='bbox 1334 3205 1412 3238; x_wconf 82' lang='grc' dir='ltr'><strong>τού-</strong></span> 
     </span>
     <span class='ocr_line' id='line_1_59' title="bbox 415 3245 1414 3307; baseline -0.002 -24"><span class='ocrx_word' id='word_1_459' title='bbox 415 3262 485 3288; x_wconf 89' lang='grc' dir='ltr'><strong>τοις</strong></span> <span class='ocrx_word' id='word_1_460' title='bbox 507 3252 522 3283; x_wconf 83' lang='grc' dir='ltr'>ό</span> <span class='ocrx_word' id='word_1_461' title='bbox 541 3250 645 3291; x_wconf 81' lang='grc' dir='ltr'><strong>ἥλιος,</strong></span> <span class='ocrx_word' id='word_1_462' title='bbox 670 3250 771 3307; x_wconf 82' lang='grc' dir='ltr'><strong>ὅσπερ</strong></span> <span class='ocrx_word' id='word_1_463' title='bbox 790 3250 945 3295; x_wconf 82' lang='grc' dir='ltr'><strong>μάλιστα</strong></span> <span class='ocrx_word' id='word_1_464' title='bbox 971 3247 1056 3282; x_wconf 81' lang='grc' dir='ltr'><strong>εἶναι</strong></span> <span class='ocrx_word' id='word_1_465' title='bbox 1081 3245 1175 3283; x_wconf 77' lang='grc' dir='ltr'><strong>δοκεῖ</strong></span> <span class='ocrx_word' id='word_1_466' title='bbox 1188 3250 1318 3295; x_wconf 77' lang='grc' dir='ltr'><strong>θερμός,</strong></span> <span class='ocrx_word' id='word_1_467' title='bbox 1339 3252 1414 3295; x_wconf 89' lang='grc' dir='ltr'><strong>φαί-</strong></span> 
     </span>
     <span class='ocr_line' id='line_1_60' title="bbox 415 3290 1090 3340; baseline 0.001 -15"><span class='ocrx_word' id='word_1_468' title='bbox 415 3307 510 3327; x_wconf 91' lang='grc' dir='ltr'><strong>νεται</strong></span> <span class='ocrx_word' id='word_1_469' title='bbox 533 3295 662 3336; x_wconf 74' lang='grc' dir='ltr'><strong>λευκὸς,</strong></span> <span class='ocrx_word' id='word_1_470' title='bbox 692 3295 754 3327; x_wconf 82' lang='grc' dir='ltr'>ἀλλ</span> <span class='ocrx_word' id='word_1_471' title='bbox 795 3293 832 3327; x_wconf 79' lang='grc' dir='ltr'><strong>οῦ</strong></span> <span class='ocrx_word' id='word_1_472' title='bbox 857 3290 1009 3340; x_wconf 73' lang='grc' dir='ltr'><strong>πυρώδης</strong></span> <span class='ocrx_word' id='word_1_473' title='bbox 1035 3294 1090 3327; x_wconf 83' lang='grc' dir='ltr'>ὦν.</span> 
     </span>
    </p>
   </div>
   <div class='ocr_carea' id='block_1_6' title="bbox 350 3392 1414 3667">
    <p class='ocr_par' dir='ltr' id='par_1_14' title="bbox 350 3392 1414 3667">
     <span class='ocr_line' id='line_1_61' title="bbox 403 3392 1414 3430; baseline 0.001 -11"><span class='ocrx_word' id='word_1_474' title='bbox 403 3392 550 3420; x_wconf 73' lang='grc' dir='ltr'><strong>ἓγΝοΡεῐε.</strong></span> <span class='ocrx_word' id='word_1_475' title='bbox 570 3409 603 3413; x_wconf 95' lang='grc'><strong>-</strong></span> <span class='ocrx_word' id='word_1_476' title='bbox 631 3402 653 3420; x_wconf 85' lang='grc' dir='ltr'>ι.</span> <span class='ocrx_word' id='word_1_477' title='bbox 675 3393 895 3429; x_wconf 85' lang='lat' dir='ltr'><strong>Argumentum.</strong></span> <span class='ocrx_word' id='word_1_478' title='bbox 918 3393 1021 3421; x_wconf 87' lang='lat' dir='ltr'>Prima</span> <span class='ocrx_word' id='word_1_479' title='bbox 1049 3393 1153 3421; x_wconf 80' lang='lat' dir='ltr'>solutio</span> <span class='ocrx_word' id='word_1_480' title='bbox 1183 3392 1357 3430; x_wconf 79' lang='lat' dir='ltr'><em>quaestionis</em></span> <span class='ocrx_word' id='word_1_481' title='bbox 1378 3393 1414 3421; x_wconf 87' lang='lat' dir='ltr'>de</span> 
     </span>
     <span class='ocr_line' id='line_1_62' title="bbox 351 3431 1413 3470; baseline 0.001 -11"><span class='ocrx_word' id='word_1_482' title='bbox 351 3431 550 3469; x_wconf 82' lang='lat' dir='ltr'>inspissatione</span> <span class='ocrx_word' id='word_1_483' title='bbox 572 3432 697 3460; x_wconf 76' lang='lat' dir='ltr'>nubium.</span> <span class='ocrx_word' id='word_1_484' title='bbox 717 3433 784 3460; x_wconf 87' lang='lat' dir='ltr'>Ideo</span> <span class='ocrx_word' id='word_1_485' title='bbox 799 3433 890 3461; x_wconf 89' lang='lat' dir='ltr'>nubes</span> <span class='ocrx_word' id='word_1_486' title='bbox 911 3442 972 3461; x_wconf 90' lang='lat' dir='ltr'>non</span> <span class='ocrx_word' id='word_1_487' title='bbox 991 3439 1202 3470; x_wconf 85' lang='lat' dir='ltr'>congregantur</span> <span class='ocrx_word' id='word_1_488' title='bbox 1222 3432 1253 3461; x_wconf 89' lang='lat' dir='ltr'>in</span> <span class='ocrx_word' id='word_1_489' title='bbox 1271 3431 1413 3469; x_wconf 85' lang='lat' dir='ltr'>superiori</span> 
     </span>
     <span class='ocr_line' id='line_1_63' title="bbox 350 3471 1413 3509; baseline 0.002 -11"><span class='ocrx_word' id='word_1_490' title='bbox 350 3477 430 3507; x_wconf 91' lang='lat' dir='ltr'>parte</span> <span class='ocrx_word' id='word_1_491' title='bbox 444 3471 526 3506; x_wconf 78' lang='lat' dir='ltr'>aeris,</span> <span class='ocrx_word' id='word_1_492' title='bbox 542 3471 610 3508; x_wconf 89' lang='lat' dir='ltr'>quia</span> <span class='ocrx_word' id='word_1_493' title='bbox 627 3481 693 3508; x_wconf 86' lang='lat' dir='ltr'>pars</span> <span class='ocrx_word' id='word_1_494' title='bbox 713 3471 761 3500; x_wconf 91' lang='lat' dir='ltr'>illa</span> <span class='ocrx_word' id='word_1_495' title='bbox 781 3479 823 3500; x_wconf 89' lang='lat' dir='ltr'>est</span> <span class='ocrx_word' id='word_1_496' title='bbox 844 3472 927 3509; x_wconf 83' lang='lat' dir='ltr'><strong>quasi</strong></span> <span class='ocrx_word' id='word_1_497' title='bbox 942 3472 1024 3509; x_wconf 88' lang='lat' dir='ltr'>ignis,</span> <span class='ocrx_word' id='word_1_498' title='bbox 1040 3472 1131 3509; x_wconf 86' lang='lat' dir='ltr'>magis</span> <span class='ocrx_word' id='word_1_499' title='bbox 1146 3482 1234 3509; x_wconf 87' lang='lat' dir='ltr'>quam</span> <span class='ocrx_word' id='word_1_500' title='bbox 1249 3482 1306 3501; x_wconf 91' lang='lat' dir='ltr'>aer.</span> <span class='ocrx_word' id='word_1_501' title='bbox 1322 3488 1342 3493; x_wconf 82' lang='lat'><em>-</em></span> <span class='ocrx_word' id='word_1_502' title='bbox 1355 3473 1413 3500; x_wconf 92' lang='lat' dir='ltr'>Ve-</span> 
     </span>
     <span class='ocr_line' id='line_1_64' title="bbox 350 3510 1411 3550; baseline 0.002 -12"><span class='ocrx_word' id='word_1_503' title='bbox 350 3519 425 3545; x_wconf 86' lang='lat' dir='ltr'>rum,</span> <span class='ocrx_word' id='word_1_504' title='bbox 441 3510 508 3547; x_wconf 90' lang='lat' dir='ltr'>quia</span> <span class='ocrx_word' id='word_1_505' title='bbox 521 3510 606 3539; x_wconf 88' lang='lat' dir='ltr'>etiam</span> <span class='ocrx_word' id='word_1_506' title='bbox 629 3511 719 3539; x_wconf 92' lang='lat' dir='ltr'>multo</span> <span class='ocrx_word' id='word_1_507' title='bbox 741 3511 857 3540; x_wconf 88' lang='lat' dir='ltr'>inferius</span> <span class='ocrx_word' id='word_1_508' title='bbox 878 3521 939 3540; x_wconf 92' lang='lat' dir='ltr'>non</span> <span class='ocrx_word' id='word_1_509' title='bbox 954 3518 1164 3550; x_wconf 74' lang='lat' dir='ltr'>congregantur</span> <span class='ocrx_word' id='word_1_510' title='bbox 1181 3513 1282 3548; x_wconf 90' lang='lat' dir='ltr'>nubes,</span> <span class='ocrx_word' id='word_1_511' title='bbox 1298 3511 1377 3540; x_wconf 90' lang='lat' dir='ltr'>ideo:</span> <span class='ocrx_word' id='word_1_512' title='bbox 1393 3529 1411 3533; x_wconf 98' lang='lat'><strong>—</strong></span> 
     </span>
     <span class='ocr_line' id='line_1_65' title="bbox 352 3549 1411 3588; baseline 0.003 -11"><span class='ocrx_word' id='word_1_513' title='bbox 352 3557 380 3578; x_wconf 83' lang='lat'>2.</span> <span class='ocrx_word' id='word_1_514' title='bbox 402 3549 524 3578; x_wconf 80' lang='lat' dir='ltr'>Ponitur</span> <span class='ocrx_word' id='word_1_515' title='bbox 544 3550 637 3578; x_wconf 78' lang='lat' dir='ltr'>altera</span> <span class='ocrx_word' id='word_1_516' title='bbox 658 3551 778 3578; x_wconf 82' lang='lat' dir='ltr'>solutio.-</span> <span class='ocrx_word' id='word_1_517' title='bbox 798 3560 903 3588; x_wconf 90' lang='lat' dir='ltr'>nempe</span> <span class='ocrx_word' id='word_1_518' title='bbox 920 3553 999 3588; x_wconf 90' lang='lat' dir='ltr'>quod</span> <span class='ocrx_word' id='word_1_519' title='bbox 1021 3558 1139 3588; x_wconf 89' lang='lat' dir='ltr'>propter</span> <span class='ocrx_word' id='word_1_520' title='bbox 1160 3558 1272 3580; x_wconf 91' lang='lat' dir='ltr'>motum</span> <span class='ocrx_word' id='word_1_521' title='bbox 1287 3551 1361 3580; x_wconf 83' lang='lat' dir='ltr'>aeris</span> <span class='ocrx_word' id='word_1_522' title='bbox 1382 3551 1411 3580; x_wconf 93' lang='lat' dir='ltr'>in</span> 
     </span>
     <span class='ocr_line' id='line_1_66' title="bbox 351 3589 1411 3628; baseline 0.003 -11"><span class='ocrx_word' id='word_1_523' title='bbox 351 3589 489 3625; x_wconf 89' lang='lat' dir='ltr'>circuitu,</span> <span class='ocrx_word' id='word_1_524' title='bbox 511 3589 698 3626; x_wconf 85' lang='lat' dir='ltr'>prohibentur</span> <span class='ocrx_word' id='word_1_525' title='bbox 725 3591 816 3618; x_wconf 89' lang='lat' dir='ltr'>nubes</span> <span class='ocrx_word' id='word_1_526' title='bbox 837 3591 1005 3628; x_wconf 86' lang='lat' dir='ltr'>congregari</span> <span class='ocrx_word' id='word_1_527' title='bbox 1026 3591 1055 3619; x_wconf 89' lang='lat' dir='ltr'>in</span> <span class='ocrx_word' id='word_1_528' title='bbox 1083 3591 1224 3628; x_wconf 87' lang='lat' dir='ltr'>superiori</span> <span class='ocrx_word' id='word_1_529' title='bbox 1250 3592 1324 3620; x_wconf 88' lang='lat' dir='ltr'>loco.</span> <span class='ocrx_word' id='word_1_530' title='bbox 1353 3592 1411 3620; x_wconf 90' lang='lat' dir='ltr'>Aer</span> 
     </span>
     <span class='ocr_line' id='line_1_67' title="bbox 352 3628 1410 3667; baseline 0.003 -11"><span class='ocrx_word' id='word_1_531' title='bbox 352 3628 429 3657; x_wconf 90' lang='lat' dir='ltr'>enim</span> <span class='ocrx_word' id='word_1_532' title='bbox 451 3628 500 3666; x_wconf 91' lang='lat' dir='ltr'>qui</span> <span class='ocrx_word' id='word_1_533' title='bbox 522 3629 630 3657; x_wconf 85' lang='lat' dir='ltr'>excedit</span> <span class='ocrx_word' id='word_1_534' title='bbox 651 3638 769 3658; x_wconf 90' lang='lat' dir='ltr'>omnem</span> <span class='ocrx_word' id='word_1_535' title='bbox 790 3629 969 3659; x_wconf 85' lang='lat' dir='ltr'>altitudinem</span> <span class='ocrx_word' id='word_1_536' title='bbox 985 3630 1138 3667; x_wconf 87' lang='lat' dir='ltr'>montium,</span> <span class='ocrx_word' id='word_1_537' title='bbox 1153 3631 1215 3659; x_wconf 88' lang='lat' dir='ltr'>fluit</span> <span class='ocrx_word' id='word_1_538' title='bbox 1230 3631 1259 3659; x_wconf 91' lang='lat' dir='ltr'>in</span> <span class='ocrx_word' id='word_1_539' title='bbox 1281 3631 1410 3667; x_wconf 89' lang='lat' dir='ltr'>circuitu,</span> 
     </span>
    </p>
   </div>
   <div class='ocr_carea' id='block_1_7' title="bbox 1475 940 2765 983">
    <p class='ocr_par' dir='ltr' id='par_1_15' title="bbox 1475 940 2765 983">
     <span class='ocr_line' id='line_1_68' title="bbox 1475 940 2765 983; baseline 0.005 -14"><span class='ocrx_word' id='word_1_540' title='bbox 1475 940 1491 958; x_wconf 90' lang='lat'><em>*</em></span> <span class='ocrx_word' id='word_1_541' title='bbox 1514 940 1591 970; x_wconf 90' lang='lat' dir='ltr'>Eius</span> <span class='ocrx_word' id='word_1_542' title='bbox 1608 940 1739 980; x_wconf 90' lang='lat' dir='ltr'>quidem</span> <span class='ocrx_word' id='word_1_543' title='bbox 1753 940 1848 981; x_wconf 89' lang='lat' dir='ltr'>igitur</span> <span class='ocrx_word' id='word_1_544' title='bbox 1862 942 1951 982; x_wconf 89' lang='lat' dir='ltr'>quod</span> <span class='ocrx_word' id='word_1_545' title='bbox 1966 941 2000 972; x_wconf 88' lang='lat' dir='ltr'>in</span> <span class='ocrx_word' id='word_1_546' title='bbox 2019 952 2057 973; x_wconf 94' lang='lat' dir='ltr'>eo</span> <span class='ocrx_word' id='word_1_547' title='bbox 2075 942 2130 983; x_wconf 90' lang='lat' dir='ltr'>qui</span> <span class='ocrx_word' id='word_1_548' title='bbox 2146 953 2274 974; x_wconf 88' lang='lat' dir='ltr'>sursum</span> <span class='ocrx_word' id='word_1_549' title='bbox 2288 944 2362 975; x_wconf 91' lang='lat' dir='ltr'>loco</span> <span class='ocrx_word' id='word_1_550' title='bbox 2384 954 2451 975; x_wconf 89' lang='lat' dir='ltr'>non</span> <span class='ocrx_word' id='word_1_551' title='bbox 2466 955 2542 976; x_wconf 89' lang='lat' dir='ltr'>con·</span> <span class='ocrx_word' id='word_1_552' title='bbox 2571 953 2580 962; x_wconf 70' lang='lat'><em>‘</em></span> <span class='ocrx_word' id='word_1_553' title='bbox 2594 952 2650 981; x_wconf 64' lang='grc' dir='ltr'><strong>εις.</strong></span> <span class='ocrx_word' id='word_1_554' title='bbox 2665 958 2716 981; x_wconf 72' lang='lat' dir='ltr'>mp-</span> <span class='ocrx_word' id='word_1_555' title='bbox 2730 958 2765 976; x_wconf 82' lang='lat' dir='ltr'>m.</span> 
     </span>
    </p>
   </div>
   <div class='ocr_carea' id='block_1_8' title="bbox 1473 985 2543 1779">
    <p class='ocr_par' dir='ltr' id='par_1_16' title="bbox 1540 985 2542 1072">
     <span class='ocr_line' id='line_1_69' title="bbox 1541 985 2542 1032; baseline 0.006 -18"><span class='ocrx_word' id='word_1_556' title='bbox 1541 990 1621 1014; x_wconf 90' lang='lat' dir='ltr'>stare</span> <span class='ocrx_word' id='word_1_557' title='bbox 1645 985 1756 1022; x_wconf 86' lang='lat' dir='ltr'>nubes,</span> <span class='ocrx_word' id='word_1_558' title='bbox 1772 985 1853 1015; x_wconf 92' lang='lat' dir='ltr'>hanc</span> <span class='ocrx_word' id='word_1_559' title='bbox 1877 986 2122 1017; x_wconf 84' lang='lat' dir='ltr'>existimandum</span> <span class='ocrx_word' id='word_1_560' title='bbox 2141 997 2269 1018; x_wconf 87' lang='lat' dir='ltr'>causam</span> <span class='ocrx_word' id='word_1_561' title='bbox 2286 998 2363 1028; x_wconf 87' lang='lat' dir='ltr'>esse,</span> <span class='ocrx_word' id='word_1_562' title='bbox 2385 989 2460 1032; x_wconf 87' lang='lat' dir='ltr'>quia</span> <span class='ocrx_word' id='word_1_563' title='bbox 2475 1000 2542 1020; x_wconf 91' lang='lat' dir='ltr'>non</span> 
     </span>
     <span class='ocr_line' id='line_1_70' title="bbox 1540 1028 2262 1072; baseline 0.007 -14"><span class='ocrx_word' id='word_1_564' title='bbox 1540 1028 1621 1058; x_wconf 89' lang='lat' dir='ltr'>inest</span> <span class='ocrx_word' id='word_1_565' title='bbox 1644 1038 1695 1059; x_wconf 89' lang='lat' dir='ltr'>aer</span> <span class='ocrx_word' id='word_1_566' title='bbox 1719 1028 1837 1068; x_wconf 87' lang='lat' dir='ltr'>solum,</span> <span class='ocrx_word' id='word_1_567' title='bbox 1862 1030 1916 1060; x_wconf 90' lang='lat' dir='ltr'>sed</span> <span class='ocrx_word' id='word_1_568' title='bbox 1939 1030 2039 1071; x_wconf 88' lang='lat' dir='ltr'>magis</span> <span class='ocrx_word' id='word_1_569' title='bbox 2062 1031 2149 1062; x_wconf 88' lang='lat' dir='ltr'>velut</span> <span class='ocrx_word' id='word_1_570' title='bbox 2171 1031 2262 1072; x_wconf 87' lang='lat' dir='ltr'>ignis.</span> 
     </span>
    </p>

    <p class='ocr_par' dir='ltr' id='par_1_17' title="bbox 1473 1072 2543 1779">
     <span class='ocr_line' id='line_1_71' title="bbox 1473 1072 2541 1116; baseline 0.007 -14"><span class='ocrx_word' id='word_1_571' title='bbox 1473 1072 1560 1103; x_wconf 89' lang='lat' dir='ltr'>Nihil</span> <span class='ocrx_word' id='word_1_572' title='bbox 1578 1079 1686 1103; x_wconf 87' lang='lat' dir='ltr'>autem</span> <span class='ocrx_word' id='word_1_573' title='bbox 1702 1073 1849 1113; x_wconf 87' lang='lat' dir='ltr'>prohibet</span> <span class='ocrx_word' id='word_1_574' title='bbox 1872 1080 1903 1104; x_wconf 89' lang='lat' dir='ltr'>et</span> <span class='ocrx_word' id='word_1_575' title='bbox 1917 1081 2048 1114; x_wconf 86' lang='lat' dir='ltr'>propter</span> <span class='ocrx_word' id='word_1_576' title='bbox 2063 1085 2134 1106; x_wconf 86' lang='lat' dir='ltr'>eam</span> <span class='ocrx_word' id='word_1_577' title='bbox 2149 1085 2231 1116; x_wconf 88' lang='lat' dir='ltr'>quae</span> <span class='ocrx_word' id='word_1_578' title='bbox 2245 1076 2280 1106; x_wconf 90' lang='lat' dir='ltr'>in</span> <span class='ocrx_word' id='word_1_579' title='bbox 2296 1076 2427 1108; x_wconf 87' lang='lat' dir='ltr'>circuitu</span> <span class='ocrx_word' id='word_1_580' title='bbox 2451 1078 2541 1109; x_wconf 83' lang='lat' dir='ltr'>latio-</span> 
     </span>
     <span class='ocr_line' id='line_1_72' title="bbox 1541 1117 2542 1159; baseline 0.007 -13"><span class='ocrx_word' id='word_1_581' title='bbox 1541 1126 1616 1147; x_wconf 91' lang='lat' dir='ltr'>nem</span> <span class='ocrx_word' id='word_1_582' title='bbox 1631 1117 1791 1157; x_wconf 89' lang='lat' dir='ltr'>prohiberi</span> <span class='ocrx_word' id='word_1_583' title='bbox 1815 1118 1915 1148; x_wconf 90' lang='lat' dir='ltr'>nubes</span> <span class='ocrx_word' id='word_1_584' title='bbox 1939 1125 2082 1149; x_wconf 80' lang='lat' dir='ltr'>constare</span> <span class='ocrx_word' id='word_1_585' title='bbox 2100 1119 2133 1149; x_wconf 90' lang='lat' dir='ltr'>in</span> <span class='ocrx_word' id='word_1_586' title='bbox 2149 1119 2304 1159; x_wconf 76' lang='lat' dir='ltr'>superiori</span> <span class='ocrx_word' id='word_1_587' title='bbox 2323 1121 2406 1152; x_wconf 88' lang='lat' dir='ltr'>loco.</span> <span class='ocrx_word' id='word_1_588' title='bbox 2429 1121 2542 1153; x_wconf 90' lang='lat' dir='ltr'>Fluere</span> 
     </span>
     <span class='ocr_line' id='line_1_73' title="bbox 1541 1161 2542 1206; baseline 0.006 -15"><span class='ocrx_word' id='word_1_589' title='bbox 1541 1161 1626 1191; x_wconf 90' lang='lat' dir='ltr'>enim</span> <span class='ocrx_word' id='word_1_590' title='bbox 1641 1171 1766 1192; x_wconf 90' lang='lat' dir='ltr'>necesse</span> <span class='ocrx_word' id='word_1_591' title='bbox 1787 1168 1833 1192; x_wconf 91' lang='lat' dir='ltr'>est</span> <span class='ocrx_word' id='word_1_592' title='bbox 1845 1171 1976 1192; x_wconf 90' lang='lat' dir='ltr'>omnem</span> <span class='ocrx_word' id='word_1_593' title='bbox 1993 1162 2049 1205; x_wconf 92' lang='lat' dir='ltr'>qui</span> <span class='ocrx_word' id='word_1_594' title='bbox 2067 1162 2100 1193; x_wconf 92' lang='lat' dir='ltr'>in</span> <span class='ocrx_word' id='word_1_595' title='bbox 2119 1163 2251 1195; x_wconf 90' lang='lat' dir='ltr'>circuitu</span> <span class='ocrx_word' id='word_1_596' title='bbox 2267 1174 2384 1204; x_wconf 86' lang='lat' dir='ltr'>aerem,</span> <span class='ocrx_word' id='word_1_597' title='bbox 2396 1165 2542 1206; x_wconf 90' lang='lat' dir='ltr'>quicum-</span> 
     </span>
     <span class='ocr_line' id='line_1_74' title="bbox 1541 1205 2543 1247; baseline 0.006 -12"><span class='ocrx_word' id='word_1_598' title='bbox 1541 1216 1603 1246; x_wconf 92' lang='lat' dir='ltr'>que</span> <span class='ocrx_word' id='word_1_599' title='bbox 1620 1216 1686 1236; x_wconf 92' lang='lat' dir='ltr'>non</span> <span class='ocrx_word' id='word_1_600' title='bbox 1705 1206 1786 1236; x_wconf 88' lang='lat' dir='ltr'>intra</span> <span class='ocrx_word' id='word_1_601' title='bbox 1801 1205 2012 1246; x_wconf 87' lang='lat' dir='ltr'>peripheriam</span> <span class='ocrx_word' id='word_1_602' title='bbox 2029 1207 2151 1247; x_wconf 90' lang='lat' dir='ltr'>capitur</span> <span class='ocrx_word' id='word_1_603' title='bbox 2163 1207 2343 1247; x_wconf 87' lang='lat' dir='ltr'>definitam,</span> <span class='ocrx_word' id='word_1_604' title='bbox 2364 1215 2400 1240; x_wconf 91' lang='lat' dir='ltr'>ut</span> <span class='ocrx_word' id='word_1_605' title='bbox 2415 1216 2446 1240; x_wconf 91' lang='lat' dir='ltr'>et</span> <span class='ocrx_word' id='word_1_606' title='bbox 2461 1216 2543 1241; x_wconf 87' lang='lat' dir='ltr'>terra</span> 
     </span>
     <span class='ocr_line' id='line_1_75' title="bbox 1540 1250 2541 1296; baseline 0.005 -16"><span class='ocrx_word' id='word_1_607' title='bbox 1540 1250 1701 1290; x_wconf 84' lang='lat' dir='ltr'>sphaerica</span> <span class='ocrx_word' id='word_1_608' title='bbox 1716 1250 1755 1281; x_wconf 91' lang='lat' dir='ltr'>sit</span> <span class='ocrx_word' id='word_1_609' title='bbox 1777 1257 1854 1281; x_wconf 87' lang='lat' dir='ltr'>tota.</span> <span class='ocrx_word' id='word_1_610' title='bbox 1879 1250 2012 1282; x_wconf 89' lang='lat' dir='ltr'>Videtur</span> <span class='ocrx_word' id='word_1_611' title='bbox 2035 1251 2121 1282; x_wconf 91' lang='lat' dir='ltr'>enim</span> <span class='ocrx_word' id='word_1_612' title='bbox 2141 1258 2171 1283; x_wconf 91' lang='lat' dir='ltr'>et</span> <span class='ocrx_word' id='word_1_613' title='bbox 2194 1262 2280 1283; x_wconf 92' lang='lat' dir='ltr'>nunc</span> <span class='ocrx_word' id='word_1_614' title='bbox 2295 1260 2466 1284; x_wconf 90' lang='lat' dir='ltr'>ventorum</span> <span class='ocrx_word' id='word_1_615' title='bbox 2488 1264 2541 1296; x_wconf 88' lang='lat' dir='ltr'>ge·</span> 
     </span>
     <span class='ocr_line' id='line_1_76' title="bbox 1540 1294 2542 1335; baseline 0.006 -11"><span class='ocrx_word' id='word_1_616' title='bbox 1540 1295 1660 1325; x_wconf 83' lang='lat' dir='ltr'>neratio</span> <span class='ocrx_word' id='word_1_617' title='bbox 1676 1294 1709 1324; x_wconf 92' lang='lat' dir='ltr'>in</span> <span class='ocrx_word' id='word_1_618' title='bbox 1725 1294 1941 1335; x_wconf 79' lang='lat' dir='ltr'>stagnantibus</span> <span class='ocrx_word' id='word_1_619' title='bbox 1957 1302 2055 1326; x_wconf 85' lang='lat' dir='ltr'>terrae</span> <span class='ocrx_word' id='word_1_620' title='bbox 2070 1295 2160 1335; x_wconf 90' lang='lat' dir='ltr'>Iocis,</span> <span class='ocrx_word' id='word_1_621' title='bbox 2179 1303 2210 1327; x_wconf 91' lang='lat' dir='ltr'>et</span> <span class='ocrx_word' id='word_1_622' title='bbox 2221 1306 2287 1326; x_wconf 90' lang='lat' dir='ltr'>non</span> <span class='ocrx_word' id='word_1_623' title='bbox 2304 1298 2451 1329; x_wconf 84' lang='lat' dir='ltr'>excedere</span> <span class='ocrx_word' id='word_1_624' title='bbox 2465 1308 2542 1330; x_wconf 85' lang='lat' dir='ltr'>ven·</span> 
     </span>
     <span class='ocr_line' id='line_1_77' title="bbox 1540 1339 2542 1382; baseline 0.005 -13"><span class='ocrx_word' id='word_1_625' title='bbox 1540 1346 1590 1369; x_wconf 89' lang='lat' dir='ltr'>tos</span> <span class='ocrx_word' id='word_1_626' title='bbox 1613 1339 1694 1370; x_wconf 90' lang='lat' dir='ltr'>altos</span> <span class='ocrx_word' id='word_1_627' title='bbox 1717 1345 1853 1370; x_wconf 85' lang='lat' dir='ltr'>montes.</span> <span class='ocrx_word' id='word_1_628' title='bbox 1877 1339 1963 1370; x_wconf 87' lang='lat' dir='ltr'>Fluit</span> <span class='ocrx_word' id='word_1_629' title='bbox 1985 1347 2093 1370; x_wconf 87' lang='lat' dir='ltr'>autem</span> <span class='ocrx_word' id='word_1_630' title='bbox 2116 1340 2149 1371; x_wconf 91' lang='lat' dir='ltr'>in</span> <span class='ocrx_word' id='word_1_631' title='bbox 2173 1340 2321 1379; x_wconf 90' lang='lat' dir='ltr'>circuitu,</span> <span class='ocrx_word' id='word_1_632' title='bbox 2345 1341 2420 1382; x_wconf 86' lang='lat' dir='ltr'>quia</span> <span class='ocrx_word' id='word_1_633' title='bbox 2445 1343 2542 1374; x_wconf 86' lang='lat' dir='ltr'>simul</span> 
     </span>
     <span class='ocr_line' id='line_1_78' title="bbox 1539 1383 2541 1426; baseline 0.005 -13"><span class='ocrx_word' id='word_1_634' title='bbox 1539 1383 1672 1414; x_wconf 88' lang='lat' dir='ltr'>trahitur</span> <span class='ocrx_word' id='word_1_635' title='bbox 1688 1393 1763 1414; x_wconf 91' lang='lat' dir='ltr'>cum</span> <span class='ocrx_word' id='word_1_636' title='bbox 1778 1383 1876 1414; x_wconf 91' lang='lat' dir='ltr'>totius</span> <span class='ocrx_word' id='word_1_637' title='bbox 1887 1383 2107 1415; x_wconf 81' lang='lat' dir='ltr'>circulatione:</span> <span class='ocrx_word' id='word_1_638' title='bbox 2124 1384 2205 1425; x_wconf 90' lang='lat' dir='ltr'>ignis</span> <span class='ocrx_word' id='word_1_639' title='bbox 2216 1385 2348 1426; x_wconf 88' lang='lat' dir='ltr'>quidem</span> <span class='ocrx_word' id='word_1_640' title='bbox 2364 1386 2451 1417; x_wconf 89' lang='lat' dir='ltr'>enim</span> <span class='ocrx_word' id='word_1_641' title='bbox 2465 1397 2541 1418; x_wconf 87' lang='lat' dir='ltr'>cum</span> 
     </span>
     <span class='ocr_line' id='line_1_79' title="bbox 1539 1428 2542 1469; baseline 0.006 -12"><span class='ocrx_word' id='word_1_642' title='bbox 1539 1437 1577 1458; x_wconf 89' lang='lat' dir='ltr'>eo</span> <span class='ocrx_word' id='word_1_643' title='bbox 1601 1428 1690 1468; x_wconf 93' lang='lat' dir='ltr'>quod</span> <span class='ocrx_word' id='word_1_644' title='bbox 1713 1437 1840 1458; x_wconf 88' lang='lat' dir='ltr'>sursum</span> <span class='ocrx_word' id='word_1_645' title='bbox 1863 1428 2039 1467; x_wconf 90' lang='lat' dir='ltr'>elemento,</span> <span class='ocrx_word' id='word_1_646' title='bbox 2064 1439 2139 1460; x_wconf 88' lang='lat' dir='ltr'>cum</span> <span class='ocrx_word' id='word_1_647' title='bbox 2162 1429 2234 1469; x_wconf 83' lang='lat' dir='ltr'>igne</span> <span class='ocrx_word' id='word_1_648' title='bbox 2257 1437 2365 1461; x_wconf 88' lang='lat' dir='ltr'>autem</span> <span class='ocrx_word' id='word_1_649' title='bbox 2388 1440 2440 1462; x_wconf 88' lang='lat' dir='ltr'>aer</span> <span class='ocrx_word' id='word_1_650' title='bbox 2463 1441 2542 1463; x_wconf 88' lang='lat' dir='ltr'>con-</span> 
     </span>
     <span class='ocr_line' id='line_1_80' title="bbox 1538 1472 2540 1514; baseline 0.005 -12"><span class='ocrx_word' id='word_1_651' title='bbox 1538 1472 1647 1503; x_wconf 88' lang='lat' dir='ltr'>tinuus</span> <span class='ocrx_word' id='word_1_652' title='bbox 1671 1478 1726 1503; x_wconf 88' lang='lat' dir='ltr'>est.</span> <span class='ocrx_word' id='word_1_653' title='bbox 1758 1473 1864 1510; x_wconf 86' lang='lat' dir='ltr'>Quare</span> <span class='ocrx_word' id='word_1_654' title='bbox 1888 1479 1918 1504; x_wconf 89' lang='lat' dir='ltr'>et</span> <span class='ocrx_word' id='word_1_655' title='bbox 1941 1480 2071 1514; x_wconf 87' lang='lat' dir='ltr'>propter</span> <span class='ocrx_word' id='word_1_656' title='bbox 2097 1480 2226 1504; x_wconf 89' lang='lat' dir='ltr'>motum</span> <span class='ocrx_word' id='word_1_657' title='bbox 2256 1474 2441 1514; x_wconf 88' lang='lat' dir='ltr'>prohibetur</span> <span class='ocrx_word' id='word_1_658' title='bbox 2465 1486 2540 1507; x_wconf 86' lang='lat' dir='ltr'>con-</span> 
     </span>
     <span class='ocr_line' id='line_1_81' title="bbox 1539 1516 2540 1561; baseline 0.006 -15"><span class='ocrx_word' id='word_1_659' title='bbox 1539 1516 1659 1557; x_wconf 89' lang='lat' dir='ltr'>gregari</span> <span class='ocrx_word' id='word_1_660' title='bbox 1682 1517 1714 1547; x_wconf 90' lang='lat' dir='ltr'>in</span> <span class='ocrx_word' id='word_1_661' title='bbox 1737 1527 1865 1557; x_wconf 88' lang='lat' dir='ltr'>aquam.</span> <span class='ocrx_word' id='word_1_662' title='bbox 1890 1517 1952 1548; x_wconf 90' lang='lat' dir='ltr'>Sed</span> <span class='ocrx_word' id='word_1_663' title='bbox 1968 1527 2092 1558; x_wconf 91' lang='lat' dir='ltr'>semper</span> <span class='ocrx_word' id='word_1_664' title='bbox 2108 1527 2331 1560; x_wconf 87' lang='lat' dir='ltr'>quaecumque</span> <span class='ocrx_word' id='word_1_665' title='bbox 2354 1529 2426 1560; x_wconf 85' lang='lat' dir='ltr'>pars</span> <span class='ocrx_word' id='word_1_666' title='bbox 2440 1519 2540 1561; x_wconf 84' lang='lat' dir='ltr'>ipsius</span> 
     </span>
     <span class='ocr_line' id='line_1_82' title="bbox 1538 1561 2539 1602; baseline 0.006 -12"><span class='ocrx_word' id='word_1_667' title='bbox 1538 1567 1695 1601; x_wconf 88' lang='lat' dir='ltr'>gravetur,</span> <span class='ocrx_word' id='word_1_668' title='bbox 1711 1567 1837 1592; x_wconf 85' lang='lat' dir='ltr'>extruso</span> <span class='ocrx_word' id='word_1_669' title='bbox 1861 1561 1894 1591; x_wconf 93' lang='lat' dir='ltr'>in</span> <span class='ocrx_word' id='word_1_670' title='bbox 1911 1562 2107 1602; x_wconf 88' lang='lat' dir='ltr'>superiorem</span> <span class='ocrx_word' id='word_1_671' title='bbox 2130 1562 2240 1593; x_wconf 88' lang='lat' dir='ltr'>locum</span> <span class='ocrx_word' id='word_1_672' title='bbox 2257 1563 2371 1602; x_wconf 88' lang='lat' dir='ltr'>calido,</span> <span class='ocrx_word' id='word_1_673' title='bbox 2388 1564 2539 1596; x_wconf 83' lang='lat' dir='ltr'>deorsum</span> 
     </span>
     <span class='ocr_line' id='line_1_83' title="bbox 1538 1605 2540 1646; baseline 0.006 -11"><span class='ocrx_word' id='word_1_674' title='bbox 1538 1605 1654 1643; x_wconf 89' lang='lat' dir='ltr'>fertur,</span> <span class='ocrx_word' id='word_1_675' title='bbox 1678 1605 1739 1636; x_wconf 87' lang='lat' dir='ltr'>alia</span> <span class='ocrx_word' id='word_1_676' title='bbox 1763 1613 1869 1636; x_wconf 88' lang='lat' dir='ltr'>autem</span> <span class='ocrx_word' id='word_1_677' title='bbox 1892 1606 1925 1636; x_wconf 91' lang='lat' dir='ltr'>in</span> <span class='ocrx_word' id='word_1_678' title='bbox 1948 1613 2035 1646; x_wconf 86' lang='lat' dir='ltr'>parte</span> <span class='ocrx_word' id='word_1_679' title='bbox 2059 1606 2154 1639; x_wconf 88' lang='lat' dir='ltr'>simul</span> <span class='ocrx_word' id='word_1_680' title='bbox 2179 1606 2277 1638; x_wconf 87' lang='lat' dir='ltr'>fertur</span> <span class='ocrx_word' id='word_1_681' title='bbox 2299 1617 2427 1639; x_wconf 86' lang='lat' dir='ltr'>sursum</span> <span class='ocrx_word' id='word_1_682' title='bbox 2445 1609 2540 1640; x_wconf 79' lang='lat' dir='ltr'>exha-</span> 
     </span>
     <span class='ocr_line' id='line_1_84' title="bbox 1538 1649 2539 1692; baseline 0.006 -13"><span class='ocrx_word' id='word_1_683' title='bbox 1538 1649 1603 1680; x_wconf 86' lang='lat' dir='ltr'>lato</span> <span class='ocrx_word' id='word_1_684' title='bbox 1626 1649 1706 1689; x_wconf 87' lang='lat' dir='ltr'>igni:</span> <span class='ocrx_word' id='word_1_685' title='bbox 1731 1656 1762 1680; x_wconf 90' lang='lat' dir='ltr'>et</span> <span class='ocrx_word' id='word_1_686' title='bbox 1784 1650 1828 1680; x_wconf 92' lang='lat' dir='ltr'>sic</span> <span class='ocrx_word' id='word_1_687' title='bbox 1851 1650 2002 1681; x_wconf 88' lang='lat' dir='ltr'>continue</span> <span class='ocrx_word' id='word_1_688' title='bbox 2026 1651 2088 1682; x_wconf 91' lang='lat' dir='ltr'>hoc</span> <span class='ocrx_word' id='word_1_689' title='bbox 2111 1651 2242 1692; x_wconf 88' lang='lat' dir='ltr'>quidem</span> <span class='ocrx_word' id='word_1_690' title='bbox 2270 1659 2447 1692; x_wconf 83' lang='lat' dir='ltr'>perseverat</span> <span class='ocrx_word' id='word_1_691' title='bbox 2469 1663 2539 1685; x_wconf 84' lang='lat' dir='ltr'>aere</span> 
     </span>
     <span class='ocr_line' id='line_1_85' title="bbox 1533 1693 2540 1736; baseline 0.006 -13"><span class='ocrx_word' id='word_1_692' title='bbox 1533 1693 1683 1733; x_wconf 88' lang='lat' dir='ltr'>plenum,</span> <span class='ocrx_word' id='word_1_693' title='bbox 1707 1694 1768 1724; x_wconf 93' lang='lat' dir='ltr'>hoc</span> <span class='ocrx_word' id='word_1_694' title='bbox 1792 1702 1899 1725; x_wconf 87' lang='lat' dir='ltr'>autem</span> <span class='ocrx_word' id='word_1_695' title='bbox 1921 1695 2005 1735; x_wconf 87' lang='lat' dir='ltr'>igne,</span> <span class='ocrx_word' id='word_1_696' title='bbox 2030 1702 2060 1726; x_wconf 87' lang='lat' dir='ltr'>et</span> <span class='ocrx_word' id='word_1_697' title='bbox 2083 1705 2209 1736; x_wconf 89' lang='lat' dir='ltr'>semper</span> <span class='ocrx_word' id='word_1_698' title='bbox 2231 1695 2317 1727; x_wconf 87' lang='lat' dir='ltr'>aliud</span> <span class='ocrx_word' id='word_1_699' title='bbox 2341 1703 2372 1727; x_wconf 90' lang='lat' dir='ltr'>et</span> <span class='ocrx_word' id='word_1_700' title='bbox 2394 1697 2482 1728; x_wconf 86' lang='lat' dir='ltr'>aliud</span> <span class='ocrx_word' id='word_1_701' title='bbox 2504 1697 2540 1730; x_wconf 86' lang='lat' dir='ltr'>fit</span> 
     </span>
     <span class='ocr_line' id='line_1_86' title="bbox 1539 1738 1973 1779; baseline 0.002 -11"><span class='ocrx_word' id='word_1_702' title='bbox 1539 1738 1795 1779; x_wconf 90' lang='lat' dir='ltr'>unumquodque</span> <span class='ocrx_word' id='word_1_703' title='bbox 1818 1738 1973 1778; x_wconf 89' lang='lat' dir='ltr'>ipsorum.</span> 
     </span>
    </p>
   </div>
   <div class='ocr_carea' id='block_1_9' title="bbox 1471 1826 2539 2222">
    <p class='ocr_par' dir='ltr' id='par_1_18' title="bbox 1471 1826 2539 1999">
     <span class='ocr_line' id='line_1_87' title="bbox 1471 1826 2539 1871; baseline 0.006 -16"><span class='ocrx_word' id='word_1_704' title='bbox 1471 1826 1519 1856; x_wconf 94' lang='lat' dir='ltr'>De</span> <span class='ocrx_word' id='word_1_705' title='bbox 1543 1836 1582 1856; x_wconf 91' lang='lat' dir='ltr'>eo</span> <span class='ocrx_word' id='word_1_706' title='bbox 1606 1826 1737 1867; x_wconf 90' lang='lat' dir='ltr'>quidem</span> <span class='ocrx_word' id='word_1_707' title='bbox 1759 1826 1854 1866; x_wconf 90' lang='lat' dir='ltr'>igitur</span> <span class='ocrx_word' id='word_1_708' title='bbox 1877 1828 1967 1868; x_wconf 91' lang='lat' dir='ltr'>quod</span> <span class='ocrx_word' id='word_1_709' title='bbox 1990 1835 2036 1859; x_wconf 90' lang='lat' dir='ltr'>est</span> <span class='ocrx_word' id='word_1_710' title='bbox 2065 1838 2131 1859; x_wconf 92' lang='lat' dir='ltr'>non</span> <span class='ocrx_word' id='word_1_711' title='bbox 2159 1827 2226 1859; x_wconf 90' lang='lat' dir='ltr'>fieri</span> <span class='ocrx_word' id='word_1_712' title='bbox 2249 1829 2350 1860; x_wconf 88' lang='lat' dir='ltr'>nubes</span> <span class='ocrx_word' id='word_1_713' title='bbox 2378 1839 2483 1871; x_wconf 89' lang='lat' dir='ltr'>neque</span> <span class='ocrx_word' id='word_1_714' title='bbox 2505 1829 2539 1861; x_wconf 88' lang='lat' dir='ltr'>in</span> 
     </span>
     <span class='ocr_line' id='line_1_88' title="bbox 1537 1871 2539 1914; baseline 0.005 -14"><span class='ocrx_word' id='word_1_715' title='bbox 1537 1880 1655 1911; x_wconf 86' lang='lat' dir='ltr'>aquam</span> <span class='ocrx_word' id='word_1_716' title='bbox 1683 1871 1977 1911; x_wconf 82' lang='lat' dir='ltr'>congregationem,</span> <span class='ocrx_word' id='word_1_717' title='bbox 2006 1879 2036 1903; x_wconf 92' lang='lat' dir='ltr'>et</span> <span class='ocrx_word' id='word_1_718' title='bbox 2059 1873 2226 1913; x_wconf 91' lang='lat' dir='ltr'>quomodo</span> <span class='ocrx_word' id='word_1_719' title='bbox 2250 1879 2377 1914; x_wconf 89' lang='lat' dir='ltr'>oportet</span> <span class='ocrx_word' id='word_1_720' title='bbox 2399 1873 2539 1914; x_wconf 83' lang='lat' dir='ltr'>accipere</span> 
     </span>
     <span class='ocr_line' id='line_1_89' title="bbox 1538 1914 2539 1958; baseline 0.005 -14"><span class='ocrx_word' id='word_1_721' title='bbox 1538 1914 1576 1945; x_wconf 92' lang='lat' dir='ltr'>de</span> <span class='ocrx_word' id='word_1_722' title='bbox 1600 1915 1673 1945; x_wconf 92' lang='lat' dir='ltr'>loco</span> <span class='ocrx_word' id='word_1_723' title='bbox 1697 1914 1884 1945; x_wconf 90' lang='lat' dir='ltr'>intermedio</span> <span class='ocrx_word' id='word_1_724' title='bbox 1907 1922 2070 1947; x_wconf 86' lang='lat' dir='ltr'>astrorum</span> <span class='ocrx_word' id='word_1_725' title='bbox 2093 1923 2124 1948; x_wconf 90' lang='lat' dir='ltr'>et</span> <span class='ocrx_word' id='word_1_726' title='bbox 2146 1923 2257 1956; x_wconf 88' lang='lat' dir='ltr'>terrae,</span> <span class='ocrx_word' id='word_1_727' title='bbox 2274 1924 2304 1948; x_wconf 90' lang='lat' dir='ltr'>et</span> <span class='ocrx_word' id='word_1_728' title='bbox 2325 1927 2391 1958; x_wconf 90' lang='lat' dir='ltr'>quo</span> <span class='ocrx_word' id='word_1_729' title='bbox 2409 1924 2456 1949; x_wconf 87' lang='lat' dir='ltr'>est</span> <span class='ocrx_word' id='word_1_730' title='bbox 2469 1927 2539 1949; x_wconf 90' lang='lat' dir='ltr'>cor-</span> 
     </span>
     <span class='ocr_line' id='line_1_90' title="bbox 1537 1959 2086 1999; baseline 0.004 -10"><span class='ocrx_word' id='word_1_731' title='bbox 1537 1969 1616 1999; x_wconf 90' lang='lat' dir='ltr'>pore</span> <span class='ocrx_word' id='word_1_732' title='bbox 1639 1959 1764 1999; x_wconf 89' lang='lat' dir='ltr'>plenus,</span> <span class='ocrx_word' id='word_1_733' title='bbox 1788 1966 1874 1990; x_wconf 86' lang='lat' dir='ltr'>tanta</span> <span class='ocrx_word' id='word_1_734' title='bbox 1897 1960 1979 1991; x_wconf 90' lang='lat' dir='ltr'>dicta</span> <span class='ocrx_word' id='word_1_735' title='bbox 2002 1968 2086 1992; x_wconf 90' lang='lat' dir='ltr'>sunt.</span> 
     </span>
    </p>

    <p class='ocr_par' dir='ltr' id='par_1_19' title="bbox 1471 2003 2539 2222">
     <span class='ocr_line' id='line_1_91' title="bbox 1471 2003 2539 2048; baseline 0.005 -15"><span class='ocrx_word' id='word_1_736' title='bbox 1471 2003 1518 2034; x_wconf 91' lang='lat' dir='ltr'>De</span> <span class='ocrx_word' id='word_1_737' title='bbox 1542 2003 1622 2034; x_wconf 88' lang='lat' dir='ltr'>facta</span> <span class='ocrx_word' id='word_1_738' title='bbox 1645 2010 1752 2034; x_wconf 89' lang='lat' dir='ltr'>autem</span> <span class='ocrx_word' id='word_1_739' title='bbox 1776 2004 2048 2046; x_wconf 85' lang='lat' dir='ltr'>caliditate·quam</span> <span class='ocrx_word' id='word_1_740' title='bbox 2070 2005 2195 2036; x_wconf 84' lang='lat' dir='ltr'>exhibet</span> <span class='ocrx_word' id='word_1_741' title='bbox 2210 2005 2270 2045; x_wconf 87' lang='lat' dir='ltr'>sol,</span> <span class='ocrx_word' id='word_1_742' title='bbox 2290 2006 2391 2047; x_wconf 88' lang='lat' dir='ltr'>magis</span> <span class='ocrx_word' id='word_1_743' title='bbox 2407 2006 2539 2048; x_wconf 87' lang='lat' dir='ltr'>quidem</span> 
     </span>
     <span class='ocr_line' id='line_1_92' title="bbox 1538 2047 2539 2092; baseline 0.005 -15"><span class='ocrx_word' id='word_1_744' title='bbox 1538 2048 1716 2078; x_wconf 89' lang='lat' dir='ltr'>secundum</span> <span class='ocrx_word' id='word_1_745' title='bbox 1744 2047 1884 2088; x_wconf 88' lang='lat' dir='ltr'>seipsum</span> <span class='ocrx_word' id='word_1_746' title='bbox 1908 2056 1939 2080; x_wconf 94' lang='lat' dir='ltr'>et</span> <span class='ocrx_word' id='word_1_747' title='bbox 1962 2049 2127 2090; x_wconf 89' lang='lat' dir='ltr'>diligenter</span> <span class='ocrx_word' id='word_1_748' title='bbox 2148 2049 2181 2080; x_wconf 93' lang='lat' dir='ltr'>in</span> <span class='ocrx_word' id='word_1_749' title='bbox 2204 2049 2253 2080; x_wconf 89' lang='lat' dir='ltr'>his</span> <span class='ocrx_word' id='word_1_750' title='bbox 2277 2060 2360 2092; x_wconf 90' lang='lat' dir='ltr'>quae</span> <span class='ocrx_word' id='word_1_751' title='bbox 2382 2051 2421 2082; x_wconf 91' lang='lat' dir='ltr'>de</span> <span class='ocrx_word' id='word_1_752' title='bbox 2443 2060 2539 2082; x_wconf 78' lang='lat' dir='ltr'>sensu</span> 
     </span>
     <span class='ocr_line' id='line_1_93' title="bbox 1538 2091 2538 2135; baseline 0.005 -13"><span class='ocrx_word' id='word_1_753' title='bbox 1538 2091 1686 2123; x_wconf 89' lang='lat' dir='ltr'>convenit</span> <span class='ocrx_word' id='word_1_754' title='bbox 1709 2091 1827 2123; x_wconf 86' lang='lat' dir='ltr'>dicere:</span> <span class='ocrx_word' id='word_1_755' title='bbox 1853 2093 1992 2124; x_wconf 90' lang='lat' dir='ltr'>calidum</span> <span class='ocrx_word' id='word_1_756' title='bbox 2012 2093 2097 2124; x_wconf 89' lang='lat' dir='ltr'>enim</span> <span class='ocrx_word' id='word_1_757' title='bbox 2120 2093 2226 2135; x_wconf 81' lang='lat' dir='ltr'>passio</span> <span class='ocrx_word' id='word_1_758' title='bbox 2245 2095 2404 2135; x_wconf 81' lang='lat' dir='ltr'>quaedam</span> <span class='ocrx_word' id='word_1_759' title='bbox 2427 2105 2538 2127; x_wconf 73' lang='lat' dir='ltr'>sensus</span> 
     </span>
     <span class='ocr_line' id='line_1_94' title="bbox 1537 2137 2539 2178; baseline 0.005 -12"><span class='ocrx_word' id='word_1_760' title='bbox 1537 2143 1593 2167; x_wconf 85' lang='lat' dir='ltr'>est.</span> <span class='ocrx_word' id='word_1_761' title='bbox 1609 2137 1741 2177; x_wconf 91' lang='lat' dir='ltr'>Propter</span> <span class='ocrx_word' id='word_1_762' title='bbox 1756 2147 1854 2178; x_wconf 88' lang='lat' dir='ltr'>quam</span> <span class='ocrx_word' id='word_1_763' title='bbox 1870 2144 1978 2168; x_wconf 85' lang='lat' dir='ltr'>autem</span> <span class='ocrx_word' id='word_1_764' title='bbox 1994 2148 2123 2170; x_wconf 87' lang='lat' dir='ltr'>causam</span> <span class='ocrx_word' id='word_1_765' title='bbox 2138 2137 2184 2178; x_wconf 87' lang='lat' dir='ltr'>fit,</span> <span class='ocrx_word' id='word_1_766' title='bbox 2197 2148 2263 2169; x_wconf 88' lang='lat' dir='ltr'>non</span> <span class='ocrx_word' id='word_1_767' title='bbox 2279 2139 2394 2170; x_wconf 79' lang='lat' dir='ltr'>talibus</span> <span class='ocrx_word' id='word_1_768' title='bbox 2407 2139 2539 2172; x_wconf 68' lang='lat' dir='ltr'>existen-</span> 
     </span>
     <span class='ocr_line' id='line_1_95' title="bbox 1537 2180 2443 2222; baseline 0.004 -11"><span class='ocrx_word' id='word_1_769' title='bbox 1537 2180 1621 2212; x_wconf 89' lang='lat' dir='ltr'>tibus</span> <span class='ocrx_word' id='word_1_770' title='bbox 1643 2180 1704 2211; x_wconf 91' lang='lat' dir='ltr'>illis</span> <span class='ocrx_word' id='word_1_771' title='bbox 1728 2182 1905 2212; x_wconf 86' lang='lat' dir='ltr'>secundum</span> <span class='ocrx_word' id='word_1_772' title='bbox 1928 2189 2085 2222; x_wconf 88' lang='lat' dir='ltr'>naturam,</span> <span class='ocrx_word' id='word_1_773' title='bbox 2110 2183 2280 2214; x_wconf 89' lang='lat' dir='ltr'>dicendum</span> <span class='ocrx_word' id='word_1_774' title='bbox 2299 2190 2330 2215; x_wconf 86' lang='lat' dir='ltr'>et</span> <span class='ocrx_word' id='word_1_775' title='bbox 2348 2193 2443 2216; x_wconf 88' lang='lat' dir='ltr'>nunc.</span> 
     </span>
    </p>
   </div>
   <div class='ocr_carea' id='block_1_10' title="bbox 1468 2268 2539 2358">
    <p class='ocr_par' dir='ltr' id='par_1_20' title="bbox 1468 2268 2539 2358">
     <span class='ocr_line' id='line_1_96' title="bbox 1468 2268 2539 2313; baseline 0.004 -13"><span class='ocrx_word' id='word_1_776' title='bbox 1468 2268 1624 2300; x_wconf 87' lang='lat' dir='ltr'>Videmus</span> <span class='ocrx_word' id='word_1_777' title='bbox 1641 2269 1755 2311; x_wconf 77' lang='lat' dir='ltr'>itaque</span> <span class='ocrx_word' id='word_1_778' title='bbox 1778 2277 1916 2310; x_wconf 90' lang='lat' dir='ltr'>motum,</span> <span class='ocrx_word' id='word_1_779' title='bbox 1941 2271 2029 2312; x_wconf 91' lang='lat' dir='ltr'>quod</span> <span class='ocrx_word' id='word_1_780' title='bbox 2052 2278 2158 2312; x_wconf 88' lang='lat' dir='ltr'>potest</span> <span class='ocrx_word' id='word_1_781' title='bbox 2180 2271 2357 2313; x_wconf 82' lang='lat' dir='ltr'>disgregare</span> <span class='ocrx_word' id='word_1_782' title='bbox 2379 2282 2485 2304; x_wconf 84' lang='lat' dir='ltr'>aerem</span> <span class='ocrx_word' id='word_1_783' title='bbox 2507 2278 2539 2304; x_wconf 87' lang='lat' dir='ltr'>et</span> 
     </span>
     <span class='ocr_line' id='line_1_97' title="bbox 1534 2313 2350 2358; baseline 0.005 -14"><span class='ocrx_word' id='word_1_784' title='bbox 1534 2313 1646 2355; x_wconf 84' lang='lat' dir='ltr'>ignire,</span> <span class='ocrx_word' id='word_1_785' title='bbox 1669 2320 1706 2345; x_wconf 91' lang='lat' dir='ltr'>ut</span> <span class='ocrx_word' id='word_1_786' title='bbox 1729 2321 1760 2345; x_wconf 88' lang='lat' dir='ltr'>et</span> <span class='ocrx_word' id='word_1_787' title='bbox 1782 2314 1845 2346; x_wconf 85' lang='lat' dir='ltr'>lata</span> <span class='ocrx_word' id='word_1_788' title='bbox 1867 2314 2036 2356; x_wconf 85' lang='lat' dir='ltr'>liquefacta</span> <span class='ocrx_word' id='word_1_789' title='bbox 2058 2316 2224 2348; x_wconf 89' lang='lat' dir='ltr'>videantur</span> <span class='ocrx_word' id='word_1_790' title='bbox 2247 2326 2350 2358; x_wconf 86' lang='lat' dir='ltr'>saepe.</span> 
     </span>
    </p>
   </div>
   <div class='ocr_carea' id='block_1_11' title="bbox 1469 2401 2538 2934">
    <p class='ocr_par' dir='ltr' id='par_1_21' title="bbox 1469 2401 2538 2658">
     <span class='ocr_line' id='line_1_98' title="bbox 1469 2401 2538 2445; baseline 0.004 -12"><span class='ocrx_word' id='word_1_791' title='bbox 1469 2401 1547 2434; x_wconf 86' lang='lat' dir='ltr'>Eius</span> <span class='ocrx_word' id='word_1_792' title='bbox 1569 2402 1701 2444; x_wconf 91' lang='lat' dir='ltr'>quidem</span> <span class='ocrx_word' id='word_1_793' title='bbox 1724 2403 1819 2444; x_wconf 83' lang='lat' dir='ltr'>igitur</span> <span class='ocrx_word' id='word_1_794' title='bbox 1841 2405 1931 2445; x_wconf 90' lang='lat' dir='ltr'>quod</span> <span class='ocrx_word' id='word_1_795' title='bbox 1954 2411 2001 2436; x_wconf 90' lang='lat' dir='ltr'>est</span> <span class='ocrx_word' id='word_1_796' title='bbox 2022 2404 2089 2436; x_wconf 90' lang='lat' dir='ltr'>fieri</span> <span class='ocrx_word' id='word_1_797' title='bbox 2108 2412 2232 2436; x_wconf 86' lang='lat' dir='ltr'>aestum</span> <span class='ocrx_word' id='word_1_798' title='bbox 2250 2412 2281 2437; x_wconf 88' lang='lat' dir='ltr'>et</span> <span class='ocrx_word' id='word_1_799' title='bbox 2300 2405 2450 2445; x_wconf 87' lang='lat' dir='ltr'>calorem,</span> <span class='ocrx_word' id='word_1_800' title='bbox 2472 2405 2538 2437; x_wconf 73' lang='lat' dir='ltr'>suf·</span> 
     </span>
     <span class='ocr_line' id='line_1_99' title="bbox 1535 2446 2538 2482; baseline 0.003 -4"><span class='ocrx_word' id='word_1_801' title='bbox 1535 2446 1645 2478; x_wconf 81' lang='lat' dir='ltr'>ficiens</span> <span class='ocrx_word' id='word_1_802' title='bbox 1669 2454 1715 2479; x_wconf 87' lang='lat' dir='ltr'>est</span> <span class='ocrx_word' id='word_1_803' title='bbox 1737 2447 1858 2479; x_wconf 88' lang='lat' dir='ltr'>efficere</span> <span class='ocrx_word' id='word_1_804' title='bbox 1882 2455 1913 2480; x_wconf 91' lang='lat' dir='ltr'>et</span> <span class='ocrx_word' id='word_1_805' title='bbox 1935 2449 2011 2479; x_wconf 91' lang='lat' dir='ltr'>solis</span> <span class='ocrx_word' id='word_1_806' title='bbox 2034 2449 2112 2480; x_wconf 87' lang='lat' dir='ltr'>latio</span> <span class='ocrx_word' id='word_1_807' title='bbox 2131 2456 2271 2480; x_wconf 87' lang='lat' dir='ltr'>tantum:</span> <span class='ocrx_word' id='word_1_808' title='bbox 2288 2450 2432 2481; x_wconf 85' lang='lat' dir='ltr'>velocem</span> <span class='ocrx_word' id='word_1_809' title='bbox 2451 2449 2538 2482; x_wconf 85' lang='lat' dir='ltr'>enim</span> 
     </span>
     <span class='ocr_line' id='line_1_100' title="bbox 1536 2492 2536 2534; baseline 0.003 -12"><span class='ocrx_word' id='word_1_810' title='bbox 1536 2498 1663 2532; x_wconf 90' lang='lat' dir='ltr'>oportet</span> <span class='ocrx_word' id='word_1_811' title='bbox 1675 2499 1706 2523; x_wconf 92' lang='lat' dir='ltr'>et</span> <span class='ocrx_word' id='word_1_812' title='bbox 1721 2502 1788 2523; x_wconf 91' lang='lat' dir='ltr'>non</span> <span class='ocrx_word' id='word_1_813' title='bbox 1803 2492 1899 2533; x_wconf 90' lang='lat' dir='ltr'>longe</span> <span class='ocrx_word' id='word_1_814' title='bbox 1913 2503 1990 2524; x_wconf 87' lang='lat' dir='ltr'>esse.</span> <span class='ocrx_word' id='word_1_815' title='bbox 2009 2493 2100 2531; x_wconf 87' lang='lat' dir='ltr'>Quae</span> <span class='ocrx_word' id='word_1_816' title='bbox 2116 2493 2248 2534; x_wconf 89' lang='lat' dir='ltr'>quidem</span> <span class='ocrx_word' id='word_1_817' title='bbox 2258 2493 2353 2534; x_wconf 90' lang='lat' dir='ltr'>igitur</span> <span class='ocrx_word' id='word_1_818' title='bbox 2366 2501 2536 2534; x_wconf 86' lang='lat' dir='ltr'>astrorum,</span> 
     </span>
     <span class='ocr_line' id='line_1_101' title="bbox 1535 2536 2537 2578; baseline 0.004 -12"><span class='ocrx_word' id='word_1_819' title='bbox 1535 2536 1628 2566; x_wconf 87' lang='lat' dir='ltr'>velox</span> <span class='ocrx_word' id='word_1_820' title='bbox 1651 2536 1793 2577; x_wconf 86' lang='lat' dir='ltr'>quidem,</span> <span class='ocrx_word' id='word_1_821' title='bbox 1816 2536 1912 2578; x_wconf 86' lang='lat' dir='ltr'>longe</span> <span class='ocrx_word' id='word_1_822' title='bbox 1934 2544 2060 2576; x_wconf 86' lang='lat' dir='ltr'>autem;</span> <span class='ocrx_word' id='word_1_823' title='bbox 2084 2547 2166 2578; x_wconf 90' lang='lat' dir='ltr'>quae</span> <span class='ocrx_word' id='word_1_824' title='bbox 2189 2545 2298 2569; x_wconf 85' lang='lat' dir='ltr'>autem</span> <span class='ocrx_word' id='word_1_825' title='bbox 2320 2538 2426 2577; x_wconf 90' lang='lat' dir='ltr'>lunae,</span> <span class='ocrx_word' id='word_1_826' title='bbox 2446 2538 2537 2570; x_wconf 88' lang='lat' dir='ltr'>deor·</span> 
     </span>
     <span class='ocr_line' id='line_1_102' title="bbox 1536 2581 2537 2623; baseline 0.004 -13"><span class='ocrx_word' id='word_1_827' title='bbox 1536 2590 1609 2610; x_wconf 90' lang='lat' dir='ltr'>sum</span> <span class='ocrx_word' id='word_1_828' title='bbox 1625 2581 1766 2621; x_wconf 91' lang='lat' dir='ltr'>quidem,</span> <span class='ocrx_word' id='word_1_829' title='bbox 1781 2581 1868 2613; x_wconf 81' lang='lat' dir='ltr'>tarda</span> <span class='ocrx_word' id='word_1_830' title='bbox 1884 2588 2007 2621; x_wconf 88' lang='lat' dir='ltr'>autem;</span> <span class='ocrx_word' id='word_1_831' title='bbox 2027 2591 2108 2623; x_wconf 89' lang='lat' dir='ltr'>quae</span> <span class='ocrx_word' id='word_1_832' title='bbox 2124 2588 2231 2613; x_wconf 88' lang='lat' dir='ltr'>autem</span> <span class='ocrx_word' id='word_1_833' title='bbox 2247 2582 2334 2622; x_wconf 89' lang='lat' dir='ltr'>solis,</span> <span class='ocrx_word' id='word_1_834' title='bbox 2349 2583 2446 2614; x_wconf 89' lang='lat' dir='ltr'>ambo</span> <span class='ocrx_word' id='word_1_835' title='bbox 2460 2582 2537 2614; x_wconf 86' lang='lat' dir='ltr'>haec</span> 
     </span>
     <span class='ocr_line' id='line_1_103' title="bbox 1535 2625 1851 2658; baseline 0.003 -3"><span class='ocrx_word' id='word_1_836' title='bbox 1535 2625 1628 2656; x_wconf 90' lang='lat' dir='ltr'>habet</span> <span class='ocrx_word' id='word_1_837' title='bbox 1652 2625 1851 2658; x_wconf 87' lang='lat' dir='ltr'>sufficienter.</span> 
     </span>
    </p>

    <p class='ocr_par' dir='ltr' id='par_1_22' title="bbox 1469 2668 2537 2934">
     <span class='ocr_line' id='line_1_104' title="bbox 1469 2668 2536 2711; baseline 0.004 -12"><span class='ocrx_word' id='word_1_838' title='bbox 1469 2668 1549 2699; x_wconf 86' lang='lat' dir='ltr'>Fieri</span> <span class='ocrx_word' id='word_1_839' title='bbox 1574 2676 1681 2701; x_wconf 86' lang='lat' dir='ltr'>autem</span> <span class='ocrx_word' id='word_1_840' title='bbox 1695 2671 1795 2711; x_wconf 89' lang='lat' dir='ltr'>magis</span> <span class='ocrx_word' id='word_1_841' title='bbox 1819 2670 1915 2701; x_wconf 88' lang='lat' dir='ltr'>simul</span> <span class='ocrx_word' id='word_1_842' title='bbox 1939 2680 2013 2701; x_wconf 90' lang='lat' dir='ltr'>cum</span> <span class='ocrx_word' id='word_1_843' title='bbox 2037 2670 2103 2701; x_wconf 91' lang='lat' dir='ltr'>sole</span> <span class='ocrx_word' id='word_1_844' title='bbox 2126 2670 2198 2711; x_wconf 90' lang='lat' dir='ltr'>ipso</span> <span class='ocrx_word' id='word_1_845' title='bbox 2222 2670 2422 2710; x_wconf 85' lang='lat' dir='ltr'>caliditatem,</span> <span class='ocrx_word' id='word_1_846' title='bbox 2442 2671 2536 2703; x_wconf 78' lang='lat' dir='ltr'>ratio-</span> 
     </span>
     <span class='ocr_line' id='line_1_105' title="bbox 1535 2714 2535 2756; baseline 0.003 -11"><span class='ocrx_word' id='word_1_847' title='bbox 1535 2715 1656 2754; x_wconf 85' lang='lat' dir='ltr'>nabile,</span> <span class='ocrx_word' id='word_1_848' title='bbox 1680 2723 1841 2747; x_wconf 90' lang='lat' dir='ltr'>sumentes</span> <span class='ocrx_word' id='word_1_849' title='bbox 1870 2714 1971 2746; x_wconf 90' lang='lat' dir='ltr'>simile</span> <span class='ocrx_word' id='word_1_850' title='bbox 1995 2725 2032 2746; x_wconf 84' lang='lat' dir='ltr'>ex</span> <span class='ocrx_word' id='word_1_851' title='bbox 2054 2715 2103 2746; x_wconf 88' lang='lat' dir='ltr'>his</span> <span class='ocrx_word' id='word_1_852' title='bbox 2131 2725 2213 2756; x_wconf 91' lang='lat' dir='ltr'>quae</span> <span class='ocrx_word' id='word_1_853' title='bbox 2242 2716 2327 2756; x_wconf 85' lang='lat' dir='ltr'>apud</span> <span class='ocrx_word' id='word_1_854' title='bbox 2356 2725 2416 2746; x_wconf 89' lang='lat' dir='ltr'>nos</span> <span class='ocrx_word' id='word_1_855' title='bbox 2444 2723 2535 2748; x_wconf 81' lang='lat' dir='ltr'>sunt:</span> 
     </span>
     <span class='ocr_line' id='line_1_106' title="bbox 1536 2759 2537 2792; baseline 0.002 -2"><span class='ocrx_word' id='word_1_856' title='bbox 1536 2759 1653 2790; x_wconf 88' lang='lat' dir='ltr'>etenim</span> <span class='ocrx_word' id='word_1_857' title='bbox 1676 2759 1727 2790; x_wconf 91' lang='lat' dir='ltr'>hic</span> <span class='ocrx_word' id='word_1_858' title='bbox 1749 2759 1898 2791; x_wconf 88' lang='lat' dir='ltr'>violentia</span> <span class='ocrx_word' id='word_1_859' title='bbox 1927 2759 1998 2790; x_wconf 88' lang='lat' dir='ltr'>latis</span> <span class='ocrx_word' id='word_1_860' title='bbox 2021 2759 2142 2790; x_wconf 92' lang='lat' dir='ltr'>vicinus</span> <span class='ocrx_word' id='word_1_861' title='bbox 2166 2769 2218 2790; x_wconf 91' lang='lat' dir='ltr'>aer</span> <span class='ocrx_word' id='word_1_862' title='bbox 2244 2759 2382 2791; x_wconf 80' lang='lat' dir='ltr'>maxime</span> <span class='ocrx_word' id='word_1_863' title='bbox 2405 2759 2441 2791; x_wconf 86' lang='lat' dir='ltr'>fit</span> <span class='ocrx_word' id='word_1_864' title='bbox 2464 2760 2537 2792; x_wconf 84' lang='lat' dir='ltr'>cali-</span> 
     </span>
     <span class='ocr_line' id='line_1_107' title="bbox 1536 2803 2536 2837; baseline 0.002 -2"><span class='ocrx_word' id='word_1_865' title='bbox 1536 2804 1605 2835; x_wconf 90' lang='lat' dir='ltr'>dus.</span> <span class='ocrx_word' id='word_1_866' title='bbox 1621 2804 1662 2835; x_wconf 90' lang='lat' dir='ltr'>Et</span> <span class='ocrx_word' id='word_1_867' title='bbox 1684 2804 1746 2835; x_wconf 91' lang='lat' dir='ltr'>hoc</span> <span class='ocrx_word' id='word_1_868' title='bbox 1769 2803 1994 2835; x_wconf 86' lang='lat' dir='ltr'>rationabiliter</span> <span class='ocrx_word' id='word_1_869' title='bbox 2013 2803 2137 2835; x_wconf 89' lang='lat' dir='ltr'>accidit:</span> <span class='ocrx_word' id='word_1_870' title='bbox 2162 2803 2299 2835; x_wconf 84' lang='lat' dir='ltr'>maxime</span> <span class='ocrx_word' id='word_1_871' title='bbox 2323 2804 2408 2835; x_wconf 90' lang='lat' dir='ltr'>enim</span> <span class='ocrx_word' id='word_1_872' title='bbox 2428 2811 2536 2837; x_wconf 68' lang='lat' dir='ltr'>motus</span> 
     </span>
     <span class='ocr_line' id='line_1_108' title="bbox 1535 2848 2536 2890; baseline 0.002 -12"><span class='ocrx_word' id='word_1_873' title='bbox 1535 2848 1627 2879; x_wconf 88' lang='lat' dir='ltr'>solidi</span> <span class='ocrx_word' id='word_1_874' title='bbox 1664 2849 1820 2889; x_wconf 87' lang='lat' dir='ltr'>disgregat</span> <span class='ocrx_word' id='word_1_875' title='bbox 1848 2849 1965 2888; x_wconf 87' lang='lat' dir='ltr'>ipsum.</span> <span class='ocrx_word' id='word_1_876' title='bbox 2005 2849 2137 2890; x_wconf 86' lang='lat' dir='ltr'>Propter</span> <span class='ocrx_word' id='word_1_877' title='bbox 2166 2848 2248 2879; x_wconf 88' lang='lat' dir='ltr'>hanc</span> <span class='ocrx_word' id='word_1_878' title='bbox 2280 2848 2376 2889; x_wconf 86' lang='lat' dir='ltr'>igitur</span> <span class='ocrx_word' id='word_1_879' title='bbox 2407 2858 2536 2880; x_wconf 80' lang='lat' dir='ltr'>causam</span> 
     </span>
     <span class='ocr_line' id='line_1_109' title="bbox 1534 2893 2155 2934; baseline 0 -10"><span class='ocrx_word' id='word_1_880' title='bbox 1534 2893 1681 2934; x_wconf 88' lang='lat' dir='ltr'>pertingit</span> <span class='ocrx_word' id='word_1_881' title='bbox 1703 2893 1743 2923; x_wconf 88' lang='lat' dir='ltr'>ad</span> <span class='ocrx_word' id='word_1_882' title='bbox 1766 2893 1852 2924; x_wconf 91' lang='lat' dir='ltr'>hunc</span> <span class='ocrx_word' id='word_1_883' title='bbox 1874 2893 1983 2924; x_wconf 90' lang='lat' dir='ltr'>locum</span> <span class='ocrx_word' id='word_1_884' title='bbox 2007 2893 2155 2925; x_wconf 85' lang='lat' dir='ltr'>caliditas.</span> 
     </span>
    </p>
   </div>
   <div class='ocr_carea' id='block_1_12' title="bbox 1468 2982 2536 3334">
    <p class='ocr_par' dir='ltr' id='par_1_23' title="bbox 1468 2982 2534 3058">
     <span class='ocr_line' id='line_1_110' title="bbox 1468 2982 2534 3024; baseline 0.001 -12"><span class='ocrx_word' id='word_1_885' title='bbox 1468 2982 1507 3013; x_wconf 90' lang='lat' dir='ltr'>Et</span> <span class='ocrx_word' id='word_1_886' title='bbox 1523 2982 1598 3022; x_wconf 89' lang='lat' dir='ltr'>quia</span> <span class='ocrx_word' id='word_1_887' title='bbox 1615 2982 1756 3013; x_wconf 90' lang='lat' dir='ltr'>ambiens</span> <span class='ocrx_word' id='word_1_888' title='bbox 1772 2982 1852 3022; x_wconf 90' lang='lat' dir='ltr'>ignis</span> <span class='ocrx_word' id='word_1_889' title='bbox 1869 2993 1924 3023; x_wconf 91' lang='lat' dir='ltr'>per</span> <span class='ocrx_word' id='word_1_890' title='bbox 1939 2992 2044 3013; x_wconf 89' lang='lat' dir='ltr'>aerem</span> <span class='ocrx_word' id='word_1_891' title='bbox 2061 2982 2217 3024; x_wconf 85' lang='lat' dir='ltr'>spargitur</span> <span class='ocrx_word' id='word_1_892' title='bbox 2232 2989 2324 3014; x_wconf 90' lang='lat' dir='ltr'>motu</span> <span class='ocrx_word' id='word_1_893' title='bbox 2339 2982 2534 3023; x_wconf 82' lang='lat' dir='ltr'>frequenter,</span> 
     </span>
     <span class='ocr_line' id='line_1_111' title="bbox 1534 3026 2042 3058; baseline 0.002 -1"><span class='ocrx_word' id='word_1_894' title='bbox 1534 3033 1564 3057; x_wconf 92' lang='lat' dir='ltr'>et</span> <span class='ocrx_word' id='word_1_895' title='bbox 1588 3026 1686 3057; x_wconf 84' lang='lat' dir='ltr'>fertur</span> <span class='ocrx_word' id='word_1_896' title='bbox 1707 3026 1858 3058; x_wconf 86' lang='lat' dir='ltr'>violentia</span> <span class='ocrx_word' id='word_1_897' title='bbox 1881 3027 2042 3058; x_wconf 87' lang='lat' dir='ltr'>deorsum.</span> 
     </span>
    </p>

    <p class='ocr_par' dir='ltr' id='par_1_24' title="bbox 1468 3070 2536 3334">
     <span class='ocr_line' id='line_1_112' title="bbox 1468 3070 2536 3113; baseline 0 -11"><span class='ocrx_word' id='word_1_898' title='bbox 1468 3071 1602 3112; x_wconf 89' lang='lat' dir='ltr'>Signum</span> <span class='ocrx_word' id='word_1_899' title='bbox 1625 3078 1730 3102; x_wconf 87' lang='lat' dir='ltr'>autem</span> <span class='ocrx_word' id='word_1_900' title='bbox 1756 3070 1914 3102; x_wconf 87' lang='lat' dir='ltr'>sufficiens</span> <span class='ocrx_word' id='word_1_901' title='bbox 1946 3071 2035 3113; x_wconf 91' lang='lat' dir='ltr'>quod</span> <span class='ocrx_word' id='word_1_902' title='bbox 2058 3071 2114 3112; x_wconf 89' lang='lat' dir='ltr'>qui</span> <span class='ocrx_word' id='word_1_903' title='bbox 2137 3081 2264 3102; x_wconf 89' lang='lat' dir='ltr'>sursum</span> <span class='ocrx_word' id='word_1_904' title='bbox 2287 3071 2378 3102; x_wconf 89' lang='lat' dir='ltr'>locus</span> <span class='ocrx_word' id='word_1_905' title='bbox 2406 3080 2472 3102; x_wconf 88' lang='lat' dir='ltr'>non</span> <span class='ocrx_word' id='word_1_906' title='bbox 2495 3070 2536 3102; x_wconf 82' lang='lat' dir='ltr'>sit</span> 
     </span>
     <span class='ocr_line' id='line_1_113' title="bbox 1535 3115 2535 3157; baseline -0.001 -10"><span class='ocrx_word' id='word_1_907' title='bbox 1535 3116 1654 3147; x_wconf 88' lang='lat' dir='ltr'>calidus</span> <span class='ocrx_word' id='word_1_908' title='bbox 1670 3125 1774 3156; x_wconf 91' lang='lat' dir='ltr'>neque</span> <span class='ocrx_word' id='word_1_909' title='bbox 1788 3115 1916 3156; x_wconf 88' lang='lat' dir='ltr'>ignitus,</span> <span class='ocrx_word' id='word_1_910' title='bbox 1933 3122 1979 3147; x_wconf 84' lang='lat' dir='ltr'>est</span> <span class='ocrx_word' id='word_1_911' title='bbox 1989 3115 2148 3147; x_wconf 88' lang='lat' dir='ltr'>discursus</span> <span class='ocrx_word' id='word_1_912' title='bbox 2165 3122 2332 3146; x_wconf 88' lang='lat' dir='ltr'>astrorum.</span> <span class='ocrx_word' id='word_1_913' title='bbox 2345 3115 2390 3146; x_wconf 91' lang='lat' dir='ltr'>lbi</span> <span class='ocrx_word' id='word_1_914' title='bbox 2403 3115 2535 3157; x_wconf 85' lang='lat' dir='ltr'>quidem</span> 
     </span>
     <span class='ocr_line' id='line_1_114' title="bbox 1535 3159 2534 3202; baseline -0.001 -11"><span class='ocrx_word' id='word_1_915' title='bbox 1535 3161 1620 3192; x_wconf 86' lang='lat' dir='ltr'>enirn</span> <span class='ocrx_word' id='word_1_916' title='bbox 1643 3170 1709 3190; x_wconf 91' lang='lat' dir='ltr'>non</span> <span class='ocrx_word' id='word_1_917' title='bbox 1732 3159 1831 3199; x_wconf 90' lang='lat' dir='ltr'>fiunt,</span> <span class='ocrx_word' id='word_1_918' title='bbox 1856 3161 2007 3191; x_wconf 91' lang='lat' dir='ltr'>deorsum</span> <span class='ocrx_word' id='word_1_919' title='bbox 2026 3167 2148 3192; x_wconf 84' lang='lat' dir='ltr'>autem:</span> <span class='ocrx_word' id='word_1_920' title='bbox 2173 3159 2319 3202; x_wconf 90' lang='lat' dir='ltr'>quamvis</span> <span class='ocrx_word' id='word_1_921' title='bbox 2335 3169 2418 3201; x_wconf 88' lang='lat' dir='ltr'>quae</span> <span class='ocrx_word' id='word_1_922' title='bbox 2434 3159 2534 3200; x_wconf 66' lang='lat' dir='ltr'>magis</span> 
     </span>
     <span class='ocr_line' id='line_1_115' title="bbox 1534 3204 2535 3245; baseline 0 -10"><span class='ocrx_word' id='word_1_923' title='bbox 1534 3211 1703 3236; x_wconf 90' lang='lat' dir='ltr'>moventur</span> <span class='ocrx_word' id='word_1_924' title='bbox 1726 3211 1757 3235; x_wconf 91' lang='lat' dir='ltr'>et</span> <span class='ocrx_word' id='word_1_925' title='bbox 1780 3204 1888 3243; x_wconf 89' lang='lat' dir='ltr'>citius,</span> <span class='ocrx_word' id='word_1_926' title='bbox 1914 3205 2073 3245; x_wconf 87' lang='lat' dir='ltr'>igniantur</span> <span class='ocrx_word' id='word_1_927' title='bbox 2095 3204 2197 3236; x_wconf 86' lang='lat' dir='ltr'>citius.</span> <span class='ocrx_word' id='word_1_928' title='bbox 2217 3204 2333 3235; x_wconf 87' lang='lat' dir='ltr'>Adhuc</span> <span class='ocrx_word' id='word_1_929' title='bbox 2351 3211 2459 3236; x_wconf 88' lang='lat' dir='ltr'>autem</span> <span class='ocrx_word' id='word_1_930' title='bbox 2474 3204 2535 3243; x_wconf 83' lang='lat' dir='ltr'>sol,</span> 
     </span>
     <span class='ocr_line' id='line_1_116' title="bbox 1535 3248 2535 3291; baseline -0.002 -10"><span class='ocrx_word' id='word_1_931' title='bbox 1535 3249 1590 3291; x_wconf 89' lang='lat' dir='ltr'>qui</span> <span class='ocrx_word' id='word_1_932' title='bbox 1614 3249 1750 3280; x_wconf 88' lang='lat' dir='ltr'>maxime</span> <span class='ocrx_word' id='word_1_933' title='bbox 1773 3249 1896 3281; x_wconf 90' lang='lat' dir='ltr'>videtur</span> <span class='ocrx_word' id='word_1_934' title='bbox 1919 3259 1986 3280; x_wconf 90' lang='lat' dir='ltr'>esse</span> <span class='ocrx_word' id='word_1_935' title='bbox 2001 3249 2131 3288; x_wconf 84' lang='lat' dir='ltr'>calidus,</span> <span class='ocrx_word' id='word_1_936' title='bbox 2153 3248 2277 3280; x_wconf 88' lang='lat' dir='ltr'>videtur</span> <span class='ocrx_word' id='word_1_937' title='bbox 2292 3248 2382 3280; x_wconf 85' lang='lat' dir='ltr'>albus</span> <span class='ocrx_word' id='word_1_938' title='bbox 2397 3249 2453 3279; x_wconf 88' lang='lat' dir='ltr'>sed</span> <span class='ocrx_word' id='word_1_939' title='bbox 2468 3258 2535 3280; x_wconf 91' lang='lat' dir='ltr'>non</span> 
     </span>
     <span class='ocr_line' id='line_1_117' title="bbox 1535 3293 1813 3334; baseline 0 -10"><span class='ocrx_word' id='word_1_940' title='bbox 1535 3294 1646 3334; x_wconf 88' lang='lat' dir='ltr'>igneus</span> <span class='ocrx_word' id='word_1_941' title='bbox 1670 3293 1813 3326; x_wconf 83' lang='lat' dir='ltr'>existens.</span> 
     </span>
    </p>
   </div>
   <div class='ocr_carea' id='block_1_13' title="bbox 1464 3389 2535 3667">
    <p class='ocr_par' dir='ltr' id='par_1_25' title="bbox 1464 3389 2535 3667">
     <span class='ocr_line' id='line_1_118' title="bbox 1469 3389 2535 3429; baseline -0.002 -9"><span class='ocrx_word' id='word_1_942' title='bbox 1469 3391 1537 3429; x_wconf 90' lang='lat' dir='ltr'>quia</span> <span class='ocrx_word' id='word_1_943' title='bbox 1559 3391 1643 3420; x_wconf 90' lang='lat' dir='ltr'>simul</span> <span class='ocrx_word' id='word_1_944' title='bbox 1665 3391 1786 3420; x_wconf 90' lang='lat' dir='ltr'>trahitur</span> <span class='ocrx_word' id='word_1_945' title='bbox 1806 3400 1873 3420; x_wconf 93' lang='lat' dir='ltr'>cum</span> <span class='ocrx_word' id='word_1_946' title='bbox 1895 3390 2080 3420; x_wconf 88' lang='lat' dir='ltr'>circulatione</span> <span class='ocrx_word' id='word_1_947' title='bbox 2102 3389 2191 3419; x_wconf 86' lang='lat' dir='ltr'>caeli:</span> <span class='ocrx_word' id='word_1_948' title='bbox 2213 3398 2263 3419; x_wconf 89' lang='lat' dir='ltr'>aer</span> <span class='ocrx_word' id='word_1_949' title='bbox 2283 3395 2379 3418; x_wconf 88' lang='lat' dir='ltr'>autern</span> <span class='ocrx_word' id='word_1_950' title='bbox 2402 3389 2535 3426; x_wconf 85' lang='lat' dir='ltr'>inferior,</span> 
     </span>
     <span class='ocr_line' id='line_1_119' title="bbox 1468 3429 2534 3468; baseline -0.002 -8"><span class='ocrx_word' id='word_1_951' title='bbox 1468 3431 1623 3468; x_wconf 82' lang='lat' dir='ltr'>impeditus</span> <span class='ocrx_word' id='word_1_952' title='bbox 1644 3441 1662 3460; x_wconf 87' lang='lat' dir='ltr'>a</span> <span class='ocrx_word' id='word_1_953' title='bbox 1686 3431 1815 3468; x_wconf 87' lang='lat' dir='ltr'>partibus</span> <span class='ocrx_word' id='word_1_954' title='bbox 1843 3437 1935 3460; x_wconf 90' lang='lat' dir='ltr'>terrae</span> <span class='ocrx_word' id='word_1_955' title='bbox 1957 3429 2173 3466; x_wconf 87' lang='lat' dir='ltr'>immobilibus,</span> <span class='ocrx_word' id='word_1_956' title='bbox 2195 3439 2256 3459; x_wconf 88' lang='lat' dir='ltr'>non</span> <span class='ocrx_word' id='word_1_957' title='bbox 2286 3435 2418 3459; x_wconf 88' lang='lat' dir='ltr'>movetur</span> <span class='ocrx_word' id='word_1_958' title='bbox 2443 3429 2534 3458; x_wconf 87' lang='lat' dir='ltr'>circu-</span> 
     </span>
     <span class='ocr_line' id='line_1_120' title="bbox 1467 3469 2535 3508; baseline -0.002 -8"><span class='ocrx_word' id='word_1_959' title='bbox 1467 3471 1580 3507; x_wconf 90' lang='lat' dir='ltr'>lariter,</span> <span class='ocrx_word' id='word_1_960' title='bbox 1602 3478 1634 3499; x_wconf 90' lang='lat' dir='ltr'>ut</span> <span class='ocrx_word' id='word_1_961' title='bbox 1654 3478 1733 3508; x_wconf 84' lang='lat' dir='ltr'>patet</span> <span class='ocrx_word' id='word_1_962' title='bbox 1761 3480 1794 3500; x_wconf 88' lang='lat' dir='ltr'>ex</span> <span class='ocrx_word' id='word_1_963' title='bbox 1821 3470 2007 3508; x_wconf 86' lang='lat' dir='ltr'>generatione</span> <span class='ocrx_word' id='word_1_964' title='bbox 2038 3476 2201 3499; x_wconf 89' lang='lat' dir='ltr'>ventorum.</span> <span class='ocrx_word' id='word_1_965' title='bbox 2222 3486 2243 3491; x_wconf 86' lang='lat'><em>-</em></span> <span class='ocrx_word' id='word_1_966' title='bbox 2264 3469 2425 3505; x_wconf 88' lang='lat' dir='ltr'>Quomodo</span> <span class='ocrx_word' id='word_1_967' title='bbox 2453 3469 2535 3498; x_wconf 85' lang='lat' dir='ltr'>locus</span> 
     </span>
     <span class='ocr_line' id='line_1_121' title="bbox 1466 3509 2534 3548; baseline -0.003 -8"><span class='ocrx_word' id='word_1_968' title='bbox 1466 3511 1540 3540; x_wconf 86' lang='lat' dir='ltr'>aeris</span> <span class='ocrx_word' id='word_1_969' title='bbox 1561 3520 1675 3548; x_wconf 88' lang='lat' dir='ltr'>semper</span> <span class='ocrx_word' id='word_1_970' title='bbox 1700 3517 1798 3539; x_wconf 89' lang='lat' dir='ltr'>manet</span> <span class='ocrx_word' id='word_1_971' title='bbox 1818 3511 1921 3547; x_wconf 89' lang='lat' dir='ltr'>plenus</span> <span class='ocrx_word' id='word_1_972' title='bbox 1941 3519 2017 3545; x_wconf 88' lang='lat' dir='ltr'>aere,</span> <span class='ocrx_word' id='word_1_973' title='bbox 2042 3517 2070 3538; x_wconf 89' lang='lat' dir='ltr'>et</span> <span class='ocrx_word' id='word_1_974' title='bbox 2091 3510 2172 3539; x_wconf 89' lang='lat' dir='ltr'>locus</span> <span class='ocrx_word' id='word_1_975' title='bbox 2194 3509 2266 3547; x_wconf 85' lang='lat' dir='ltr'>ignis</span> <span class='ocrx_word' id='word_1_976' title='bbox 2287 3509 2390 3546; x_wconf 83' lang='lat' dir='ltr'>plenus</span> <span class='ocrx_word' id='word_1_977' title='bbox 2417 3509 2492 3547; x_wconf 79' lang='lat' dir='ltr'>igne.</span> <span class='ocrx_word' id='word_1_978' title='bbox 2515 3525 2534 3530; x_wconf 98' lang='lat'>-</span> 
     </span>
     <span class='ocr_line' id='line_1_122' title="bbox 1465 3548 2534 3587; baseline -0.003 -8"><span class='ocrx_word' id='word_1_979' title='bbox 1465 3552 1602 3580; x_wconf 84' lang='lat' dir='ltr'>Attamen</span> <span class='ocrx_word' id='word_1_980' title='bbox 1631 3560 1692 3579; x_wconf 90' lang='lat' dir='ltr'>non</span> <span class='ocrx_word' id='word_1_981' title='bbox 1721 3559 1835 3587; x_wconf 88' lang='lat' dir='ltr'>semper</span> <span class='ocrx_word' id='word_1_982' title='bbox 1863 3556 1961 3579; x_wconf 80' lang='lat' dir='ltr'>manet</span> <span class='ocrx_word' id='word_1_983' title='bbox 1982 3550 2059 3578; x_wconf 90' lang='lat' dir='ltr'>idem</span> <span class='ocrx_word' id='word_1_984' title='bbox 2087 3559 2137 3578; x_wconf 88' lang='lat' dir='ltr'>aer</span> <span class='ocrx_word' id='word_1_985' title='bbox 2164 3555 2193 3578; x_wconf 90' lang='lat' dir='ltr'>et</span> <span class='ocrx_word' id='word_1_986' title='bbox 2218 3549 2291 3587; x_wconf 80' lang='lat' dir='ltr'>ignis</span> <span class='ocrx_word' id='word_1_987' title='bbox 2319 3557 2460 3578; x_wconf 84' lang='lat' dir='ltr'>numero:</span> <span class='ocrx_word' id='word_1_988' title='bbox 2482 3548 2534 3576; x_wconf 87' lang='lat' dir='ltr'>sed</span> 
     </span>
     <span class='ocr_line' id='line_1_123' title="bbox 1465 3588 2533 3628; baseline -0.003 -9"><span class='ocrx_word' id='word_1_989' title='bbox 1465 3591 1697 3628; x_wconf 89' lang='lat' dir='ltr'>unumquodque</span> <span class='ocrx_word' id='word_1_990' title='bbox 1718 3590 1849 3627; x_wconf 87' lang='lat' dir='ltr'>ipsorum</span> <span class='ocrx_word' id='word_1_991' title='bbox 1871 3589 1902 3618; x_wconf 83' lang='lat' dir='ltr'>fit</span> <span class='ocrx_word' id='word_1_992' title='bbox 1923 3589 2001 3618; x_wconf 84' lang='lat' dir='ltr'>aliud</span> <span class='ocrx_word' id='word_1_993' title='bbox 2027 3595 2055 3618; x_wconf 90' lang='lat' dir='ltr'>et</span> <span class='ocrx_word' id='word_1_994' title='bbox 2075 3589 2153 3618; x_wconf 87' lang='lat' dir='ltr'>aliud</span> <span class='ocrx_word' id='word_1_995' title='bbox 2174 3598 2226 3626; x_wconf 88' lang='lat' dir='ltr'>per</span> <span class='ocrx_word' id='word_1_996' title='bbox 2252 3588 2421 3618; x_wconf 87' lang='lat' dir='ltr'>continuam</span> <span class='ocrx_word' id='word_1_997' title='bbox 2447 3596 2533 3625; x_wconf 87' lang='lat' dir='ltr'>gene-</span> 
     </span>
     <span class='ocr_line' id='line_1_124' title="bbox 1464 3627 2534 3667; baseline -0.004 -8"><span class='ocrx_word' id='word_1_998' title='bbox 1464 3630 1606 3659; x_wconf 90' lang='lat' dir='ltr'>rationem</span> <span class='ocrx_word' id='word_1_999' title='bbox 1628 3637 1656 3659; x_wconf 84' lang='lat' dir='ltr'>et</span> <span class='ocrx_word' id='word_1_1000' title='bbox 1677 3629 1902 3667; x_wconf 89' lang='lat' dir='ltr'>corruptionem.</span> <span class='ocrx_word' id='word_1_1001' title='bbox 1917 3645 1936 3650; x_wconf 94' lang='lat'>-</span> <span class='ocrx_word' id='word_1_1002' title='bbox 1954 3630 1980 3657; x_wconf 82' lang='lat'>3.</span> <span class='ocrx_word' id='word_1_1003' title='bbox 1996 3629 2135 3666; x_wconf 82' lang='lat' dir='ltr'>Epilogus</span> <span class='ocrx_word' id='word_1_1004' title='bbox 2155 3627 2398 3665; x_wconf 88' lang='lat' dir='ltr'>praecedentium.</span> <span class='ocrx_word' id='word_1_1005' title='bbox 2409 3643 2429 3650; x_wconf 89' lang='lat'>-</span> <span class='ocrx_word' id='word_1_1006' title='bbox 2442 3636 2470 3663; x_wconf 88' lang='lat'>4.</span> <span class='ocrx_word' id='word_1_1007' title='bbox 2486 3627 2534 3656; x_wconf 85' lang='lat' dir='ltr'>De</span> 
     </span>
    </p>
   </div>
   <div class='ocr_carea' id='block_1_14' title="bbox 2728 2270 2782 4134">
    <p class='ocr_par' dir='ltr' id='par_1_26' title="bbox 2728 2270 2782 4134">
     <span class='ocr_line' id='line_1_125' title="bbox 2728 2270 2782 4134; baseline 0 0"><span class='ocrx_word' id='word_1_1008' title='bbox 2728 2270 2782 4134; x_wconf 95' lang='lat' dir='ltr'> </span> 
     </span>
    </p>
   </div>
  </div>
 </body>
</html>
