2782 4134
1084 221 1559 269 CAP.rv‚LEcTtlv

2345 235 2420 273 m

868 468 1778 528 LECTIOSEPTIMA

991 629 1050 659 DE
1074 629 1386 662 GENERATIONE
1409 632 1655 665 VENTORUM

222 761 296 806 Περὶ
321 753 359 792 δέ
386 757 588 803 πνευμάτων
612 757 778 812 λέγωμεν,
803 758 973 799 λαβόντες
996 760 1035 804 ἀρ
1064 758 1103 796 ἣν
1125 758 1190 795 τήν
1212 759 1296 813 εἰρη-
1349 762 1367 781 *
1381 762 1430 793 De
1449 763 1610 803 spiritibus
1634 772 1741 796 autem
1757 767 1913 807 dicamus,
1938 776 2098 801 sumentes
2114 770 2308 812 principium
2330 772 2421 813 quod
2450 776 2459 785 '

289 803 392 850 μένην
412 805 502 848 (ἧμῖν
536 798 602 841 ἤδη
633 814 816 848 προτερον·
845 802 919 836 ἔστι
950 804 1015 850 γοὶρ
1064 803 1102 836 ύο
1134 799 1205 840 εἴδη
1231 813 1295 841 της

291 848 569 893 ἀναθυμιάσεως,
596 845 639 885 ὥς
663 858 792 892 φαμεν,
819 849 840 885 ἦ
894 848 926 880 ἐν
953 849 1058 895 ύγροὶ,
1085 850 1106 885 ἦ
1131 843 1170 880 δὲ
1195 847 1293 891 ξηρά.

287 894 459 926 Καλεῖται
482 887 512 924 δ’
534 893 555 930 η’
577 892 637 936 μὲν
666 893 780 938 ἀτμὶς,
807 894 828 931 ἡ
878 893 892 925 ἐ
917 893 958 927 τό
983 894 1043 938 μέν
1070 892 1146 927 ὅλον
1174 891 1297 926 ἀνώνυ-

288 949 370 982 μος,
397 938 446 980 τῷ
470 933 500 969 δ’
529 935 585 970 ἐπὶ
610 935 728 983 μέρους
757 937 891 985 άνάγκη
924 939 1115 984 χρωμένους
1145 936 1294 970 καθόλου

289 981 553 1039 προσαῑορεύειν
581 982 693 1020 αὐτὴν
715 982 782 1015 οἷον
807 981 953 1017 καπνόν.
981 985 1080 1017 Ἔστι
1105 978 1134 1015 δ’
1155 981 1235 1016 οὔτε
1254 982 1296 1016 τὸ

289 1027 308 1059 d
333 1027 390 1071 ρόν
409 1039 487 1060 ανευ
504 1027 568 1059 τοῦ
586 1025 702 1071 ξηροῦ,
719 1027 799 1060 οὔτε
817 1027 860 1061 τὸ
877 1026 975 1072 ξηρόν
995 1029 1073 1061 ἄνευ
1094 1027 1158 1061 τοῦ
1177 1028 1293 1074 ὑγροῦ,

292 1069 315 1104 ἆ.
337 1072 385 1105 λά
409 1071 528 1104 πάντα
554 1072 674 1105 ταῦτα
697 1070 841 1119 λέγεται
864 1073 962 1105 κατά
986 1073 1050 1110 τήν
1078 1070 1262 1117 ὑπεροχήν.

222 1160 414 1207 φερομένου
431 1155 475 1197 δὴ
494 1162 671 1201 ιιζςιῖίκῑλίου
695 1160 820 1203 κύκλῳ,
837 1163 896 1193 καὶ
915 1159 1001 1194 ὅταν
1019 1161 1079 1206 μὲν
1105 1159 1293 1202 πλησιάζῃ,

251 1207 336 1250 ,μετῇ
364 1204 553 1250 θεμὸτητι
587 1204 777 1252 ἀνάγοντος
809 1205 851 1239 τὰ
883 1206 1004 1253 ύγρόν,
1032 1203 1232 1250 πορρωτέρω
1257 1204 1296 1236 δὲ

313 1261 488 1295 ινομενου,
514 1244 575 1282 ’διά
604 1249 670 1287 τήν
694 1248 789 1294 ψύξιν
821 1250 1067 1295 συνισταμένης
1102 1248 1204 1282 πάλιν
1230 1249 1293 1287 τῆς

290 1294 494 1340 αναχθείσης
522 1289 666 1350 ἀτμίδος
693 1295 736 1332 εἰς
759 1289 863 1340 ὕδωρ·
889 1289 943 1327 διὰ
966 1293 1131 1341 χειμῶνός
1152 1305 1191 1326 τε
1209 1293 1294 1337 μᾶλ-

232 1340 239 1382 J
285 1341 347 1374 λον
371 1341 507 1387 γίνεται
533 1351 581 1372 τα
605 1337 735 1381 ὕδατα,
761 1341 818 1372 καὶ
844 1337 975 1384 νύκτωρ
1001 1338 1022 1376 ἦ
1047 1337 1117 1384 μεθ’
1147 1338 1292 1382 ἡμέραν,

291 1384 364 1419 ἀλλ’
394 1383 433 1416 οὗ
459 1379 555 1415 δοκεῖ
577 1379 637 1416 διοί
669 1384 711 1417 τό
742 1382 921 1416 λανθάνειν
952 1384 1001 1416 τά
1023 1382 1202 1427 νυκτερινοὶ
1226 1382 1293 1414 τῶν

232 1468 235 1471 ,
287 1429 359 1476 μεθ’
379 1427 510 1473 ἡμέραν
532 1422 681 1472 μᾶλλον·
708 1427 750 1461 τὸ
774 1422 819 1466 δή
843 1428 967 1461 κατιόν
989 1422 1076 1471 ὕδωρ
1093 1421 1293 1460 διαδίδοται

289 1475 359 1509 πᾶν
384 1474 430 1512 εἰς
455 1472 522 1509 τήν
546 1473 629 1519 γῆν·
656 1471 802 1518 ὑπάρχει
825 1467 856 1504 δ’
877 1471 910 1505 ’έν
936 1485 976 1505 τε
995 1473 1039 1515 τῇ
1056 1473 1102 1528 γῇ
1122 1471 1210 1504 πολύ
1228 1473 1292 1515 πῦρ

287 1520 348 1553 καὶ
373 1516 486 1554 πολλὴ
511 1514 691 1562 θερμότης,
716 1519 775 1550 καὶ
802 1518 818 1549 ὁ
843 1516 937 1555 ἥλιος
962 1518 1001 1550 οὗ
1026 1527 1128 1561 μονον
1155 1516 1197 1549 τό
1223 1516 1296 1549 ἑπι-

230 1602 236 1606 *
288 1561 441 1607 πολάζον
467 1561 530 1599 τῆς
561 1562 625 1608 γῆς
658 1561 757 1608 ύγρόν
790 1560 1020 1604 ἓλκει,ὀίλλοὶ
1050 1563 1109 1594 καὶ
1139 1560 1203 1598 τήν
1228 1561 1292 1608 γῆν

272 1607 401 1646 ἀὐτήν
426 1605 575 1651 ξηραίνει
600 1605 804 1650 θερμαίνων·

220 1651 285 1692 τῆς
309 1648 340 1686 δ’
363 1649 632 1696 ἀναθυμιάσεως,
650 1649 760 1693 ὥσπερ
779 1652 927 1694 εἴρηται,
945 1650 1070 1690 διττῆς
1095 1649 1210 1691 οὔσης,
1229 1650 1293 1688 τῆς

286 1698 348 1744 μὲν
367 1690 595 1740 ἀτμιδιόδους,
611 1696 673 1733 τῆς
687 1690 726 1727 δὲ
742 1691 956 1736 καπνώδους,
974 1694 1170 1742 ἀμφοτέρας
1189 1695 1295 1742 ἀναγ-

285 1746 383 1777 καῖον
404 1739 569 1788 γίνεσθαι.
596 1739 735 1772 Τούτων
751 1736 781 1772 δ’
803 1742 824 1778 ἦ
842 1741 902 1784 μὲν
921 1742 1024 1786 ὑγροῦ
1041 1740 1144 1774 πλέον
1164 1740 1292 1785 ἔχουσα

287 1785 417 1824 πλῆθος
439 1784 661 1830 ἀναθυμίασις
685 1784 773 1830 ἀρχή
791 1787 855 1819 τοῦ
873 1787 1015 1831 ύομένου
1037 1783 1165 1823 ὕδατός
1183 1786 1290 1827 ἔστιν,

285 1831 399 1875 ὥσπερ
425 1832 559 1875 εἴρηται
585 1829 764 1874 πρότερον,
783 1832 803 1868 ἡ
822 1827 859 1863 δὲ
883 1830 971 1876 ξηροὶ
994 1831 1060 1865 τῶν
1087 1829 1290 1875 πνευμάτων

231 1881 237 1892 “
289 1876 378 1924 ἀρχῆ
402 1877 461 1907 καὶ
486 1873 581 1920 φύσις
606 1874 759 1907 πάντων.

219 1919 345 1959 νΙῖαῑῖτοι
368 1915 398 1952 δ’
420 1918 475 1953 ὅτι
491 1919 619 1952 τοῦτον
641 1918 701 1952 τόν
726 1917 854 1963 τρόπον
874 1919 1062 1968 ἀναγκαϊον
1079 1917 1289 1964 συμβαίνειν,

234 1966 237 1970 ’
285 1967 346 2000 καὶ
371 1963 406 2007 ἒξ
432 1963 546 1998 αὐτῶν
571 1964 639 1996 τῶν
666 1963 768 2011 ἔργων
793 1959 916 2001 δῆλον·
941 1966 1002 1999 καὶ
1026 1963 1091 2020 ῑάρ
1117 1964 1182 2002 την
1210 1963 1291 1997 ἀνα-

261 2038 266 2044 .
286 2010 443 2056 θυμίασιν
460 2002 628 2053 διαφέρειν
644 2008 855 2056 ἀναγκαῖον,
873 2012 932 2043 καὶ
950 2010 1011 2044 τόν
1029 2010 1125 2046 ηλιον
1150 2010 1208 2041 καὶ
1227 2007 1291 2045 την

288 2057 322 2090 ἒν
348 2055 394 2098 τῇ
418 2054 465 2100 γῇ
490 2052 690 2098 θερμότητα
715 2054 835 2087 ταῦτα
867 2059 975 2088 ποιεῖν
1001 2054 1040 2088 οὗ
1064 2053 1167 2099 μόνον
1191 2048 1292 2086 δυνα-

232 2099 236 2103 ’
288 2101 367 2141 τόν,
395 2096 470 2131 ἀλλ’
501 2097 688 2145 ἀναγκαῖόν
714 2098 820 2132 ἐστιν.

213 2147 312 2186 Ἐπεὶ
335 2139 364 2176 δ’
394 2141 510 2189 ἕτερον
535 2141 703 2186 ἑκατέρας
729 2142 770 2176 τὸ
796 2138 903 2185 εἶδος,
930 2143 1071 2189 φανερόν
1098 2141 1152 2175 ὅτι
1176 2137 1295 2187 διαφέ-

287 2201 356 2236 ρει,
379 2191 440 2220 καὶ
466 2185 531 2233 οὐχ
554 2188 576 2223 ἧ
602 2186 696 2224 αὐτή
722 2187 814 2220 ἐστιν
841 2187 862 2224 ἦ
888 2201 925 2221 τε
951 2188 1014 2220 τοῦ
1043 2187 1168 2231 ἀνέμου
1196 2186 1292 2231 φύσις

231 2239 234 2243 “
285 2236 346 2268 καὶ
363 2234 385 2270 ἦ
403 2233 466 2266 τοῦ
492 2230 634 2276 ύομένου
660 2227 803 2274 ὕδατος,
819 2231 975 2276 καθάπερ
1000 2231 1090 2269 τινὲς
1113 2231 1289 2279 λέγουσιν·

288 2279 349 2314 τὸν
373 2277 439 2333 γάρ
473 2276 580 2310 αὐτᾶν
608 2275 692 2322 ἀέρα
723 2275 917 2321 κινούμενον
947 2277 1007 2320 μὲν
1035 2276 1157 2320 ἄνεμον
1182 2273 1290 2318 εἶναι,

288 2332 534 2365 συνισταμενον
558 2316 598 2353 δὲ
622 2320 725 2354 πάλιν
751 2316 849 2367 ὕδωρ.
888 2323 925 2353 '0
949 2322 1009 2367 μὲν
1037 2319 1093 2354 οὗν
1121 2318 1206 2366 ἀήρ,
1230 2332 1292 2353 κα-

287 2367 396 2410 θάπερ
424 2368 456 2400 ὲν
483 2369 554 2404 τοῖς
580 2366 644 2411 πρό
670 2365 804 2400 τούτων
835 2364 950 2413 λόγοις
977 2365 1179 2410 εἰρήκαμεν,
1205 2367 1294 2412 γίνε-

288 2424 350 2448 ται
376 2412 413 2446 ἑκ
438 2410 591 2445 τούτων·
619 2411 640 2447 ἦ
666 2410 726 2454 μὲν
750 2411 815 2457 γάρ
843 2408 943 2455 ἀτμὶς
969 2411 1069 2458 ύγρόν
1093 2412 1150 2443 καὶ
1169 2409 1292 2455 ψυχρόν

289 2456 483 2504 (εὗόριστον
516 2455 575 2500 μὲν
607 2455 674 2502 γάρ
707 2456 749 2494 ὠς
779 2455 900 2502 ὑγρὰν,
931 2451 991 2488 διά
1020 2451 1059 2488 δέ
1089 2455 1130 2488 τό
1164 2449 1292 2493 ὕδατος

287 2498 374 2535 εἶναι
399 2499 523 2547 ψυχρόν
550 2500 595 2542 τῇ
623 2499 730 2541 οἰκεία
755 2498 867 2544 φύσει,
894 2499 1004 2544 ὥσπερ
1036 2495 1122 2544 ὕδωρ
1151 2499 1198 2544 μή
1224 2498 1292 2542 θερ-

314 2545 451 2587 ανθέν),
479 2545 495 2577 ὁ
519 2538 560 2576 δὲ
582 2544 713 2583 καπνὸς
737 2543 855 2588 θερμὰν
879 2547 938 2577 καὶ
963 2544 1083 2588 ξηρόν·
1115 2542 1204 2577 ὥστε
1233 2555 1293 2576 κα-

287 2589 395 2669 θοἱπερ
421 2591 458 2622 ἐκ
482 2588 673 2632 συμβολῶν,
700 2601 901 2622 συνισταιτο
922 2588 960 2622 ἄν
985 2590 1001 2622 ὁ
1024 2589 1088 2634 ἀήρ
1115 2588 1214 2635 ύγρός
1233 2589 1293 2621 καὶ

307 2648 322 2668 ε
372 2648 388 2668 ο
412 2647 420 2654 ·

218 2684 278 2715 καὶ
309 2647 375 2738 {gp
391 2648 535 2712 ςᾶτοπον
561 2677 589 2708 εἰ
616 2677 632 2708 ό
658 2679 732 2722 περὶ
757 2677 922 2716 ἑκάστους
948 2690 1060 2721 περικε
1087 2677 1205 2722 υμένος
1227 2677 1292 2720 ἀήρ

287 2736 389 2762 ουτος
412 2725 548 2770 γίνεται
563 2720 758 2765 κινούμενος
785 2723 937 2766 πνεῦμα,
958 2725 1016 2754 καὶ
1035 2691 1108 2754 &geno
1135 2720 1174 2754 ἄν
1200 2721 1292 2767 τύχῃ

285 2768 444 2809 κινηθεὶς,
466 2766 586 2810 ἄνεμος
613 2765 726 2807 ἔσται,
755 2766 829 2799 ἀλλ’
852 2767 890 2798 οὐ
905 2766 1060 2811 καθάπερ
1078 2766 1158 2804 τούς
1185 2778 1294 2799 ποτα-

287 2814 370 2859 μούς
395 2809 685 2854 ὑπολαμβάνομεν
705 2811 768 2856 οὐχ
794 2812 949 2843 ὁπωσοῦν
971 2812 1034 2844 τοῦ
1056 2805 1183 2848 ὕδατος
1207 2807 1293 2842 εἶναι

285 2858 436 2906 ῥέοντος,
455 2851 528 2888 058·
553 2853 592 2887 ἄν
611 2854 673 2899 ἔχῃ
692 2855 834 2897 πλῆθος,
859 2855 950 2888 ἀλλὰ,
969 2850 1022 2888 δεῖ·
1041 2858 1188 2901 πηγαῖον
1207 2851 1294 2887 εἶναι

287 2903 330 2937 τὸ
353 2901 443 2948 ῥέον,
475 2898 566 2933 οὕτω
590 2901 650 2931 καὶ
675 2903 749 2942 περὶ
775 2900 842 2933 τῶν
875 2898 1005 2944 ἀνέμων
1032 2900 1119 2945 ἔχει·
1144 2898 1292 2937 κινηθείη

285 2948 352 2995 γὰρ
380 2946 420 2979 ἄν
445 2944 533 2978 πολῦ
550 2944 679 2984 πλῆθος
706 2945 801 2989 ἀέρος
828 2944 895 2977 ὐπό
914 2956 1004 2983 τινος
1029 2943 1180 2991 μεγάλης
1201 2943 1294 2977 πτώ-

287 3005 388 3033 σεως,
415 2991 476 3023 οὗκ
502 2989 580 3035 ἔχον
607 2989 730 3036 ἀρχήν,
759 2984 837 3022 οὐδὲ
863 2988 991 3035 πηγήν.

219 3039 393 3084 Μαρτυρεῖ
415 3030 454 3068 δὲ
479 3035 528 3067 τά
550 3034 714 3082 γινόμενα
750 3038 820 3072 τοϊς
850 3033 1052 3077 εἰρημένοις·
1078 3027 1139 3064 διά
1160 3031 1226 3078 γάρ
1252 3032 1294 3065 τὰ

271 3081 433 3126 -συνεχῶς
460 3079 543 3123 μέν,
570 3081 700 3123 μᾶλλον
725 3074 763 3111 δὲ
791 3080 851 3110 καὶ
876 3077 985 3114 ἦττον
1017 3079 1076 3109 καὶ
1102 3077 1206 3109 πλείω
1233 3078 1294 3109 καὶ

288 3125 427 3159 ἐλάττω
451 3123 604 3170 γίνεσθαι
630 3124 696 3161 τήν
723 3122 962 3166 ἀναθυμίασιν,
991 3122 1043 3154 ἀεὶ
1067 3119 1147 3164 νέφη
1173 3133 1211 3154 τε
1235 3123 1294 3153 καὶ

287 3170 474 3214 πνεύματα
497 3172 634 3215 γίνεται
657 3168 754 3201 κατά
779 3166 843 3204 τήν
869 3166 956 3211 ὥραν
982 3166 1146 3206 ἑκάστην,
1169 3167 1210 3203 ὥς
1236 3165 1297 3198 πέμ-

288 3225 405 3260 φυκεν·
431 3208 494 3244 διά
513 3209 552 3246 δὲ
568 3213 610 3246 ‘ro'
629 3212 738 3246 ἐνίοτε
763 3212 823 3267 μὲν
850 3211 914 3248 την
941 3205 1118 3254 ἀτμιδιόδη
1143 3208 1295 3267 γίνεσθαι

289 3259 572 3299 πολλαπλασίαν,
594 3257 654 3290 ὁτὲ
672 3257 710 3290 δέ
732 3269 796 3294 την
822 3255 925 3301 ξηράν
949 3257 1008 3288 καὶ
1032 3250 1212 3296 καπνωδη,
1236 3254 1296 3287 ὁτὲ

288 3303 349 3346 μὲν
376 3303 532 3347 ἔπομβρα
557 3302 605 3335 τά
630 3300 692 3339 ἔτη
717 3303 851 3347 γίνεται
874 3302 934 3332 καὶ
960 3299 1059 3346 ὑγροὶ,
1087 3300 1146 3333 ὁτὲ
1170 3295 1198 3332 δ’
1221 3298 1295 3332 ἀνε-

287 3342 384 3390 μῶδη
409 3349 468 3378 καὶ
495 3345 635 3391 αὐχμοί.
670 3346 750 3379 'Oe-e*
775 3344 834 3388 μὲν
862 3343 919 3377 οὖν
937 3344 1113 3387 συμβαίνει
1137 3346 1195 3376 καὶ
1214 3343 1294 3381 τούς

289 3390 445 3438 αὐχμούς
469 3392 528 3423 καὶ
554 3390 617 3428 τοὶς
641 3389 828 3434 ἐπομβρίας
852 3388 1000 3426 πολλούς
1021 3387 1094 3432 ἅμα
1116 3390 1175 3421 καὶ
1199 3387 1297 3420 κατὰ

287 3436 414 3481 συνεχῆ
456 3433 586 3467 ίνεσθαι
610 3433 736 3480 χώραν,
757 3434 818 3466 ὁτὲ
835 3429 874 3465 δὲ
896 3435 955 3466 καὶ
970 3432 1068 3465 κατά
1083 3431 1186 3476 μέρη·
1212 3433 1294 3464 πολ-

287 3480 387 3518 λάκις
403 3447 470 3525 γάρ
489 3480 510 3516 ’ἦ
531 3479 590 3524 μὲν
614 3478 725 3520 κύκλῳ
749 3478 845 3524 χώρα
867 3477 1039 3522 λαμβάνει
1057 3476 1137 3515 τούς
1154 3478 1293 3521 ὡραίους

291 3525 453 3569 ὄμβρους,
482 3523 504 3560 ἦ
534 3525 593 3556 καὶ
626 3525 780 3564 πλείους,
812 3522 845 3555 έν
876 3517 916 3554 δέ
941 3533 1007 3555 τινι
1041 3520 1133 3565 μέρει
1161 3520 1293 3559 ταύτης

290 3568 423 3615 αὐχμός
443 3569 553 3602 ἐστιν·
581 3568 642 3600 ὁτὲ
666 3563 704 3600 δέ
730 3565 931 3601 τούναντίον
957 3566 1020 3604 τῆς
1044 3565 1155 3607 κύκλῳ
1181 3564 1293 3604 πάσης

1417 807 1538 838 dictum
1562 815 1609 840 est
1633 810 1724 840 nobis
1748 811 1812 842 iam
1833 813 1931 853 prius.
1961 813 2042 845 Sunt
2066 821 2175 845 autem
2198 815 2279 846 duae
2302 816 2421 856 species

1417 853 1634 891 exhalationis,
1665 861 1701 885 ut
1724 855 1879 887 diximus:
1903 857 1980 889 haec
2007 858 2139 899 quidem
2168 859 2320 899 humida,
2343 860 2421 892 haec

1416 903 1525 928 autem
1548 898 1638 929 sicca.
1663 898 1804 930 Vocatur
1827 908 1933 932 autem
1956 902 2032 933 haec
2055 903 2187 944 quidem
2202 912 2319 944 vapor:
2342 905 2421 936 haec

1417 949 1526 973 autem
1541 942 1719 974 secundum
1741 950 1847 975 toturn
1863 946 1994 986 quidem
2016 946 2225 986 innominata,
2250 958 2289 979 eo
2312 955 2421 980 autem

1418 986 1508 1028 quod
1537 987 1569 1018 in
1594 993 1681 1028 parte
1712 997 1837 1019 necesse
1867 997 1990 1021 utentes
2022 992 2237 1023 universaliter
2260 993 2418 1033 appellare

1415 1032 1520 1073 ipsam
1533 1033 1621 1064 velut
1637 1031 1773 1063 fumum.
1794 1033 1851 1064 Est
1866 1041 1972 1065 autem
1984 1045 2042 1066 nec
2057 1035 2229 1067 humidum
2240 1037 2308 1068 sine
2324 1037 2420 1076 sicco,

1417 1087 1475 1108 nec
1491 1077 1611 1108 siccum
1634 1077 1701 1109 sine
1724 1077 1876 1109 humido:
1901 1079 1955 1109 sed
1971 1080 2080 1111 omnia
2102 1080 2179 1111 haec
2203 1081 2351 1113 dicuntur
2373 1092 2420 1112 se-

1417 1122 1560 1152 cundum
1584 1131 1757 1153 excessum.

1349 1167 1430 1197 Lato
1447 1172 1555 1197 autem
1578 1167 1645 1197 sole
1662 1166 1792 1205 circulo,
1809 1173 1840 1198 et
1855 1177 1930 1198 curn
1953 1168 2083 1209 quidem
2107 1169 2419 1211 appropinquaverit,

1417 1209 1572 1242 caliditate
1595 1211 1736 1242 elevante
1750 1211 1939 1251 humidum;
1963 1213 2090 1253 longius
2113 1221 2221 1245 autem
2237 1214 2332 1253 facto,
2348 1225 2421 1255 pro-

1415 1262 1485 1296 pter
1499 1255 1768 1296 infrigidationem
1783 1256 1971 1288 consistente
1987 1257 2102 1289 iterum
2114 1268 2241 1289 sursum
2258 1259 2354 1290 ducto
2370 1269 2420 1289 va-

1415 1310 1494 1340 pore
1509 1299 1542 1331 in
1558 1308 1696 1341 aquam;
1719 1307 1850 1341 propter
1868 1302 1956 1342 quod
1972 1302 2076 1333 hieme
2092 1302 2191 1343 magis
2207 1302 2288 1334 fiunt
2306 1313 2419 1344 aquae,

1416 1351 1448 1375 et
1469 1351 1563 1376 nocte
1586 1355 1685 1386 quam
1708 1355 1764 1386 per
1787 1345 1883 1383 diem,
1907 1346 1962 1376 sed
1985 1356 2052 1376 non
2074 1346 2208 1385 videtur,
2233 1347 2309 1388 quia
2323 1347 2421 1379 latent

1415 1395 1590 1420 nocturnae
1603 1389 1703 1430 magis
1722 1399 1822 1431 quam
1838 1390 1987 1421 diurnae:
2009 1390 2200 1422 descendens
2219 1391 2325 1432 itaque
2337 1401 2420 1432 aqua

1416 1433 1613 1465 distribuitur
1628 1433 1733 1464 omnis
1748 1434 1781 1464 in
1797 1441 1922 1466 terram.
1938 1434 2051 1465 Existit
2074 1441 2181 1466 autem
2196 1435 2229 1466 in
2241 1443 2321 1467 terra
2336 1436 2419 1466 mul-

1415 1484 1467 1509 tus
1489 1478 1570 1518 ignis
1603 1485 1634 1509 et
1657 1479 1758 1510 multa
1781 1479 1940 1518 caliditas;
1963 1486 1994 1510 et
2012 1478 2061 1510 sol
2085 1489 2150 1510 non
2174 1480 2281 1511 solum
2310 1491 2419 1522 super-

1415 1529 1526 1554 natans
1556 1529 1654 1554 terrae
1687 1523 1859 1555 humidum
1886 1523 1996 1563 trahit,
2026 1524 2080 1554 sed
2111 1530 2142 1555 et
2172 1531 2288 1555 terram
2317 1525 2420 1565 ipsam

1417 1566 1562 1606 desiccat,
1587 1567 1780 1599 calefaciens.
2143 1562 2149 1569 ’

1348 1654 1556 1686 Exhalatione
1575 1662 1694 1694 autem,
1718 1656 1800 1687 sicut
1815 1656 1935 1687 dictum
1952 1664 2009 1696 est,
2033 1656 2153 1698 duplici
2177 1657 2336 1696 existente,
2360 1657 2419 1688 hac

1414 1699 1547 1741 quidem
1559 1710 1729 1741 vapor-osa,
1739 1701 1798 1732 hac
1814 1708 1922 1732 autem
1934 1701 2071 1739 fumosa,
2085 1702 2192 1732 ambas
2209 1701 2420 1732 necessarium

1415 1743 1491 1776 fieri.
1519 1744 1645 1775 Harum
1668 1752 1776 1776 autern
1799 1756 1880 1787 quae
1904 1746 2035 1787 quidem
2058 1745 2182 1776 humidi
2201 1746 2273 1787 plus
2301 1746 2419 1777 habens

1414 1789 1582 1828 exhalatio,
1606 1789 1800 1830 principium
1823 1791 1961 1831 pluentis
1985 1800 2086 1832 aquae
2109 1797 2172 1829 est,
2197 1791 2277 1822 sicut
2300 1791 2420 1822 dictum

1414 1841 1461 1865 est
1476 1834 1581 1874 prius:
1606 1834 1687 1865 sicca
1710 1841 1819 1866 autem
1840 1836 2016 1877 'spirituum
2039 1835 2233 1877 principium
2260 1842 2291 1866 et
2309 1843 2420 1867 namra

1414 1890 1573 1911 omniurn.

1347 1925 1420 1955 Hoc
1444 1931 1552 1955 autem
1576 1924 1666 1966 quod
1692 1923 1753 1955 isto
1773 1925 1872 1955 modo
1897 1924 2110 1955 necessarium
2134 1930 2180 1955 est
2203 1924 2359 1964 accidere,
2384 1935 2420 1955 ex

1413 1969 1490 2009 ipsis
1514 1969 1663 2009 operibus
1682 1969 1799 2009 palam.
1825 1968 1952 2000 Etenim
1976 1968 2207 2000 exhalationem
2223 1968 2344 1999 differre
2366 1979 2420 2000 ne-

1414 2013 1603 2052 cessarium;
1627 2020 1658 2045 et
1681 2013 1783 2044 solem
1807 2021 1837 2045 et
1860 2023 1932 2044 eam
1954 2023 2036 2054 quae
2058 2013 2091 2044 in
2115 2020 2196 2044 terra
2219 2013 2419 2052 caliditatem,

1413 2058 1476 2089 hoc
1498 2057 1600 2089 facere
1631 2068 1698 2089 non
1729 2058 1837 2089 solum
1868 2057 2039 2098 possibile,
2069 2057 2125 2088 sed
2155 2057 2250 2088 etiam
2280 2067 2420 2088 necessa-

1414 2102 1499 2134 rium
1522 2109 1579 2134 est.

1347 2147 1513 2185 Quoniam
1534 2154 1643 2178 autem
1658 2146 1754 2178 altera
1768 2146 1933 2188 utriusque
1956 2146 2086 2187 species,
2102 2145 2307 2176 manifestum
2330 2147 2420 2187 quod

1414 2191 1573 2230 differunt,
1590 2198 1621 2222 et
1643 2201 1710 2222 non
1733 2191 1845 2222 eadem
1868 2197 1915 2222 est
1938 2201 2020 2231 quae
2042 2190 2127 2221 venti
2150 2196 2261 2220 natura
2284 2196 2315 2220 et
2337 2200 2419 2231 quae

1413 2236 1522 2276 plutae
1538 2241 1651 2276 aquae,
1666 2235 1747 2266 sicut
1766 2235 1898 2276 quidam
1921 2235 2026 2266 aiunt:
2051 2235 2190 2266 eundem
2213 2234 2299 2265 enim
2314 2244 2420 2265 aerem

1411 2287 1541 2311 motum
1553 2280 1686 2321 quidem
1699 2286 1832 2310 ventum
1848 2290 1926 2319 esse,
1940 2279 2165 2310 consistentem
2180 2285 2288 2309 autem
2303 2278 2419 2309 iterum

1415 2335 1542 2366 aquam.
1570 2327 1635 2355 Aer
1657 2324 1790 2365 quidem
1817 2324 1930 2364 igitur,
1954 2324 2036 2355 sicut
2062 2323 2095 2354 in
2119 2323 2318 2354 sermonibus
2347 2330 2418 2354 ante

1413 2369 1474 2400 hos
1487 2368 1635 2407 diximus,
1651 2367 1687 2400 fit
1703 2379 1740 2399 ex
1753 2369 1811 2399 his.
1829 2369 1939 2409 Vapor
1953 2368 2085 2409 quidem
2101 2367 2252 2408 frigidum
2268 2374 2298 2398 et
2313 2366 2418 2398 humi-

1415 2414 1495 2444 dum
1510 2413 1591 2444 bene
1605 2413 1821 2451 terminabile3
1844 2413 1896 2444 hic
1919 2413 2051 2454 quidem
2074 2413 2160 2443 enim
2179 2418 2215 2442 ut
2228 2411 2417 2450 humidum;

1415 2457 1491 2499 quia
1514 2464 1622 2488 autem
1645 2467 1747 2499 aquae
1770 2464 1833 2494 est,
1858 2457 2010 2498 frigidum
2032 2457 2160 2498 propria
2183 2462 2312 2495 natura,
2337 2456 2419 2488 sicut

1415 2512 1499 2544 aqua
1528 2512 1595 2532 non
1619 2502 1783 2540 calefacta;
1815 2501 1924 2533 fumus
1955 2508 2063 2532 autem
2094 2501 2213 2532 calidus
2244 2507 2274 2532 et
2307 2500 2415 2533 siccus.

1417 2547 1524 2585 Quare
1540 2546 1816 2587 quemadmodum
1832 2556 1869 2577 ex
1891 2546 2044 2588 symbolis
2061 2545 2204 2577 consistit
2219 2545 2275 2586 qui
2290 2555 2418 2576 sursum

1416 2602 1479 2631 aer,
1494 2590 1648 2622 humidus
1663 2598 1694 2622 et
1709 2590 1838 2622 calidus.

1348 2680 1478 2712 Etenim
1501 2679 1727 2711 inconveniens
1744 2679 1770 2710 si
1793 2679 1849 2721 qui
1873 2679 1953 2711 circa
1973 2679 2116 2720 singulos
2133 2678 2342 2709 circumfusus
2366 2689 2418 2709 aer

1415 2725 1473 2755 iste
1489 2724 1532 2755 sic
1548 2731 1668 2763 motus,
1693 2724 1831 2765 spiritus,
1852 2731 1883 2755 et
1897 2724 2122 2764 undecumque
2147 2722 2279 2753 extiterit
2296 2729 2416 2761 motus,

1414 2776 1528 2800 ventus
1552 2769 1619 2800 erit.
1637 2768 1698 2800 Sed
1714 2768 1795 2799 sicut
1811 2768 1925 2799 fluvios
1949 2767 2164 2798 existimamus
2187 2777 2253 2797 non
2270 2767 2416 2807 qualiter-

1416 2823 1556 2854 cumque
1579 2823 1647 2844 esse
1663 2823 1764 2854 aquae
1783 2812 1920 2851 fluentis,
1942 2822 2045 2853 neque
2062 2811 2087 2842 si
2109 2811 2223 2842 habeat
2238 2811 2416 2841 multitudi-

1416 2867 1510 2896 nem,
1541 2858 1597 2888 sed
1630 2863 1757 2898 oportet
1788 2857 1906 2888 fontale
1941 2866 2007 2887 esse
2030 2856 2120 2897 quod
2142 2855 2231 2893 fluit,
2256 2855 2300 2886 sic
2323 2861 2354 2885 et
2377 2855 2415 2885 de

1415 2901 1517 2932 ventis
1532 2901 1635 2933 habet.
1658 2901 1839 2933 Movebitur
1862 2900 1947 2931 enim
1970 2900 2080 2941 utique
2103 2909 2219 2939 magna
2241 2898 2414 2930 multitudo

1417 2946 1495 2976 aeris
1519 2946 1558 2977 ab
1581 2946 1690 2987 aliquo
1721 2955 1839 2985 magno
1863 2955 1956 2984 casu,
1987 2954 2053 2974 non
2076 2943 2195 2974 habens
2223 2943 2415 2984 principium

1416 3000 1522 3031 neque
1544 2990 1677 3021 fontem.

1349 3037 1546 3066 Attestantur
1570 3041 1678 3065 autem
1707 3043 1790 3074 quae
1812 3032 1894 3063 fiunt
1920 3032 2019 3063 dictis.
2047 3031 2132 3069 Quia
2155 3031 2241 3062 enim
2264 3031 2414 3062 continue

1416 3079 1559 3119 quidem,
1574 3078 1674 3118 magis
1698 3084 1806 3108 autern
1829 3084 1860 3108 et
1882 3077 2000 3114 minus,
2019 3082 2050 3106 et
2072 3075 2174 3106 maior
2198 3082 2229 3106 et
2251 3076 2358 3106 minor
2379 3075 2415 3107 fit

1417 3122 1584 3161 exhalatio,
1597 3132 1722 3162 semper
1735 3122 1836 3152 nubes
1848 3120 1930 3151 fiunt
1945 3127 1975 3151 et
1990 3120 2128 3160 spiritus,
2142 3120 2319 3150 secundum
2334 3126 2414 3151 tem·
2427 3127 2429 3129 ’

1415 3177 1477 3207 pus
1492 3166 1762 3207 unumquodque,
1773 3172 1809 3196 ut
1822 3171 1896 3195 nata
1915 3171 1998 3195 sunt.
2016 3163 2101 3202 Quia
2119 3171 2226 3195 autem
2242 3164 2413 3205 aliquando

1416 3211 1549 3252 quidem
1571 3220 1728 3251 vaporosa
1743 3209 1779 3240 fit
1794 3208 2011 3249 multiplicior,
2024 3208 2194 3249 aliquando
2211 3215 2319 3239 autem
2334 3208 2415 3239 sicca

1416 3261 1448 3286 et
1471 3254 1615 3293 fumosa,
1640 3254 1834 3295 quandoque
1863 3253 1995 3293 quidem
2018 3252 2158 3292 pluviosi
2182 3252 2256 3283 anni
2279 3251 2360 3283 fiunt
2383 3258 2414 3283 et

1415 3298 1551 3337 humidi,
1575 3298 1771 3339 quandoque
1794 3299 1901 3328 autem
1923 3297 2047 3328 ventosi
2070 3303 2101 3328 et
2123 3296 2206 3327 sicci.
2230 3296 2413 3338 Aliquando

1416 3343 1547 3383 quidem
1561 3342 1657 3382 igitur
1672 3342 1783 3373 accidit
1798 3348 1828 3372 et
1842 3341 1993 3373 siccitates
2009 3347 2041 3372 et
2055 3341 2171 3372 imbres
2186 3341 2306 3372 multos
2318 3340 2414 3372 simul

1416 3394 1447 3418 et
1470 3387 1648 3418 secundum
1672 3386 1858 3417 continuam
1875 3385 1943 3416 fieri
1960 3385 2138 3426 regionem:
2162 3385 2334 3426 aliquando
2358 3395 2413 3416 au-

1415 3437 1482 3461 tem
1509 3431 1687 3461 secundum
1717 3437 1831 3471 partes.
1866 3430 1966 3470 Saepe
1994 3429 2080 3460 enim
2108 3439 2190 3470 quae
2217 3429 2252 3460 in
2282 3429 2413 3460 circuitu

1415 3474 1514 3515 regio,
1530 3474 1643 3515 accipit
1665 3481 1889 3515 temporaneos
1911 3474 2028 3504 imbres
2051 3480 2082 3505 et
2104 3473 2235 3513 multos,
2251 3473 2285 3504 in
2309 3474 2415 3514 aliqua

1416 3525 1524 3549 autem
1546 3526 1634 3559 parte
1657 3519 1752 3550 huius
1783 3518 1903 3549 siccitas
1927 3525 1989 3549 est:
2014 3517 2185 3559 aliquando
2209 3524 2316 3548 autem
2339 3527 2413 3548 con-

1415 3563 1564 3603 trarium,
1596 3573 1632 3594 ea
1662 3573 1747 3604 quae
1775 3562 1808 3593 in
1843 3562 1973 3594 circuitu
2004 3560 2093 3593 omni
2125 3569 2180 3593 aut
2214 3562 2414 3593 mediocriter
