2690 4062
1022 209 1135 246 CAP.
1164 210 1236 256 XI,
1267 208 1420 246 LECT.
1449 210 1520 245 XII
2313 223 2372 248 le

860 435 1162 492 LECTIO
1200 437 1686 493 DUODECIMA

562 580 721 618 QUALIS
745 580 998 612 GENERATIO
1023 581 1261 612 SECUNDUM
1284 582 1598 614 PHILOSOPHUM
1621 583 1688 615 SIT
1711 584 1942 616 PERPETUA
1965 601 1984 608 -

718 637 986 669 SOLVUNTUR
1008 638 1127 669 DUAE
1151 639 1454 676 QUAESTIONES
1479 640 1826 678 CONSEQUENTES
1846 650 1860 653 ’

172 769 211 800 Εἰ
234 769 294 814 μὲν
321 765 379 800 οὖν
404 767 451 805 εἷς
477 766 617 811 ἄπειρον
650 763 732 799 εἶσιν
763 766 818 799 ἐπὶ
844 769 888 800 το“
911 766 1031 809 κάτω,
1057 768 1118 801 οὐκ
1143 767 1245 800 ἔσται

242 811 374 857 ἀνάγκη
401 813 443 843 τὸ
468 809 610 854 ὕστερον
629 806 710 844 τόδε
727 810 886 858 γενέσθαι
905 813 1032 850 ἀπλῶς.
1057 813 1149 845 Ἀλλ’
1172 808 1242 845 οὐδ’

239 855 276 897 ἐξ
301 854 512 893 ύποθέσεως·

173 901 227 936 ἀεὶ
252 900 318 956 γάρ
343 899 461 942 ἕτερον
494 899 680 945 ἔμπροσθεν
715 898 849 946 ἀνάγκη
880 900 1001 943 ἔσται,
1027 896 1065 932 δι’
1095 902 1111 934 ὃ
1137 902 1244 934 ἑκεῖνο

239 946 372 992 ἀνάγκη
398 943 568 991 γενέσθαι.
597 943 692 977 “Oa-‘r'
713 946 742 977 εἰ
763 944 811 988 μή
832 945 925 978 ἐστιν
951 943 1039 992 ἀρχή
1066 947 1128 979 τοῦ
1148 944 1247 978 ἀπεί-

236 1000 308 1034 ρου,
327 985 406 1022 οὐδὲ
425 990 560 1032 πρῶτον
585 988 686 1022 ἔσται
712 987 823 1031 οὐδέν,
841 985 879 1021 δι’
901 990 918 1022 ὃ
937 991 1126 1037 ἀναγκαῖον
1143 991 1245 1023 ἔσται

189 1055 201 1062 2
239 1033 410 1081 γενέσθαι.

164 1079 275 1111 Ἀλλά
297 1080 364 1124 μην
389 1074 460 1111 οὐδ’
482 1078 515 1110 ἑν
534 1081 606 1116 τοῖς
628 1078 732 1122 πέρας
757 1079 874 1125 ἔχουσι
899 1079 997 1112 τοῦτ’
1018 1079 1120 1111 ἔσται
1136 1080 1244 1111 εἰπεῖν

238 1120 392 1164 άληθῶς,
419 1122 474 1156 ὅτι
500 1123 617 1160 civem<
651 1121 720 1155 ἀνά
745 1135 785 1161 κη
818 1121 997 1168 γενέσθαι,
1024 1124 1092 1156 οἷον
1120 1124 1243 1165 οὶκίαν,

232 1165 503 1212 ἅπαψθεμέλιος
523 1167 686 1213 γένηται·
736 1180 801 1201 ταν
819 1169 883 1213 γάρ
900 1166 1058 1213 γένηται,
1078 1167 1107 1200 εἰ
1124 1169 1171 1213 μή
1190 1168 1243 1199 ἀεὶ

237 1213 347 1245 τοῦτο
384 1211 517 1258 ἀνάγκη
547 1211 720 1258 γίνεσθαι,
746 1210 966 1257 συμβήσεται
996 1212 1049 1244 ἀεὶ
1081 1209 1168 1244 εἶναι
1201 1212 1243 1244 τὸ

237 1252 462 1302 ἄνδεχόμενον
489 1255 534 1301 μή
563 1257 615 1288 ἀεὶ
641 1253 741 1289 εἶναι.

164 1299 274 1335 ’Ἀλλά
297 1297 352 1334 δεῖ
379 1303 426 1345 τῇ
454 1299 586 1348 γενέσει
619 1301 671 1333 ἀεὶ
705 1299 812 1343 εἶναι,
839 1300 868 1331 εἱ
892 1299 928 1342 ἐξ
954 1300 1106 1346 ἀνάγκης
1132 1301 1243 1334 αὐτοῦ

177 1360 191 1366 -·
237 1343 332 1378 ίστὶν
350 1347 372 1384 ἡ
389 1346 538 1393 γένεσις·
563 1345 606 1377 ord
630 1345 696 1391 γάρ
713 1345 749 1387 ἐξ
769 1344 921 1391 ἀνάγκης
944 1346 1002 1376 καὶ
1029 1345 1082 1377 ἀεὶ
1108 1344 1199 1389 ἅμα·
1227 1345 1244 1377 ὃ

178 1396 182 1404 ”
236 1392 303 1436 γάρ
323 1388 412 1423 εἶναι
437 1390 569 1435 ἀνάγκη
589 1390 654 1435 οὑχ
671 1390 783 1423 οἷόντε
800 1391 850 1435 μή
866 1385 972 1421 εἶναι·
998 1388 1081 1422 ὥστ’
1103 1390 1132 1422 εἰ
1150 1389 1242 1422 ἔστιν

176 1452 184 1465 2
237 1435 274 1477 ἔξ
301 1434 368 1468 ἀνά
412 1447 466 1477 ης,
486 1431 596 1468 ἀίδιόν
621 1435 710 1476 ἐστι,
733 1437 791 1466 καὶ
817 1434 846 1466 εἰ
872 1429 994 1473 ἀίδιον,
1014 1432 1050 1475 ἐξ
1078 1433 1240 1480 ἀνάγκης.

235 1481 304 1513 Καὶ
320 1480 349 1512 εἰ
367 1494 389 1518 η
405 1479 534 1527 γένεσις
559 1480 672 1511 τοίνυν
697 1477 733 1520 ἐξ
761 1477 925 1525 ἀνάγκης,
949 1474 1055 1516 ἀίδιος
1075 1478 1096 1515 η
1112 1479 1242 1525 γένεσις

238 1523 388 1567 τούτου,
413 1526 474 1556 καὶ
497 1525 527 1556 εὶ
552 1518 677 1565 ἀίδιος,
704 1524 739 1565 ἐξ
766 1522 930 1570 ἀνάγκης.

29 1602 32 1607 ¹
64 1627 66 1629 ·
94 1618 120 1634 '³
168 1613 207 1647 Ei
232 1613 300 1658 lpo-
323 1615 415 1652 τινός
441 1612 476 1654 ἐξ
499 1611 648 1658 ἀνάγκης
671 1612 789 1650 ἀπλῶς
807 1612 828 1649 η
845 1610 987 1658 γένεσις,
1008 1610 1140 1658 ἀνάγκη
1163 1611 1243 1644 ἀνα-

234 1658 369 1690 κυκλεϊν
393 1660 451 1691 καὶ
479 1657 732 1702 ἀνακάμπτειν.

162 1704 223 1738 Ἂν
240 1702 249 1715 ’
273 1713 315 1740 κη
347 1704 412 1758 γάρ
438 1702 518 1739 ἤτοι
544 1702 648 1746 πέρας
678 1702 767 1747 ἔχειν
798 1701 864 1738 τήν
888 1699 1018 1747 γένεσιν
1044 1699 1065 1737 ἦ
1091 1699 1160 1745 μή,
1184 1703 1243 1733 καὶ

175 1756 178 1773 1
226 1714 272 1782 Ἠ
290 1746 356 1792 μή,
383 1760 404 1784 η
429 1748 474 1785 εἰς
500 1745 580 1780 εύθύ
606 1745 628 1783 ἦ
651 1745 776 1787 κύκλῳ.
802 1745 942 1778 Τούτων
967 1741 996 1777 δ’
1025 1747 1117 1790 εἴπερ
1143 1746 1244 1778 ἔσται

237 1791 366 1833 ἀΐδιος,
394 1792 454 1824 οὐκ
479 1792 524 1829 εἱς
549 1789 629 1824 εὐθύ
662 1790 774 1823 οἷόντε
806 1785 867 1822 8ιά
895 1790 936 1822 *td
962 1784 1126 1835 μηδαμῶς
1157 1787 1244 1822 εἶναι

192 1860 195 1863 Δ
236 1837 344 1883 ἀρχὴν
362 1835 444 1881 μήτ’
469 1835 508 1869 ἀν
528 1835 639 1876 κάτω,
658 1836 701 1873 ὠς
720 1835 775 1867 ἐπὶ
793 1835 861 1868 τῶν
883 1834 1049 1879 ἐσομένων
1069 1833 1246 1879 λαμβάνο-

235 1893 310 1928 μεν,
329 1880 412 1926 μήτ’
436 1881 518 1922 ἀνω,
536 1881 578 1919 ὠς
599 1881 655 1913 ἐπὶ
681 1880 748 1912 τῶν
766 1879 965 1925 γινομένων·
994 1878 1126 1926 ἀνάγκη
1149 1878 1178 1911 δ’
1200 1876 1244 1910 εἶ-

235 1937 292 1960 ναι
310 1924 433 1971 ἀρχήν,
453 1926 500 1970 μη“
518 1924 776 1970 πεπερασμένης
794 1922 909 1966 οὔσης,
930 1926 988 1956 καὶ
1015 1919 1122 1956 ἀΐδιον
1141 1920 1241 1956 εἶναι.

236 1972 292 2004 Διὸ
319 1970 452 2017 ἀνάγκη
477 1968 587 2011 κύκλῳ
613 1966 713 2002 εἶναι.
742 1968 994 2013 Ἀντιστρέφειν
1022 1968 1087 2013 ἄρα
1109 1965 1242 2014 ἀνάγκη

237 2016 358 2057 ἔσται,
386 2015 456 2047 οἷον
487 2014 515 2046 εἱ
548 2008 625 2046 τοδὶ
658 2011 694 2054 ἑξ
728 2012 898 2059 ἀνάγκης,
928 2015 986 2045 καὶ
1012 2014 1054 2045 τό
1080 2011 1243 2057 πρότερον

237 2060 322 2105 ἄρα·
350 2057 441 2093 ἀλλά
471 2059 538 2104 μὴν
563 2058 593 2090 εἰ
617 2059 749 2099 τοῦτο,
774 2060 834 2089 καὶ
866 2059 907 2090 ro*
934 2056 1074 2101 ὕστερον
1109 2056 1242 2104 ἀνάγκη

199 2112 201 2114 ’
235 2103 408 2152 γενέσθαι.
445 2105 512 2136 Καὶ
546 2102 654 2135 τοῦτο
688 2101 741 2135 ἀεὶ
773 2101 817 2140 δή
851 2103 1015 2148 συνεχῶς·
1047 2097 1145 2134 οὐδέν
1177 2103 1242 2149 γάρ

236 2149 346 2182 τοῦτο
380 2144 530 2193 διαφέρει
558 2146 670 2193 λέγειν
701 2142 762 2178 διά
792 2141 854 2179 δύο
879 2144 900 2182 ἦ
926 2147 1072 2179 πολλῶν.
1109 2146 1165 2177 Ἐν
1196 2148 1242 2190 τῇ

234 2193 346 2234 κύκλῳ
373 2192 438 2237 ἀρα
462 2191 594 2229 κινήσει
621 2193 680 2223 καὶ
709 2189 840 2237 γενέσει
865 2189 938 2222 ἐστὶ
964 2190 1006 2223 τὰ
1030 2189 1066 2231 ἐξ
1093 2190 1243 2237 ἀνάγκης

238 2239 372 2275 ἁπλῶς·
390 2239 450 2270 καὶ
466 2239 537 2270 εἴτε
556 2235 680 2277 κύκλῳ,
696 2233 829 2280 ἀνάγκη
847 2234 994 2267 ἕκαστον
1011 2234 1165 2282 γίνεσθαι
1184 2239 1242 2268 καὶ

261 2281 430 2329 εγονέναι,
454 2283 514 2314 καὶ
539 2281 568 2313 εἰ
595 2280 741 2327 ἀνάγκη,
761 2282 782 2318 ’ἢ
805 2278 940 2312 τούτων
965 2279 1094 2326 γένεσις
1117 2279 1240 2322 κύκλῳ.

236 2294 362 2360 {aava
386 2328 447 2372 μὲν
472 2323 516 2364 δη
541 2325 707 2373 εὐλόγως,
735 2325 809 2358 ἐπεὶ
836 2319 942 2361 ἀίδιος

168 2419 227 2450 καὶ
253 2415 363 2454 ἄλλως
388 2414 494 2460 ἐφάνη
520 2416 542 2452 ἡ
565 2413 677 2456 κύκλῳ
705 2416 832 2452 κίνησις
856 2414 915 2444 καὶ
941 2412 962 2449 ἡ
987 2413 1051 2445 τοῦ
1078 2413 1243 2457 ούρανοῦ,

237 2459 296 2494 ὅτι
313 2461 435 2493 ταῦτα
460 2459 496 2501 ἐξ
523 2458 674 2506 ἀνάγκης
694 2460 831 2505 γίνεται
853 2459 912 2489 καὶ
930 2457 1044 2499 ἔσται,
1064 2456 1142 2490 ὅσαι
1160 2457 1245 2491 ταύ·

237 2517 299 2543 της
322 2504 470 2543 κινήσεις
493 2507 552 2537 καὶ
570 2502 649 2536 ὅσαι
666 2500 726 2536 διά
745 2501 900 2539 ταύτην·
927 2502 955 2533 εἰ
980 2515 1001 2548 γ
1067 2504 1110 2536 τὸ
1133 2501 1244 2544 κύκλῳ

235 2549 435 2594 κινούμενον
462 2549 514 2582 ἀεί
540 2559 575 2582 τι
598 2553 702 2589 κινεῖ,
731 2544 863 2593 ἀνάγκη
888 2548 947 2577 καὶ
973 2558 1108 2580 τουτων
1133 2546 1244 2589 κύκλῳ

237 2591 325 2627 εἶναι
349 2595 415 2631 τήν
439 2596 582 2634 κίνησιν,
603 2593 672 2626 οἷον
698 2592 762 2629 τῆς
788 2593 856 2625 ἀνω
876 2602 917 2636 φο
940 2591 978 2630 ἅς
997 2591 1098 2630 οὔσης
1117 2593 1132 2624 ὀ
1151 2591 1244 2630 ἥλιος

236 2637 347 2679 κύκλῳ
371 2633 446 2679 ὡδί,
466 2639 540 2671 ἐπεὶ
565 2636 594 2670 δ’
616 2636 738 2678 οὕτως,
757 2639 792 2668 αἱ
813 2635 898 2680 ὦραι
917 2602 979 2669 §tol
1002 2637 1110 2669 τοῦτο
1134 2636 1245 2678 κύκλῳ

237 2684 396 2730 γίνονται
418 2685 476 2715 καὶ
504 2681 804 2726 ἀνακάμπτουσιν,
826 2679 960 2714 τούτων
987 2676 1014 2712 ὃ“
1038 2679 1129 2714 οὕτω
1155 2693 1246 2728 γινο-

239 2725 348 2773 μένων
374 2726 478 2770 πάλιν
503 2728 552 2760 τά
577 2728 644 2760 ύπό
669 2725 819 2759 τούτων.

171 2818 211 2849 Τί
236 2814 296 2850 οὖν
319 2810 365 2852 δή
390 2827 477 2849 ποτε
502 2817 551 2849 τοὶ
570 2817 632 2860 μέν
654 2813 745 2847 οὕτω
761 2815 935 2858 φαίνεται,
956 2814 1025 2846 οἷον
1045 2809 1163 2846 ὕδατα
1186 2815 1244 2845 καὶ

240 2861 304 2905 ἀήρ
334 2858 446 2902 κύκλῳ
477 2860 660 2907 γινόμενα,
685 2861 744 2891 καὶ
777 2859 807 2891 εἰ
840 2859 900 2902 μὲν
925 2857 1021 2914 νέφος
1046 2858 1168 2899 ἔσται,
1194 2857 1248 2890 δεῖ

239 2906 331 2945 ὗσαι,
357 2906 416 2938 καὶ
441 2905 469 2936 εἰ
495 2904 567 2937 ύσει
590 2917 645 2952 γε,
667 2902 721 2936 δεῖ
742 2906 800 2936 καὶ
825 2902 921 2948 νέφος
946 2914 1045 2944 ειναι,
1074 2901 1245 2946 ἀνθρωποι

239 2950 279 2982 δὲ
309 2951 367 2980 καὶ
398 2950 471 2993 ζῷα
504 2950 566 2983 οὐκ
598 2947 884 3003 ἀνακάμπτουσιν
919 2948 964 2985 εἰς
997 2948 1124 2984 αὐτούς
1153 2945 1244 2978 ὥστε

239 2993 342 3028 πάλιν
367 2994 519 3039 γίνεσθαι
543 2996 604 3027 τὸν
630 2991 759 3034 αὐτον;
788 2990 826 3025 οὐ
843 2992 908 3048 γάρ
928 2991 1077 3038 ἀνάγκη,
1097 2992 1126 3023 εἰ
1145 2992 1160 3023 ὁ
1179 3003 1244 3023 πα-

240 3040 305 3083 τήρ
331 3036 489 3083 ἐγένετο,
516 3040 554 3071 σὲ
578 3037 754 3085 γενέσθαι·
783 3036 845 3069 ἀλλ
884 3035 913 3067 εἰ
936 3036 996 3078 σύ,
1024 3036 1162 3069 ἐκεῖνον.

171 3085 228 3122 Εἷς
251 3083 331 3116 εὐθύ
356 3083 395 3118 δὲ
420 3082 526 3116 ’έοικεν
550 3080 639 3116 εἶναι
665 3081 756 3120 αὕτη
783 3081 804 3118 ἠ
829 3079 970 3126 γένεσις.

166 3129 274 3175 Ἀρχη
307 3123 346 3160 δὲ
378 3128 443 3165 τῆς
474 3126 620 3172 σκέψεως
655 3126 758 3159 πάλιν
791 3126 907 3166 αὕτη,
945 3123 1090 3168 πότερον
1124 3125 1244 3168 ὁμοίως

241 3172 388 3207 ἅπαντα
414 3172 638 3218 ἀνακάμπτει
662 3170 684 3208 ἦ
710 3170 762 3212 οὔ,
783 3170 875 3203 ἀλλά
895 3171 942 3201 τοὶ
966 3171 1026 3214 μέν
1054 3167 1179 3212 ἀριθμῷ
1198 3168 1246 3199 τοὶ

239 3212 279 3250 δὲ
304 3214 386 3250 εἴδει
437 3216 526 3250 όνον.

165 3261 274 3294 Ὃσων
299 3264 359 3307 μέν
385 3273 443 3296 ουν
469 3260 641 3306 ἄφθαρτος
666 3260 687 3296 ’ἦ
713 3256 814 3292 ούσία
837 3259 859 3294 γ’)
884 3255 1077 3301 κινουμένη,
1103 3257 1244 3300 φανερόν

241 3304 297 3339 ὅτι
326 3309 384 3339 καὶ
411 3305 537 3350 ἀριθμῷ·
574 3305 693 3338 ταύτά
724 3303 826 3335 ἔσται
852 3302 893 3345 (ἦ
918 3303 982 3346 γάρ
1012 3303 1139 3338 κίνησις
1166 3299 1244 3332 ἀκο-

238 3349 353 3383 λουθεῖ
382 3351 430 3393 τῷ
461 3349 684 3395 κινουμένῳ),
712 3346 796 3380 ὅσων
821 3343 858 3379 δὲ
884 3348 932 3390 μή
967 3345 1056 3378 ἀλλά
1087 3341 1242 3388 φθαρτή,

242 3395 375 3442 ἀνάγκη
401 3396 450 3437 τῷ
474 3390 576 3436 εἴδει,
605 3392 729 3438 ἀριθμῷ
755 3387 793 3424 δὲ
817 3391 864 3436 μὴ
895 3389 1149 3433 ἀνακάμπτειν.
1187 3388 1244 3418 Διά

241 3434 328 3485 ὕδωρ
354 3439 390 3481 ἐξ
417 3438 513 3484 ἀέρος
535 3440 594 3470 καὶ
622 3438 685 3481 ἀήρ
704 3436 739 3477 ἐξ
756 3432 883 3472 ὕδατος
909 3433 991 3466 εἴδει
1010 3435 1025 3465 ὁ
1044 3431 1164 3473 αὐτός,
1184 3429 1244 3464 οὐκ

242 3484 380 3529 ἀριθμῷ.
417 3484 455 3515 Εἰ
479 3479 518 3516 δέ
548 3485 607 3514 καὶ
640 3482 759 3514 ταῦτα
790 3480 812 3512 ἀ
833 3479 936 3535 ιθμῷ,
964 3478 1036 3510 ἀλλ’
1066 3477 1130 3520 οὐχ
1153 3475 1196 3507 ὠν
1222 3476 1243 3512 ἡ

243 3528 342 3562 οὐσία
359 3531 494 3576 γίνεται
516 3526 603 3560 οὖσα
621 3524 769 3562 τοιαύτη
791 3536 806 3556 ο
823 3535 845 3555 α
863 3520 1059 3568 ενδέχεσθαι
1077 3522 1124 3565 μή
1141 3517 1240 3551 εἶναι.

1301 770 1318 790 *
1333 771 1366 802 Si
1380 771 1512 812 quidem
1535 771 1631 812 igitur
1652 773 1686 802 in
1709 776 1870 804 infinitum
1893 774 1994 805 tendit
2016 774 2057 805 ad
2075 774 2216 813 inferius,
2233 785 2298 806 non
2316 775 2372 806 erit

1369 826 1495 846 necesse
1519 826 1650 855 eorum,
1674 827 1756 857 quae
1780 825 1908 858 postea,
1932 818 1995 849 hoc
2014 819 2155 859 generari
2178 818 2370 860 simpliciter.

1369 860 1431 891 Sed
1454 870 1558 901 neque
1583 870 1620 891 ex
1643 861 1875 901 suppositione.

1301 904 1433 945 Semper
1449 904 1535 935 enim
1549 905 1683 935 alterurn
1707 906 1844 936 anterius
1867 916 1993 937 necesse
2017 917 2095 946 esse,
2111 907 2184 938 ideo
2201 914 2232 939 et
2246 918 2372 939 necesse

1365 949 1447 979 illud
1462 949 1612 989 generari.
1638 949 1808 988 Quocirca,
1832 950 1939 981 sinon
1964 958 2010 982 est
2029 951 2223 992 principium
2245 952 2371 991 infiniti,

1367 1003 1473 1034 neque
1498 993 1645 1044 ‘primurn
1674 993 1731 1024 erit
1759 994 1854 1033 nihil,
1885 1002 2015 1036 propter
2042 996 2131 1037 quod
2159 1006 2286 1027 necesse
2315 997 2372 1028 etit

1367 1047 1518 1079 generari.

1300 1084 1344 1113 At
1365 1092 1440 1113 vero
1465 1091 1569 1123 neque
1598 1082 1632 1112 in
1655 1081 1753 1112 finem
1780 1082 1969 1114 habentibus
1998 1083 2061 1114 hoc
2085 1090 2132 1115 est
2154 1084 2256 1116 dicere
2283 1095 2370 1124 vere,

1368 1126 1523 1168 quoniam
1552 1126 1735 1167 simpliciter
1763 1136 1889 1158 necesse
1917 1134 1964 1158 est
1986 1128 2141 1168 generari;
2164 1129 2251 1160 verbi
2273 1129 2371 1169 gratia

1368 1171 1515 1209 domum,
1532 1171 1663 1211 quando
1680 1171 1925 1202 fundamentum
1941 1179 2121 1212 generatur;
2138 1174 2268 1214 quando
2284 1173 2371 1204 enim

1367 1223 1544 1256 generatur,
1562 1215 1621 1246 nisi
1637 1225 1764 1246 necesse
1787 1222 1833 1246 est
1848 1217 1988 1256 generari
2013 1227 2137 1257 semper
2159 1217 2232 1256 hoc,
2252 1217 2371 1249 accidet

1367 1269 1493 1300 semper
1517 1269 1584 1290 esse
1607 1259 1793 1300 contingens
1818 1270 1884 1290 non
1907 1271 2032 1301 semper
2056 1271 2132 1292 esse.

1300 1304 1363 1336 Sed
1377 1310 1505 1345 oportet
1527 1314 1653 1344 semper
1674 1304 1911 1344 generationem
1934 1315 2012 1343 esse,
2032 1305 2058 1335 si
2073 1315 2111 1336 ex
2126 1305 2308 1337 necessitate
2324 1313 2371 1337 est

1367 1349 1435 1379 eius
1458 1348 1638 1389 generatio:
1670 1358 1708 1379 ex
1730 1348 1912 1380 necessitate
1941 1349 2028 1379 enim
2055 1356 2086 1380 et
2108 1359 2233 1390 semper
2255 1350 2369 1381 simul:

1367 1393 1458 1434 quod
1472 1393 1558 1423 enim
1575 1399 1621 1423 est
1636 1402 1774 1432 necesse,
1789 1403 1856 1424 non
1871 1393 2021 1433 possibile
2036 1404 2102 1424 non
2119 1401 2200 1432 esse;
2221 1394 2371 1434 quocirca

1366 1438 1392 1468 si
1409 1447 1445 1468 ex
1457 1437 1639 1468 necessitate
1656 1443 1712 1475 est,
1728 1437 1956 1478 sempiternum
1972 1445 2028 1476 est,
2043 1444 2072 1468 et
2087 1438 2112 1468 si
2128 1438 2368 1478 sempiternum,

1367 1492 1405 1513 ex
1422 1481 1615 1512 necessitate.
1638 1481 1680 1512 Et
1694 1481 1720 1511 si
1735 1481 1894 1522 generatio
1918 1482 2012 1522 igitur
2036 1491 2072 1512 ex
2091 1482 2284 1520 necessitate,
2303 1492 2371 1523 per-

1366 1533 1463 1567 petua
1486 1532 1533 1557 est
1555 1525 1714 1566 generatio
1738 1525 1850 1565 huius,
1874 1534 1905 1557 et
1928 1526 1953 1556 si
1977 1526 2183 1566 sempiterna,
2211 1536 2248 1557 ex
2263 1536 2369 1558 neces-

1367 1570 1467 1601 sitate.

1300 1615 1333 1646 Si
1355 1614 1451 1655 igitur
1474 1615 1608 1646 alicuius
1631 1624 1668 1645 ex
1691 1614 1873 1646 necessitate
1902 1614 2085 1654 simpliciter
2106 1615 2286 1655 generatio,
2314 1625 2369 1646 ne-

1368 1669 1453 1690 cesse
1477 1659 1606 1690 circuire
1630 1665 1662 1689 et
1683 1658 1831 1690 reiterari.

1299 1705 1435 1735 Necesse
1458 1703 1544 1734 enim
1572 1710 1627 1734 aut
1656 1702 1754 1733 finem
1781 1703 1896 1734 habere
1924 1703 2175 1743 generationem,
2205 1710 2260 1734 aut
2282 1710 2369 1741 n0n;

1368 1755 1399 1779 et
1422 1748 1448 1778 si
1471 1758 1549 1786 non,
1566 1755 1621 1779 aut
1642 1747 1675 1778 in
1698 1754 1821 1778 rectum
1836 1754 1891 1778 aut
1905 1747 1937 1777 in
1954 1747 2095 1778 circuitu.
2119 1748 2247 1778 Horum
2262 1754 2370 1778 autern

1367 1793 1394 1823 si
1418 1793 1476 1823 erit
1497 1792 1706 1833 sempiterna,
1730 1801 1795 1822 non
1825 1791 1858 1822 in
1887 1798 2009 1822 rectum
2032 1791 2182 1832 possibile
2205 1798 2271 1831 est,
2295 1791 2371 1832 quia

1367 1847 1573 1878 nequaquam
1597 1843 1643 1867 est
1665 1835 1859 1877 principium
1883 1846 1987 1876 neque
2010 1836 2036 1866 si
2053 1835 2194 1874 inferius,
2210 1842 2246 1867 ut
2264 1836 2304 1866 ad
2320 1835 2370 1866 fu-

1368 1888 1438 1913 tura
1460 1881 1677 1922 inspiciamus,
1702 1890 1805 1921 neque
1830 1880 1986 1921 superius,
2009 1887 2044 1911 ut
2066 1880 2107 1910 ad
2130 1886 2285 1920 generata.
2307 1881 2370 1911 Ne-

1367 1936 1452 1957 cesse
1476 1933 1583 1956 autern
1607 1925 1800 1966 principium
1824 1935 1902 1963 esse,
1919 1924 1944 1954 si
1968 1934 2034 1955 non
2057 1924 2097 1955 sit
2120 1923 2218 1963 finita,
2235 1931 2266 1955 et
2288 1935 2369 1955 sem-

1367 1970 1530 2011 piternum
1553 1980 1629 2001 esse.
1655 1969 1730 2000 Ideo
1754 1979 1881 2000 necesse
1903 1968 1936 1999 in
1961 1968 2093 2000 circuitu
2117 1979 2194 1999 esse.
2219 1968 2371 2000 Converti

1367 2015 1462 2055 igitur
1490 2024 1616 2045 necesse
1645 2014 1717 2052 erit,
1740 2013 1827 2044 verbi
1854 2013 1952 2054 gratia
1981 2013 2006 2043 si
2034 2013 2096 2044 hoc
2124 2023 2161 2043 ex
2188 2013 2371 2044 necessitate

1368 2066 1425 2098 est,
1442 2066 1474 2090 et
1496 2059 1586 2100 quod
1601 2058 1689 2099 prius
1713 2065 1809 2098 ergo;
1833 2058 1888 2088 sed
1911 2057 1936 2088 si
1959 2057 2032 2096 hoc,
2050 2064 2080 2088 et
2101 2057 2190 2098 quod
2213 2057 2370 2098 posterius

1367 2113 1494 2134 necesse
1523 2102 1675 2143 generari.
1704 2102 1746 2133 Et
1768 2102 1830 2132 hoc
1859 2112 1984 2142 semper
2006 2101 2070 2132 iam
2094 2101 2263 2132 continue:
2293 2101 2371 2132 nihil

1368 2148 1454 2178 enim
1469 2147 1532 2178 hoc
1549 2146 1650 2178 differt
1669 2146 1772 2177 dicere
1795 2156 1851 2186 per
1875 2146 1940 2177 duo
1965 2143 2020 2177 aut
2042 2146 2153 2177 multa.
2179 2146 2214 2176 In
2238 2145 2369 2176 circuitu

1368 2192 1465 2232 igitur
1488 2198 1580 2222 rnotu
1597 2198 1628 2222 et
1643 2190 1846 2231 generatione
1871 2197 1918 2221 est
1940 2190 2028 2231 quod
2046 2200 2082 2220 ex
2097 2189 2279 2220 necessitate
2295 2190 2371 2220 sim-

1368 2236 1504 2277 pliciter;
1528 2242 1559 2267 et
1582 2235 1608 2266 si
1631 2235 1664 2265 in
1688 2234 1836 2273 circuitu,
1860 2245 1986 2265 necesse
2009 2234 2150 2275 generari
2174 2241 2204 2265 et
2226 2241 2372 2274 generata

1369 2288 1452 2319 esse;
1476 2287 1507 2312 et
1527 2280 1554 2311 si
1572 2289 1710 2318 necesse,
1727 2279 1845 2310 horum
1867 2278 2027 2319 generatio
2051 2278 2085 2309 in
2104 2278 2246 2309 circuitu.
2269 2278 2287 2297 *
2299 2279 2371 2309 Hoc

1367 2325 1479 2366 utique
1503 2324 1636 2366 quidem
1654 2330 1701 2355 est
1720 2323 1956 2362 rationabiliter,
1973 2323 2129 2364 quoniam
2143 2329 2298 2363 perpetuo
2317 2333 2371 2364 ap-

1366 2369 1481 2410 paruit.

1300 2415 1342 2446 Et
1365 2414 1454 2445 aliter
1476 2413 1509 2444 in
1529 2412 1662 2444 circuitu
1687 2418 1796 2444 motus
1819 2418 1850 2443 et
1874 2411 1931 2453 qui
1956 2411 2047 2442 caeli:
2079 2410 2234 2451 quoniam
2258 2421 2295 2442 ex
2317 2421 2372 2442 ne-

1369 2459 1510 2490 cessitate
1537 2458 1615 2488 haec
1637 2463 1827 2498 generantur
1850 2463 1881 2487 et
1904 2462 2006 2494 erunt,
2029 2465 2252 2496 quaecumque
2275 2456 2371 2486 huius

1367 2509 1478 2534 motus
1501 2509 1532 2534 et
1555 2511 1778 2543 quaecumque
1801 2507 1932 2541 propter
1954 2500 2057 2531 hunc:
2082 2499 2107 2530 si
2131 2499 2217 2530 enim
2240 2500 2371 2540 quidem

1369 2547 1460 2588 quod
1482 2547 1516 2577 in
1539 2545 1672 2577 circuitu
1696 2551 1846 2576 movetur
1873 2554 1999 2585 semper
2021 2543 2142 2584 aliquid
2165 2551 2289 2583 movet,
2317 2554 2371 2574 ne-

1369 2601 1455 2623 cesse
1479 2598 1510 2622 et
1531 2590 1651 2622 horum
1680 2589 1719 2620 in-
1742 2589 1875 2620 circuitu
1905 2599 1971 2620 esse
1994 2595 2140 2627 motum,
2164 2588 2250 2618 verbi
2273 2589 2372 2628 gratia

1370 2635 1526 2677 superiori
1537 2635 1687 2666 allatione
1702 2634 1852 2665 existente
1867 2633 1899 2664 in
1915 2633 2059 2671 circuitu,
2072 2632 2122 2663 sol
2136 2631 2190 2663 sic.
2208 2633 2372 2670 Quoniam

1369 2687 1478 2711 autem
1500 2679 1552 2710 hic
1571 2679 1626 2718 sic,
1639 2679 1736 2709 horae
1751 2685 1882 2718 propter
1895 2678 1957 2708 hoc
1980 2677 2013 2707 in
2030 2676 2161 2708 circuitu
2183 2684 2373 2716 generantur

1370 2731 1402 2756 et
1423 2725 1623 2763 reiterantur3
1647 2722 1696 2753 his
1720 2729 1827 2753 autem
1849 2721 2014 2763 generatiS,
2034 2721 2077 2752 ita
2098 2721 2214 2752 iterum
2237 2728 2268 2751 et
2290 2731 2371 2762 quae

1369 2770 1408 2800 ab
1432 2769 1492 2799 his.
2169 2770 2172 2774 '

1301 2812 1317 2829 *
1330 2814 1436 2851 Quare
1460 2822 1536 2853 ergo
1559 2811 1636 2842 haec
1659 2811 1791 2852 quidem
1813 2810 1856 2841 ita
1878 2810 2035 2848 videntur,
2051 2808 2138 2839 verbi
2153 2808 2251 2849 gratia
2274 2819 2326 2839 aer
2341 2816 2371 2840 et

1369 2867 1452 2898 aqua
1475 2857 1508 2887 in
1532 2856 1664 2887 circuitu
1687 2861 1896 2895 generantur,
1921 2861 1952 2885 et
1974 2853 1999 2884 si
2023 2853 2153 2893 quidem
2177 2853 2277 2883 nubes
2302 2853 2369 2891 erit,

1369 2907 1496 2942 oportet
1520 2907 1550 2931 et
1577 2900 1704 2940 pluere,
1730 2906 1760 2929 et
1783 2899 1809 2929 si
1832 2899 1922 2939 pluet
1945 2903 2071 2938 oportet
2094 2903 2125 2927 et
2148 2897 2267 2927 nubem
2291 2907 2369 2935 esse,

1368 2946 1516 2977 homines
1539 2954 1614 2975 vero
1646 2950 1676 2974 et
1699 2942 1846 2974 animalia
1876 2952 1942 2972 non
1972 2941 2157 2972 reiterantur
2186 2941 2219 2971 in
2248 2942 2369 2981 seipsos

1369 2997 1405 3021 ut
1419 3000 1527 3020 rursus
1542 2994 1708 3029 generetur
1723 2985 1826 3017 idern?
1844 2987 1919 3017 Non
1935 2986 2021 3016 enim
2036 2995 2162 3015 necesse
2179 2992 2225 3016 est
2240 2985 2266 3015 si
2281 2992 2370 3025 pater

1368 3041 1535 3076 generatus
1558 3039 1615 3071 est,
1640 3039 1670 3063 et
1692 3038 1723 3062 te
1746 3030 1898 3071 generari,
1922 3030 1977 3061 sed
2001 3029 2027 3060 si
2050 3036 2096 3068 tu,
2120 3029 2222 3060 illum.

1302 3079 1337 3109 In
1361 3086 1484 3109 rectum
1506 3077 1612 3117 itaque
1634 3076 1758 3106 videtur
1782 3084 1848 3105 esse
1871 3074 1949 3105 haec
1969 3073 2139 3114 generatio.

1300 3123 1496 3163 Principium
1519 3128 1627 3151 autern
1649 3119 1834 3150 intentionis
1857 3128 1966 3149 rursus
1988 3118 2066 3148 hoc:
2095 3123 2204 3148 utrum
2227 3116 2370 3147 similiter

1368 3166 1478 3197 omnia
1499 3165 1685 3196 reiterantur
1707 3170 1763 3194 aut
1785 3173 1862 3202 non,
1887 3163 1942 3193 sed
1965 3161 2042 3192 haec
2065 3161 2196 3202 quidem
2220 3171 2367 3200 numero,

1367 3211 1444 3241 haec
1467 3216 1575 3240 autem
1598 3208 1701 3249 specie
1724 3207 1843 3238 solum.

1301 3256 1451 3293 Quorum
1484 3253 1615 3294 quidem
1645 3251 1740 3292 igitur
1770 3249 2017 3291 incorruptibilis
2054 3249 2227 3280 substantia
2256 3256 2367 3288 mota,

1368 3298 1583 3335 manifestum,
1607 3296 1763 3337 quoniam
1782 3302 1812 3326 et
1830 3304 1966 3325 numero
1990 3293 2101 3324 eadem
2124 3300 2218 3324 erunt
2240 3292 2368 3336 (motus

1367 3343 1452 3373 enim
1471 3341 1614 3382 sequitur
1632 3340 1721 3381 quod
1740 3337 1912 3381 movetur),
1929 3348 2070 3378 quorum
2089 3344 2196 3368 autem
2215 3348 2293 3376 non,
2313 3338 2368 3368 sed

1368 3385 1590 3427 corruptibiIiS,
1611 3394 1738 3415 necesse
1761 3383 1875 3424 specie,
1900 3392 2035 3413 numero
2059 3389 2166 3412 autem
2189 3391 2255 3412 non
2278 3382 2367 3412 reite-

1366 3431 1437 3462 rari.
1466 3431 1542 3461 Ideo
1566 3439 1649 3470 aqua
1672 3439 1708 3459 ex
1732 3438 1801 3459 aere
1829 3434 1860 3458 et
1882 3437 1934 3457 aer
1962 3437 1999 3457 ex
2022 3436 2105 3466 aqua
2135 3426 2238 3466 specie
2261 3426 2366 3464 idem,

1366 3485 1434 3505 non
1462 3481 1570 3505 autem
1598 3482 1743 3504 numero.
1776 3472 1808 3503 Si
1833 3478 1941 3502 autern
1969 3478 2000 3502 et
2022 3471 2100 3501 haec
2126 3480 2280 3508 numero,
2313 3470 2367 3500 sed

1367 3529 1434 3550 non
1458 3528 1599 3560 quorum
1622 3516 1797 3548 substantia
1810 3522 1977 3557 generatur
1992 3525 2047 3546 ens
2070 3512 2150 3554 talis,
2171 3515 2272 3555 qualis
2292 3524 2365 3544 con-

1366 3563 1459 3603 tingit
1481 3573 1548 3594 non
1572 3572 1648 3593 esse,

2398 2283 2409 2294 ⁸
2423 2283 2491 2305 Text.
2508 2283 2548 2311 69.

2397 2817 2408 2828 ⁸
2422 2817 2490 2839 Text.
2505 2823 2542 2845 70·
