<?xml version="1.0" encoding="UTF-8"?>
<!DOCTYPE html PUBLIC "-//W3C//DTD XHTML 1.0 Transitional//EN"
    "http://www.w3.org/TR/xhtml1/DTD/xhtml1-transitional.dtd">
<html xmlns="http://www.w3.org/1999/xhtml" xml:lang="en" lang="en">
 <head>
  <title>
</title>
<meta http-equiv="Content-Type" content="text/html;charset=utf-8" />
  <meta name='ocr-system' content='tesseract 3.04.00' />
  <meta name='ocr-capabilities' content='ocr_page ocr_carea ocr_par ocr_line ocrx_word'/>
</head>
<body>
  <div class='ocr_page' id='page_1' title='image "./operaomniaiussui03thom/operaomniaiussui03thom_0197.png"; bbox 0 0 2782 4134; ppageno 0'>
   <div class='ocr_carea' id='block_1_1' title="bbox 1138 243 1348 308">
    <p class='ocr_par' dir='ltr' id='par_1_1' title="bbox 1138 243 1348 308">
     <span class='ocr_line' id='line_1_1' title="bbox 1138 243 1348 308; baseline 0 -10"><span class='ocrx_word' id='word_1_1' title='bbox 1138 243 1250 298; x_wconf 73' lang='lat' dir='ltr'>cAP.</span> <span class='ocrx_word' id='word_1_2' title='bbox 1279 260 1348 308; x_wconf 88' lang='lat' dir='ltr'>v1‚</span> 
     </span>
    </p>
   </div>
   <div class='ocr_carea' id='block_1_2' title="bbox 271 338 1347 777">
    <p class='ocr_par' dir='ltr' id='par_1_2' title="bbox 271 338 1347 777">
     <span class='ocr_line' id='line_1_2' title="bbox 273 338 1343 377; baseline -0.002 -8"><span class='ocrx_word' id='word_1_3' title='bbox 273 341 466 376; x_wconf 81' lang='lat' dir='ltr'>Quorundam</span> <span class='ocrx_word' id='word_1_4' title='bbox 487 340 629 377; x_wconf 87' lang='lat' dir='ltr'>expositio</span> <span class='ocrx_word' id='word_1_5' title='bbox 643 346 758 377; x_wconf 84' lang='lat' dir='ltr'>praeter</span> <span class='ocrx_word' id='word_1_6' title='bbox 776 338 968 368; x_wconf 86' lang='lat' dir='ltr'>intentionem</span> <span class='ocrx_word' id='word_1_7' title='bbox 980 338 1152 368; x_wconf 88' lang='lat' dir='ltr'>Aristotelis.</span> <span class='ocrx_word' id='word_1_8' title='bbox 1165 357 1184 361; x_wconf 96' lang='lat'><em>-</em></span> <span class='ocrx_word' id='word_1_9' title='bbox 1197 340 1223 368; x_wconf 86' lang='lat'>5.</span> <span class='ocrx_word' id='word_1_10' title='bbox 1236 340 1343 368; x_wconf 89' lang='lat' dir='ltr'>Osten-</span> 
     </span>
     <span class='ocr_line' id='line_1_3' title="bbox 271 378 1344 417; baseline -0.002 -8"><span class='ocrx_word' id='word_1_11' title='bbox 271 380 348 409; x_wconf 90' lang='lat' dir='ltr'>ditur</span> <span class='ocrx_word' id='word_1_12' title='bbox 369 389 431 409; x_wconf 92' lang='lat' dir='ltr'>non</span> <span class='ocrx_word' id='word_1_13' title='bbox 458 390 546 417; x_wconf 91' lang='lat' dir='ltr'>posse</span> <span class='ocrx_word' id='word_1_14' title='bbox 567 387 686 410; x_wconf 82' lang='lat' dir='ltr'>motum</span> <span class='ocrx_word' id='word_1_15' title='bbox 710 379 780 409; x_wconf 90' lang='lat' dir='ltr'>caeli</span> <span class='ocrx_word' id='word_1_16' title='bbox 801 379 846 408; x_wconf 92' lang='lat' dir='ltr'>vel</span> <span class='ocrx_word' id='word_1_17' title='bbox 873 388 988 415; x_wconf 88' lang='lat' dir='ltr'><strong>semper</strong></span> <span class='ocrx_word' id='word_1_18' title='bbox 1015 378 1141 414; x_wconf 89' lang='lat' dir='ltr'>intendi,</span> <span class='ocrx_word' id='word_1_19' title='bbox 1163 380 1208 407; x_wconf 89' lang='lat' dir='ltr'>vel</span> <span class='ocrx_word' id='word_1_20' title='bbox 1230 388 1344 416; x_wconf 89' lang='lat' dir='ltr'>semper</span> 
     </span>
     <span class='ocr_line' id='line_1_4' title="bbox 271 418 1343 457; baseline -0.002 -8"><span class='ocrx_word' id='word_1_21' title='bbox 271 420 386 449; x_wconf 87' lang='lat' dir='ltr'>remitti.</span> <span class='ocrx_word' id='word_1_22' title='bbox 409 421 508 449; x_wconf 86' lang='lat' dir='ltr'>Prima</span> <span class='ocrx_word' id='word_1_23' title='bbox 528 420 611 449; x_wconf 91' lang='lat' dir='ltr'>ratio.</span> <span class='ocrx_word' id='word_1_24' title='bbox 642 421 817 457; x_wconf 89' lang='lat' dir='ltr'>Sequeretur</span> <span class='ocrx_word' id='word_1_25' title='bbox 837 418 867 446; x_wconf 93' lang='lat' dir='ltr'>in</span> <span class='ocrx_word' id='word_1_26' title='bbox 889 418 1043 455; x_wconf 84' lang='lat' dir='ltr'><strong>hypothesi</strong></span> <span class='ocrx_word' id='word_1_27' title='bbox 1071 419 1152 455; x_wconf 92' lang='lat' dir='ltr'>quod</span> <span class='ocrx_word' id='word_1_28' title='bbox 1179 425 1275 447; x_wconf 90' lang='lat' dir='ltr'>motus</span> <span class='ocrx_word' id='word_1_29' title='bbox 1297 419 1343 447; x_wconf 90' lang='lat' dir='ltr'>ille</span> 
     </span>
     <span class='ocr_line' id='line_1_5' title="bbox 271 458 1343 495; baseline -0.003 -6"><span class='ocrx_word' id='word_1_30' title='bbox 271 466 346 489; x_wconf 85' lang='lat' dir='ltr'>esset</span> <span class='ocrx_word' id='word_1_31' title='bbox 366 459 622 495; x_wconf 80' lang='lat' dir='ltr'>indeterminams3</span> <span class='ocrx_word' id='word_1_32' title='bbox 649 469 716 488; x_wconf 92' lang='lat' dir='ltr'>cum</span> <span class='ocrx_word' id='word_1_33' title='bbox 738 469 754 488; x_wconf 88' lang='lat' dir='ltr'>e</span> <span class='ocrx_word' id='word_1_34' title='bbox 775 458 922 487; x_wconf 88' lang='lat' dir='ltr'>contrario</span> <span class='ocrx_word' id='word_1_35' title='bbox 944 458 1041 486; x_wconf 89' lang='lat' dir='ltr'>omnis</span> <span class='ocrx_word' id='word_1_36' title='bbox 1063 465 1179 493; x_wconf 86' lang='lat' dir='ltr'>motus,</span> <span class='ocrx_word' id='word_1_37' title='bbox 1201 459 1258 487; x_wconf 90' lang='lat' dir='ltr'>hoc</span> <span class='ocrx_word' id='word_1_38' title='bbox 1278 458 1343 495; x_wconf 91' lang='lat' dir='ltr'>ipso</span> 
     </span>
     <span class='ocr_line' id='line_1_6' title="bbox 272 498 1344 537; baseline -0.003 -8"><span class='ocrx_word' id='word_1_39' title='bbox 272 501 353 537; x_wconf 88' lang='lat' dir='ltr'>quod</span> <span class='ocrx_word' id='word_1_40' title='bbox 374 507 417 528; x_wconf 93' lang='lat' dir='ltr'>est</span> <span class='ocrx_word' id='word_1_41' title='bbox 431 509 466 529; x_wconf 86' lang='lat' dir='ltr'>ex</span> <span class='ocrx_word' id='word_1_42' title='bbox 479 500 579 537; x_wconf 87' lang='lat' dir='ltr'>aliquo</span> <span class='ocrx_word' id='word_1_43' title='bbox 601 500 632 528; x_wconf 87' lang='lat' dir='ltr'>in</span> <span class='ocrx_word' id='word_1_44' title='bbox 653 499 772 536; x_wconf 86' lang='lat' dir='ltr'>aliquid,</span> <span class='ocrx_word' id='word_1_45' title='bbox 794 505 911 535; x_wconf 86' lang='lat' dir='ltr'>oportet</span> <span class='ocrx_word' id='word_1_46' title='bbox 932 499 1013 535; x_wconf 87' lang='lat' dir='ltr'>quod</span> <span class='ocrx_word' id='word_1_47' title='bbox 1034 498 1071 526; x_wconf 92' lang='lat' dir='ltr'>sit</span> <span class='ocrx_word' id='word_1_48' title='bbox 1092 498 1308 527; x_wconf 86' lang='lat' dir='ltr'>determinatus.</span> <span class='ocrx_word' id='word_1_49' title='bbox 1325 515 1344 520; x_wconf 94' lang='lat'>-</span> 
     </span>
     <span class='ocr_line' id='line_1_7' title="bbox 273 537 1344 586; baseline -0.003 -17"><span class='ocrx_word' id='word_1_50' title='bbox 273 541 434 586; x_wconf 89' lang='lat' dir='ltr'><strong>Quomodo</strong></span> <span class='ocrx_word' id='word_1_51' title='bbox 449 547 547 569; x_wconf 89' lang='lat' dir='ltr'>motus</span> <span class='ocrx_word' id='word_1_52' title='bbox 561 539 632 569; x_wconf 84' lang='lat' dir='ltr'>caeli</span> <span class='ocrx_word' id='word_1_53' title='bbox 648 539 760 568; x_wconf 85' lang='lat' dir='ltr'>dicatur</span> <span class='ocrx_word' id='word_1_54' title='bbox 778 538 918 566; x_wconf 89' lang='lat' dir='ltr'>infinitus.</span> <span class='ocrx_word' id='word_1_55' title='bbox 935 554 954 559; x_wconf 87' lang='lat'>—</span> <span class='ocrx_word' id='word_1_56' title='bbox 969 539 996 566; x_wconf 88' lang='lat'>6.</span> <span class='ocrx_word' id='word_1_57' title='bbox 1011 538 1078 567; x_wconf 88' lang='lat' dir='ltr'>Alia</span> <span class='ocrx_word' id='word_1_58' title='bbox 1096 538 1180 566; x_wconf 82' lang='lat' dir='ltr'>ratio.</span> <span class='ocrx_word' id='word_1_59' title='bbox 1204 537 1344 573; x_wconf 88' lang='lat' dir='ltr'>Quamvis</span> 
     </span>
     <span class='ocr_line' id='line_1_8' title="bbox 271 578 1346 618; baseline -0.004 -9"><span class='ocrx_word' id='word_1_60' title='bbox 271 586 387 617; x_wconf 89' lang='lat' dir='ltr'>tempus</span> <span class='ocrx_word' id='word_1_61' title='bbox 408 580 445 609; x_wconf 91' lang='lat' dir='ltr'>sit</span> <span class='ocrx_word' id='word_1_62' title='bbox 466 579 607 608; x_wconf 87' lang='lat' dir='ltr'>divisibile</span> <span class='ocrx_word' id='word_1_63' title='bbox 628 579 659 608; x_wconf 90' lang='lat' dir='ltr'>in</span> <span class='ocrx_word' id='word_1_64' title='bbox 680 578 849 618; x_wconf 87' lang='lat' dir='ltr'>infinitum</span> <span class='ocrx_word' id='word_1_65' title='bbox 872 584 971 606; x_wconf 90' lang='lat' dir='ltr'>tamen</span> <span class='ocrx_word' id='word_1_66' title='bbox 993 584 1090 606; x_wconf 89' lang='lat' dir='ltr'>motus</span> <span class='ocrx_word' id='word_1_67' title='bbox 1112 578 1183 606; x_wconf 87' lang='lat' dir='ltr'>caeli</span> <span class='ocrx_word' id='word_1_68' title='bbox 1205 578 1296 613; x_wconf 84' lang='grc'>(318111</span> <span class='ocrx_word' id='word_1_69' title='bbox 1317 583 1346 606; x_wconf 90' lang='lat' dir='ltr'>et</span> 
     </span>
     <span class='ocr_line' id='line_1_9' title="bbox 272 600 1345 657; baseline -0.005 -8"><span class='ocrx_word' id='word_1_70' title='bbox 272 620 393 657; x_wconf 89' lang='lat' dir='ltr'>quilibet</span> <span class='ocrx_word' id='word_1_71' title='bbox 414 620 504 656; x_wconf 86' lang='lat' dir='ltr'>alius)</span> <span class='ocrx_word' id='word_1_72' title='bbox 526 621 613 648; x_wconf 87' lang='lat' dir='ltr'>habet</span> <span class='ocrx_word' id='word_1_73' title='bbox 633 600 857 647; x_wconf 85' lang='lat' dir='ltr'>determinatum</span> <span class='ocrx_word' id='word_1_74' title='bbox 880 617 1034 645; x_wconf 88' lang='lat' dir='ltr'>minimum</span> <span class='ocrx_word' id='word_1_75' title='bbox 1056 624 1181 654; x_wconf 87' lang='lat' dir='ltr'>tempus,</span> <span class='ocrx_word' id='word_1_76' title='bbox 1203 617 1243 645; x_wconf 90' lang='lat' dir='ltr'>ita</span> <span class='ocrx_word' id='word_1_77' title='bbox 1264 618 1345 654; x_wconf 85' lang='lat' dir='ltr'>quod</span> 
     </span>
     <span class='ocr_line' id='line_1_10' title="bbox 272 656 1346 705; baseline -0.005 -16"><span class='ocrx_word' id='word_1_78' title='bbox 272 659 303 688; x_wconf 90' lang='lat' dir='ltr'>in</span> <span class='ocrx_word' id='word_1_79' title='bbox 317 660 425 688; x_wconf 89' lang='lat' dir='ltr'>minori</span> <span class='ocrx_word' id='word_1_80' title='bbox 446 667 579 705; x_wconf 79' lang='lat' dir='ltr'>tempore</span> <span class='ocrx_word' id='word_1_81' title='bbox 600 658 699 696; x_wconf 85' lang='lat' dir='ltr'>perfici</span> <span class='ocrx_word' id='word_1_82' title='bbox 720 664 854 695; x_wconf 82' lang='lat' dir='ltr'>nequeat.</span> <span class='ocrx_word' id='word_1_83' title='bbox 877 659 954 695; x_wconf 88' lang='lat' dir='ltr'>Ergo</span> <span class='ocrx_word' id='word_1_84' title='bbox 976 667 1038 685; x_wconf 89' lang='lat' dir='ltr'>non</span> <span class='ocrx_word' id='word_1_85' title='bbox 1059 666 1174 694; x_wconf 88' lang='lat' dir='ltr'>semper</span> <span class='ocrx_word' id='word_1_86' title='bbox 1188 656 1346 685; x_wconf 86' lang='lat' dir='ltr'>intenditur</span> 
     </span>
     <span class='ocr_line' id='line_1_11' title="bbox 273 697 1345 736; baseline -0.005 -7"><span class='ocrx_word' id='word_1_87' title='bbox 273 699 410 729; x_wconf 83' lang='lat' dir='ltr'>velocitas</span> <span class='ocrx_word' id='word_1_88' title='bbox 432 700 509 729; x_wconf 85' lang='lat' dir='ltr'>eius:</span> <span class='ocrx_word' id='word_1_89' title='bbox 525 699 595 736; x_wconf 85' lang='lat' dir='ltr'>quia</span> <span class='ocrx_word' id='word_1_90' title='bbox 608 699 649 727; x_wconf 84' lang='lat' dir='ltr'>sic</span> <span class='ocrx_word' id='word_1_91' title='bbox 670 699 819 727; x_wconf 85' lang='lat' dir='ltr'>excederet</span> <span class='ocrx_word' id='word_1_92' title='bbox 840 707 929 726; x_wconf 88' lang='lat' dir='ltr'>omne</span> <span class='ocrx_word' id='word_1_93' title='bbox 950 697 1106 725; x_wconf 90' lang='lat' dir='ltr'>minimum</span> <span class='ocrx_word' id='word_1_94' title='bbox 1120 704 1245 733; x_wconf 89' lang='lat' dir='ltr'>tempus.</span> <span class='ocrx_word' id='word_1_95' title='bbox 1267 697 1345 734; x_wconf 87' lang='lat' dir='ltr'>Ergo</span> 
     </span>
     <span class='ocr_line' id='line_1_12' title="bbox 273 736 1347 777; baseline -0.005 -8"><span class='ocrx_word' id='word_1_96' title='bbox 273 740 336 777; x_wconf 90' lang='lat' dir='ltr'>pari</span> <span class='ocrx_word' id='word_1_97' title='bbox 357 740 471 769; x_wconf 90' lang='lat' dir='ltr'>ratione</span> <span class='ocrx_word' id='word_1_98' title='bbox 492 748 588 776; x_wconf 87' lang='lat' dir='ltr'>neque</span> <span class='ocrx_word' id='word_1_99' title='bbox 609 738 696 767; x_wconf 82' lang='lat' dir='ltr'>etiarn</span> <span class='ocrx_word' id='word_1_100' title='bbox 718 743 814 775; x_wconf 88' lang='lat' dir='ltr'>potest</span> <span class='ocrx_word' id='word_1_101' title='bbox 835 746 950 774; x_wconf 86' lang='lat' dir='ltr'>semper</span> <span class='ocrx_word' id='word_1_102' title='bbox 970 736 1092 765; x_wconf 88' lang='lat' dir='ltr'>remitti:</span> <span class='ocrx_word' id='word_1_103' title='bbox 1115 736 1189 765; x_wconf 89' lang='lat' dir='ltr'>sicut</span> <span class='ocrx_word' id='word_1_104' title='bbox 1203 736 1281 764; x_wconf 90' lang='lat' dir='ltr'>enim</span> <span class='ocrx_word' id='word_1_105' title='bbox 1305 741 1347 764; x_wconf 91' lang='lat' dir='ltr'>est</span> 
     </span>
    </p>
   </div>
   <div class='ocr_carea' id='block_1_3' title="bbox 0 488 50 3607">
    <p class='ocr_par' dir='ltr' id='par_1_3' title="bbox 0 488 50 3607">
     <span class='ocr_line' id='line_1_13' title="bbox 0 488 31 934; baseline 0 0"><span class='ocrx_word' id='word_1_106' title='bbox 0 488 31 934; x_wconf 95' lang='lat' dir='ltr'>  </span> 
     </span>
     <span class='ocr_line' id='line_1_14' title="bbox 0 934 50 3607; baseline 0.64 -1260"><span class='ocrx_word' id='word_1_107' title='bbox 0 934 50 3607; x_wconf 95' lang='lat' dir='ltr'>       </span> 
     </span>
    </p>
   </div>
   <div class='ocr_carea' id='block_1_4' title="bbox 25 843 1352 3405">
    <p class='ocr_par' dir='ltr' id='par_1_4' title="bbox 25 843 1348 946">
     <span class='ocr_line' id='line_1_15' title="bbox 25 843 1347 937; baseline -0.003 -53"><span class='ocrx_word' id='word_1_108' title='bbox 25 855 194 937; x_wconf 36' lang='lat' dir='ltr'>{figorem</span> <span class='ocrx_word' id='word_1_109' title='bbox 280 860 310 884; x_wconf 93' lang='lat'>1.</span> <span class='ocrx_word' id='word_1_110' title='bbox 339 867 357 899; x_wconf 45' lang='grc' dir='ltr'>υ,</span> <span class='ocrx_word' id='word_1_111' title='bbox 538 845 572 881; x_wconf 89' lang='grc'>18</span> <span class='ocrx_word' id='word_1_112' title='bbox 599 844 708 894; x_wconf 90' lang='lat' dir='ltr'>ponit</span> <span class='ocrx_word' id='word_1_113' title='bbox 728 845 748 865; x_wconf 57' lang='lat'>²³*</span> <span class='ocrx_word' id='word_1_114' title='bbox 777 844 925 881; x_wconf 87' lang='lat' dir='ltr'>tertiam</span> <span class='ocrx_word' id='word_1_115' title='bbox 955 843 1144 881; x_wconf 86' lang='lat' dir='ltr'>rationem</span> <span class='ocrx_word' id='word_1_116' title='bbox 1165 844 1220 889; x_wconf 71' lang='lat'>**,</span> <span class='ocrx_word' id='word_1_117' title='bbox 1248 855 1347 892; x_wconf 88' lang='lat' dir='ltr'>quae</span> 
     </span>
     <span class='ocr_line' id='line_1_16' title="bbox 113 885 1348 946; baseline 0 -13"><span class='ocrx_word' id='word_1_118' title='bbox 113 885 244 910; x_wconf 61' lang='lat' dir='ltr'>ecnpnec.</span> <span class='ocrx_word' id='word_1_119' title='bbox 336 897 357 921; x_wconf 83' lang='grc'>“·</span> <span class='ocrx_word' id='word_1_120' title='bbox 390 916 415 933; x_wconf 81' lang='lat'>·.</span> <span class='ocrx_word' id='word_1_121' title='bbox 436 909 463 933; x_wconf 45' lang='grc'>,1</span> <span class='ocrx_word' id='word_1_122' title='bbox 500 897 514 933; x_wconf 64' lang='lat' dir='ltr'>g:</span> <span class='ocrx_word' id='word_1_123' title='bbox 524 897 700 935; x_wconf 92' lang='lat' dir='ltr'>sumitur</span> <span class='ocrx_word' id='word_1_124' title='bbox 728 898 855 936; x_wconf 89' lang='lat' dir='ltr'>solum</span> <span class='ocrx_word' id='word_1_125' title='bbox 889 910 935 935; x_wconf 85' lang='lat' dir='ltr'>ex</span> <span class='ocrx_word' id='word_1_126' title='bbox 961 905 1069 946; x_wconf 91' lang='lat' dir='ltr'>parte</span> <span class='ocrx_word' id='word_1_127' title='bbox 1105 896 1268 934; x_wconf 86' lang='lat' dir='ltr'>mobilis.</span> <span class='ocrx_word' id='word_1_128' title='bbox 1299 897 1348 933; x_wconf 87' lang='lat' dir='ltr'>Et</span> 
     </span>
    </p>

    <p class='ocr_par' dir='ltr' id='par_1_5' title="bbox 402 949 1348 1000">
     <span class='ocr_line' id='line_1_17' title="bbox 402 949 1348 1000; baseline -0.002 -12"><span class='ocrx_word' id='word_1_129' title='bbox 402 988 406 992; x_wconf 88' lang='grc'>,</span> <span class='ocrx_word' id='word_1_130' title='bbox 462 968 474 988; x_wconf 63' lang='grc' dir='ltr'>ε,</span> <span class='ocrx_word' id='word_1_131' title='bbox 513 956 521 972; x_wconf 70' lang='lat'><strong>⁵</strong></span> <span class='ocrx_word' id='word_1_132' title='bbox 538 950 628 988; x_wconf 91' lang='lat' dir='ltr'>dicit</span> <span class='ocrx_word' id='word_1_133' title='bbox 647 951 754 1000; x_wconf 92' lang='lat' dir='ltr'>quod</span> <span class='ocrx_word' id='word_1_134' title='bbox 773 951 804 988; x_wconf 89' lang='lat' dir='ltr'>si</span> <span class='ocrx_word' id='word_1_135' title='bbox 831 959 960 988; x_wconf 92' lang='lat' dir='ltr'>motus</span> <span class='ocrx_word' id='word_1_136' title='bbox 981 951 1074 988; x_wconf 91' lang='lat' dir='ltr'>caeli</span> <span class='ocrx_word' id='word_1_137' title='bbox 1098 949 1348 999; x_wconf 85' lang='lat' dir='ltr'>irregulariter</span> 
     </span>
    </p>

    <p class='ocr_par' dir='ltr' id='par_1_6' title="bbox 263 997 1352 2646">
     <span class='ocr_line' id='line_1_18' title="bbox 346 997 1348 1054; baseline -0.001 -13"><span class='ocrx_word' id='word_1_138' title='bbox 346 1003 354 1013; x_wconf 73' lang='lat'><em>⁶</em></span> <span class='ocrx_word' id='word_1_139' title='bbox 388 997 463 1041; x_wconf 46' lang='lat'>‘⁴233</span> <span class='ocrx_word' id='word_1_140' title='bbox 538 1012 751 1054; x_wconf 86' lang='lat' dir='ltr'>peragatur,</span> <span class='ocrx_word' id='word_1_141' title='bbox 773 1012 838 1042; x_wconf 91' lang='lat' dir='ltr'>aut</span> <span class='ocrx_word' id='word_1_142' title='bbox 864 1005 940 1042; x_wconf 91' lang='lat' dir='ltr'>hoc</span> <span class='ocrx_word' id='word_1_143' title='bbox 969 1004 1037 1042; x_wconf 91' lang='lat' dir='ltr'>erit</span> <span class='ocrx_word' id='word_1_144' title='bbox 1056 1004 1107 1042; x_wconf 89' lang='lat' dir='ltr'>ita</span> <span class='ocrx_word' id='word_1_145' title='bbox 1135 1004 1242 1053; x_wconf 91' lang='lat' dir='ltr'>quod</span> <span class='ocrx_word' id='word_1_146' title='bbox 1270 1011 1348 1040; x_wconf 92' lang='lat' dir='ltr'>tota</span> 
     </span>
     <span class='ocr_line' id='line_1_19' title="bbox 275 1030 1348 1107; baseline -0.001 -12"><span class='ocrx_word' id='word_1_147' title='bbox 275 1030 367 1096; x_wconf 87' lang='grc'>83811</span> <span class='ocrx_word' id='word_1_148' title='bbox 395 1057 554 1095; x_wconf 83' lang='grc'>1111113110</span> <span class='ocrx_word' id='word_1_149' title='bbox 583 1065 864 1106; x_wconf 81' lang='lat' dir='ltr'>transmutetur,</span> <span class='ocrx_word' id='word_1_150' title='bbox 894 1058 945 1095; x_wconf 90' lang='lat' dir='ltr'>ita</span> <span class='ocrx_word' id='word_1_151' title='bbox 973 1058 1080 1107; x_wconf 91' lang='lat' dir='ltr'>quod</span> <span class='ocrx_word' id='word_1_152' title='bbox 1113 1057 1348 1106; x_wconf 89' lang='lat' dir='ltr'>quandoque</span> 
     </span>
     <span class='ocr_line' id='line_1_20' title="bbox 274 1110 1346 1160; baseline -0.002 -11"><span class='ocrx_word' id='word_1_153' title='bbox 274 1111 320 1150; x_wconf 90' lang='lat' dir='ltr'>sit</span> <span class='ocrx_word' id='word_1_154' title='bbox 347 1110 518 1149; x_wconf 90' lang='lat' dir='ltr'>velocior</span> <span class='ocrx_word' id='word_1_155' title='bbox 543 1111 777 1160; x_wconf 89' lang='lat' dir='ltr'>quandoque</span> <span class='ocrx_word' id='word_1_156' title='bbox 805 1111 969 1159; x_wconf 89' lang='lat' dir='ltr'>tardior,</span> <span class='ocrx_word' id='word_1_157' title='bbox 999 1118 1063 1148; x_wconf 92' lang='lat' dir='ltr'>aut</span> <span class='ocrx_word' id='word_1_158' title='bbox 1090 1118 1216 1160; x_wconf 91' lang='lat' dir='ltr'>partes</span> <span class='ocrx_word' id='word_1_159' title='bbox 1246 1110 1346 1147; x_wconf 90' lang='lat' dir='ltr'>eius:</span> 
     </span>
     <span class='ocr_line' id='line_1_21' title="bbox 275 1163 1348 1215; baseline -0.005 -10"><span class='ocrx_word' id='word_1_160' title='bbox 275 1171 312 1206; x_wconf 83' lang='lat' dir='ltr'>et</span> <span class='ocrx_word' id='word_1_161' title='bbox 338 1163 553 1215; x_wconf 64' lang='lat' dir='ltr'>intelligitur</span> <span class='ocrx_word' id='word_1_162' title='bbox 580 1170 656 1202; x_wconf 89' lang='lat' dir='ltr'>tota</span> <span class='ocrx_word' id='word_1_163' title='bbox 685 1165 841 1202; x_wconf 86' lang='lat' dir='ltr'>mutatio</span> <span class='ocrx_word' id='word_1_164' title='bbox 870 1172 999 1202; x_wconf 91' lang='lat' dir='ltr'>motus</span> <span class='ocrx_word' id='word_1_165' title='bbox 1023 1164 1138 1202; x_wconf 91' lang='lat' dir='ltr'>totius</span> <span class='ocrx_word' id='word_1_166' title='bbox 1162 1165 1348 1213; x_wconf 85' lang='lat' dir='ltr'>sphaerae</span> 
     </span>
     <span class='ocr_line' id='line_1_22' title="bbox 274 1215 1350 1268; baseline -0.004 -11"><span class='ocrx_word' id='word_1_167' title='bbox 274 1215 488 1268; x_wconf 58' lang='lat' dir='ltr'>supremae,</span> <span class='ocrx_word' id='word_1_168' title='bbox 517 1223 647 1266; x_wconf 85' lang='lat' dir='ltr'>partes</span> <span class='ocrx_word' id='word_1_169' title='bbox 676 1226 805 1255; x_wconf 92' lang='lat' dir='ltr'>autem</span> <span class='ocrx_word' id='word_1_170' title='bbox 833 1217 1055 1256; x_wconf 87' lang='lat' dir='ltr'>mutationis</span> <span class='ocrx_word' id='word_1_171' title='bbox 1093 1217 1350 1266; x_wconf 87' lang='lat' dir='ltr'>intelliguntur</span> 
     </span>
     <span class='ocr_line' id='line_1_23' title="bbox 273 1271 1348 1321; baseline -0.004 -11"><span class='ocrx_word' id='word_1_172' title='bbox 273 1278 403 1311; x_wconf 87' lang='lat' dir='ltr'>motus</span> <span class='ocrx_word' id='word_1_173' title='bbox 430 1271 598 1321; x_wconf 89' lang='lat' dir='ltr'>partium</span> <span class='ocrx_word' id='word_1_174' title='bbox 628 1271 733 1309; x_wconf 88' lang='lat' dir='ltr'>caeli.</span> <span class='ocrx_word' id='word_1_175' title='bbox 745 1293 769 1299; x_wconf 99' lang='lat'>-</span> <span class='ocrx_word' id='word_1_176' title='bbox 786 1271 905 1319; x_wconf 89' lang='lat' dir='ltr'>Quod</span> <span class='ocrx_word' id='word_1_177' title='bbox 925 1279 1054 1309; x_wconf 89' lang='lat' dir='ltr'>autem</span> <span class='ocrx_word' id='word_1_178' title='bbox 1072 1279 1199 1320; x_wconf 88' lang='lat' dir='ltr'>partes</span> <span class='ocrx_word' id='word_1_179' title='bbox 1218 1282 1348 1319; x_wconf 92' lang='lat' dir='ltr'>supre-</span> 
     </span>
     <span class='ocr_line' id='line_1_24' title="bbox 273 1323 1349 1374; baseline -0.002 -12"><span class='ocrx_word' id='word_1_180' title='bbox 273 1336 363 1374; x_wconf 83' lang='lat' dir='ltr'>mae</span> <span class='ocrx_word' id='word_1_181' title='bbox 396 1324 582 1374; x_wconf 86' lang='lat' dir='ltr'>sphaerae</span> <span class='ocrx_word' id='word_1_182' title='bbox 620 1337 700 1362; x_wconf 93' lang='lat' dir='ltr'>non</span> <span class='ocrx_word' id='word_1_183' title='bbox 735 1332 966 1363; x_wconf 85' lang='lat' dir='ltr'>moveantur</span> <span class='ocrx_word' id='word_1_184' title='bbox 999 1323 1270 1372; x_wconf 90' lang='lat' dir='ltr'>irregulariter,</span> <span class='ocrx_word' id='word_1_185' title='bbox 1297 1323 1349 1360; x_wconf 89' lang='lat' dir='ltr'>ita</span> 
     </span>
     <span class='ocr_line' id='line_1_25' title="bbox 274 1376 1349 1428; baseline -0.002 -12"><span class='ocrx_word' id='word_1_186' title='bbox 274 1377 414 1417; x_wconf 88' lang='lat' dir='ltr'>scilicet</span> <span class='ocrx_word' id='word_1_187' title='bbox 451 1377 558 1426; x_wconf 92' lang='lat' dir='ltr'>quod</span> <span class='ocrx_word' id='word_1_188' title='bbox 594 1390 672 1416; x_wconf 87' lang='lat' dir='ltr'>una</span> <span class='ocrx_word' id='word_1_189' title='bbox 707 1390 796 1428; x_wconf 87' lang='lat' dir='ltr'>pars</span> <span class='ocrx_word' id='word_1_190' title='bbox 835 1377 930 1416; x_wconf 88' lang='lat' dir='ltr'>caeli</span> <span class='ocrx_word' id='word_1_191' title='bbox 966 1377 1200 1426; x_wconf 85' lang='lat' dir='ltr'>quandoque</span> <span class='ocrx_word' id='word_1_192' title='bbox 1241 1376 1349 1414; x_wconf 90' lang='lat' dir='ltr'>citius</span> 
     </span>
     <span class='ocr_line' id='line_1_26' title="bbox 274 1429 1348 1481; baseline -0.001 -12"><span class='ocrx_word' id='word_1_193' title='bbox 274 1430 510 1481; x_wconf 88' lang='lat' dir='ltr'>quandoque</span> <span class='ocrx_word' id='word_1_194' title='bbox 525 1431 669 1470; x_wconf 88' lang='lat' dir='ltr'>tardius</span> <span class='ocrx_word' id='word_1_195' title='bbox 683 1439 899 1478; x_wconf 90' lang='lat' dir='ltr'>moveatur,</span> <span class='ocrx_word' id='word_1_196' title='bbox 912 1430 1078 1479; x_wconf 86' lang='lat' dir='ltr'>ostendit</span> <span class='ocrx_word' id='word_1_197' title='bbox 1091 1429 1348 1480; x_wconf 87' lang='lat' dir='ltr'>supponendo</span> 
     </span>
     <span class='ocr_line' id='line_1_27' title="bbox 274 1483 1348 1534; baseline -0.002 -11"><span class='ocrx_word' id='word_1_198' title='bbox 274 1483 382 1534; x_wconf 87' lang='lat' dir='ltr'>quod</span> <span class='ocrx_word' id='word_1_199' title='bbox 396 1484 559 1534; x_wconf 90' lang='lat' dir='ltr'>sphaera</span> <span class='ocrx_word' id='word_1_200' title='bbox 573 1485 767 1522; x_wconf 87' lang='lat' dir='ltr'>stellarum</span> <span class='ocrx_word' id='word_1_201' title='bbox 782 1484 945 1522; x_wconf 84' lang='lat' dir='ltr'>fixarum</span> <span class='ocrx_word' id='word_1_202' title='bbox 955 1484 1002 1521; x_wconf 91' lang='lat' dir='ltr'>sit</span> <span class='ocrx_word' id='word_1_203' title='bbox 1015 1496 1197 1533; x_wconf 90' lang='lat' dir='ltr'>suprema</span> <span class='ocrx_word' id='word_1_204' title='bbox 1212 1484 1348 1534; x_wconf 88' lang='lat' dir='ltr'>sphae-</span> 
     </span>
     <span class='ocr_line' id='line_1_28' title="bbox 274 1537 1350 1588; baseline -0.002 -12"><span class='ocrx_word' id='word_1_205' title='bbox 274 1550 333 1576; x_wconf 91' lang='lat' dir='ltr'>ra:</span> <span class='ocrx_word' id='word_1_206' title='bbox 353 1537 529 1576; x_wconf 90' lang='lat' dir='ltr'>nondum</span> <span class='ocrx_word' id='word_1_207' title='bbox 551 1537 653 1575; x_wconf 88' lang='lat' dir='ltr'>enim</span> <span class='ocrx_word' id='word_1_208' title='bbox 672 1550 742 1576; x_wconf 93' lang='lat' dir='ltr'>suo</span> <span class='ocrx_word' id='word_1_209' title='bbox 767 1544 942 1587; x_wconf 91' lang='lat' dir='ltr'>tempore</span> <span class='ocrx_word' id='word_1_210' title='bbox 962 1538 1246 1588; x_wconf 86' lang='lat' dir='ltr'>deprehensum</span> <span class='ocrx_word' id='word_1_211' title='bbox 1271 1544 1350 1574; x_wconf 91' lang='lat' dir='ltr'>erat</span> 
     </span>
     <span class='ocr_line' id='line_1_29' title="bbox 273 1590 1349 1643; baseline 0 -15"><span class='ocrx_word' id='word_1_212' title='bbox 273 1591 380 1643; x_wconf 88' lang='lat' dir='ltr'>quod</span> <span class='ocrx_word' id='word_1_213' title='bbox 417 1591 546 1629; x_wconf 88' lang='lat' dir='ltr'>stellae</span> <span class='ocrx_word' id='word_1_214' title='bbox 587 1591 687 1629; x_wconf 88' lang='lat' dir='ltr'>fixae</span> <span class='ocrx_word' id='word_1_215' title='bbox 729 1591 915 1628; x_wconf 89' lang='lat' dir='ltr'>haberent</span> <span class='ocrx_word' id='word_1_216' title='bbox 952 1590 1155 1641; x_wconf 89' lang='lat' dir='ltr'>proprium</span> <span class='ocrx_word' id='word_1_217' title='bbox 1196 1598 1349 1628; x_wconf 91' lang='lat' dir='ltr'>motum</span> 
     </span>
     <span class='ocr_line' id='line_1_30' title="bbox 273 1643 1350 1701; baseline 0 -19"><span class='ocrx_word' id='word_1_218' title='bbox 273 1651 424 1701; x_wconf 84' lang='lat' dir='ltr'>praeter</span> <span class='ocrx_word' id='word_1_219' title='bbox 442 1651 593 1682; x_wconf 91' lang='lat' dir='ltr'>motum</span> <span class='ocrx_word' id='word_1_220' title='bbox 615 1643 812 1691; x_wconf 90' lang='lat' dir='ltr'>diurnum;</span> <span class='ocrx_word' id='word_1_221' title='bbox 834 1652 871 1682; x_wconf 91' lang='lat' dir='ltr'>et</span> <span class='ocrx_word' id='word_1_222' title='bbox 888 1644 976 1682; x_wconf 90' lang='lat' dir='ltr'>ideo</span> <span class='ocrx_word' id='word_1_223' title='bbox 997 1643 1164 1682; x_wconf 89' lang='lat' dir='ltr'>attribuit</span> <span class='ocrx_word' id='word_1_224' title='bbox 1180 1643 1350 1694; x_wconf 87' lang='lat' dir='ltr'>primum</span> 
     </span>
     <span class='ocr_line' id='line_1_31' title="bbox 273 1697 1349 1756; baseline -0.001 -20"><span class='ocrx_word' id='word_1_225' title='bbox 273 1699 438 1756; x_wconf 76' lang='lat' dir='ltr'>motum,</span> <span class='ocrx_word' id='word_1_226' title='bbox 459 1697 600 1736; x_wconf 91' lang='lat' dir='ltr'>scilicet</span> <span class='ocrx_word' id='word_1_227' title='bbox 619 1697 812 1746; x_wconf 91' lang='lat' dir='ltr'>diurnum,</span> <span class='ocrx_word' id='word_1_228' title='bbox 834 1698 1020 1748; x_wconf 90' lang='lat' dir='ltr'>sphaerae</span> <span class='ocrx_word' id='word_1_229' title='bbox 1042 1698 1236 1736; x_wconf 89' lang='lat' dir='ltr'>stellarum</span> <span class='ocrx_word' id='word_1_230' title='bbox 1256 1698 1349 1735; x_wconf 85' lang='lat' dir='ltr'>fixa-</span> 
     </span>
     <span class='ocr_line' id='line_1_32' title="bbox 274 1751 1350 1802; baseline -0.001 -13"><span class='ocrx_word' id='word_1_231' title='bbox 274 1763 374 1799; x_wconf 86' lang='lat' dir='ltr'>rum,</span> <span class='ocrx_word' id='word_1_232' title='bbox 395 1751 504 1802; x_wconf 90' lang='lat' dir='ltr'>quasi</span> <span class='ocrx_word' id='word_1_233' title='bbox 532 1751 733 1801; x_wconf 84' lang='lat' dir='ltr'>proprium</span> <span class='ocrx_word' id='word_1_234' title='bbox 759 1751 810 1798; x_wconf 90' lang='lat' dir='ltr'>ei;</span> <span class='ocrx_word' id='word_1_235' title='bbox 840 1764 930 1789; x_wconf 92' lang='lat' dir='ltr'>curn</span> <span class='ocrx_word' id='word_1_236' title='bbox 960 1759 1091 1790; x_wconf 88' lang='lat' dir='ltr'>tamen</span> <span class='ocrx_word' id='word_1_237' title='bbox 1117 1751 1350 1802; x_wconf 91' lang='lat' dir='ltr'>posteriores</span> 
     </span>
     <span class='ocr_line' id='line_1_33' title="bbox 274 1804 1348 1856; baseline 0 -13"><span class='ocrx_word' id='word_1_238' title='bbox 274 1804 454 1856; x_wconf 83' lang='lat' dir='ltr'>astrologi</span> <span class='ocrx_word' id='word_1_239' title='bbox 484 1804 611 1843; x_wconf 92' lang='lat' dir='ltr'>dicant</span> <span class='ocrx_word' id='word_1_240' title='bbox 639 1804 745 1854; x_wconf 90' lang='lat' dir='ltr'>quod</span> <span class='ocrx_word' id='word_1_241' title='bbox 769 1805 933 1854; x_wconf 90' lang='lat' dir='ltr'>sphaera</span> <span class='ocrx_word' id='word_1_242' title='bbox 957 1806 1152 1843; x_wconf 91' lang='lat' dir='ltr'>stellarum</span> <span class='ocrx_word' id='word_1_243' title='bbox 1184 1805 1348 1843; x_wconf 82' lang='lat' dir='ltr'>fixarum</span> 
     </span>
     <span class='ocr_line' id='line_1_34' title="bbox 273 1854 1351 1909; baseline 0 -13"><span class='ocrx_word' id='word_1_244' title='bbox 273 1854 415 1901; x_wconf 85' lang='lat' dir='ltr'>habeat</span> <span class='ocrx_word' id='word_1_245' title='bbox 433 1858 628 1908; x_wconf 88' lang='lat' dir='ltr'>quendam</span> <span class='ocrx_word' id='word_1_246' title='bbox 648 1858 848 1908; x_wconf 88' lang='lat' dir='ltr'>proprium</span> <span class='ocrx_word' id='word_1_247' title='bbox 877 1866 1041 1906; x_wconf 91' lang='lat' dir='ltr'>motum,</span> <span class='ocrx_word' id='word_1_248' title='bbox 1062 1871 1177 1909; x_wconf 90' lang='lat' dir='ltr'>supra</span> <span class='ocrx_word' id='word_1_249' title='bbox 1197 1871 1313 1909; x_wconf 90' lang='lat' dir='ltr'>quem</span> <span class='ocrx_word' id='word_1_250' title='bbox 1331 1859 1351 1880; x_wconf 85' lang='lat'><strong><em>*</em></strong></span> 
     </span>
     <span class='ocr_line' id='line_1_35' title="bbox 263 1911 1350 1962; baseline 0.001 -13"><span class='ocrx_word' id='word_1_251' title='bbox 263 1919 424 1961; x_wconf 73' lang='lat' dir='ltr'>ponunt</span> <span class='ocrx_word' id='word_1_252' title='bbox 453 1911 566 1950; x_wconf 89' lang='lat' dir='ltr'>aliam</span> <span class='ocrx_word' id='word_1_253' title='bbox 595 1912 818 1962; x_wconf 90' lang='lat' dir='ltr'>sphaeram,</span> <span class='ocrx_word' id='word_1_254' title='bbox 849 1912 909 1949; x_wconf 93' lang='lat' dir='ltr'>cui</span> <span class='ocrx_word' id='word_1_255' title='bbox 938 1912 1147 1951; x_wconf 91' lang='lat' dir='ltr'>attribuunt</span> <span class='ocrx_word' id='word_1_256' title='bbox 1178 1912 1350 1962; x_wconf 89' lang='lat' dir='ltr'>primum</span> 
     </span>
     <span class='ocr_line' id='line_1_36' title="bbox 273 1965 1350 2016; baseline 0 -12"><span class='ocrx_word' id='word_1_257' title='bbox 273 1971 436 2004; x_wconf 87' lang='lat' dir='ltr'>motum.</span> <span class='ocrx_word' id='word_1_258' title='bbox 468 1965 676 2015; x_wconf 86' lang='lat' dir='ltr'>Supposito</span> <span class='ocrx_word' id='word_1_259' title='bbox 706 1978 796 2014; x_wconf 90' lang='lat' dir='ltr'>ergo</span> <span class='ocrx_word' id='word_1_260' title='bbox 826 1966 932 2016; x_wconf 92' lang='lat' dir='ltr'>quod</span> <span class='ocrx_word' id='word_1_261' title='bbox 961 1967 1124 2016; x_wconf 84' lang='lat' dir='ltr'>sphaera</span> <span class='ocrx_word' id='word_1_262' title='bbox 1156 1967 1350 2004; x_wconf 91' lang='lat' dir='ltr'>stellarum</span> 
     </span>
     <span class='ocr_line' id='line_1_37' title="bbox 274 2017 1350 2070; baseline 0 -13"><span class='ocrx_word' id='word_1_263' title='bbox 274 2017 440 2058; x_wconf 80' lang='lat' dir='ltr'>fixarum</span> <span class='ocrx_word' id='word_1_264' title='bbox 460 2018 507 2056; x_wconf 92' lang='lat' dir='ltr'>sit</span> <span class='ocrx_word' id='word_1_265' title='bbox 535 2031 716 2068; x_wconf 90' lang='lat' dir='ltr'>suprema</span> <span class='ocrx_word' id='word_1_266' title='bbox 735 2020 910 2069; x_wconf 90' lang='lat' dir='ltr'>sphaera,</span> <span class='ocrx_word' id='word_1_267' title='bbox 930 2020 1070 2069; x_wconf 91' lang='lat' dir='ltr'>probat</span> <span class='ocrx_word' id='word_1_268' title='bbox 1088 2020 1195 2070; x_wconf 92' lang='lat' dir='ltr'>quod</span> <span class='ocrx_word' id='word_1_269' title='bbox 1222 2027 1350 2070; x_wconf 91' lang='lat' dir='ltr'>partes</span> 
     </span>
     <span class='ocr_line' id='line_1_38' title="bbox 271 2071 1349 2122; baseline 0.001 -12"><span class='ocrx_word' id='word_1_270' title='bbox 271 2071 358 2120; x_wconf 80' lang='lat' dir='ltr'>eius</span> <span class='ocrx_word' id='word_1_271' title='bbox 377 2085 456 2111; x_wconf 91' lang='lat' dir='ltr'>non</span> <span class='ocrx_word' id='word_1_272' title='bbox 475 2079 707 2111; x_wconf 86' lang='lat' dir='ltr'>moveantur</span> <span class='ocrx_word' id='word_1_273' title='bbox 725 2073 988 2122; x_wconf 84' lang='lat' dir='ltr'>irregulariter.</span> <span class='ocrx_word' id='word_1_274' title='bbox 1010 2073 1111 2121; x_wconf 88' lang='lat' dir='ltr'>Quia</span> <span class='ocrx_word' id='word_1_275' title='bbox 1129 2073 1160 2111; x_wconf 91' lang='lat' dir='ltr'>si</span> <span class='ocrx_word' id='word_1_276' title='bbox 1179 2072 1349 2122; x_wconf 88' lang='lat' dir='ltr'>singulae</span> 
     </span>
     <span class='ocr_line' id='line_1_39' title="bbox 274 2125 1350 2176; baseline 0.001 -13"><span class='ocrx_word' id='word_1_277' title='bbox 274 2133 401 2176; x_wconf 89' lang='lat' dir='ltr'>partes</span> <span class='ocrx_word' id='word_1_278' title='bbox 430 2125 511 2164; x_wconf 85' lang='lat' dir='ltr'>eius</span> <span class='ocrx_word' id='word_1_279' title='bbox 544 2125 779 2176; x_wconf 89' lang='lat' dir='ltr'>quandoque</span> <span class='ocrx_word' id='word_1_280' title='bbox 808 2126 915 2164; x_wconf 89' lang='lat' dir='ltr'>citius</span> <span class='ocrx_word' id='word_1_281' title='bbox 944 2126 1178 2176; x_wconf 89' lang='lat' dir='ltr'>quandoque</span> <span class='ocrx_word' id='word_1_282' title='bbox 1207 2126 1350 2164; x_wconf 91' lang='lat' dir='ltr'>tardius</span> 
     </span>
     <span class='ocr_line' id='line_1_40' title="bbox 276 2179 1349 2230; baseline 0 -13"><span class='ocrx_word' id='word_1_283' title='bbox 276 2186 538 2227; x_wconf 88' lang='lat' dir='ltr'>moverentur,</span> <span class='ocrx_word' id='word_1_284' title='bbox 555 2179 632 2217; x_wconf 91' lang='lat' dir='ltr'>iam</span> <span class='ocrx_word' id='word_1_285' title='bbox 648 2192 671 2217; x_wconf 89' lang='lat' dir='ltr'>a</span> <span class='ocrx_word' id='word_1_286' title='bbox 684 2180 895 2229; x_wconf 88' lang='lat' dir='ltr'>longinquo</span> <span class='ocrx_word' id='word_1_287' title='bbox 914 2187 1087 2230; x_wconf 91' lang='lat' dir='ltr'>tempore</span> <span class='ocrx_word' id='word_1_288' title='bbox 1108 2179 1236 2218; x_wconf 88' lang='lat' dir='ltr'>stellae</span> <span class='ocrx_word' id='word_1_289' title='bbox 1251 2180 1349 2218; x_wconf 86' lang='lat' dir='ltr'>fixae</span> 
     </span>
     <span class='ocr_line' id='line_1_41' title="bbox 275 2231 1351 2282; baseline 0.001 -12"><span class='ocrx_word' id='word_1_290' title='bbox 275 2231 317 2270; x_wconf 90' lang='lat' dir='ltr'>in</span> <span class='ocrx_word' id='word_1_291' title='bbox 343 2232 416 2270; x_wconf 89' lang='lat' dir='ltr'>alia</span> <span class='ocrx_word' id='word_1_292' title='bbox 453 2232 627 2270; x_wconf 88' lang='lat' dir='ltr'>distantia</span> <span class='ocrx_word' id='word_1_293' title='bbox 660 2246 700 2270; x_wconf 91' lang='lat' dir='ltr'>se</span> <span class='ocrx_word' id='word_1_294' title='bbox 729 2233 914 2271; x_wconf 88' lang='lat' dir='ltr'>haberent</span> <span class='ocrx_word' id='word_1_295' title='bbox 946 2234 995 2271; x_wconf 92' lang='lat' dir='ltr'>ad</span> <span class='ocrx_word' id='word_1_296' title='bbox 1028 2233 1195 2271; x_wconf 89' lang='lat' dir='ltr'>invicem</span> <span class='ocrx_word' id='word_1_297' title='bbox 1233 2245 1351 2282; x_wconf 89' lang='lat' dir='ltr'>quam</span> 
     </span>
     <span class='ocr_line' id='line_1_42' title="bbox 275 2285 1346 2336; baseline 0.001 -13"><span class='ocrx_word' id='word_1_298' title='bbox 275 2285 396 2336; x_wconf 90' lang='lat' dir='ltr'>prius,</span> <span class='ocrx_word' id='word_1_299' title='bbox 421 2298 499 2323; x_wconf 90' lang='lat' dir='ltr'>una</span> <span class='ocrx_word' id='word_1_300' title='bbox 529 2298 661 2324; x_wconf 91' lang='lat' dir='ltr'>earum</span> <span class='ocrx_word' id='word_1_301' title='bbox 689 2286 861 2324; x_wconf 91' lang='lat' dir='ltr'>velocius</span> <span class='ocrx_word' id='word_1_302' title='bbox 891 2294 928 2324; x_wconf 93' lang='lat' dir='ltr'>et</span> <span class='ocrx_word' id='word_1_303' title='bbox 955 2286 1029 2324; x_wconf 91' lang='lat' dir='ltr'>alia</span> <span class='ocrx_word' id='word_1_304' title='bbox 1056 2287 1199 2324; x_wconf 89' lang='lat' dir='ltr'>tardius</span> <span class='ocrx_word' id='word_1_305' title='bbox 1227 2294 1346 2325; x_wconf 89' lang='lat' dir='ltr'>mota.</span> 
     </span>
     <span class='ocr_line' id='line_1_43' title="bbox 277 2338 1352 2390; baseline 0.001 -13"><span class='ocrx_word' id='word_1_306' title='bbox 277 2338 357 2379; x_wconf 89' lang='lat' dir='ltr'>Sed</span> <span class='ocrx_word' id='word_1_307' title='bbox 373 2339 487 2378; x_wconf 91' lang='lat' dir='ltr'>huius</span> <span class='ocrx_word' id='word_1_308' title='bbox 507 2340 740 2378; x_wconf 88' lang='lat' dir='ltr'>contrarium</span> <span class='ocrx_word' id='word_1_309' title='bbox 757 2341 777 2362; x_wconf 61' lang='lat'>²¹*</span> <span class='ocrx_word' id='word_1_310' title='bbox 797 2340 972 2390; x_wconf 84' lang='lat' dir='ltr'>apparet:</span> <span class='ocrx_word' id='word_1_311' title='bbox 997 2340 1086 2390; x_wconf 85' lang='lat' dir='ltr'>quia</span> <span class='ocrx_word' id='word_1_312' title='bbox 1105 2339 1352 2378; x_wconf 91' lang='lat' dir='ltr'>inveniuntur</span> 
     </span>
     <span class='ocr_line' id='line_1_44' title="bbox 277 2392 1349 2442; baseline 0.002 -12"><span class='ocrx_word' id='word_1_313' title='bbox 277 2392 443 2431; x_wconf 88' lang='lat' dir='ltr'>eandem</span> <span class='ocrx_word' id='word_1_314' title='bbox 471 2393 636 2442; x_wconf 90' lang='lat' dir='ltr'>figuram</span> <span class='ocrx_word' id='word_1_315' title='bbox 657 2406 898 2442; x_wconf 86' lang='lat' dir='ltr'>conservare,</span> <span class='ocrx_word' id='word_1_316' title='bbox 921 2401 957 2431; x_wconf 90' lang='lat' dir='ltr'>et</span> <span class='ocrx_word' id='word_1_317' title='bbox 985 2395 1126 2431; x_wconf 90' lang='lat' dir='ltr'>eodem</span> <span class='ocrx_word' id='word_1_318' title='bbox 1154 2394 1274 2432; x_wconf 93' lang='lat' dir='ltr'>modo</span> <span class='ocrx_word' id='word_1_319' title='bbox 1301 2394 1349 2432; x_wconf 92' lang='lat' dir='ltr'>ab</span> 
     </span>
     <span class='ocr_line' id='line_1_45' title="bbox 276 2445 1349 2497; baseline 0.001 -13"><span class='ocrx_word' id='word_1_320' title='bbox 276 2445 444 2485; x_wconf 86' lang='lat' dir='ltr'>invicem</span> <span class='ocrx_word' id='word_1_321' title='bbox 473 2446 642 2495; x_wconf 88' lang='lat' dir='ltr'>elongari</span> <span class='ocrx_word' id='word_1_322' title='bbox 660 2446 700 2484; x_wconf 92' lang='lat' dir='ltr'>in</span> <span class='ocrx_word' id='word_1_323' title='bbox 727 2448 804 2485; x_wconf 92' lang='lat' dir='ltr'>hoc</span> <span class='ocrx_word' id='word_1_324' title='bbox 822 2455 1009 2497; x_wconf 90' lang='lat' dir='ltr'>tempore,</span> <span class='ocrx_word' id='word_1_325' title='bbox 1030 2447 1127 2485; x_wconf 92' lang='lat' dir='ltr'>sicut</span> <span class='ocrx_word' id='word_1_326' title='bbox 1155 2447 1270 2485; x_wconf 89' lang='lat' dir='ltr'>etiam</span> <span class='ocrx_word' id='word_1_327' title='bbox 1294 2447 1349 2485; x_wconf 91' lang='lat' dir='ltr'>in-</span> 
     </span>
     <span class='ocr_line' id='line_1_46' title="bbox 275 2500 1351 2550; baseline 0 -12"><span class='ocrx_word' id='word_1_328' title='bbox 275 2507 467 2538; x_wconf 87' lang='lat' dir='ltr'>venerunt</span> <span class='ocrx_word' id='word_1_329' title='bbox 485 2500 737 2550; x_wconf 89' lang='lat' dir='ltr'>antiquissimi</span> <span class='ocrx_word' id='word_1_330' title='bbox 756 2501 1036 2538; x_wconf 90' lang='lat' dir='ltr'>observatores.</span> <span class='ocrx_word' id='word_1_331' title='bbox 1057 2501 1151 2539; x_wconf 91' lang='lat' dir='ltr'>Non</span> <span class='ocrx_word' id='word_1_332' title='bbox 1179 2513 1269 2549; x_wconf 88' lang='lat' dir='ltr'>ergo</span> <span class='ocrx_word' id='word_1_333' title='bbox 1295 2509 1351 2539; x_wconf 90' lang='lat' dir='ltr'>est</span> 
     </span>
     <span class='ocr_line' id='line_1_47' title="bbox 276 2553 1350 2604; baseline 0.002 -14"><span class='ocrx_word' id='word_1_334' title='bbox 276 2553 528 2603; x_wconf 85' lang='lat' dir='ltr'>irregularitas</span> <span class='ocrx_word' id='word_1_335' title='bbox 547 2554 587 2592; x_wconf 86' lang='grc'>111</span> <span class='ocrx_word' id='word_1_336' title='bbox 606 2562 715 2593; x_wconf 87' lang='grc'>1110111</span> <span class='ocrx_word' id='word_1_337' title='bbox 734 2553 848 2604; x_wconf 89' lang='lat' dir='ltr'>primi</span> <span class='ocrx_word' id='word_1_338' title='bbox 873 2554 967 2592; x_wconf 90' lang='lat' dir='ltr'>caeli</span> <span class='ocrx_word' id='word_1_339' title='bbox 987 2562 1176 2603; x_wconf 91' lang='lat' dir='ltr'>quantum</span> <span class='ocrx_word' id='word_1_340' title='bbox 1196 2555 1244 2592; x_wconf 93' lang='lat' dir='ltr'>ad</span> <span class='ocrx_word' id='word_1_341' title='bbox 1263 2567 1350 2604; x_wconf 91' lang='lat' dir='ltr'>par-</span> 
     </span>
     <span class='ocr_line' id='line_1_48' title="bbox 276 2607 455 2646; baseline 0.006 -1"><span class='ocrx_word' id='word_1_342' title='bbox 276 2614 333 2646; x_wconf 88' lang='lat' dir='ltr'>tes</span> <span class='ocrx_word' id='word_1_343' title='bbox 361 2607 455 2646; x_wconf 87' lang='lat' dir='ltr'>eius.</span> 
     </span>
    </p>

    <p class='ocr_par' dir='ltr' id='par_1_7' title="bbox 133 2660 1351 2817">
     <span class='ocr_line' id='line_1_49' title="bbox 331 2660 1351 2711; baseline 0 -13"><span class='ocrx_word' id='word_1_344' title='bbox 331 2672 368 2698; x_wconf 90' lang='lat'>2.</span> <span class='ocrx_word' id='word_1_345' title='bbox 399 2660 477 2699; x_wconf 87' lang='lat' dir='ltr'>Sed</span> <span class='ocrx_word' id='word_1_346' title='bbox 513 2673 640 2711; x_wconf 90' lang='lat' dir='ltr'>neque</span> <span class='ocrx_word' id='word_1_347' title='bbox 669 2661 784 2700; x_wconf 89' lang='lat' dir='ltr'>etiam</span> <span class='ocrx_word' id='word_1_348' title='bbox 821 2669 900 2699; x_wconf 89' lang='lat' dir='ltr'>tota</span> <span class='ocrx_word' id='word_1_349' title='bbox 933 2660 1198 2699; x_wconf 89' lang='lat' dir='ltr'>transmutatio</span> <span class='ocrx_word' id='word_1_350' title='bbox 1234 2660 1351 2711; x_wconf 90' lang='lat' dir='ltr'>primi</span> 
     </span>
     <span class='ocr_line' id='line_1_50' title="bbox 278 2713 1349 2753; baseline 0 -1"><span class='ocrx_word' id='word_1_351' title='bbox 278 2713 372 2752; x_wconf 84' lang='lat' dir='ltr'>caeli</span> <span class='ocrx_word' id='word_1_352' title='bbox 399 2720 671 2752; x_wconf 86' lang='lat' dir='ltr'>transmutatur</span> <span class='ocrx_word' id='word_1_353' title='bbox 705 2714 753 2752; x_wconf 91' lang='lat' dir='ltr'>de</span> <span class='ocrx_word' id='word_1_354' title='bbox 780 2715 983 2752; x_wconf 89' lang='lat' dir='ltr'>velocitate</span> <span class='ocrx_word' id='word_1_355' title='bbox 1012 2715 1051 2752; x_wconf 91' lang='lat' dir='ltr'>in</span> <span class='ocrx_word' id='word_1_356' title='bbox 1080 2714 1349 2753; x_wconf 88' lang='lat' dir='ltr'>remissionem</span> 
     </span>
     <span class='ocr_line' id='line_1_51' title="bbox 133 2767 1350 2817; baseline 0.001 -12"><span class='ocrx_word' id='word_1_357' title='bbox 133 2780 150 2797; x_wconf 69' lang='grc' dir='ltr'>α</span> <span class='ocrx_word' id='word_1_358' title='bbox 275 2767 498 2806; x_wconf 90' lang='lat' dir='ltr'>velocitatis.</span> <span class='ocrx_word' id='word_1_359' title='bbox 520 2768 767 2806; x_wconf 90' lang='lat' dir='ltr'>Manifestum</span> <span class='ocrx_word' id='word_1_360' title='bbox 791 2775 848 2806; x_wconf 89' lang='lat' dir='ltr'>est</span> <span class='ocrx_word' id='word_1_361' title='bbox 877 2767 979 2806; x_wconf 89' lang='lat' dir='ltr'>enim</span> <span class='ocrx_word' id='word_1_362' title='bbox 993 2775 1011 2790; x_wconf 71' lang='lat'>⁶²</span> <span class='ocrx_word' id='word_1_363' title='bbox 1039 2767 1147 2817; x_wconf 91' lang='lat' dir='ltr'>quod</span> <span class='ocrx_word' id='word_1_364' title='bbox 1174 2769 1350 2806; x_wconf 89' lang='lat' dir='ltr'>remissio</span> 
     </span>
    </p>

    <p class='ocr_par' dir='ltr' id='par_1_8' title="bbox 133 2820 1352 3405">
     <span class='ocr_line' id='line_1_52' title="bbox 275 2820 1350 2872; baseline -0.001 -11"><span class='ocrx_word' id='word_1_365' title='bbox 275 2821 487 2861; x_wconf 84' lang='lat' dir='ltr'>velocitatis</span> <span class='ocrx_word' id='word_1_366' title='bbox 506 2829 635 2859; x_wconf 91' lang='lat' dir='ltr'>motus</span> <span class='ocrx_word' id='word_1_367' title='bbox 655 2820 931 2871; x_wconf 90' lang='lat' dir='ltr'>cuiuscumque</span> <span class='ocrx_word' id='word_1_368' title='bbox 955 2821 1109 2859; x_wconf 91' lang='lat' dir='ltr'>mobilis</span> <span class='ocrx_word' id='word_1_369' title='bbox 1129 2821 1175 2859; x_wconf 93' lang='lat' dir='ltr'>sit</span> <span class='ocrx_word' id='word_1_370' title='bbox 1191 2830 1350 2872; x_wconf 92' lang='lat' dir='ltr'>propter</span> 
     </span>
     <span class='ocr_line' id='line_1_53' title="bbox 275 2874 1351 2925; baseline 0.002 -14"><span class='ocrx_word' id='word_1_371' title='bbox 275 2874 560 2924; x_wconf 87' lang='lat' dir='ltr'>impotentiam;</span> <span class='ocrx_word' id='word_1_372' title='bbox 580 2875 677 2912; x_wconf 90' lang='lat' dir='ltr'>sicut</span> <span class='ocrx_word' id='word_1_373' title='bbox 689 2874 868 2913; x_wconf 85' lang='lat' dir='ltr'>videmus</span> <span class='ocrx_word' id='word_1_374' title='bbox 889 2875 994 2924; x_wconf 89' lang='lat' dir='ltr'>quod</span> <span class='ocrx_word' id='word_1_375' title='bbox 1014 2875 1170 2924; x_wconf 91' lang='lat' dir='ltr'>quando</span> <span class='ocrx_word' id='word_1_376' title='bbox 1187 2888 1351 2925; x_wconf 89' lang='lat' dir='ltr'>corpora</span> 
     </span>
     <span class='ocr_line' id='line_1_54' title="bbox 275 2927 1348 2976; baseline 0.002 -11"><span class='ocrx_word' id='word_1_377' title='bbox 275 2927 498 2966; x_wconf 89' lang='lat' dir='ltr'>animalium</span> <span class='ocrx_word' id='word_1_378' title='bbox 533 2929 740 2976; x_wconf 90' lang='lat' dir='ltr'>lassantur,</span> <span class='ocrx_word' id='word_1_379' title='bbox 785 2928 985 2966; x_wconf 89' lang='lat' dir='ltr'>remittitur</span> <span class='ocrx_word' id='word_1_380' title='bbox 1027 2941 1164 2966; x_wconf 91' lang='lat' dir='ltr'>eorum</span> <span class='ocrx_word' id='word_1_381' title='bbox 1207 2937 1348 2967; x_wconf 90' lang='lat' dir='ltr'>motus.</span> 
     </span>
     <span class='ocr_line' id='line_1_55' title="bbox 277 2980 1349 3032; baseline 0.002 -14"><span class='ocrx_word' id='word_1_382' title='bbox 277 2980 416 3018; x_wconf 90' lang='lat' dir='ltr'>Omnis</span> <span class='ocrx_word' id='word_1_383' title='bbox 445 2989 574 3020; x_wconf 90' lang='lat' dir='ltr'>autem</span> <span class='ocrx_word' id='word_1_384' title='bbox 602 2981 830 3031; x_wconf 89' lang='lat' dir='ltr'>impotentia</span> <span class='ocrx_word' id='word_1_385' title='bbox 858 2989 894 3019; x_wconf 91' lang='lat' dir='ltr'>et</span> <span class='ocrx_word' id='word_1_386' title='bbox 915 2982 1085 3020; x_wconf 88' lang='lat' dir='ltr'>defectus</span> <span class='ocrx_word' id='word_1_387' title='bbox 1114 2990 1170 3019; x_wconf 93' lang='lat' dir='ltr'>est</span> <span class='ocrx_word' id='word_1_388' title='bbox 1197 2990 1349 3032; x_wconf 90' lang='lat' dir='ltr'>praeter</span> 
     </span>
     <span class='ocr_line' id='line_1_56' title="bbox 275 3034 1348 3084; baseline 0.002 -13"><span class='ocrx_word' id='word_1_389' title='bbox 275 3041 465 3082; x_wconf 88' lang='lat' dir='ltr'>naturam,</span> <span class='ocrx_word' id='word_1_390' title='bbox 486 3034 583 3072; x_wconf 90' lang='lat' dir='ltr'>sicut</span> <span class='ocrx_word' id='word_1_391' title='bbox 607 3043 714 3084; x_wconf 90' lang='lat' dir='ltr'>patet</span> <span class='ocrx_word' id='word_1_392' title='bbox 730 3035 770 3072; x_wconf 90' lang='lat' dir='ltr'>in</span> <span class='ocrx_word' id='word_1_393' title='bbox 797 3035 1038 3083; x_wconf 88' lang='lat' dir='ltr'>animalibus,</span> <span class='ocrx_word' id='word_1_394' title='bbox 1058 3035 1098 3073; x_wconf 91' lang='lat' dir='ltr'>in</span> <span class='ocrx_word' id='word_1_395' title='bbox 1126 3035 1267 3084; x_wconf 90' lang='lat' dir='ltr'>quibus</span> <span class='ocrx_word' id='word_1_396' title='bbox 1291 3049 1348 3074; x_wconf 93' lang='lat' dir='ltr'>se-</span> 
     </span>
     <span class='ocr_line' id='line_1_57' title="bbox 276 3087 1351 3127; baseline 0.003 -3"><span class='ocrx_word' id='word_1_397' title='bbox 276 3094 408 3124; x_wconf 89' lang='lat' dir='ltr'>nectus</span> <span class='ocrx_word' id='word_1_398' title='bbox 437 3095 474 3125; x_wconf 90' lang='lat' dir='ltr'>et</span> <span class='ocrx_word' id='word_1_399' title='bbox 503 3087 792 3126; x_wconf 89' lang='lat' dir='ltr'>decrementum</span> <span class='ocrx_word' id='word_1_400' title='bbox 820 3097 858 3126; x_wconf 90' lang='lat' dir='ltr'>et</span> <span class='ocrx_word' id='word_1_401' title='bbox 894 3089 967 3126; x_wconf 89' lang='lat' dir='ltr'>alia</span> <span class='ocrx_word' id='word_1_402' title='bbox 1002 3088 1226 3127; x_wconf 90' lang='lat' dir='ltr'>huiusmodi</span> <span class='ocrx_word' id='word_1_403' title='bbox 1263 3096 1351 3127; x_wconf 93' lang='lat' dir='ltr'>sunt</span> 
     </span>
     <span class='ocr_line' id='line_1_58' title="bbox 274 3141 1349 3192; baseline 0.002 -14"><span class='ocrx_word' id='word_1_404' title='bbox 274 3148 427 3190; x_wconf 90' lang='lat' dir='ltr'>praeter</span> <span class='ocrx_word' id='word_1_405' title='bbox 444 3149 632 3179; x_wconf 87' lang='lat' dir='ltr'>naturam.</span> <span class='ocrx_word' id='word_1_406' title='bbox 654 3161 678 3170; x_wconf 89' lang='lat'>-</span> <span class='ocrx_word' id='word_1_407' title='bbox 699 3141 818 3190; x_wconf 92' lang='lat' dir='ltr'>Quod</span> <span class='ocrx_word' id='word_1_408' title='bbox 842 3150 898 3180; x_wconf 92' lang='lat' dir='ltr'>est</span> <span class='ocrx_word' id='word_1_409' title='bbox 915 3142 1204 3191; x_wconf 89' lang='lat' dir='ltr'>intelligendum</span> <span class='ocrx_word' id='word_1_410' title='bbox 1229 3155 1349 3192; x_wconf 87' lang='lat' dir='ltr'>quan-</span> 
     </span>
     <span class='ocr_line' id='line_1_59' title="bbox 275 3194 1348 3246; baseline 0.001 -14"><span class='ocrx_word' id='word_1_411' title='bbox 275 3201 356 3232; x_wconf 88' lang='lat' dir='ltr'>tum</span> <span class='ocrx_word' id='word_1_412' title='bbox 385 3194 435 3232; x_wconf 91' lang='lat' dir='ltr'>ad</span> <span class='ocrx_word' id='word_1_413' title='bbox 462 3202 639 3233; x_wconf 90' lang='lat' dir='ltr'>naturam</span> <span class='ocrx_word' id='word_1_414' title='bbox 666 3195 950 3244; x_wconf 88' lang='lat' dir='ltr'>particularem,</span> <span class='ocrx_word' id='word_1_415' title='bbox 982 3208 1080 3246; x_wconf 92' lang='lat' dir='ltr'>quae</span> <span class='ocrx_word' id='word_1_416' title='bbox 1111 3204 1167 3234; x_wconf 91' lang='lat' dir='ltr'>est</span> <span class='ocrx_word' id='word_1_417' title='bbox 1196 3209 1348 3234; x_wconf 88' lang='lat' dir='ltr'>conser-</span> 
     </span>
     <span class='ocr_line' id='line_1_60' title="bbox 274 3247 1348 3299; baseline 0 -13"><span class='ocrx_word' id='word_1_418' title='bbox 274 3247 405 3286; x_wconf 87' lang='lat' dir='ltr'>vativa</span> <span class='ocrx_word' id='word_1_419' title='bbox 431 3248 730 3298; x_wconf 90' lang='lat' dir='ltr'>uniuscuiusque</span> <span class='ocrx_word' id='word_1_420' title='bbox 766 3248 954 3287; x_wconf 89' lang='lat' dir='ltr'>individui</span> <span class='ocrx_word' id='word_1_421' title='bbox 987 3257 1174 3298; x_wconf 89' lang='lat' dir='ltr'>quantum</span> <span class='ocrx_word' id='word_1_422' title='bbox 1201 3257 1348 3299; x_wconf 90' lang='lat' dir='ltr'>potest:</span> 
     </span>
     <span class='ocr_line' id='line_1_61' title="bbox 133 3301 1352 3352; baseline 0.002 -15"><span class='ocrx_word' id='word_1_423' title='bbox 133 3303 149 3337; x_wconf 81' lang='grc' dir='ltr'><strong>β</strong></span> <span class='ocrx_word' id='word_1_424' title='bbox 274 3301 378 3339; x_wconf 90' lang='lat' dir='ltr'>unde</span> <span class='ocrx_word' id='word_1_425' title='bbox 406 3309 556 3352; x_wconf 88' lang='lat' dir='ltr'>praeter</span> <span class='ocrx_word' id='word_1_426' title='bbox 582 3301 833 3340; x_wconf 91' lang='lat' dir='ltr'>intentionem</span> <span class='ocrx_word' id='word_1_427' title='bbox 861 3302 942 3340; x_wconf 92' lang='grc'>81113</span> <span class='ocrx_word' id='word_1_428' title='bbox 961 3301 978 3331; x_wconf 69' lang='grc' dir='ltr'><strong><em>β</em></strong></span> <span class='ocrx_word' id='word_1_429' title='bbox 999 3310 1055 3340; x_wconf 88' lang='grc'>831</span> <span class='ocrx_word' id='word_1_430' title='bbox 1073 3303 1179 3352; x_wconf 89' lang='lat' dir='ltr'>quod</span> <span class='ocrx_word' id='word_1_431' title='bbox 1200 3302 1352 3340; x_wconf 90' lang='lat' dir='ltr'>deficiat</span> 
     </span>
     <span class='ocr_line' id='line_1_62' title="bbox 275 3354 1349 3405; baseline 0.002 -14"><span class='ocrx_word' id='word_1_432' title='bbox 275 3354 314 3392; x_wconf 91' lang='lat' dir='ltr'>in</span> <span class='ocrx_word' id='word_1_433' title='bbox 335 3356 614 3393; x_wconf 89' lang='lat' dir='ltr'>conservando.</span> <span class='ocrx_word' id='word_1_434' title='bbox 643 3355 736 3393; x_wconf 94' lang='lat' dir='ltr'>Non</span> <span class='ocrx_word' id='word_1_435' title='bbox 756 3364 884 3393; x_wconf 90' lang='lat' dir='ltr'>autem</span> <span class='ocrx_word' id='word_1_436' title='bbox 913 3363 969 3393; x_wconf 91' lang='lat' dir='ltr'>est</span> <span class='ocrx_word' id='word_1_437' title='bbox 995 3364 1147 3405; x_wconf 92' lang='lat' dir='ltr'>praeter</span> <span class='ocrx_word' id='word_1_438' title='bbox 1174 3364 1349 3393; x_wconf 90' lang='lat' dir='ltr'>naturam</span> 
     </span>
    </p>
   </div>
   <div class='ocr_carea' id='block_1_5' title="bbox 326 848 532 1054">
    <p class='ocr_par' dir='ltr' id='par_1_9' title="bbox 326 848 532 1054">
     <span class='ocr_line' id='line_1_63' title="bbox 326 848 532 1054; baseline 0 3080"><span class='ocrx_word' id='word_1_439' title='bbox 326 848 532 1054; x_wconf 95' lang='lat' dir='ltr'> </span> 
     </span>
    </p>
   </div>
   <div class='ocr_carea' id='block_1_6' title="bbox 32 1844 220 1894">
    <p class='ocr_par' dir='ltr' id='par_1_10' title="bbox 32 1844 220 1894">
     <span class='ocr_line' id='line_1_64' title="bbox 32 1844 220 1894; baseline -0.005 -6"><span class='ocrx_word' id='word_1_440' title='bbox 32 1844 220 1894; x_wconf 50' lang='grc' dir='ltr'>ἕψω..</span> 
     </span>
    </p>
   </div>
   <div class='ocr_carea' id='block_1_7' title="bbox 27 2348 248 2398">
    <p class='ocr_par' dir='ltr' id='par_1_11' title="bbox 27 2348 248 2398">
     <span class='ocr_line' id='line_1_65' title="bbox 33 2348 248 2371; baseline 0 0"><span class='ocrx_word' id='word_1_441' title='bbox 33 2348 46 2363; x_wconf 72' lang='grc'><em>“</em></span> <span class='ocrx_word' id='word_1_442' title='bbox 51 2348 86 2371; x_wconf 75' lang='lat' dir='ltr'>ad</span> <span class='ocrx_word' id='word_1_443' title='bbox 91 2353 186 2371; x_wconf 67' lang='lat' dir='ltr'>cenem</span> <span class='ocrx_word' id='word_1_444' title='bbox 193 2348 248 2371; x_wconf 74' lang='lat' dir='ltr'>add.</span> 
     </span>
     <span class='ocr_line' id='line_1_66' title="bbox 27 2380 125 2398; baseline 0 0"><span class='ocrx_word' id='word_1_445' title='bbox 27 2380 125 2398; x_wconf 67' lang='grc' dir='ltr'>Ἂιωοι.</span> 
     </span>
    </p>
   </div>
   <div class='ocr_carea' id='block_1_8' title="bbox 24 3524 1347 3683">
    <p class='ocr_par' dir='ltr' id='par_1_12' title="bbox 24 3524 1347 3683">
     <span class='ocr_line' id='line_1_67' title="bbox 330 3524 1346 3558; baseline -0.003 -9"><span class='ocrx_word' id='word_1_446' title='bbox 330 3524 357 3557; x_wconf 86' lang='grc' dir='ltr'>α)</span> <span class='ocrx_word' id='word_1_447' title='bbox 377 3524 552 3558; x_wconf 76' lang='lat' dir='ltr'>Manifestum</span> <span class='ocrx_word' id='word_1_448' title='bbox 570 3527 610 3549; x_wconf 85' lang='lat' dir='ltr'>est</span> <span class='ocrx_word' id='word_1_449' title='bbox 628 3525 706 3550; x_wconf 85' lang='lat' dir='ltr'>enim.</span> <span class='ocrx_word' id='word_1_450' title='bbox 719 3525 788 3550; x_wconf 81' lang='lat' dir='ltr'>-Ita</span> <span class='ocrx_word' id='word_1_451' title='bbox 804 3525 843 3555; x_wconf 86' lang='lat' dir='ltr'>A;</span> <span class='ocrx_word' id='word_1_452' title='bbox 863 3529 912 3550; x_wconf 88' lang='lat' dir='ltr'>cet.</span> <span class='ocrx_word' id='word_1_453' title='bbox 926 3529 952 3550; x_wconf 89' lang='lat' dir='ltr'>et</span> <span class='ocrx_word' id='word_1_454' title='bbox 965 3525 985 3549; x_wconf 91' lang='lat' dir='ltr'>P</span> <span class='ocrx_word' id='word_1_455' title='bbox 999 3532 1047 3557; x_wconf 89' lang='lat' dir='ltr'>pro</span> <span class='ocrx_word' id='word_1_456' title='bbox 1063 3524 1133 3549; x_wconf 85' lang='lat' dir='ltr'>em&#39;m</span> <span class='ocrx_word' id='word_1_457' title='bbox 1146 3524 1235 3555; x_wconf 81' lang='lat' dir='ltr'>legunt</span> <span class='ocrx_word' id='word_1_458' title='bbox 1248 3525 1346 3550; x_wconf 85' lang='lat' dir='ltr'>autem,</span> 
     </span>
     <span class='ocr_line' id='line_1_68' title="bbox 276 3557 1347 3593; baseline -0.003 -9"><span class='ocrx_word' id='word_1_459' title='bbox 276 3564 396 3593; x_wconf 87' lang='lat' dir='ltr'>corrupte</span> <span class='ocrx_word' id='word_1_460' title='bbox 409 3564 438 3584; x_wconf 91' lang='lat' dir='ltr'>ut</span> <span class='ocrx_word' id='word_1_461' title='bbox 451 3564 559 3592; x_wconf 83' lang='lat' dir='ltr'>patet.—</span> <span class='ocrx_word' id='word_1_462' title='bbox 538 3559 675 3585; x_wconf 83' lang='lat' dir='ltr'>—Inferius</span> <span class='ocrx_word' id='word_1_463' title='bbox 690 3560 724 3585; x_wconf 87' lang='lat' dir='ltr'>ibi</span> <span class='ocrx_word' id='word_1_464' title='bbox 738 3560 859 3585; x_wconf 72' lang='lat' dir='ltr'>videmus</span> <span class='ocrx_word' id='word_1_465' title='bbox 872 3560 944 3593; x_wconf 82' lang='lat' dir='ltr'>quod</span> <span class='ocrx_word' id='word_1_466' title='bbox 956 3560 1072 3592; x_wconf 82' lang='lat' dir='ltr'>quando,</span> <span class='ocrx_word' id='word_1_467' title='bbox 1083 3559 1102 3583; x_wconf 88' lang='lat' dir='ltr'>P</span> <span class='ocrx_word' id='word_1_468' title='bbox 1113 3563 1138 3583; x_wconf 88' lang='lat' dir='ltr'>et</span> <span class='ocrx_word' id='word_1_469' title='bbox 1153 3558 1227 3582; x_wconf 85' lang='lat' dir='ltr'>codd.</span> <span class='ocrx_word' id='word_1_470' title='bbox 1238 3565 1291 3582; x_wconf 87' lang='lat' dir='ltr'>exc.</span> <span class='ocrx_word' id='word_1_471' title='bbox 1301 3557 1347 3581; x_wconf 86' lang='grc' dir='ltr'>ΑΕ</span> 
     </span>
     <span class='ocr_line' id='line_1_69' title="bbox 26 3592 1347 3628; baseline -0.005 -7"><span class='ocrx_word' id='word_1_472' title='bbox 26 3618 39 3628; x_wconf 35' lang='lat'>,5</span> <span class='ocrx_word' id='word_1_473' title='bbox 275 3603 329 3620; x_wconf 90' lang='lat' dir='ltr'>om.</span> <span class='ocrx_word' id='word_1_474' title='bbox 334 3595 415 3628; x_wconf 82' lang='lat' dir='ltr'>quod;</span> <span class='ocrx_word' id='word_1_475' title='bbox 422 3595 450 3626; x_wconf 92' lang='lat' dir='ltr'>P,</span> <span class='ocrx_word' id='word_1_476' title='bbox 458 3600 487 3620; x_wconf 91' lang='lat' dir='ltr'>ut</span> <span class='ocrx_word' id='word_1_477' title='bbox 496 3599 651 3620; x_wconf 83' lang='lat' dir='ltr'>structuram</span> <span class='ocrx_word' id='word_1_478' title='bbox 662 3595 804 3620; x_wconf 84' lang='lat' dir='ltr'>sententiae</span> <span class='ocrx_word' id='word_1_479' title='bbox 814 3595 932 3628; x_wconf 82' lang='lat' dir='ltr'>corrigat,</span> <span class='ocrx_word' id='word_1_480' title='bbox 941 3595 1078 3627; x_wconf 83' lang='lat' dir='ltr'>interpolat</span> <span class='ocrx_word' id='word_1_481' title='bbox 1087 3597 1113 3618; x_wconf 88' lang='lat' dir='ltr'>et</span> <span class='ocrx_word' id='word_1_482' title='bbox 1123 3598 1181 3618; x_wconf 84' lang='lat' dir='ltr'>ante</span> <span class='ocrx_word' id='word_1_483' title='bbox 1190 3592 1347 3617; x_wconf 82' lang='lat' dir='ltr'>remittitur.</span> 
     </span>
     <span class='ocr_line' id='line_1_70' title="bbox 24 3628 1347 3683; baseline -0.005 -26"><span class='ocrx_word' id='word_1_484' title='bbox 24 3628 42 3683; x_wconf 59' lang='grc' dir='ltr'>ξ</span> <span class='ocrx_word' id='word_1_485' title='bbox 330 3630 356 3665; x_wconf 80' lang='grc' dir='ltr'>β)</span> <span class='ocrx_word' id='word_1_486' title='bbox 371 3634 484 3663; x_wconf 81' lang='lat' dir='ltr'>praeter</span> <span class='ocrx_word' id='word_1_487' title='bbox 499 3631 671 3656; x_wconf 81' lang='lat' dir='ltr'>intentionem</span> <span class='ocrx_word' id='word_1_488' title='bbox 686 3631 751 3656; x_wconf 83' lang='lat' dir='ltr'>eius.</span> <span class='ocrx_word' id='word_1_489' title='bbox 765 3634 905 3663; x_wconf 70' lang='lat' dir='ltr'>-ptaeter</span> <span class='ocrx_word' id='word_1_490' title='bbox 920 3633 1046 3655; x_wconf 84' lang='lat' dir='ltr'>naturam</span> <span class='ocrx_word' id='word_1_491' title='bbox 1065 3629 1121 3654; x_wconf 84' lang='lat' dir='ltr'>eius</span> <span class='ocrx_word' id='word_1_492' title='bbox 1141 3629 1169 3659; x_wconf 88' lang='lat' dir='ltr'>P,</span> <span class='ocrx_word' id='word_1_493' title='bbox 1189 3628 1255 3652; x_wconf 91' lang='lat' dir='ltr'>idest</span> <span class='ocrx_word' id='word_1_494' title='bbox 1274 3634 1347 3659; x_wconf 83' lang='lat' dir='ltr'>prae-</span> 
     </span>
    </p>
   </div>
   <div class='ocr_carea' id='block_1_9' title="bbox 419 3685 783 3718">
    <p class='ocr_par' dir='ltr' id='par_1_13' title="bbox 419 3685 783 3718">
     <span class='ocr_line' id='line_1_71' title="bbox 419 3685 783 3718; baseline -0.003 -8"><span class='ocrx_word' id='word_1_495' title='bbox 419 3685 488 3718; x_wconf 86' lang='lat' dir='ltr'>Opp.</span> <span class='ocrx_word' id='word_1_496' title='bbox 508 3685 539 3709; x_wconf 92' lang='lat' dir='ltr'>D.</span> <span class='ocrx_word' id='word_1_497' title='bbox 558 3685 673 3710; x_wconf 73' lang='lat' dir='ltr'>TfloMAss</span> <span class='ocrx_word' id='word_1_498' title='bbox 692 3685 723 3710; x_wconf 91' lang='lat' dir='ltr'>T.</span> <span class='ocrx_word' id='word_1_499' title='bbox 744 3685 783 3709; x_wconf 81' lang='grc' dir='ltr'>ΙΙΙ.</span> 
     </span>
    </p>
   </div>
   <div class='ocr_carea' id='block_1_10' title="bbox 1375 3239 1379 3398">
    <p class='ocr_par' dir='ltr' id='par_1_14' title="bbox 1375 3239 1379 3398">
     <span class='ocr_line' id='line_1_72' title="bbox 1375 3239 1379 3398; baseline 0 0"><span class='ocrx_word' id='word_1_500' title='bbox 1375 3239 1379 3398; x_wconf 95' lang='lat' dir='ltr'> </span> 
     </span>
    </p>
   </div>
   <div class='ocr_carea' id='block_1_11' title="bbox 1372 3522 1377 3653">
    <p class='ocr_par' dir='ltr' id='par_1_15' title="bbox 1372 3522 1377 3653">
     <span class='ocr_line' id='line_1_73' title="bbox 1372 3522 1377 3653; baseline 0 481"><span class='ocrx_word' id='word_1_501' title='bbox 1372 3522 1377 3653; x_wconf 95' lang='lat' dir='ltr'> </span> 
     </span>
    </p>
   </div>
   <div class='ocr_carea' id='block_1_12' title="bbox 1379 260 2468 299">
    <p class='ocr_par' dir='ltr' id='par_1_16' title="bbox 1379 260 2468 299">
     <span class='ocr_line' id='line_1_74' title="bbox 1379 260 2468 299; baseline 0 -1"><span class='ocrx_word' id='word_1_502' title='bbox 1379 260 1531 298; x_wconf 90' lang='lat' dir='ltr'>LECT.</span> <span class='ocrx_word' id='word_1_503' title='bbox 1562 260 1614 296; x_wconf 91' lang='lat' dir='ltr'>IX</span> <span class='ocrx_word' id='word_1_504' title='bbox 2399 273 2410 297; x_wconf 94' lang='lat'>1</span> <span class='ocrx_word' id='word_1_505' title='bbox 2424 262 2468 299; x_wconf 89' lang='lat'>53</span> 
     </span>
    </p>
   </div>
   <div class='ocr_carea' id='block_1_13' title="bbox 1398 338 2472 775">
    <p class='ocr_par' dir='ltr' id='par_1_17' title="bbox 1398 338 2472 775">
     <span class='ocr_line' id='line_1_75' title="bbox 1398 338 2471 375; baseline 0.003 -8"><span class='ocrx_word' id='word_1_506' title='bbox 1398 339 1623 368; x_wconf 89' lang='lat' dir='ltr'>determinatum</span> <span class='ocrx_word' id='word_1_507' title='bbox 1648 338 1804 366; x_wconf 88' lang='lat' dir='ltr'>minimum</span> <span class='ocrx_word' id='word_1_508' title='bbox 1835 344 1950 374; x_wconf 89' lang='lat' dir='ltr'>tempus</span> <span class='ocrx_word' id='word_1_509' title='bbox 1971 338 2092 367; x_wconf 87' lang='lat' dir='ltr'>alicuius</span> <span class='ocrx_word' id='word_1_510' title='bbox 2114 339 2249 375; x_wconf 90' lang='lat' dir='ltr'>actionis,</span> <span class='ocrx_word' id='word_1_511' title='bbox 2271 340 2311 368; x_wconf 91' lang='lat' dir='ltr'>ita</span> <span class='ocrx_word' id='word_1_512' title='bbox 2332 348 2360 369; x_wconf 90' lang='lat' dir='ltr'>et</span> <span class='ocrx_word' id='word_1_513' title='bbox 2382 342 2471 370; x_wconf 87' lang='lat' dir='ltr'>maxi-</span> 
     </span>
     <span class='ocr_line' id='line_1_76' title="bbox 1398 378 2470 418; baseline 0.002 -11"><span class='ocrx_word' id='word_1_514' title='bbox 1398 389 1488 407; x_wconf 91' lang='lat' dir='ltr'>mum.</span> <span class='ocrx_word' id='word_1_515' title='bbox 1505 395 1524 401; x_wconf 94' lang='lat'><em>-</em></span> <span class='ocrx_word' id='word_1_516' title='bbox 1540 389 1566 416; x_wconf 92' lang='lat'>7.</span> <span class='ocrx_word' id='word_1_517' title='bbox 1589 379 1637 406; x_wconf 89' lang='lat' dir='ltr'>Ad</span> <span class='ocrx_word' id='word_1_518' title='bbox 1658 378 1870 406; x_wconf 89' lang='lat' dir='ltr'>excludendam</span> <span class='ocrx_word' id='word_1_519' title='bbox 1893 378 2106 415; x_wconf 87' lang='lat' dir='ltr'>obviationem,</span> <span class='ocrx_word' id='word_1_520' title='bbox 2129 379 2233 407; x_wconf 86' lang='lat' dir='ltr'>dicitur</span> <span class='ocrx_word' id='word_1_521' title='bbox 2254 380 2470 418; x_wconf 87' lang='lat' dir='ltr'>intelligendum</span> 
     </span>
     <span class='ocr_line' id='line_1_77' title="bbox 1399 418 2471 456; baseline 0.003 -10"><span class='ocrx_word' id='word_1_522' title='bbox 1399 428 1460 447; x_wconf 90' lang='lat' dir='ltr'>esse</span> <span class='ocrx_word' id='word_1_523' title='bbox 1483 419 1564 456; x_wconf 90' lang='lat' dir='ltr'>quod</span> <span class='ocrx_word' id='word_1_524' title='bbox 1584 419 1806 447; x_wconf 87' lang='lat' dir='ltr'>transcendatur</span> <span class='ocrx_word' id='word_1_525' title='bbox 1826 427 1915 446; x_wconf 90' lang='lat' dir='ltr'>omne</span> <span class='ocrx_word' id='word_1_526' title='bbox 1930 418 2086 446; x_wconf 90' lang='lat' dir='ltr'>minimum</span> <span class='ocrx_word' id='word_1_527' title='bbox 2107 425 2222 456; x_wconf 88' lang='lat' dir='ltr'>tempus</span> <span class='ocrx_word' id='word_1_528' title='bbox 2243 426 2271 447; x_wconf 89' lang='lat' dir='ltr'>et</span> <span class='ocrx_word' id='word_1_529' title='bbox 2292 421 2387 449; x_wconf 89' lang='lat' dir='ltr'>omnis</span> <span class='ocrx_word' id='word_1_530' title='bbox 2409 431 2471 450; x_wconf 88' lang='lat' dir='ltr'>ma-</span> 
     </span>
     <span class='ocr_line' id='line_1_78' title="bbox 1398 458 2472 496; baseline 0.002 -9"><span class='ocrx_word' id='word_1_531' title='bbox 1398 459 1520 496; x_wconf 86' lang='lat' dir='ltr'>gnitudo</span> <span class='ocrx_word' id='word_1_532' title='bbox 1542 458 1710 494; x_wconf 78' lang='lat' dir='ltr'>velocitatis,</span> <span class='ocrx_word' id='word_1_533' title='bbox 1726 458 1750 486; x_wconf 90' lang='lat' dir='ltr'>si</span> <span class='ocrx_word' id='word_1_534' title='bbox 1771 467 1887 495; x_wconf 90' lang='lat' dir='ltr'>semper</span> <span class='ocrx_word' id='word_1_535' title='bbox 1907 467 1959 495; x_wconf 86' lang='lat' dir='ltr'>per</span> <span class='ocrx_word' id='word_1_536' title='bbox 1979 458 2125 486; x_wconf 89' lang='lat' dir='ltr'>infinitum</span> <span class='ocrx_word' id='word_1_537' title='bbox 2146 466 2261 496; x_wconf 90' lang='lat' dir='ltr'>tempus</span> <span class='ocrx_word' id='word_1_538' title='bbox 2282 461 2405 489; x_wconf 89' lang='lat' dir='ltr'>addatur</span> <span class='ocrx_word' id='word_1_539' title='bbox 2423 470 2472 489; x_wconf 87' lang='lat' dir='ltr'>ae-</span> 
     </span>
     <span class='ocr_line' id='line_1_79' title="bbox 1399 498 2470 536; baseline 0.003 -10"><span class='ocrx_word' id='word_1_540' title='bbox 1399 499 1491 536; x_wconf 87' lang='lat' dir='ltr'>qualis</span> <span class='ocrx_word' id='word_1_541' title='bbox 1512 498 1649 527; x_wconf 89' lang='lat' dir='ltr'>velocitas</span> <span class='ocrx_word' id='word_1_542' title='bbox 1670 498 1716 526; x_wconf 91' lang='lat' dir='ltr'>vel</span> <span class='ocrx_word' id='word_1_543' title='bbox 1737 498 1824 527; x_wconf 81' lang='lat' dir='ltr'>etiam</span> <span class='ocrx_word' id='word_1_544' title='bbox 1846 498 1955 534; x_wconf 88' lang='lat' dir='ltr'>maior;</span> <span class='ocrx_word' id='word_1_545' title='bbox 1976 508 2038 527; x_wconf 94' lang='lat' dir='ltr'>non</span> <span class='ocrx_word' id='word_1_546' title='bbox 2059 505 2157 527; x_wconf 89' lang='lat' dir='ltr'>autem</span> <span class='ocrx_word' id='word_1_547' title='bbox 2179 499 2202 527; x_wconf 91' lang='lat' dir='ltr'>si</span> <span class='ocrx_word' id='word_1_548' title='bbox 2225 500 2370 536; x_wconf 91' lang='lat' dir='ltr'>appositio</span> <span class='ocrx_word' id='word_1_549' title='bbox 2392 501 2470 529; x_wconf 90' lang='lat' dir='ltr'>velo-</span> 
     </span>
     <span class='ocr_line' id='line_1_80' title="bbox 1399 538 2471 576; baseline 0.003 -10"><span class='ocrx_word' id='word_1_550' title='bbox 1399 538 1490 567; x_wconf 90' lang='lat' dir='ltr'>citatis</span> <span class='ocrx_word' id='word_1_551' title='bbox 1512 538 1562 567; x_wconf 89' lang='lat' dir='ltr'>fiat</span> <span class='ocrx_word' id='word_1_552' title='bbox 1583 539 1744 567; x_wconf 89' lang='lat' dir='ltr'>secundum</span> <span class='ocrx_word' id='word_1_553' title='bbox 1771 545 1867 575; x_wconf 89' lang='lat' dir='ltr'>partes</span> <span class='ocrx_word' id='word_1_554' title='bbox 1889 548 2004 575; x_wconf 88' lang='lat' dir='ltr'>semper</span> <span class='ocrx_word' id='word_1_555' title='bbox 2031 538 2109 567; x_wconf 89' lang='lat' dir='ltr'>iuxta</span> <span class='ocrx_word' id='word_1_556' title='bbox 2131 540 2228 568; x_wconf 87' lang='lat' dir='ltr'>datam</span> <span class='ocrx_word' id='word_1_557' title='bbox 2250 540 2471 576; x_wconf 89' lang='lat' dir='ltr'>proportionem</span> 
     </span>
     <span class='ocr_line' id='line_1_81' title="bbox 1399 578 2472 615; baseline 0.002 -9"><span class='ocrx_word' id='word_1_558' title='bbox 1399 578 1541 613; x_wconf 86' lang='lat' dir='ltr'>minores;</span> <span class='ocrx_word' id='word_1_559' title='bbox 1564 578 1605 606; x_wconf 88' lang='lat' dir='ltr'>sic</span> <span class='ocrx_word' id='word_1_560' title='bbox 1625 578 1702 606; x_wconf 90' lang='lat' dir='ltr'>enim</span> <span class='ocrx_word' id='word_1_561' title='bbox 1725 587 1787 606; x_wconf 92' lang='lat' dir='ltr'>non</span> <span class='ocrx_word' id='word_1_562' title='bbox 1809 584 1883 607; x_wconf 90' lang='lat' dir='ltr'>esset</span> <span class='ocrx_word' id='word_1_563' title='bbox 1903 588 1977 615; x_wconf 91' lang='lat' dir='ltr'>pura</span> <span class='ocrx_word' id='word_1_564' title='bbox 1998 578 2132 615; x_wconf 90' lang='lat' dir='ltr'>intensio,</span> <span class='ocrx_word' id='word_1_565' title='bbox 2155 580 2205 607; x_wconf 91' lang='lat' dir='ltr'>sed</span> <span class='ocrx_word' id='word_1_566' title='bbox 2225 579 2349 608; x_wconf 90' lang='lat' dir='ltr'>intensio</span> <span class='ocrx_word' id='word_1_567' title='bbox 2371 580 2472 609; x_wconf 89' lang='lat' dir='ltr'>remis-</span> 
     </span>
     <span class='ocr_line' id='line_1_82' title="bbox 1400 600 2472 656; baseline 0.003 -11"><span class='ocrx_word' id='word_1_568' title='bbox 1400 618 1475 646; x_wconf 89' lang='lat' dir='ltr'>sioni</span> <span class='ocrx_word' id='word_1_569' title='bbox 1497 600 1642 646; x_wconf 86' lang='lat' dir='ltr'>adiuncta.</span> <span class='ocrx_word' id='word_1_570' title='bbox 1666 635 1684 640; x_wconf 81' lang='lat'>-</span> <span class='ocrx_word' id='word_1_571' title='bbox 1706 619 1733 646; x_wconf 90' lang='lat'>8.</span> <span class='ocrx_word' id='word_1_572' title='bbox 1756 618 1938 655; x_wconf 88' lang='lat' dir='ltr'>Impossibile</span> <span class='ocrx_word' id='word_1_573' title='bbox 1960 625 2003 647; x_wconf 91' lang='lat' dir='ltr'>est</span> <span class='ocrx_word' id='word_1_574' title='bbox 2031 620 2111 656; x_wconf 91' lang='lat' dir='ltr'>quod</span> <span class='ocrx_word' id='word_1_575' title='bbox 2137 626 2234 648; x_wconf 91' lang='lat' dir='ltr'>motus</span> <span class='ocrx_word' id='word_1_576' title='bbox 2255 620 2326 648; x_wconf 87' lang='lat' dir='ltr'>caeli</span> <span class='ocrx_word' id='word_1_577' title='bbox 2347 620 2472 648; x_wconf 87' lang='lat' dir='ltr'>vicissim</span> 
     </span>
     <span class='ocr_line' id='line_1_83' title="bbox 1400 657 2471 697; baseline 0.004 -12"><span class='ocrx_word' id='word_1_578' title='bbox 1400 657 1566 685; x_wconf 87' lang='lat' dir='ltr'>intendatur</span> <span class='ocrx_word' id='word_1_579' title='bbox 1580 665 1607 686; x_wconf 91' lang='lat' dir='ltr'>et</span> <span class='ocrx_word' id='word_1_580' title='bbox 1621 658 1790 687; x_wconf 87' lang='lat' dir='ltr'>remittatur.</span> <span class='ocrx_word' id='word_1_581' title='bbox 1813 660 1888 687; x_wconf 87' lang='lat' dir='ltr'>Nam</span> <span class='ocrx_word' id='word_1_582' title='bbox 1902 659 2015 696; x_wconf 91' lang='lat' dir='ltr'>primo,</span> <span class='ocrx_word' id='word_1_583' title='bbox 2030 659 2110 687; x_wconf 87' lang='lat' dir='ltr'>nulla</span> <span class='ocrx_word' id='word_1_584' title='bbox 2124 659 2198 688; x_wconf 90' lang='lat' dir='ltr'>ratio</span> <span class='ocrx_word' id='word_1_585' title='bbox 2220 659 2360 697; x_wconf 87' lang='lat' dir='ltr'>assignari</span> <span class='ocrx_word' id='word_1_586' title='bbox 2375 667 2471 697; x_wconf 90' lang='lat' dir='ltr'>potest</span> 
     </span>
     <span class='ocr_line' id='line_1_84' title="bbox 1400 696 2472 735; baseline 0.005 -11"><span class='ocrx_word' id='word_1_587' title='bbox 1400 696 1486 725; x_wconf 88' lang='lat' dir='ltr'>huius</span> <span class='ocrx_word' id='word_1_588' title='bbox 1507 697 1718 726; x_wconf 89' lang='lat' dir='ltr'>vicissitudinis.</span> <span class='ocrx_word' id='word_1_589' title='bbox 1741 699 1893 735; x_wconf 89' lang='lat' dir='ltr'>Secundo,</span> <span class='ocrx_word' id='word_1_590' title='bbox 1908 699 1972 727; x_wconf 89' lang='lat' dir='ltr'>talis</span> <span class='ocrx_word' id='word_1_591' title='bbox 1994 698 2142 728; x_wconf 87' lang='lat' dir='ltr'>diversitas</span> <span class='ocrx_word' id='word_1_592' title='bbox 2163 698 2193 727; x_wconf 90' lang='lat' dir='ltr'>in</span> <span class='ocrx_word' id='word_1_593' title='bbox 2214 706 2297 728; x_wconf 90' lang='lat' dir='ltr'>motu</span> <span class='ocrx_word' id='word_1_594' title='bbox 2319 700 2390 729; x_wconf 87' lang='lat' dir='ltr'>caeli</span> <span class='ocrx_word' id='word_1_595' title='bbox 2411 710 2472 729; x_wconf 92' lang='lat' dir='ltr'>non</span> 
     </span>
     <span class='ocr_line' id='line_1_85' title="bbox 1401 737 1813 775; baseline 0.005 -11"><span class='ocrx_word' id='word_1_596' title='bbox 1401 743 1500 773; x_wconf 90' lang='lat' dir='ltr'>posset</span> <span class='ocrx_word' id='word_1_597' title='bbox 1520 737 1651 765; x_wconf 66' lang='lat' dir='ltr'>latere·</span> <span class='ocrx_word' id='word_1_598' title='bbox 1633 737 1813 775; x_wconf 86' lang='lat' dir='ltr'>-Epilogus.</span> 
     </span>
    </p>
   </div>
   <div class='ocr_carea' id='block_1_14' title="bbox 1401 842 2476 1857">
    <p class='ocr_par' dir='ltr' id='par_1_18' title="bbox 1401 842 2476 1857">
     <span class='ocr_line' id='line_1_86' title="bbox 1401 842 2472 895; baseline 0.005 -16"><span class='ocrx_word' id='word_1_599' title='bbox 1401 842 1670 890; x_wconf 90' lang='lat' dir='ltr'>universalem,</span> <span class='ocrx_word' id='word_1_600' title='bbox 1694 856 1738 880; x_wconf 86' lang='lat' dir='ltr'>ex</span> <span class='ocrx_word' id='word_1_601' title='bbox 1758 857 1834 893; x_wconf 90' lang='lat' dir='ltr'>qua</span> <span class='ocrx_word' id='word_1_602' title='bbox 1863 853 2038 883; x_wconf 87' lang='lat' dir='ltr'>causatur</span> <span class='ocrx_word' id='word_1_603' title='bbox 2056 858 2135 883; x_wconf 90' lang='lat' dir='ltr'>non</span> <span class='ocrx_word' id='word_1_604' title='bbox 2164 847 2291 884; x_wconf 90' lang='lat' dir='ltr'>solum</span> <span class='ocrx_word' id='word_1_605' title='bbox 2317 859 2472 895; x_wconf 87' lang='lat' dir='ltr'>genera-</span> 
     </span>
     <span class='ocr_line' id='line_1_87' title="bbox 1402 895 2473 960; baseline 0.006 -28"><span class='ocrx_word' id='word_1_606' title='bbox 1402 895 1467 943; x_wconf 91' lang='lat' dir='ltr'>tio,</span> <span class='ocrx_word' id='word_1_607' title='bbox 1489 896 1556 934; x_wconf 91' lang='lat' dir='ltr'>sed</span> <span class='ocrx_word' id='word_1_608' title='bbox 1585 896 1700 934; x_wconf 90' lang='lat' dir='ltr'>etiam</span> <span class='ocrx_word' id='word_1_609' title='bbox 1730 899 1942 947; x_wconf 90' lang='lat' dir='ltr'>corruptio,</span> <span class='ocrx_word' id='word_1_610' title='bbox 1973 907 2009 936; x_wconf 91' lang='lat' dir='ltr'>et</span> <span class='ocrx_word' id='word_1_611' title='bbox 2035 911 2106 948; x_wconf 92' lang='lat' dir='ltr'>per</span> <span class='ocrx_word' id='word_1_612' title='bbox 2134 912 2374 960; x_wconf 81' lang='lat' dir='ltr'>consequens</span> <span class='ocrx_word' id='word_1_613' title='bbox 2412 901 2473 938; x_wconf 88' lang='lat' dir='ltr'>alii</span> 
     </span>
     <span class='ocr_line' id='line_1_88' title="bbox 1403 949 2473 1001; baseline 0.006 -16"><span class='ocrx_word' id='word_1_614' title='bbox 1403 949 1572 987; x_wconf 90' lang='lat' dir='ltr'>defectus</span> <span class='ocrx_word' id='word_1_615' title='bbox 1601 950 1651 987; x_wconf 90' lang='lat' dir='ltr'>ad</span> <span class='ocrx_word' id='word_1_616' title='bbox 1680 951 1963 1000; x_wconf 88' lang='lat' dir='ltr'>corruptionem</span> <span class='ocrx_word' id='word_1_617' title='bbox 1992 953 2208 1001; x_wconf 87' lang='lat' dir='ltr'>tendentes,</span> <span class='ocrx_word' id='word_1_618' title='bbox 2237 953 2276 991; x_wconf 92' lang='lat' dir='ltr'>in</span> <span class='ocrx_word' id='word_1_619' title='bbox 2294 954 2352 991; x_wconf 90' lang='lat' dir='ltr'>his</span> <span class='ocrx_word' id='word_1_620' title='bbox 2381 954 2473 991; x_wconf 89' lang='lat' dir='ltr'>infe-</span> 
     </span>
     <span class='ocr_line' id='line_1_89' title="bbox 1403 1002 2471 1046; baseline 0.006 -7"><span class='ocrx_word' id='word_1_621' title='bbox 1403 1003 1586 1040; x_wconf 91' lang='lat' dir='ltr'>rioribus:</span> <span class='ocrx_word' id='word_1_622' title='bbox 1617 1002 1752 1040; x_wconf 90' lang='lat' dir='ltr'>dicitur</span> <span class='ocrx_word' id='word_1_623' title='bbox 1780 1013 1908 1042; x_wconf 90' lang='lat' dir='ltr'>autern</span> <span class='ocrx_word' id='word_1_624' title='bbox 1938 1014 2071 1043; x_wconf 89' lang='lat' dir='ltr'>natura</span> <span class='ocrx_word' id='word_1_625' title='bbox 2099 1007 2325 1045; x_wconf 90' lang='lat' dir='ltr'>universalis</span> <span class='ocrx_word' id='word_1_626' title='bbox 2352 1008 2471 1046; x_wconf 87' lang='lat' dir='ltr'>virtus</span> 
     </span>
     <span class='ocr_line' id='line_1_90' title="bbox 1404 1056 2473 1110; baseline 0.006 -17"><span class='ocrx_word' id='word_1_627' title='bbox 1404 1056 1527 1094; x_wconf 89' lang='lat' dir='ltr'>activa</span> <span class='ocrx_word' id='word_1_628' title='bbox 1545 1056 1584 1094; x_wconf 90' lang='lat' dir='ltr'>in</span> <span class='ocrx_word' id='word_1_629' title='bbox 1605 1069 1719 1094; x_wconf 90' lang='lat' dir='ltr'>causa</span> <span class='ocrx_word' id='word_1_630' title='bbox 1747 1058 1987 1095; x_wconf 66' lang='lat' dir='ltr'>universali*</span> <span class='ocrx_word' id='word_1_631' title='bbox 1990 1089 1998 1106; x_wconf 90' lang='lat'>,</span> <span class='ocrx_word' id='word_1_632' title='bbox 2019 1068 2112 1108; x_wconf 89' lang='lat' dir='ltr'>puta</span> <span class='ocrx_word' id='word_1_633' title='bbox 2139 1061 2178 1098; x_wconf 90' lang='lat' dir='ltr'>in</span> <span class='ocrx_word' id='word_1_634' title='bbox 2198 1073 2359 1110; x_wconf 92' lang='lat' dir='ltr'>corpore</span> <span class='ocrx_word' id='word_1_635' title='bbox 2390 1074 2473 1099; x_wconf 91' lang='lat' dir='ltr'>cae—</span> 
     </span>
     <span class='ocr_line' id='line_1_91' title="bbox 1403 1109 2472 1164; baseline 0.006 -18"><span class='ocrx_word' id='word_1_636' title='bbox 1403 1109 1497 1147; x_wconf 87' lang='lat' dir='ltr'>lesti.</span> <span class='ocrx_word' id='word_1_637' title='bbox 1514 1131 1538 1137; x_wconf 98' lang='lat'>-</span> <span class='ocrx_word' id='word_1_638' title='bbox 1555 1110 1646 1147; x_wconf 90' lang='lat' dir='ltr'>Ideo</span> <span class='ocrx_word' id='word_1_639' title='bbox 1667 1117 1795 1148; x_wconf 90' lang='lat' dir='ltr'>autem</span> <span class='ocrx_word' id='word_1_640' title='bbox 1825 1111 1993 1150; x_wconf 88' lang='lat' dir='ltr'>defectus</span> <span class='ocrx_word' id='word_1_641' title='bbox 2011 1121 2162 1162; x_wconf 87' lang='lat' dir='ltr'>praeter</span> <span class='ocrx_word' id='word_1_642' title='bbox 2190 1121 2366 1152; x_wconf 90' lang='lat' dir='ltr'>naturam</span> <span class='ocrx_word' id='word_1_643' title='bbox 2386 1127 2472 1164; x_wconf 92' lang='lat' dir='ltr'>par-</span> 
     </span>
     <span class='ocr_line' id='line_1_92' title="bbox 1403 1163 2474 1217; baseline 0.007 -18"><span class='ocrx_word' id='word_1_644' title='bbox 1403 1163 1600 1200; x_wconf 91' lang='lat' dir='ltr'>ticularem</span> <span class='ocrx_word' id='word_1_645' title='bbox 1630 1163 1668 1200; x_wconf 94' lang='lat' dir='ltr'>in</span> <span class='ocrx_word' id='word_1_646' title='bbox 1706 1164 1934 1202; x_wconf 88' lang='lat' dir='ltr'>animalibus</span> <span class='ocrx_word' id='word_1_647' title='bbox 1972 1166 2143 1204; x_wconf 90' lang='lat' dir='ltr'>accidere</span> <span class='ocrx_word' id='word_1_648' title='bbox 2171 1175 2352 1216; x_wconf 90' lang='lat' dir='ltr'>possunt,</span> <span class='ocrx_word' id='word_1_649' title='bbox 2383 1169 2474 1217; x_wconf 91' lang='lat' dir='ltr'>quia</span> 
     </span>
     <span class='ocr_line' id='line_1_93' title="bbox 1403 1217 2473 1259; baseline 0.007 -7"><span class='ocrx_word' id='word_1_650' title='bbox 1403 1223 1483 1253; x_wconf 90' lang='lat' dir='ltr'>tota</span> <span class='ocrx_word' id='word_1_651' title='bbox 1511 1217 1721 1254; x_wconf 91' lang='lat' dir='ltr'>substantia</span> <span class='ocrx_word' id='word_1_652' title='bbox 1749 1217 1922 1256; x_wconf 90' lang='lat' dir='ltr'>animalis</span> <span class='ocrx_word' id='word_1_653' title='bbox 1952 1219 2119 1257; x_wconf 87' lang='grc'>8011313111</span> <span class='ocrx_word' id='word_1_654' title='bbox 2148 1233 2193 1257; x_wconf 88' lang='lat' dir='ltr'>ex</span> <span class='ocrx_word' id='word_1_655' title='bbox 2225 1221 2362 1258; x_wconf 91' lang='lat' dir='ltr'>talibus</span> <span class='ocrx_word' id='word_1_656' title='bbox 2391 1234 2473 1259; x_wconf 93' lang='lat' dir='ltr'>cor-</span> 
     </span>
     <span class='ocr_line' id='line_1_94' title="bbox 1403 1269 2474 1324; baseline 0.007 -19"><span class='ocrx_word' id='word_1_657' title='bbox 1403 1269 1562 1319; x_wconf 90' lang='lat' dir='ltr'>poribus</span> <span class='ocrx_word' id='word_1_658' title='bbox 1582 1282 1682 1318; x_wconf 91' lang='lat' dir='ltr'>quae</span> <span class='ocrx_word' id='word_1_659' title='bbox 1704 1270 1842 1308; x_wconf 90' lang='lat' dir='ltr'>distant</span> <span class='ocrx_word' id='word_1_660' title='bbox 1861 1283 1883 1308; x_wconf 92' lang='lat' dir='ltr'>a</span> <span class='ocrx_word' id='word_1_661' title='bbox 1901 1273 2064 1321; x_wconf 91' lang='lat' dir='ltr'>propriis</span> <span class='ocrx_word' id='word_1_662' title='bbox 2093 1273 2202 1311; x_wconf 89' lang='lat' dir='ltr'>locis:</span> <span class='ocrx_word' id='word_1_663' title='bbox 2230 1275 2474 1324; x_wconf 91' lang='lat' dir='ltr'>componitur</span> 
     </span>
     <span class='ocr_line' id='line_1_95' title="bbox 1405 1322 2473 1385; baseline 0.007 -26"><span class='ocrx_word' id='word_1_664' title='bbox 1405 1322 1506 1360; x_wconf 91' lang='lat' dir='ltr'>enim</span> <span class='ocrx_word' id='word_1_665' title='bbox 1537 1335 1676 1373; x_wconf 90' lang='lat' dir='ltr'>corpus</span> <span class='ocrx_word' id='word_1_666' title='bbox 1696 1324 1870 1361; x_wconf 90' lang='lat' dir='ltr'>animalis</span> <span class='ocrx_word' id='word_1_667' title='bbox 1891 1337 1935 1362; x_wconf 87' lang='lat' dir='ltr'>ex</span> <span class='ocrx_word' id='word_1_668' title='bbox 1952 1334 2128 1385; x_wconf 33' lang='lat' dir='ltr'>‘quatuor</span> <span class='ocrx_word' id='word_1_669' title='bbox 2148 1328 2356 1376; x_wconf 90' lang='lat' dir='ltr'>elementis,</span> <span class='ocrx_word' id='word_1_670' title='bbox 2378 1341 2473 1378; x_wconf 88' lang='lat' dir='ltr'>quo-</span> 
     </span>
     <span class='ocr_line' id='line_1_96' title="bbox 1404 1377 2474 1430; baseline 0.006 -17"><span class='ocrx_word' id='word_1_671' title='bbox 1404 1388 1491 1414; x_wconf 90' lang='lat' dir='ltr'>rum</span> <span class='ocrx_word' id='word_1_672' title='bbox 1519 1377 1667 1414; x_wconf 91' lang='lat' dir='ltr'>nullum</span> <span class='ocrx_word' id='word_1_673' title='bbox 1695 1384 1798 1415; x_wconf 91' lang='lat' dir='ltr'>tenet</span> <span class='ocrx_word' id='word_1_674' title='bbox 1831 1378 2030 1427; x_wconf 91' lang='lat' dir='ltr'>proprium</span> <span class='ocrx_word' id='word_1_675' title='bbox 2058 1380 2199 1418; x_wconf 91' lang='lat' dir='ltr'>locum.</span> <span class='ocrx_word' id='word_1_676' title='bbox 2230 1382 2279 1418; x_wconf 91' lang='lat' dir='ltr'>Et</span> <span class='ocrx_word' id='word_1_677' title='bbox 2310 1382 2400 1430; x_wconf 92' lang='lat' dir='ltr'>quia</span> <span class='ocrx_word' id='word_1_678' title='bbox 2429 1394 2474 1420; x_wconf 93' lang='lat' dir='ltr'>ea</span> 
     </span>
     <span class='ocr_line' id='line_1_97' title="bbox 1404 1438 2474 1482; baseline 0.006 -16"><span class='ocrx_word' id='word_1_679' title='bbox 1404 1442 1503 1478; x_wconf 88' lang='lat' dir='ltr'>quae</span> <span class='ocrx_word' id='word_1_680' title='bbox 1525 1438 1612 1467; x_wconf 91' lang='lat' dir='ltr'>sunt</span> <span class='ocrx_word' id='word_1_681' title='bbox 1630 1438 1781 1480; x_wconf 89' lang='lat' dir='ltr'>praeter</span> <span class='ocrx_word' id='word_1_682' title='bbox 1799 1439 1975 1470; x_wconf 91' lang='lat' dir='ltr'>naturam</span> <span class='ocrx_word' id='word_1_683' title='bbox 1995 1445 2074 1470; x_wconf 92' lang='lat' dir='ltr'>non</span> <span class='ocrx_word' id='word_1_684' title='bbox 2094 1442 2255 1482; x_wconf 89' lang='lat' dir='ltr'>possunt</span> <span class='ocrx_word' id='word_1_685' title='bbox 2270 1447 2353 1472; x_wconf 91' lang='lat' dir='ltr'>esse</span> <span class='ocrx_word' id='word_1_686' title='bbox 2374 1447 2474 1472; x_wconf 90' lang='lat' dir='ltr'>sem-</span> 
     </span>
     <span class='ocr_line' id='line_1_98' title="bbox 1403 1483 2472 1536; baseline 0.006 -17"><span class='ocrx_word' id='word_1_687' title='bbox 1403 1483 1567 1532; x_wconf 89' lang='lat' dir='ltr'>piterna,</span> <span class='ocrx_word' id='word_1_688' title='bbox 1596 1491 1637 1520; x_wconf 94' lang='lat' dir='ltr'>ut</span> <span class='ocrx_word' id='word_1_689' title='bbox 1663 1491 1768 1533; x_wconf 90' lang='lat' dir='ltr'>patet</span> <span class='ocrx_word' id='word_1_690' title='bbox 1788 1497 1833 1521; x_wconf 85' lang='lat' dir='ltr'>ex</span> <span class='ocrx_word' id='word_1_691' title='bbox 1851 1485 1910 1522; x_wconf 88' lang='grc'>1113</span> <span class='ocrx_word' id='word_1_692' title='bbox 1939 1497 2038 1533; x_wconf 90' lang='lat' dir='ltr'>quae</span> <span class='ocrx_word' id='word_1_693' title='bbox 2068 1498 2182 1536; x_wconf 90' lang='lat' dir='ltr'>supra</span> <span class='ocrx_word' id='word_1_694' title='bbox 2203 1490 2221 1506; x_wconf 45' lang='grc' dir='ltr'><em>ἢ</em></span> <span class='ocrx_word' id='word_1_695' title='bbox 2247 1487 2346 1525; x_wconf 90' lang='lat' dir='ltr'>dicta</span> <span class='ocrx_word' id='word_1_696' title='bbox 2374 1495 2472 1536; x_wconf 92' lang='lat' dir='ltr'>sunt,</span> 
     </span>
     <span class='ocr_line' id='line_1_99' title="bbox 1403 1537 2475 1587; baseline 0.006 -14"><span class='ocrx_word' id='word_1_697' title='bbox 1403 1548 1561 1574; x_wconf 90' lang='lat' dir='ltr'>neeesse</span> <span class='ocrx_word' id='word_1_698' title='bbox 1591 1544 1646 1574; x_wconf 92' lang='lat' dir='ltr'>est</span> <span class='ocrx_word' id='word_1_699' title='bbox 1674 1537 1781 1587; x_wconf 89' lang='lat' dir='ltr'>quod</span> <span class='ocrx_word' id='word_1_700' title='bbox 1809 1538 2043 1587; x_wconf 90' lang='lat' dir='ltr'>quandoque</span> <span class='ocrx_word' id='word_1_701' title='bbox 2074 1539 2301 1577; x_wconf 89' lang='lat' dir='ltr'>animalibus</span> <span class='ocrx_word' id='word_1_702' title='bbox 2330 1541 2475 1579; x_wconf 88' lang='lat' dir='ltr'>accidat</span> 
     </span>
     <span class='ocr_line' id='line_1_100' title="bbox 1405 1589 2473 1643; baseline 0.005 -17"><span class='ocrx_word' id='word_1_703' title='bbox 1405 1589 1597 1639; x_wconf 90' lang='lat' dir='ltr'>corruptio</span> <span class='ocrx_word' id='word_1_704' title='bbox 1627 1597 1663 1627; x_wconf 93' lang='lat' dir='ltr'>et</span> <span class='ocrx_word' id='word_1_705' title='bbox 1691 1590 1872 1628; x_wconf 88' lang='lat' dir='ltr'>defectus.</span> <span class='ocrx_word' id='word_1_706' title='bbox 1904 1592 1982 1629; x_wconf 92' lang='lat' dir='ltr'>Sed</span> <span class='ocrx_word' id='word_1_707' title='bbox 2009 1592 2047 1629; x_wconf 90' lang='lat' dir='ltr'>in</span> <span class='ocrx_word' id='word_1_708' title='bbox 2074 1592 2208 1642; x_wconf 90' lang='lat' dir='ltr'>primis</span> <span class='ocrx_word' id='word_1_709' title='bbox 2238 1594 2473 1643; x_wconf 89' lang='lat' dir='ltr'>corporibus,</span> 
     </span>
     <span class='ocr_line' id='line_1_101' title="bbox 1404 1643 2475 1697; baseline 0.005 -17"><span class='ocrx_word' id='word_1_710' title='bbox 1404 1643 1544 1680; x_wconf 89' lang='lat' dir='ltr'>scilicet</span> <span class='ocrx_word' id='word_1_711' title='bbox 1573 1644 1818 1692; x_wconf 91' lang='lat' dir='ltr'>caelestibus,</span> <span class='ocrx_word' id='word_1_712' title='bbox 1849 1645 1940 1681; x_wconf 92' lang='lat' dir='ltr'>nihil</span> <span class='ocrx_word' id='word_1_713' title='bbox 1968 1653 2098 1696; x_wconf 84' lang='lat' dir='ltr'>potest</span> <span class='ocrx_word' id='word_1_714' title='bbox 2122 1646 2293 1684; x_wconf 90' lang='lat' dir='ltr'>accidere</span> <span class='ocrx_word' id='word_1_715' title='bbox 2325 1656 2475 1697; x_wconf 89' lang='lat' dir='ltr'>praeter</span> 
     </span>
     <span class='ocr_line' id='line_1_102' title="bbox 1404 1697 2476 1747; baseline 0.004 -13"><span class='ocrx_word' id='word_1_716' title='bbox 1404 1704 1596 1734; x_wconf 90' lang='lat' dir='ltr'>naturam:</span> <span class='ocrx_word' id='word_1_717' title='bbox 1627 1697 1716 1747; x_wconf 92' lang='lat' dir='ltr'>quia</span> <span class='ocrx_word' id='word_1_718' title='bbox 1745 1705 1832 1735; x_wconf 89' lang='lat' dir='ltr'>sunt</span> <span class='ocrx_word' id='word_1_719' title='bbox 1859 1698 2065 1747; x_wconf 90' lang='lat' dir='ltr'>simplicia,</span> <span class='ocrx_word' id='word_1_720' title='bbox 2095 1712 2174 1736; x_wconf 91' lang='lat' dir='ltr'>non</span> <span class='ocrx_word' id='word_1_721' title='bbox 2202 1707 2330 1738; x_wconf 92' lang='lat' dir='ltr'>autem</span> <span class='ocrx_word' id='word_1_722' title='bbox 2360 1701 2476 1738; x_wconf 86' lang='lat' dir='ltr'>mixta</span> 
     </span>
     <span class='ocr_line' id='line_1_103' title="bbox 1405 1750 2475 1802; baseline 0.004 -15"><span class='ocrx_word' id='word_1_723' title='bbox 1405 1763 1450 1787; x_wconf 86' lang='lat' dir='ltr'>ex</span> <span class='ocrx_word' id='word_1_724' title='bbox 1479 1750 1649 1798; x_wconf 90' lang='lat' dir='ltr'>diversis,</span> <span class='ocrx_word' id='word_1_725' title='bbox 1677 1759 1712 1788; x_wconf 93' lang='lat' dir='ltr'>et</span> <span class='ocrx_word' id='word_1_726' title='bbox 1739 1751 1779 1788; x_wconf 92' lang='lat' dir='ltr'>in</span> <span class='ocrx_word' id='word_1_727' title='bbox 1805 1752 1963 1801; x_wconf 90' lang='lat' dir='ltr'>proprio</span> <span class='ocrx_word' id='word_1_728' title='bbox 1991 1753 2077 1790; x_wconf 93' lang='lat' dir='ltr'>loco</span> <span class='ocrx_word' id='word_1_729' title='bbox 2107 1753 2286 1802; x_wconf 88' lang='lat' dir='ltr'>existunt,</span> <span class='ocrx_word' id='word_1_730' title='bbox 2319 1761 2355 1791; x_wconf 89' lang='lat' dir='ltr'>et</span> <span class='ocrx_word' id='word_1_731' title='bbox 2383 1755 2475 1791; x_wconf 90' lang='lat' dir='ltr'>nihil</span> 
     </span>
     <span class='ocr_line' id='line_1_104' title="bbox 1405 1804 2474 1857; baseline 0.003 -16"><span class='ocrx_word' id='word_1_732' title='bbox 1405 1804 1639 1841; x_wconf 88' lang='lat' dir='ltr'>contrarium</span> <span class='ocrx_word' id='word_1_733' title='bbox 1661 1811 1716 1842; x_wconf 91' lang='lat' dir='ltr'>est</span> <span class='ocrx_word' id='word_1_734' title='bbox 1744 1804 1808 1852; x_wconf 89' lang='lat' dir='ltr'>eis,</span> <span class='ocrx_word' id='word_1_735' title='bbox 1829 1812 1871 1842; x_wconf 89' lang='lat' dir='ltr'>ut</span> <span class='ocrx_word' id='word_1_736' title='bbox 1897 1813 2002 1854; x_wconf 91' lang='lat' dir='ltr'>patet</span> <span class='ocrx_word' id='word_1_737' title='bbox 2020 1818 2066 1843; x_wconf 89' lang='lat' dir='ltr'>ex</span> <span class='ocrx_word' id='word_1_738' title='bbox 2094 1806 2152 1843; x_wconf 91' lang='lat' dir='ltr'>his</span> <span class='ocrx_word' id='word_1_739' title='bbox 2171 1819 2269 1855; x_wconf 89' lang='lat' dir='ltr'>quae</span> <span class='ocrx_word' id='word_1_740' title='bbox 2294 1807 2333 1844; x_wconf 93' lang='lat' dir='ltr'>in</span> <span class='ocrx_word' id='word_1_741' title='bbox 2350 1808 2474 1857; x_wconf 91' lang='lat' dir='ltr'>primo</span> 
     </span>
    </p>
   </div>
   <div class='ocr_carea' id='block_1_15' title="bbox 1404 1858 2514 1910">
    <p class='ocr_par' dir='ltr' id='par_1_19' title="bbox 1404 1858 2514 1910">
     <span class='ocr_line' id='line_1_105' title="bbox 1404 1858 2514 1910; baseline 0.004 -16"><span class='ocrx_word' id='word_1_742' title='bbox 1404 1858 1499 1895; x_wconf 92' lang='lat' dir='ltr'>libro</span> <span class='ocrx_word' id='word_1_743' title='bbox 1513 1859 1532 1879; x_wconf 84' lang='grc'><strong>*</strong></span> <span class='ocrx_word' id='word_1_744' title='bbox 1544 1858 1644 1895; x_wconf 91' lang='lat' dir='ltr'>dicta</span> <span class='ocrx_word' id='word_1_745' title='bbox 1658 1865 1756 1895; x_wconf 91' lang='lat' dir='ltr'>sunt.</span> <span class='ocrx_word' id='word_1_746' title='bbox 1769 1859 1819 1895; x_wconf 93' lang='lat' dir='ltr'>Et</span> <span class='ocrx_word' id='word_1_747' title='bbox 1832 1858 1883 1895; x_wconf 94' lang='lat' dir='ltr'>ita</span> <span class='ocrx_word' id='word_1_748' title='bbox 1896 1858 1937 1896; x_wconf 92' lang='lat' dir='ltr'>in</span> <span class='ocrx_word' id='word_1_749' title='bbox 1952 1859 2004 1896; x_wconf 92' lang='lat' dir='ltr'>eis</span> <span class='ocrx_word' id='word_1_750' title='bbox 2019 1871 2098 1897; x_wconf 91' lang='lat' dir='ltr'>non</span> <span class='ocrx_word' id='word_1_751' title='bbox 2112 1867 2238 1908; x_wconf 91' lang='lat' dir='ltr'>potest</span> <span class='ocrx_word' id='word_1_752' title='bbox 2253 1873 2334 1898; x_wconf 89' lang='lat' dir='ltr'>esse</span> <span class='ocrx_word' id='word_1_753' title='bbox 2351 1861 2477 1910; x_wconf 90' lang='lat' dir='ltr'>aliqua</span> <span class='ocrx_word' id='word_1_754' title='bbox 2504 1872 2514 1882; x_wconf 75' lang='lat'>⁸</span> 
     </span>
    </p>
   </div>
   <div class='ocr_carea' id='block_1_16' title="bbox 1404 1911 2478 2069">
    <p class='ocr_par' dir='ltr' id='par_1_20' title="bbox 1404 1911 2478 2069">
     <span class='ocr_line' id='line_1_106' title="bbox 1404 1911 2477 1964; baseline 0.003 -16"><span class='ocrx_word' id='word_1_755' title='bbox 1404 1911 1641 1960; x_wconf 91' lang='lat' dir='ltr'>impotentia.</span> <span class='ocrx_word' id='word_1_756' title='bbox 1663 1912 1713 1949; x_wconf 89' lang='lat' dir='ltr'>Et</span> <span class='ocrx_word' id='word_1_757' title='bbox 1730 1911 1819 1949; x_wconf 90' lang='lat' dir='ltr'>ideo</span> <span class='ocrx_word' id='word_1_758' title='bbox 1849 1911 1888 1949; x_wconf 91' lang='lat' dir='ltr'>in</span> <span class='ocrx_word' id='word_1_759' title='bbox 1908 1911 1960 1949; x_wconf 92' lang='lat' dir='ltr'>eis</span> <span class='ocrx_word' id='word_1_760' title='bbox 1989 1925 2068 1950; x_wconf 93' lang='lat' dir='ltr'>non</span> <span class='ocrx_word' id='word_1_761' title='bbox 2097 1920 2222 1962; x_wconf 91' lang='lat' dir='ltr'>potest</span> <span class='ocrx_word' id='word_1_762' title='bbox 2250 1926 2332 1951; x_wconf 89' lang='lat' dir='ltr'>esse</span> <span class='ocrx_word' id='word_1_763' title='bbox 2353 1914 2477 1964; x_wconf 91' lang='lat' dir='ltr'>aliqua</span> 
     </span>
     <span class='ocr_line' id='line_1_107' title="bbox 1405 1965 2477 2016; baseline 0.002 -14"><span class='ocrx_word' id='word_1_764' title='bbox 1405 1965 1587 2012; x_wconf 83' lang='lat' dir='ltr'>remissio,</span> <span class='ocrx_word' id='word_1_765' title='bbox 1618 1965 1714 2002; x_wconf 91' lang='lat' dir='ltr'>idest</span> <span class='ocrx_word' id='word_1_766' title='bbox 1733 1965 1945 2003; x_wconf 89' lang='lat' dir='ltr'>deminutio</span> <span class='ocrx_word' id='word_1_767' title='bbox 1974 1966 2202 2004; x_wconf 89' lang='lat' dir='ltr'>velocitatis:</span> <span class='ocrx_word' id='word_1_768' title='bbox 2228 1975 2264 2003; x_wconf 92' lang='lat' dir='ltr'>et</span> <span class='ocrx_word' id='word_1_769' title='bbox 2290 1980 2359 2016; x_wconf 89' lang='lat' dir='ltr'>per</span> <span class='ocrx_word' id='word_1_770' title='bbox 2388 1980 2477 2005; x_wconf 91' lang='lat' dir='ltr'>con-</span> 
     </span>
     <span class='ocr_line' id='line_1_108' title="bbox 1405 2019 2478 2069; baseline 0.003 -14"><span class='ocrx_word' id='word_1_771' title='bbox 1405 2030 1570 2068; x_wconf 91' lang='lat' dir='ltr'>sequens</span> <span class='ocrx_word' id='word_1_772' title='bbox 1599 2031 1726 2067; x_wconf 91' lang='lat' dir='ltr'>neque</span> <span class='ocrx_word' id='word_1_773' title='bbox 1754 2019 1923 2065; x_wconf 84' lang='lat' dir='ltr'>intensio,</span> <span class='ocrx_word' id='word_1_774' title='bbox 1948 2019 2045 2056; x_wconf 90' lang='lat' dir='ltr'>idest</span> <span class='ocrx_word' id='word_1_775' title='bbox 2068 2020 2278 2058; x_wconf 89' lang='lat' dir='ltr'>velocitatis</span> <span class='ocrx_word' id='word_1_776' title='bbox 2298 2033 2478 2069; x_wconf 90' lang='lat' dir='ltr'>augmen-</span> 
     </span>
    </p>
   </div>
   <div class='ocr_carea' id='block_1_17' title="bbox 1405 2072 2516 2124">
    <p class='ocr_par' dir='ltr' id='par_1_21' title="bbox 1405 2072 2516 2124">
     <span class='ocr_line' id='line_1_109' title="bbox 1405 2072 2516 2124; baseline 0.004 -16"><span class='ocrx_word' id='word_1_777' title='bbox 1405 2080 1499 2120; x_wconf 89' lang='lat' dir='ltr'>tum,</span> <span class='ocrx_word' id='word_1_778' title='bbox 1530 2072 1620 2122; x_wconf 92' lang='lat' dir='ltr'>quia</span> <span class='ocrx_word' id='word_1_779' title='bbox 1648 2072 1719 2109; x_wconf 91' lang='lat' dir='ltr'>ista</span> <span class='ocrx_word' id='word_1_780' title='bbox 1748 2072 1826 2109; x_wconf 91' lang='lat' dir='ltr'>duo</span> <span class='ocrx_word' id='word_1_781' title='bbox 1852 2073 1871 2094; x_wconf 81' lang='grc'><strong>*</strong></span> <span class='ocrx_word' id='word_1_782' title='bbox 1901 2084 1940 2109; x_wconf 90' lang='grc'>38</span> <span class='ocrx_word' id='word_1_783' title='bbox 1975 2072 2142 2110; x_wconf 90' lang='lat' dir='ltr'>invicem</span> <span class='ocrx_word' id='word_1_784' title='bbox 2172 2082 2477 2124; x_wconf 84' lang='lat' dir='ltr'>consequuntur3</span> <span class='ocrx_word' id='word_1_785' title='bbox 2508 2085 2516 2093; x_wconf 91' lang='lat'><strong>·</strong></span> 
     </span>
    </p>
   </div>
   <div class='ocr_carea' id='block_1_18' title="bbox 1403 2125 2480 2336">
    <p class='ocr_par' dir='ltr' id='par_1_22' title="bbox 1403 2125 2480 2282">
     <span class='ocr_line' id='line_1_110' title="bbox 1405 2125 2480 2177; baseline 0.004 -15"><span class='ocrx_word' id='word_1_786' title='bbox 1405 2126 1502 2163; x_wconf 87' lang='lat' dir='ltr'>sicut</span> <span class='ocrx_word' id='word_1_787' title='bbox 1530 2125 1634 2163; x_wconf 89' lang='lat' dir='ltr'>enim</span> <span class='ocrx_word' id='word_1_788' title='bbox 1663 2125 1820 2175; x_wconf 91' lang='lat' dir='ltr'>quando</span> <span class='ocrx_word' id='word_1_789' title='bbox 1849 2125 2055 2164; x_wconf 89' lang='lat' dir='ltr'>intenditur</span> <span class='ocrx_word' id='word_1_790' title='bbox 2082 2134 2231 2174; x_wconf 91' lang='lat' dir='ltr'>motus,</span> <span class='ocrx_word' id='word_1_791' title='bbox 2261 2128 2480 2177; x_wconf 89' lang='lat' dir='ltr'>proceditur</span> 
     </span>
     <span class='ocr_line' id='line_1_111' title="bbox 1405 2178 2478 2231; baseline 0.003 -15"><span class='ocrx_word' id='word_1_792' title='bbox 1405 2192 1427 2216; x_wconf 93' lang='lat' dir='ltr'>a</span> <span class='ocrx_word' id='word_1_793' title='bbox 1456 2179 1616 2216; x_wconf 91' lang='lat' dir='ltr'>remisso</span> <span class='ocrx_word' id='word_1_794' title='bbox 1646 2179 1695 2217; x_wconf 95' lang='lat' dir='ltr'>ad</span> <span class='ocrx_word' id='word_1_795' title='bbox 1723 2178 1928 2228; x_wconf 91' lang='lat' dir='ltr'>intensum,</span> <span class='ocrx_word' id='word_1_796' title='bbox 1958 2179 2008 2217; x_wconf 92' lang='lat' dir='ltr'>ita</span> <span class='ocrx_word' id='word_1_797' title='bbox 2037 2181 2193 2228; x_wconf 91' lang='lat' dir='ltr'>quando</span> <span class='ocrx_word' id='word_1_798' title='bbox 2220 2181 2240 2202; x_wconf 76' lang='lat'>&#39;¹‘</span> <span class='ocrx_word' id='word_1_799' title='bbox 2267 2182 2478 2231; x_wconf 88' lang='lat' dir='ltr'>remittitur,</span> 
     </span>
     <span class='ocr_line' id='line_1_112' title="bbox 1403 2232 2202 2282; baseline 0.001 -13"><span class='ocrx_word' id='word_1_800' title='bbox 1403 2232 1624 2282; x_wconf 89' lang='lat' dir='ltr'>proceditur</span> <span class='ocrx_word' id='word_1_801' title='bbox 1652 2233 1700 2269; x_wconf 91' lang='lat' dir='ltr'>ab</span> <span class='ocrx_word' id='word_1_802' title='bbox 1729 2232 1878 2270; x_wconf 91' lang='lat' dir='ltr'>intenso</span> <span class='ocrx_word' id='word_1_803' title='bbox 1907 2233 1956 2271; x_wconf 93' lang='lat' dir='ltr'>ad</span> <span class='ocrx_word' id='word_1_804' title='bbox 1985 2233 2202 2271; x_wconf 88' lang='lat' dir='ltr'>remissurn.</span> 
     </span>
    </p>

    <p class='ocr_par' dir='ltr' id='par_1_23' title="bbox 1462 2286 2478 2336">
     <span class='ocr_line' id='line_1_113' title="bbox 1462 2286 2478 2336; baseline 0.003 -14"><span class='ocrx_word' id='word_1_805' title='bbox 1462 2287 1496 2323; x_wconf 89' lang='lat'>3.</span> <span class='ocrx_word' id='word_1_806' title='bbox 1519 2286 1707 2333; x_wconf 90' lang='lat' dir='ltr'>Quartam</span> <span class='ocrx_word' id='word_1_807' title='bbox 1736 2286 1924 2323; x_wconf 90' lang='lat' dir='ltr'>rationem</span> <span class='ocrx_word' id='word_1_808' title='bbox 1952 2286 2061 2336; x_wconf 92' lang='lat' dir='ltr'>ponit</span> <span class='ocrx_word' id='word_1_809' title='bbox 2088 2287 2156 2324; x_wconf 91' lang='lat' dir='ltr'>ibi:</span> <span class='ocrx_word' id='word_1_810' title='bbox 2186 2287 2322 2325; x_wconf 85' lang='lat' dir='ltr'>Adhuc</span> <span class='ocrx_word' id='word_1_811' title='bbox 2353 2294 2478 2326; x_wconf 86' lang='lat' dir='ltr'>autem</span> 
     </span>
    </p>
   </div>
   <div class='ocr_carea' id='block_1_19' title="bbox 1404 2339 2517 2497">
    <p class='ocr_par' dir='ltr' id='par_1_24' title="bbox 1404 2339 2517 2497">
     <span class='ocr_line' id='line_1_114' title="bbox 1405 2339 2516 2391; baseline 0.003 -15"><span class='ocrx_word' id='word_1_812' title='bbox 1405 2345 1442 2376; x_wconf 89' lang='lat' dir='ltr'>et</span> <span class='ocrx_word' id='word_1_813' title='bbox 1467 2339 1727 2376; x_wconf 83' lang='lat' dir='ltr'>irrationabile</span> <span class='ocrx_word' id='word_1_814' title='bbox 1747 2346 1835 2386; x_wconf 91' lang='lat' dir='ltr'>etc.;</span> <span class='ocrx_word' id='word_1_815' title='bbox 1862 2352 1960 2389; x_wconf 89' lang='lat' dir='ltr'>quae</span> <span class='ocrx_word' id='word_1_816' title='bbox 1982 2341 2002 2361; x_wconf 87' lang='grc'><strong>*</strong></span> <span class='ocrx_word' id='word_1_817' title='bbox 2020 2340 2182 2378; x_wconf 87' lang='lat' dir='ltr'>sumitur</span> <span class='ocrx_word' id='word_1_818' title='bbox 2206 2353 2252 2378; x_wconf 84' lang='lat' dir='ltr'>ex</span> <span class='ocrx_word' id='word_1_819' title='bbox 2270 2349 2377 2391; x_wconf 92' lang='lat' dir='ltr'>parte</span> <span class='ocrx_word' id='word_1_820' title='bbox 2397 2354 2479 2379; x_wconf 90' lang='lat' dir='ltr'>mo·</span> <span class='ocrx_word' id='word_1_821' title='bbox 2508 2352 2516 2360; x_wconf 90' lang='lat'>·</span> 
     </span>
     <span class='ocr_line' id='line_1_115' title="bbox 1404 2392 2516 2442; baseline 0.003 -12"><span class='ocrx_word' id='word_1_822' title='bbox 1404 2393 1541 2441; x_wconf 90' lang='lat' dir='ltr'>ventis,</span> <span class='ocrx_word' id='word_1_823' title='bbox 1558 2400 1595 2430; x_wconf 93' lang='lat' dir='ltr'>et</span> <span class='ocrx_word' id='word_1_824' title='bbox 1611 2392 1786 2442; x_wconf 91' lang='lat' dir='ltr'>procedit</span> <span class='ocrx_word' id='word_1_825' title='bbox 1799 2393 1820 2414; x_wconf 60' lang='lat'>&#39;¹²</span> <span class='ocrx_word' id='word_1_826' title='bbox 1839 2405 1886 2430; x_wconf 86' lang='lat' dir='ltr'>ex</span> <span class='ocrx_word' id='word_1_827' title='bbox 1905 2393 2074 2442; x_wconf 88' lang='lat' dir='ltr'>quadam</span> <span class='ocrx_word' id='word_1_828' title='bbox 2095 2393 2294 2432; x_wconf 89' lang='lat' dir='ltr'>divisione.</span> <span class='ocrx_word' id='word_1_829' title='bbox 2317 2395 2357 2432; x_wconf 91' lang='lat' dir='ltr'>Si</span> <span class='ocrx_word' id='word_1_830' title='bbox 2377 2395 2479 2432; x_wconf 89' lang='lat' dir='ltr'>enim</span> <span class='ocrx_word' id='word_1_831' title='bbox 2507 2405 2516 2413; x_wconf 86' lang='lat'><strong>·</strong></span> 
     </span>
     <span class='ocr_line' id='line_1_116' title="bbox 1406 2445 2517 2497; baseline 0.002 -13"><span class='ocrx_word' id='word_1_832' title='bbox 1406 2446 1444 2484; x_wconf 91' lang='lat' dir='ltr'>in</span> <span class='ocrx_word' id='word_1_833' title='bbox 1471 2454 1580 2484; x_wconf 89' lang='lat' dir='ltr'>motu</span> <span class='ocrx_word' id='word_1_834' title='bbox 1609 2446 1702 2483; x_wconf 90' lang='lat' dir='ltr'>caeli</span> <span class='ocrx_word' id='word_1_835' title='bbox 1731 2446 1776 2484; x_wconf 91' lang='lat' dir='ltr'>sit</span> <span class='ocrx_word' id='word_1_836' title='bbox 1803 2445 1965 2484; x_wconf 90' lang='lat' dir='ltr'>intensio</span> <span class='ocrx_word' id='word_1_837' title='bbox 1996 2454 2033 2484; x_wconf 91' lang='lat' dir='ltr'>et</span> <span class='ocrx_word' id='word_1_838' title='bbox 2052 2447 2239 2497; x_wconf 88' lang='lat' dir='ltr'>remissio,</span> <span class='ocrx_word' id='word_1_839' title='bbox 2260 2448 2336 2485; x_wconf 92' lang='lat' dir='ltr'>hoc</span> <span class='ocrx_word' id='word_1_840' title='bbox 2354 2449 2374 2470; x_wconf 75' lang='lat'>*</span> <span class='ocrx_word' id='word_1_841' title='bbox 2401 2461 2480 2486; x_wconf 92' lang='lat' dir='ltr'>non</span> <span class='ocrx_word' id='word_1_842' title='bbox 2507 2461 2517 2472; x_wconf 73' lang='lat'><em>⁶</em></span> 
     </span>
    </p>
   </div>
   <div class='ocr_carea' id='block_1_20' title="bbox 1404 2499 2479 2710">
    <p class='ocr_par' dir='ltr' id='par_1_25' title="bbox 1404 2499 2479 2710">
     <span class='ocr_line' id='line_1_117' title="bbox 1404 2499 2479 2550; baseline 0.001 -12"><span class='ocrx_word' id='word_1_843' title='bbox 1404 2507 1532 2550; x_wconf 91' lang='lat' dir='ltr'>potest</span> <span class='ocrx_word' id='word_1_844' title='bbox 1551 2512 1635 2537; x_wconf 89' lang='lat' dir='ltr'>esse</span> <span class='ocrx_word' id='word_1_845' title='bbox 1663 2499 1735 2537; x_wconf 91' lang='lat' dir='ltr'>nisi</span> <span class='ocrx_word' id='word_1_846' title='bbox 1762 2499 1880 2537; x_wconf 92' lang='lat' dir='ltr'>tribus</span> <span class='ocrx_word' id='word_1_847' title='bbox 1904 2499 2052 2538; x_wconf 87' lang='lat' dir='ltr'>modis:</span> <span class='ocrx_word' id='word_1_848' title='bbox 2080 2513 2159 2538; x_wconf 91' lang='lat' dir='ltr'>uno</span> <span class='ocrx_word' id='word_1_849' title='bbox 2180 2501 2301 2539; x_wconf 92' lang='lat' dir='ltr'>modo</span> <span class='ocrx_word' id='word_1_850' title='bbox 2320 2510 2362 2539; x_wconf 91' lang='lat' dir='ltr'>ut</span> <span class='ocrx_word' id='word_1_851' title='bbox 2381 2515 2479 2539; x_wconf 90' lang='lat' dir='ltr'>sem-</span> 
     </span>
     <span class='ocr_line' id='line_1_118' title="bbox 1404 2553 2478 2603; baseline 0.001 -12"><span class='ocrx_word' id='word_1_852' title='bbox 1404 2566 1475 2603; x_wconf 92' lang='lat' dir='ltr'>per</span> <span class='ocrx_word' id='word_1_853' title='bbox 1502 2553 1719 2591; x_wconf 87' lang='lat' dir='ltr'>intendatur</span> <span class='ocrx_word' id='word_1_854' title='bbox 1736 2553 1799 2590; x_wconf 91' lang='lat' dir='ltr'>vel</span> <span class='ocrx_word' id='word_1_855' title='bbox 1828 2565 1982 2603; x_wconf 89' lang='lat' dir='ltr'>semper</span> <span class='ocrx_word' id='word_1_856' title='bbox 2009 2554 2235 2601; x_wconf 90' lang='lat' dir='ltr'>remittatur;</span> <span class='ocrx_word' id='word_1_857' title='bbox 2266 2555 2338 2592; x_wconf 91' lang='lat' dir='ltr'>alio</span> <span class='ocrx_word' id='word_1_858' title='bbox 2359 2555 2478 2593; x_wconf 91' lang='lat' dir='ltr'>modo</span> 
     </span>
     <span class='ocr_line' id='line_1_119' title="bbox 1404 2605 2477 2657; baseline 0.001 -12"><span class='ocrx_word' id='word_1_859' title='bbox 1404 2615 1447 2645; x_wconf 94' lang='lat' dir='ltr'>ut</span> <span class='ocrx_word' id='word_1_860' title='bbox 1465 2606 1702 2656; x_wconf 91' lang='lat' dir='ltr'>quandoque</span> <span class='ocrx_word' id='word_1_861' title='bbox 1720 2605 1937 2644; x_wconf 89' lang='lat' dir='ltr'>intendatur</span> <span class='ocrx_word' id='word_1_862' title='bbox 1952 2614 1988 2644; x_wconf 93' lang='grc'>81</span> <span class='ocrx_word' id='word_1_863' title='bbox 2002 2608 2236 2657; x_wconf 89' lang='lat' dir='ltr'>quandoque</span> <span class='ocrx_word' id='word_1_864' title='bbox 2257 2609 2477 2656; x_wconf 86' lang='lat' dir='ltr'>remittatur,</span> 
     </span>
     <span class='ocr_line' id='line_1_120' title="bbox 1406 2659 2479 2710; baseline 0.001 -12"><span class='ocrx_word' id='word_1_865' title='bbox 1406 2668 1442 2698; x_wconf 91' lang='lat' dir='ltr'>et</span> <span class='ocrx_word' id='word_1_866' title='bbox 1469 2661 1545 2698; x_wconf 94' lang='lat' dir='ltr'>hoc</span> <span class='ocrx_word' id='word_1_867' title='bbox 1574 2659 1789 2710; x_wconf 90' lang='lat' dir='ltr'>dupliciter:</span> <span class='ocrx_word' id='word_1_868' title='bbox 1818 2673 1897 2697; x_wconf 92' lang='lat' dir='ltr'>uno</span> <span class='ocrx_word' id='word_1_869' title='bbox 1927 2661 2047 2698; x_wconf 92' lang='lat' dir='ltr'>modo</span> <span class='ocrx_word' id='word_1_870' title='bbox 2075 2668 2118 2698; x_wconf 92' lang='lat' dir='ltr'>ut</span> <span class='ocrx_word' id='word_1_871' title='bbox 2145 2669 2223 2699; x_wconf 93' lang='lat' dir='ltr'>tota</span> <span class='ocrx_word' id='word_1_872' title='bbox 2251 2662 2413 2699; x_wconf 89' lang='lat' dir='ltr'>intensio</span> <span class='ocrx_word' id='word_1_873' title='bbox 2444 2669 2479 2699; x_wconf 91' lang='lat' dir='ltr'>et</span> 
     </span>
    </p>
   </div>
   <div class='ocr_carea' id='block_1_21' title="bbox 1404 2713 2516 2765">
    <p class='ocr_par' dir='ltr' id='par_1_26' title="bbox 1404 2713 2516 2765">
     <span class='ocr_line' id='line_1_121' title="bbox 1404 2713 2516 2765; baseline 0.001 -14"><span class='ocrx_word' id='word_1_874' title='bbox 1404 2722 1483 2752; x_wconf 89' lang='lat' dir='ltr'>tota</span> <span class='ocrx_word' id='word_1_875' title='bbox 1511 2713 1686 2751; x_wconf 89' lang='lat' dir='ltr'>remissio</span> <span class='ocrx_word' id='word_1_876' title='bbox 1715 2713 1762 2751; x_wconf 90' lang='lat' dir='ltr'>sit</span> <span class='ocrx_word' id='word_1_877' title='bbox 1789 2713 1914 2761; x_wconf 89' lang='lat' dir='ltr'>simul,</span> <span class='ocrx_word' id='word_1_878' title='bbox 1945 2714 1993 2751; x_wconf 87' lang='lat' dir='ltr'>ad</span> <span class='ocrx_word' id='word_1_879' title='bbox 2013 2714 2034 2735; x_wconf 77' lang='lat'>&#39;¹‘</span> <span class='ocrx_word' id='word_1_880' title='bbox 2063 2715 2168 2764; x_wconf 92' lang='lat' dir='ltr'>quod</span> <span class='ocrx_word' id='word_1_881' title='bbox 2196 2715 2363 2765; x_wconf 89' lang='lat' dir='ltr'>quidem,</span> <span class='ocrx_word' id='word_1_882' title='bbox 2390 2728 2477 2764; x_wconf 94' lang='lat' dir='ltr'>sup·</span> <span class='ocrx_word' id='word_1_883' title='bbox 2505 2728 2516 2737; x_wconf 83' lang='grc'>·</span> 
     </span>
    </p>
   </div>
   <div class='ocr_carea' id='block_1_22' title="bbox 1402 2767 2474 3401">
    <p class='ocr_par' dir='ltr' id='par_1_27' title="bbox 1402 2767 2474 3180">
     <span class='ocr_line' id='line_1_122' title="bbox 1403 2767 2474 2818; baseline 0 -13"><span class='ocrx_word' id='word_1_884' title='bbox 1403 2767 1529 2818; x_wconf 90' lang='lat' dir='ltr'>posito</span> <span class='ocrx_word' id='word_1_885' title='bbox 1562 2768 1667 2817; x_wconf 93' lang='lat' dir='ltr'>quod</span> <span class='ocrx_word' id='word_1_886' title='bbox 1697 2767 1845 2804; x_wconf 90' lang='lat' dir='ltr'>caelum</span> <span class='ocrx_word' id='word_1_887' title='bbox 1873 2775 2076 2805; x_wconf 88' lang='lat' dir='ltr'>moveatur</span> <span class='ocrx_word' id='word_1_888' title='bbox 2109 2776 2283 2818; x_wconf 89' lang='lat' dir='ltr'>ternpore</span> <span class='ocrx_word' id='word_1_889' title='bbox 2315 2769 2474 2816; x_wconf 91' lang='lat' dir='ltr'>infinito,</span> 
     </span>
     <span class='ocr_line' id='line_1_123' title="bbox 1404 2820 2474 2870; baseline -0.001 -11"><span class='ocrx_word' id='word_1_890' title='bbox 1404 2821 1619 2859; x_wconf 88' lang='lat' dir='ltr'>secundum</span> <span class='ocrx_word' id='word_1_891' title='bbox 1642 2821 1722 2858; x_wconf 88' lang='lat' dir='ltr'>eius</span> <span class='ocrx_word' id='word_1_892' title='bbox 1751 2820 1985 2870; x_wconf 89' lang='lat' dir='ltr'>opinionem,</span> <span class='ocrx_word' id='word_1_893' title='bbox 2007 2821 2176 2870; x_wconf 90' lang='lat' dir='ltr'>sequitur</span> <span class='ocrx_word' id='word_1_894' title='bbox 2204 2821 2310 2870; x_wconf 93' lang='lat' dir='ltr'>quod</span> <span class='ocrx_word' id='word_1_895' title='bbox 2329 2821 2474 2858; x_wconf 91' lang='lat' dir='ltr'>infinito</span> 
     </span>
     <span class='ocr_line' id='line_1_124' title="bbox 1403 2873 2474 2924; baseline -0.001 -12"><span class='ocrx_word' id='word_1_896' title='bbox 1403 2882 1578 2924; x_wconf 91' lang='lat' dir='ltr'>tempore</span> <span class='ocrx_word' id='word_1_897' title='bbox 1592 2874 1696 2924; x_wconf 92' lang='lat' dir='ltr'>prius</span> <span class='ocrx_word' id='word_1_898' title='bbox 1716 2873 1932 2911; x_wconf 89' lang='lat' dir='ltr'>intendatur</span> <span class='ocrx_word' id='word_1_899' title='bbox 1951 2882 2079 2911; x_wconf 90' lang='lat' dir='ltr'>motus</span> <span class='ocrx_word' id='word_1_900' title='bbox 2104 2874 2183 2911; x_wconf 90' lang='lat' dir='ltr'>eius</span> <span class='ocrx_word' id='word_1_901' title='bbox 2213 2882 2249 2911; x_wconf 92' lang='lat' dir='ltr'>et</span> <span class='ocrx_word' id='word_1_902' title='bbox 2265 2882 2398 2923; x_wconf 89' lang='lat' dir='ltr'>postea</span> <span class='ocrx_word' id='word_1_903' title='bbox 2418 2887 2474 2911; x_wconf 92' lang='lat' dir='ltr'>re-</span> 
     </span>
     <span class='ocr_line' id='line_1_125' title="bbox 1404 2927 2473 2976; baseline -0.003 -10"><span class='ocrx_word' id='word_1_904' title='bbox 1404 2929 1582 2976; x_wconf 90' lang='lat' dir='ltr'>mittatur,</span> <span class='ocrx_word' id='word_1_905' title='bbox 1603 2928 1701 2965; x_wconf 85' lang='lat' dir='ltr'>aut*</span> <span class='ocrx_word' id='word_1_906' title='bbox 1721 2940 1742 2964; x_wconf 91' lang='grc'>8</span> <span class='ocrx_word' id='word_1_907' title='bbox 1762 2940 1967 2972; x_wconf 85' lang='lat' dir='ltr'>converso;</span> <span class='ocrx_word' id='word_1_908' title='bbox 1999 2927 2071 2964; x_wconf 90' lang='lat' dir='ltr'>alio</span> <span class='ocrx_word' id='word_1_909' title='bbox 2091 2927 2210 2964; x_wconf 92' lang='lat' dir='ltr'>modo</span> <span class='ocrx_word' id='word_1_910' title='bbox 2239 2934 2280 2963; x_wconf 93' lang='lat' dir='ltr'>ut</span> <span class='ocrx_word' id='word_1_911' title='bbox 2306 2927 2473 2964; x_wconf 87' lang='lat' dir='ltr'>vicissim</span> 
     </span>
     <span class='ocr_line' id='line_1_126' title="bbox 1404 2980 2472 3031; baseline -0.002 -12"><span class='ocrx_word' id='word_1_912' title='bbox 1404 2982 1636 3031; x_wconf 91' lang='lat' dir='ltr'>quandoque</span> <span class='ocrx_word' id='word_1_913' title='bbox 1661 2981 1872 3018; x_wconf 90' lang='lat' dir='ltr'>remittatur</span> <span class='ocrx_word' id='word_1_914' title='bbox 1891 2988 1927 3017; x_wconf 91' lang='lat' dir='ltr'>et</span> <span class='ocrx_word' id='word_1_915' title='bbox 1947 2982 1967 3002; x_wconf 79' lang='lat'><strong><em>*</em></strong></span> <span class='ocrx_word' id='word_1_916' title='bbox 1987 2980 2219 3029; x_wconf 90' lang='lat' dir='ltr'>quandoque</span> <span class='ocrx_word' id='word_1_917' title='bbox 2247 2980 2472 3017; x_wconf 88' lang='lat' dir='ltr'>intendatur.</span> 
     </span>
     <span class='ocr_line' id='line_1_127' title="bbox 1405 3033 2474 3085; baseline -0.004 -12"><span class='ocrx_word' id='word_1_918' title='bbox 1405 3035 1482 3073; x_wconf 91' lang='lat' dir='ltr'>Sed</span> <span class='ocrx_word' id='word_1_919' title='bbox 1511 3034 1708 3085; x_wconf 90' lang='lat' dir='ltr'>quodlibet</span> <span class='ocrx_word' id='word_1_920' title='bbox 1736 3034 1895 3071; x_wconf 90' lang='lat' dir='ltr'>istorum</span> <span class='ocrx_word' id='word_1_921' title='bbox 1924 3041 1979 3070; x_wconf 92' lang='lat' dir='ltr'>est</span> <span class='ocrx_word' id='word_1_922' title='bbox 2006 3033 2251 3082; x_wconf 89' lang='lat' dir='ltr'>impossibile.</span> <span class='ocrx_word' id='word_1_923' title='bbox 2282 3034 2384 3081; x_wconf 89' lang='lat' dir='ltr'>Ergo</span> <span class='ocrx_word' id='word_1_924' title='bbox 2404 3033 2474 3070; x_wconf 89' lang='lat' dir='ltr'>im-</span> 
     </span>
     <span class='ocr_line' id='line_1_128' title="bbox 1402 3085 2471 3139; baseline -0.003 -13"><span class='ocrx_word' id='word_1_925' title='bbox 1402 3089 1583 3139; x_wconf 90' lang='lat' dir='ltr'>possibile</span> <span class='ocrx_word' id='word_1_926' title='bbox 1623 3095 1678 3125; x_wconf 89' lang='lat' dir='ltr'>est</span> <span class='ocrx_word' id='word_1_927' title='bbox 1705 3087 1811 3136; x_wconf 92' lang='lat' dir='ltr'>quod</span> <span class='ocrx_word' id='word_1_928' title='bbox 1848 3087 1887 3123; x_wconf 89' lang='lat' dir='ltr'>in</span> <span class='ocrx_word' id='word_1_929' title='bbox 1916 3093 2024 3123; x_wconf 90' lang='lat' dir='ltr'>motu</span> <span class='ocrx_word' id='word_1_930' title='bbox 2062 3086 2153 3122; x_wconf 89' lang='lat' dir='ltr'>caeli</span> <span class='ocrx_word' id='word_1_931' title='bbox 2176 3087 2196 3106; x_wconf 75' lang='grc'><strong>*</strong></span> <span class='ocrx_word' id='word_1_932' title='bbox 2224 3085 2270 3122; x_wconf 84' lang='grc'>311</span> <span class='ocrx_word' id='word_1_933' title='bbox 2298 3085 2471 3123; x_wconf 91' lang='lat' dir='ltr'>remissio</span> 
     </span>
     <span class='ocr_line' id='line_1_129' title="bbox 1405 3141 1642 3180; baseline -0.008 0"><span class='ocrx_word' id='word_1_934' title='bbox 1405 3149 1440 3180; x_wconf 91' lang='lat' dir='ltr'>et</span> <span class='ocrx_word' id='word_1_935' title='bbox 1468 3141 1642 3179; x_wconf 89' lang='lat' dir='ltr'>intensio.</span> 
     </span>
    </p>

    <p class='ocr_par' dir='ltr' id='par_1_28' title="bbox 1404 3190 2472 3401">
     <span class='ocr_line' id='line_1_130' title="bbox 1458 3190 2472 3241; baseline -0.003 -9"><span class='ocrx_word' id='word_1_936' title='bbox 1458 3195 1589 3232; x_wconf 91' lang='lat' dir='ltr'>Primo</span> <span class='ocrx_word' id='word_1_937' title='bbox 1619 3206 1708 3241; x_wconf 91' lang='lat' dir='ltr'>ergo</span> <span class='ocrx_word' id='word_1_938' title='bbox 1729 3191 1892 3230; x_wconf 90' lang='lat' dir='ltr'>ostendit</span> <span class='ocrx_word' id='word_1_939' title='bbox 1920 3190 2156 3240; x_wconf 89' lang='lat' dir='ltr'>impossibile</span> <span class='ocrx_word' id='word_1_940' title='bbox 2186 3203 2268 3228; x_wconf 88' lang='lat' dir='ltr'>esse</span> <span class='ocrx_word' id='word_1_941' title='bbox 2293 3191 2398 3240; x_wconf 94' lang='lat' dir='ltr'>quod</span> <span class='ocrx_word' id='word_1_942' title='bbox 2417 3191 2472 3229; x_wconf 91' lang='lat' dir='ltr'>in-</span> 
     </span>
     <span class='ocr_line' id='line_1_131' title="bbox 1404 3243 2471 3296; baseline -0.003 -11"><span class='ocrx_word' id='word_1_943' title='bbox 1404 3248 1512 3285; x_wconf 91' lang='lat' dir='ltr'>finito</span> <span class='ocrx_word' id='word_1_944' title='bbox 1533 3255 1707 3296; x_wconf 90' lang='lat' dir='ltr'>tempore</span> <span class='ocrx_word' id='word_1_945' title='bbox 1736 3244 1952 3282; x_wconf 89' lang='lat' dir='ltr'>intendatur</span> <span class='ocrx_word' id='word_1_946' title='bbox 1968 3243 2085 3293; x_wconf 85' lang='lat' dir='ltr'>prius,</span> <span class='ocrx_word' id='word_1_947' title='bbox 2108 3250 2144 3280; x_wconf 91' lang='lat' dir='ltr'>et</span> <span class='ocrx_word' id='word_1_948' title='bbox 2165 3252 2299 3293; x_wconf 89' lang='lat' dir='ltr'>postea</span> <span class='ocrx_word' id='word_1_949' title='bbox 2323 3245 2471 3282; x_wconf 91' lang='lat' dir='ltr'>infinito</span> 
     </span>
     <span class='ocr_line' id='line_1_132' title="bbox 1404 3297 2471 3349; baseline -0.002 -12"><span class='ocrx_word' id='word_1_950' title='bbox 1404 3309 1576 3349; x_wconf 89' lang='lat' dir='ltr'>tempore</span> <span class='ocrx_word' id='word_1_951' title='bbox 1592 3298 1811 3344; x_wconf 87' lang='lat' dir='ltr'>remittatur,</span> <span class='ocrx_word' id='word_1_952' title='bbox 1823 3297 1885 3334; x_wconf 90' lang='lat' dir='ltr'>vel</span> <span class='ocrx_word' id='word_1_953' title='bbox 1902 3309 1921 3333; x_wconf 91' lang='lat' dir='ltr'>e</span> <span class='ocrx_word' id='word_1_954' title='bbox 1938 3309 2144 3344; x_wconf 90' lang='lat' dir='ltr'>converso;</span> <span class='ocrx_word' id='word_1_955' title='bbox 2161 3297 2330 3335; x_wconf 91' lang='lat' dir='ltr'>secundo</span> <span class='ocrx_word' id='word_1_956' title='bbox 2347 3305 2471 3335; x_wconf 89' lang='lat' dir='ltr'>osten-</span> 
     </span>
     <span class='ocr_line' id='line_1_133' title="bbox 1405 3350 2471 3401; baseline -0.002 -11"><span class='ocrx_word' id='word_1_957' title='bbox 1405 3354 1458 3391; x_wconf 92' lang='lat' dir='ltr'>dit</span> <span class='ocrx_word' id='word_1_958' title='bbox 1481 3351 1714 3401; x_wconf 88' lang='lat' dir='ltr'>impossibile</span> <span class='ocrx_word' id='word_1_959' title='bbox 1745 3362 1827 3387; x_wconf 90' lang='lat' dir='ltr'>esse</span> <span class='ocrx_word' id='word_1_960' title='bbox 1854 3350 1958 3398; x_wconf 92' lang='lat' dir='ltr'>quod</span> <span class='ocrx_word' id='word_1_961' title='bbox 1987 3362 2139 3399; x_wconf 92' lang='lat' dir='ltr'>semper</span> <span class='ocrx_word' id='word_1_962' title='bbox 2166 3350 2382 3388; x_wconf 89' lang='lat' dir='ltr'>intendatur</span> <span class='ocrx_word' id='word_1_963' title='bbox 2408 3352 2471 3389; x_wconf 88' lang='lat' dir='ltr'>vel</span> 
     </span>
    </p>
   </div>
   <div class='ocr_carea' id='block_1_23' title="bbox 1402 3517 2472 3655">
    <p class='ocr_par' dir='ltr' id='par_1_29' title="bbox 1402 3517 2472 3655">
     <span class='ocr_line' id='line_1_134' title="bbox 1403 3517 2472 3551; baseline -0.003 -5"><span class='ocrx_word' id='word_1_964' title='bbox 1403 3526 1443 3546; x_wconf 86' lang='lat' dir='ltr'>ter</span> <span class='ocrx_word' id='word_1_965' title='bbox 1461 3524 1578 3544; x_wconf 85' lang='lat' dir='ltr'>naturam</span> <span class='ocrx_word' id='word_1_966' title='bbox 1603 3523 1710 3543; x_wconf 87' lang='lat' dir='ltr'>naturae</span> <span class='ocrx_word' id='word_1_967' title='bbox 1728 3517 1902 3550; x_wconf 83' lang='lat' dir='ltr'>particularis3</span> <span class='ocrx_word' id='word_1_968' title='bbox 1922 3517 1993 3550; x_wconf 90' lang='lat' dir='ltr'>quod</span> <span class='ocrx_word' id='word_1_969' title='bbox 2013 3518 2098 3542; x_wconf 89' lang='lat' dir='ltr'>minus</span> <span class='ocrx_word' id='word_1_970' title='bbox 2124 3517 2192 3543; x_wconf 91' lang='lat' dir='ltr'>bene</span> <span class='ocrx_word' id='word_1_971' title='bbox 2211 3518 2308 3543; x_wconf 89' lang='lat' dir='ltr'>dictum</span> <span class='ocrx_word' id='word_1_972' title='bbox 2333 3523 2374 3544; x_wconf 87' lang='lat' dir='ltr'>est</span> <span class='ocrx_word' id='word_1_973' title='bbox 2392 3526 2472 3551; x_wconf 82' lang='lat' dir='ltr'>quam</span> 
     </span>
     <span class='ocr_line' id='line_1_135' title="bbox 1403 3553 2470 3588; baseline -0.002 -8"><span class='ocrx_word' id='word_1_974' title='bbox 1403 3556 1474 3588; x_wconf 91' lang='lat' dir='ltr'>quod</span> <span class='ocrx_word' id='word_1_975' title='bbox 1489 3563 1518 3579; x_wconf 85' lang='lat' dir='ltr'>ex</span> <span class='ocrx_word' id='word_1_976' title='bbox 1532 3553 1662 3578; x_wconf 85' lang='lat' dir='ltr'>codicibus</span> <span class='ocrx_word' id='word_1_977' title='bbox 1677 3553 1865 3586; x_wconf 82' lang='lat' dir='ltr'>adoptavimus.</span> <span class='ocrx_word' id='word_1_978' title='bbox 1885 3553 2007 3585; x_wconf 88' lang='lat' dir='ltr'>Sequitur</span> <span class='ocrx_word' id='word_1_979' title='bbox 2026 3553 2132 3585; x_wconf 88' lang='lat' dir='ltr'>quidem</span> <span class='ocrx_word' id='word_1_980' title='bbox 2145 3553 2210 3578; x_wconf 83' lang='lat' dir='ltr'>infra</span> <span class='ocrx_word' id='word_1_981' title='bbox 2218 3557 2331 3586; x_wconf 80' lang='lat' dir='ltr'>praeter</span> <span class='ocrx_word' id='word_1_982' title='bbox 2345 3557 2470 3579; x_wconf 86' lang='lat' dir='ltr'>naturam</span> 
     </span>
     <span class='ocr_line' id='line_1_136' title="bbox 1403 3588 2471 3621; baseline -0.001 -6"><span class='ocrx_word' id='word_1_983' title='bbox 1403 3590 1577 3615; x_wconf 83' lang='lat' dir='ltr'>universalem</span> <span class='ocrx_word' id='word_1_984' title='bbox 1583 3596 1592 3618; x_wconf 89' lang='lat'>‚·</span> <span class='ocrx_word' id='word_1_985' title='bbox 1611 3589 1658 3613; x_wconf 87' lang='lat' dir='ltr'>sed</span> <span class='ocrx_word' id='word_1_986' title='bbox 1672 3589 1753 3619; x_wconf 83' lang='lat' dir='ltr'>locus,</span> <span class='ocrx_word' id='word_1_987' title='bbox 1768 3593 1796 3613; x_wconf 91' lang='lat' dir='ltr'>ut</span> <span class='ocrx_word' id='word_1_988' title='bbox 1808 3593 1884 3621; x_wconf 86' lang='lat' dir='ltr'>patet,</span> <span class='ocrx_word' id='word_1_989' title='bbox 1904 3596 1956 3613; x_wconf 89' lang='lat' dir='ltr'>non</span> <span class='ocrx_word' id='word_1_990' title='bbox 1975 3593 2015 3613; x_wconf 72' lang='lat' dir='ltr'>est</span> <span class='ocrx_word' id='word_1_991' title='bbox 2033 3588 2139 3613; x_wconf 87' lang='lat' dir='ltr'>omnino</span> <span class='ocrx_word' id='word_1_992' title='bbox 2158 3589 2259 3614; x_wconf 90' lang='lat' dir='ltr'>similis.</span> <span class='ocrx_word' id='word_1_993' title='bbox 2270 3604 2290 3611; x_wconf 75' lang='lat'><em>-</em></span> <span class='ocrx_word' id='word_1_994' title='bbox 2303 3590 2353 3614; x_wconf 86' lang='lat' dir='ltr'>Pro</span> <span class='ocrx_word' id='word_1_995' title='bbox 2366 3596 2471 3614; x_wconf 84' lang='lat' dir='ltr'>conser-</span> 
     </span>
     <span class='ocr_line' id='line_1_137' title="bbox 1402 3623 1760 3655; baseline -0.006 -5"><span class='ocrx_word' id='word_1_996' title='bbox 1402 3625 1502 3655; x_wconf 83' lang='lat' dir='ltr'>vando,</span> <span class='ocrx_word' id='word_1_997' title='bbox 1522 3624 1686 3650; x_wconf 83' lang='lat' dir='ltr'>observando</span> <span class='ocrx_word' id='word_1_998' title='bbox 1706 3623 1760 3649; x_wconf 83' lang='lat' dir='ltr'>FG.</span> 
     </span>
    </p>
   </div>
   <div class='ocr_carea' id='block_1_24' title="bbox 2260 3686 2291 3702">
    <p class='ocr_par' dir='ltr' id='par_1_30' title="bbox 2260 3686 2291 3702">
     <span class='ocr_line' id='line_1_138' title="bbox 2260 3686 2291 3702; baseline 0 0"><span class='ocrx_word' id='word_1_999' title='bbox 2260 3686 2291 3702; x_wconf 82' lang='lat'>20</span> 
     </span>
    </p>
   </div>
   <div class='ocr_carea' id='block_1_25' title="bbox 2501 1071 2714 1094">
    <p class='ocr_par' dir='ltr' id='par_1_31' title="bbox 2501 1071 2714 1094">
     <span class='ocr_line' id='line_1_139' title="bbox 2501 1071 2714 1094; baseline 0.01 -2.162"><span class='ocrx_word' id='word_1_1000' title='bbox 2501 1071 2625 1093; x_wconf 75' lang='lat' dir='ltr'>“naturali</span> <span class='ocrx_word' id='word_1_1001' title='bbox 2632 1072 2684 1094; x_wconf 85' lang='lat' dir='ltr'>add.</span> <span class='ocrx_word' id='word_1_1002' title='bbox 2690 1078 2714 1094; x_wconf 74' lang='lat' dir='ltr'>A.</span> 
     </span>
    </p>
   </div>
   <div class='ocr_carea' id='block_1_26' title="bbox 2502 1500 2715 1528">
    <p class='ocr_par' dir='ltr' id='par_1_32' title="bbox 2502 1500 2715 1528">
     <span class='ocr_line' id='line_1_140' title="bbox 2502 1500 2715 1528; baseline 0 -6"><span class='ocrx_word' id='word_1_1003' title='bbox 2502 1501 2511 1510; x_wconf 73' lang='lat'><em>‘</em></span> <span class='ocrx_word' id='word_1_1004' title='bbox 2527 1500 2590 1522; x_wconf 78' lang='lat' dir='ltr'>Lect.</span> <span class='ocrx_word' id='word_1_1005' title='bbox 2605 1506 2640 1528; x_wconf 83' lang='lat' dir='ltr'>iv,</span> <span class='ocrx_word' id='word_1_1006' title='bbox 2659 1506 2681 1522; x_wconf 94' lang='lat' dir='ltr'>n.</span> <span class='ocrx_word' id='word_1_1007' title='bbox 2693 1500 2715 1522; x_wconf 89' lang='lat'>6.</span> 
     </span>
    </p>
   </div>
   <div class='ocr_carea' id='block_1_27' title="bbox 2525 1871 2703 1899">
    <p class='ocr_par' dir='ltr' id='par_1_33' title="bbox 2525 1871 2703 1899">
     <span class='ocr_line' id='line_1_141' title="bbox 2525 1871 2703 1899; baseline 0 -6"><span class='ocrx_word' id='word_1_1008' title='bbox 2525 1871 2589 1893; x_wconf 87' lang='lat' dir='ltr'>Lect.</span> <span class='ocrx_word' id='word_1_1009' title='bbox 2601 1877 2626 1893; x_wconf 84' lang='lat'>111</span> <span class='ocrx_word' id='word_1_1010' title='bbox 2638 1877 2703 1899; x_wconf 86' lang='lat' dir='ltr'>seqq.</span> 
     </span>
    </p>
   </div>
   <div class='ocr_carea' id='block_1_28' title="bbox 2532 2084 2666 2106">
    <p class='ocr_par' dir='ltr' id='par_1_34' title="bbox 2532 2084 2666 2106">
     <span class='ocr_line' id='line_1_142' title="bbox 2532 2084 2666 2106; baseline 0.007 -1"><span class='ocrx_word' id='word_1_1011' title='bbox 2532 2085 2565 2106; x_wconf 82' lang='lat' dir='ltr'>sic</span> <span class='ocrx_word' id='word_1_1012' title='bbox 2580 2084 2632 2106; x_wconf 86' lang='lat' dir='ltr'>add.</span> <span class='ocrx_word' id='word_1_1013' title='bbox 2644 2091 2666 2106; x_wconf 78' lang='lat' dir='ltr'>P.</span> 
     </span>
    </p>
   </div>
   <div class='ocr_carea' id='block_1_29' title="bbox 2507 2192 2616 2212">
    <p class='ocr_par' dir='ltr' id='par_1_35' title="bbox 2507 2192 2616 2212">
     <span class='ocr_line' id='line_1_143' title="bbox 2507 2192 2616 2212; baseline 0.009 -1"><span class='ocrx_word' id='word_1_1014' title='bbox 2507 2192 2516 2199; x_wconf 75' lang='lat'><em>‘</em></span> <span class='ocrx_word' id='word_1_1015' title='bbox 2531 2196 2581 2212; x_wconf 85' lang='lat' dir='ltr'>cum</span> <span class='ocrx_word' id='word_1_1016' title='bbox 2596 2197 2616 2212; x_wconf 77' lang='grc' dir='ltr'>Ρ.</span> 
     </span>
    </p>
   </div>
   <div class='ocr_carea' id='block_1_30' title="bbox 2532 2350 2699 2372">
    <p class='ocr_par' dir='ltr' id='par_1_36' title="bbox 2532 2350 2699 2372">
     <span class='ocr_line' id='line_1_144' title="bbox 2532 2350 2699 2372; baseline 0.006 -1"><span class='ocrx_word' id='word_1_1017' title='bbox 2532 2351 2596 2372; x_wconf 83' lang='lat' dir='ltr'>ratio</span> <span class='ocrx_word' id='word_1_1018' title='bbox 2610 2350 2663 2372; x_wconf 83' lang='lat' dir='ltr'>add.</span> <span class='ocrx_word' id='word_1_1019' title='bbox 2678 2357 2699 2372; x_wconf 72' lang='lat' dir='ltr'>r.</span> 
     </span>
    </p>
   </div>
   <div class='ocr_carea' id='block_1_31' title="bbox 2528 2403 2701 2432">
    <p class='ocr_par' dir='ltr' id='par_1_37' title="bbox 2528 2403 2701 2432">
     <span class='ocr_line' id='line_1_145' title="bbox 2528 2403 2701 2432; baseline 0 -7"><span class='ocrx_word' id='word_1_1020' title='bbox 2528 2403 2667 2432; x_wconf 82' lang='lat' dir='ltr'>proceditur</span> <span class='ocrx_word' id='word_1_1021' title='bbox 2680 2411 2701 2425; x_wconf 75' lang='lat' dir='ltr'>r.</span> 
     </span>
    </p>
   </div>
   <div class='ocr_carea' id='block_1_32' title="bbox 2532 2462 2705 2484">
    <p class='ocr_par' dir='ltr' id='par_1_38' title="bbox 2532 2462 2705 2484">
     <span class='ocr_line' id='line_1_146' title="bbox 2532 2462 2705 2484; baseline 0 -1"><span class='ocrx_word' id='word_1_1022' title='bbox 2532 2464 2607 2483; x_wconf 79' lang='lat' dir='ltr'>autem</span> <span class='ocrx_word' id='word_1_1023' title='bbox 2622 2462 2675 2484; x_wconf 80' lang='lat' dir='ltr'>add.</span> <span class='ocrx_word' id='word_1_1024' title='bbox 2683 2468 2705 2483; x_wconf 77' lang='grc' dir='ltr'>Ρ.</span> 
     </span>
    </p>
   </div>
   <div class='ocr_carea' id='block_1_33' title="bbox 2529 2727 2659 2750">
    <p class='ocr_par' dir='ltr' id='par_1_39' title="bbox 2529 2727 2659 2750">
     <span class='ocr_line' id='line_1_147' title="bbox 2529 2727 2659 2750; baseline 0.015 -2"><span class='ocrx_word' id='word_1_1025' title='bbox 2529 2727 2563 2748; x_wconf 82' lang='lat' dir='ltr'>ad</span> <span class='ocrx_word' id='word_1_1026' title='bbox 2576 2733 2623 2750; x_wconf 91' lang='lat' dir='ltr'>om.</span> <span class='ocrx_word' id='word_1_1027' title='bbox 2638 2733 2659 2750; x_wconf 78' lang='grc' dir='ltr'>Ρ.</span> 
     </span>
    </p>
   </div>
   <div class='ocr_carea' id='block_1_34' title="bbox 2501 2932 2713 2980">
    <p class='ocr_par' dir='ltr' id='par_1_40' title="bbox 2501 2932 2713 2980">
     <span class='ocr_line' id='line_1_148' title="bbox 2501 2932 2713 2962; baseline 0 -9"><span class='ocrx_word' id='word_1_1028' title='bbox 2501 2933 2512 2944; x_wconf 72' lang='lat'>⁸</span> <span class='ocrx_word' id='word_1_1029' title='bbox 2529 2935 2553 2953; x_wconf 86' lang='lat' dir='ltr'>et</span> <span class='ocrx_word' id='word_1_1030' title='bbox 2570 2939 2583 2954; x_wconf 74' lang='lat' dir='ltr'>p</span> <span class='ocrx_word' id='word_1_1031' title='bbox 2603 2935 2624 2954; x_wconf 88' lang='lat' dir='ltr'>et</span> <span class='ocrx_word' id='word_1_1032' title='bbox 2644 2932 2713 2962; x_wconf 48' lang='lat' dir='ltr'>codd,</span> 
     </span>
     <span class='ocr_line' id='line_1_149' title="bbox 2502 2965 2588 2980; baseline 0 0"><span class='ocrx_word' id='word_1_1033' title='bbox 2502 2965 2551 2980; x_wconf 86' lang='lat' dir='ltr'>exc.</span> <span class='ocrx_word' id='word_1_1034' title='bbox 2565 2966 2588 2980; x_wconf 78' lang='grc' dir='ltr'>Α.</span> 
     </span>
    </p>
   </div>
   <div class='ocr_carea' id='block_1_35' title="bbox 2502 2992 2647 3012">
    <p class='ocr_par' dir='ltr' id='par_1_41' title="bbox 2502 2992 2647 3012">
     <span class='ocr_line' id='line_1_150' title="bbox 2502 2992 2647 3012; baseline 0 -1"><span class='ocrx_word' id='word_1_1035' title='bbox 2502 2992 2510 3000; x_wconf 89' lang='grc'>·</span> <span class='ocrx_word' id='word_1_1036' title='bbox 2527 2992 2550 3011; x_wconf 86' lang='lat' dir='ltr'>et</span> <span class='ocrx_word' id='word_1_1037' title='bbox 2563 2996 2611 3012; x_wconf 91' lang='lat' dir='ltr'>om.</span> <span class='ocrx_word' id='word_1_1038' title='bbox 2626 2996 2647 3011; x_wconf 79' lang='lat' dir='ltr'>P.</span> 
     </span>
    </p>
   </div>
   <div class='ocr_carea' id='block_1_36' title="bbox 2503 3096 2686 3118">
    <p class='ocr_par' dir='ltr' id='par_1_42' title="bbox 2503 3096 2686 3118">
     <span class='ocr_line' id='line_1_151' title="bbox 2503 3096 2686 3118; baseline 0.005 -1"><span class='ocrx_word' id='word_1_1039' title='bbox 2503 3098 2511 3106; x_wconf 80' lang='lat'><strong>·</strong></span> <span class='ocrx_word' id='word_1_1040' title='bbox 2526 3096 2588 3118; x_wconf 82' lang='lat' dir='ltr'>caeli</span> <span class='ocrx_word' id='word_1_1041' title='bbox 2601 3102 2650 3118; x_wconf 89' lang='lat' dir='ltr'>om.</span> <span class='ocrx_word' id='word_1_1042' title='bbox 2665 3103 2686 3118; x_wconf 75' lang='lat' dir='ltr'>r.</span> 
     </span>
    </p>
   </div>
  </div>
 </body>
</html>
