2690 4062
61 1991 72 2003 ⁸
86 1996 132 2012 non
147 1996 195 2012 om.
209 1996 246 2012 να.

58 2035 68 2046 “
83 2034 186 2056 rationis
199 2040 237 2056 pa.

299 236 344 261 cu
991 210 1580 254 METEOROLOGICORUM
1607 208 1703 245 LIB.
1734 208 1785 244 III
1825 250 1829 253 ,

299 303 333 336 II
358 302 392 335 de
414 301 542 341 Anima,
563 307 611 332 est
635 298 725 344 quod
748 306 798 331 est
813 297 976 329 motivum
998 294 1088 327 visus
1105 290 1287 342 secundum
1311 300 1360 329 se;

300 346 357 379 sed
382 345 509 378 colores
533 343 622 377 iridis
647 351 723 375 sunt
746 339 947 380 huiusmodi,
971 339 1056 371 sicut
1078 347 1193 369 sensus
1217 333 1359 385 1u·d·1cat;

300 401 378 434 ergo
402 397 480 422 sunt
497 389 566 422 veri
590 387 727 420 colores.
746 406 764 411 -
785 383 953 419 Secundo:
980 383 1055 426 quia
1070 381 1187 413 veritas
1210 390 1257 411 rei
1273 377 1361 427 idem

301 443 349 467 est
374 433 464 478 quod
487 433 627 466 essentia
649 432 713 470 rei,
738 429 889 463 differens
914 426 1023 460 solum
1052 423 1235 458 secundum
1265 430 1362 454 rano-

299 490 376 511 nem
383 490 393 519 ;
417 477 475 511 sed
495 476 622 510 colores
651 475 740 508 iridis
764 473 884 506 habent
900 470 1074 504 essentiam
1090 477 1123 501 et
1145 467 1285 517 formam
1310 476 1362 497 co-

300 523 390 563 loris,
412 521 487 554 licet
505 519 687 554 secundum
707 530 777 552 esse
797 516 921 555 debile;
946 525 1024 557 ergo
1048 512 1169 546 habent
1191 518 1361 562 veritatem

302 566 430 600 coloris.
456 566 568 598 Minor
591 563 765 608 probatur:
791 562 866 605 quia
889 569 1004 592 sensus
1028 558 1120 607 visus
1142 567 1199 600 qui
1222 554 1287 587 hoc
1310 565 1361 604 iu-

301 610 405 650 dicat,
428 621 497 643 non
521 608 680 652 decipitur
703 607 786 639 circa
808 615 869 649 pro
894 604 979 636 rium
1002 600 1166 634 senslb1le.
1184 598 1359 649 -.Tert10:

301 654 334 688 id
358 653 447 698 quod
463 654 552 686 visus
577 651 696 684 iudicat
720 662 754 683 se
771 660 868 693 appre
895 646 1012 680 endere
1037 656 1095 689 per
1118 656 1152 677 se
1176 654 1296 694 primo,
1313 650 1362 692 est

302 698 394 732 color
416 696 598 731 secundum
620 695 800 734 veritatem,
817 693 873 737 qui
897 699 945 724 est
970 690 1136 723 obiectum
1158 699 1267 721 VlsuS:
1285 696 1362 730 qula

301 753 416 776 sensus
431 734 591 785 *proprius
616 740 699 772 circa
722 738 893 782 proprium
916 744 948 768 et
971 746 1030 779 per
1053 745 1087 766 se
1108 732 1273 766 obiectum
1292 741 1362 763 non

301 786 477 830 decipitur3
500 784 557 817 sed
573 784 606 816 in
625 783 751 816 visione
767 781 857 814 iridis
872 781 963 813 visus
982 778 1105 812 iudicat
1123 788 1158 810 se
1174 776 1284 809 videre
1307 786 1362 826 ve-

300 842 374 863 rum
391 829 552 868 colorem;
568 839 646 871 ergo
664 835 724 860 etc.
743 845 761 851 -
777 823 947 869 Amplius:
965 822 1166 866 ubicumque
1182 829 1259 853 sunt
1274 830 1362 863 prin-

301 874 383 918 cipia
415 873 482 906 veri
507 871 625 905 coloris
649 869 831 903 secundum
854 869 1034 908 veritatem,
1060 866 1105 899 ibi
1129 874 1178 917 est
1191 864 1306 916 ‘forma
1329 871 1362 896 et

300 918 437 951 essentia
453 917 520 949 veri
538 915 655 949 coloris
669 914 850 948 secundum
866 913 1035 946 veritatem
1041 923 1051 952 ;
1068 909 1172 943 sedin
1189 908 1269 959 iride
1286 916 1359 940 actu

300 969 498 995 concurrunt
514 961 624 993 omnia
639 959 798 1003 principia
822 957 941 990 coloris
966 955 1148 989 secundum
1171 961 1360 992 veritatem3

299 1017 376 1049 ergo
400 1013 459 1038 etc.
477 1005 585 1037 Maior
607 1012 656 1036 est
678 1011 773 1036 nota:
799 1002 875 1046 quia
899 1012 996 1034 causa
1015 1008 1047 1033 et
1066 998 1200 1032 effectus
1228 998 1261 1030 in
1286 1005 1359 1047 actu

299 1058 374 1082 sunt
390 1048 487 1082 simul
503 1049 537 1081 in
553 1057 626 1081 actu
643 1047 692 1093 (11
707 1046 850 1092 Physic.)
865 1046 977 1078 Minor
989 1043 1145 1088 probatur
1155 1055 1170 1093 :-
1180 1042 1256 1086 quia
1273 1052 1361 1085 prm-

299 1094 421 1138 cipium
445 1093 512 1126 veri
532 1092 652 1125 coloris
675 1092 709 1124 in
729 1100 815 1130 actu,
832 1099 881 1123 est
895 1090 1106 1133 perspicuum
1131 1086 1242 1131 aliquo
1257 1084 1360 1118 modo

297 1138 507 1171 terminatum
523 1137 557 1169 in
573 1136 699 1169 ratione
715 1135 880 1174 materiae,
894 1142 925 1167 et
942 1133 1055 1166 lumen
1072 1132 1115 1165 ibi
1129 1132 1270 1181 existens
1286 1138 1359 1181 actu

297 1183 331 1215 in
346 1182 471 1215 ratione
486 1180 630 1221 formae;
646 1179 704 1213 sed
718 1180 778 1212 ista
794 1178 892 1212 ambo
908 1186 985 1211 sunt
1001 1186 1074 1210 actu
1091 1177 1125 1209 in
1141 1175 1232 1215 iride,
1245 1186 1313 1207 swe
1326 1185 1361 1207 1n

297 1237 337 1259 eo
353 1226 386 1258 in
406 1237 472 1269 quo
488 1233 621 1269 apparet
636 1225 706 1257 iris:
724 1224 799 1268 quia
812 1223 1022 1267 perspicuum
1039 1233 1075 1254 ae
1100 1220 1215 1253 ualiter
1234 1227 1283 1252 est
1298 1227 1361 1251 ter-

297 1271 456 1304 minatum
472 1281 531 1314 per
547 1280 688 1313 opacum
707 1269 741 1301 in
763 1268 929 1301 roratione
951 1266 1069 1299 descen
1093 1273 1167 1298 ente
1183 1263 1244 1297 sub
1261 1262 1360 1303 nube,

296 1316 330 1348 in
347 1326 410 1359 qua
425 1323 598 1358 generatur
620 1314 686 1354 iris,
702 1312 793 1346 aliter
815 1323 884 1345 non
900 1310 1034 1344 haberet
1049 1310 1210 1342 rationem
1234 1306 1360 1352 speculi

297 1358 525 1402 refrangentis:
550 1357 663 1391 lumen
687 1368 765 1390 vero
790 1368 808 1389 a
831 1355 900 1389 sole
917 1355 969 1388 vel
993 1366 1011 1387 a
1034 1353 1112 1387 luna
1137 1352 1286 1403 incidens
1302 1351 1358 1403 illi,

296 1403 392 1436 habet
408 1403 569 1436 rationem
592 1401 734 1442 formae;
754 1412 832 1445 ergo
850 1401 1009 1444 sequitur,
1027 1398 1117 1443 quod
1135 1409 1210 1431 cum
1228 1398 1261 1448 in
1278 1396 1358 1430 1r1de

296 1449 361 1481 sint
384 1456 456 1480 actu
475 1448 586 1480 omnia
633 1446 712 1479 rinci
739 1446 768 1478 ia
783 1446 852 1478 veri
877 1444 1008 1484 coloris,
1029 1444 1095 1476 sint
1117 1443 1161 1475 ibi
1176 1453 1245 1475 veri
1270 1440 1359 1474 colo-

296 1503 363 1525 res:
388 1491 464 1524 licet
487 1491 578 1524 color
602 1492 611 1523 i
635 1491 645 1524 i
669 1490 710 1523 ha
733 1498 785 1523 eat
808 1501 879 1523 esse
903 1488 1020 1529 debile,
1040 1488 1125 1520 sicut
1148 1486 1273 1520 dictum
1299 1494 1358 1537 est,

296 1537 371 1580 quia
394 1536 553 1580 principia
575 1536 645 1568 eius
674 1546 742 1568 non
777 1543 854 1567 sunt
885 1534 929 1566 ita
957 1532 1181 1577 permanentia
1208 1531 1292 1564 sicut
1325 1541 1359 1563 m

297 1580 487 1626 corporibus
511 1580 620 1613 mixtis
644 1579 835 1619 terminatis,
852 1579 886 1611 in
910 1577 1029 1622 quibus
1053 1576 1213 1628 principia
1237 1575 1357 1608 coloris

297 1633 541 1670 consequuntur
565 1624 723 1668 principia
744 1623 918 1656 intrinseca
935 1621 1209 1665 corporis,mixti,
1226 1629 1259 1653 et
1282 1628 1359 1652 sunt

297 1671 325 1704 ei
349 1671 538 1703 intrinseca:
564 1676 812 1712 consequuntur
842 1668 930 1700 enim
962 1667 1033 1710 ipsa
1057 1664 1249 1705 miscibilia‚
1274 1675 1358 1709 quae

296 1723 372 1748 sunt
394 1714 616 1759 permanentia
640 1721 713 1746 actu
737 1711 790 1745 vel
813 1712 943 1751 virtute,
959 1719 992 1744 et
1014 1721 1073 1754 per
1096 1720 1303 1754 consequens
1327 1718 1359 1742 et

296 1759 387 1792 color
409 1770 448 1792 ex
471 1759 549 1802 ipsis
573 1766 724 1791 causatus
747 1766 797 1789 est
820 1766 1015 1800 permanens
1039 1763 1071 1788 et
1095 1753 1266 1798 perfectus,
1293 1753 1359 1787 Sed

296 1815 363 1837 non
382 1811 430 1836 est
453 1803 499 1836 sic
516 1801 555 1835 de
580 1801 743 1835 coloribus
759 1800 859 1841 iridis,
876 1801 953 1844 quia
976 1799 1089 1832 lumen
1115 1798 1159 1831 ibi
1175 1807 1225 1831 est
1240 1799 1359 1832 extrin-

296 1859 418 1888 secum,
442 1856 474 1880 et
497 1845 605 1880 solum
629 1845 742 1879 incidit
765 1844 947 1878 secundum
980 1843 1234 1877 determinatum
1257 1843 1358 1876 situm

297 1892 336 1926 ad
359 1893 477 1932 visum,
493 1900 525 1924 et
548 1890 729 1924 secundum
753 1889 842 1934 quod
866 1888 980 1922 incidit
1003 1887 1224 1922 diversimode
1249 1896 1360 1921 causat

297 1937 442 1970 diversos
459 1935 595 1976 colores,
608 1935 664 1979 qui
681 1943 837 1979 apparent
853 1932 1017 1967 transferri
1033 1944 1092 1977 per
1107 1942 1237 1966 motum
1254 1933 1358 1976 ipsius

295 1982 403 2022 visus;
427 1989 458 2014 et
474 1989 583 2013 tamen
599 1978 779 2012 secundum
795 1979 965 2012 veritatem
989 1989 1058 2011 non
1077 1977 1092 1994 '⁸‘
1109 1976 1359 2017 transferuntur,

296 2026 372 2070 quia
394 2026 428 2058 in
452 2024 521 2058 aliis
545 2023 689 2069 partibus
712 2024 885 2056 rorationis
908 2022 924 2040 *
949 2022 988 2056 de
1012 2033 1102 2055 novo
1127 2022 1284 2055 continue
1307 2033 1360 2065 ge-

295 2079 458 2103 nerantur.

347 2114 400 2148 Ad
423 2113 549 2147 obiecta
572 2121 682 2146 autem
703 2111 879 2146 dicendum
902 2120 965 2145 est:
983 2120 1015 2144 et
1031 2110 1071 2144 ad
1090 2111 1246 2155 primum,
1268 2110 1360 2155 quod

297 2158 387 2192 color
410 2166 518 2202 potest
534 2157 658 2191 causari
681 2169 721 2190 ex
736 2156 939 2197 refractione,
956 2155 1009 2189 vel
1026 2167 1065 2189 ex
1089 2155 1359 2189 concurrentibus

295 2202 335 2236 ad
357 2202 583 2236 refractionem
600 2201 732 2235 luminis
757 2201 797 2234 ad
820 2202 940 2241 visum,
957 2201 1042 2233 sicut
1066 2199 1191 2234 dictum
1216 2209 1284 2233 est:
1302 2199 1360 2234 sed

294 2259 363 2280 non
386 2246 477 2280 color
507 2245 689 2280 secundum
720 2257 790 2279 esse
821 2244 1003 2290 perfectum
1027 2253 1059 2278 et
1081 2244 1195 2286 fixum,
1224 2253 1360 2296 propter

294 2292 507 2325 variationem
522 2290 732 2324 refractionis.
752 2290 816 2324 Sed
839 2291 867 2323 si
890 2298 988 2323 staret
1008 2300 1129 2333 corpus
1154 2288 1360 2323 luminosum

295 2345 327 2369 et
350 2335 452 2369 nubes
476 2336 510 2368 in
534 2335 647 2369 eadem
671 2335 822 2369 distantia
846 2343 879 2368 et
902 2334 1130 2378 dispositione,
1147 2334 1202 2367 iris
1226 2333 1360 2368 haberet

296 2392 365 2414 esse
389 2391 593 2424 permanens,
619 2399 638 2404 -
664 2379 716 2413 Ad
748 2379 929 2413 secundum
962 2378 1139 2412 dicendum
1172 2387 1241 2419 est,
1269 2378 1360 2424 quod

296 2433 501 2469 assumptum
520 2435 634 2458 verum
658 2433 707 2457 est
731 2423 770 2457 de
803 2423 968 2457 coloribus
993 2422 1187 2456 habentibus
1212 2434 1283 2456 esse
1307 2422 1359 2457 fir-

295 2480 388 2502 mum
411 2477 443 2502 et
465 2468 566 2502 fixum
590 2469 623 2502 in
647 2468 805 2509 subiecto,
822 2480 891 2502 non
914 2477 1025 2502 autem
1049 2467 1088 2501 de
1113 2467 1279 2501 coloribus
1303 2479 1359 2512 ap-

296 2512 482 2557 parentibus
509 2524 567 2557 per
595 2511 842 2552 refractionem,
866 2524 949 2557 quae
980 2523 1048 2545 non
1068 2511 1116 2545 -fit
1146 2513 1209 2546 nisi
1233 2524 1274 2546 ex
1297 2524 1317 2546 o
1344 2533 1356 2538 -

295 2558 422 2602 posito,
445 2557 497 2590 vel
521 2557 613 2602 quasi
637 2569 675 2591 ex
699 2557 865 2602 opposito,
881 2558 1038 2590 existente
1062 2555 1241 2590 luminoso.
1262 2576 1281 2582 -
1339 2556 1360 2591 d

296 2602 427 2634 tertium
447 2601 520 2635 dico
545 2601 634 2646 quod
659 2601 750 2635 color
771 2602 827 2646 qui
850 2601 994 2635 totaliter
1010 2610 1160 2635 causatur
1180 2613 1220 2635 ex
1243 2601 1359 2635 debili-

297 2654 360 2679 tate
383 2646 484 2685 visus,
506 2657 575 2679 non
598 2654 647 2679 est
669 2657 765 2679 verus
790 2645 894 2679 color:
920 2647 995 2691 quia
1027 2645 1089 2679 tale
1113 2654 1164 2680 est
1212 2657 1269 2680 ura
1292 2647 1359 2691 pri-

297 2691 395 2731 vatio,
418 2691 503 2723 sicut
525 2691 665 2723 remotio
689 2689 822 2723 luminis
846 2699 894 2724 est
918 2691 1066 2735 privatio.
1085 2690 1151 2725 Sed
1187 2690 1294 2724 alsum
1310 2700 1360 2724 est

298 2733 387 2779 quod
410 2734 535 2768 colores
559 2734 648 2768 iridis
673 2743 846 2768 causentur
862 2735 1003 2768 totaliter
1022 2746 1062 2768 ex
1077 2734 1242 2769 debilitate
1257 2736 1359 2776 visus,

298 2779 374 2823 quia
398 2787 571 2812 causantur
594 2779 701 2823 primo
725 2791 764 2812 ex
780 2779 904 2812 lumine
928 2779 1092 2814 incidente
1116 2781 1284 2814 rorationi.
1302 2780 1361 2814 Est

297 2831 405 2856 tamen
427 2834 542 2856 verum
571 2823 660 2867 quod
683 2822 830 2856 debilitas
853 2825 954 2865 visus,
978 2825 1063 2857 sicut
1085 2833 1118 2858 et
1146 2826 1287 2859 remotio
1312 2824 1360 2858 lu-

297 2867 405 2908 minis,
420 2866 495 2900 facit
510 2867 550 2901 ad
566 2866 630 2901 hoc
649 2867 739 2912 quod
755 2867 882 2902 colores
899 2880 938 2913 ap
966 2877 1076 2902 areant
1097 2868 1314 2903 obscuriores.

351 2921 400 2944 10.
418 2911 547 2951 Quarto
565 2913 744 2956 quaeritur,
768 2922 879 2946 utrum
904 2924 943 2946 co
958 2924 1030 2946 ores
1057 2913 1148 2947 iridis
1167 2915 1233 2947 sint
1256 2913 1362 2947 subie-

298 2956 380 2988 ctive
397 2956 430 2988 in
452 2955 597 3007 partibus
613 2956 835 3000 specularibus
851 2958 1036 2991 rorationis.
1058 2958 1099 2991 Et
1122 2958 1253 2992 videtur
1269 2958 1360 3003 quod

297 3010 379 3033 non:
404 3011 480 3044 quia
504 2999 595 3033 color
609 3000 738 3034 videtur
754 3013 824 3034 esse
848 3001 903 3043 ibi,
920 3001 976 3035 ubi
992 3003 1083 3035 visus
1107 3002 1230 3036 iudicat
1250 3003 1361 3047 ipsum

299 3055 368 3077 esse
378 3055 388 3084 ;
404 3043 461 3077 sed
475 3044 566 3077 visus
582 3056 658 3078 eum
678 3044 798 3078 iudicat
821 3057 892 3079 esse
908 3046 942 3079 in
958 3046 1056 3088 nube,
1072 3058 1141 3080 non
1164 3047 1198 3080 in
1215 3046 1361 3091 partibus

298 3088 488 3129 rorationis3
512 3100 590 3133 ergo
615 3098 675 3122 etc.
693 3108 711 3114 -
737 3089 907 3123 Secundo:
925 3090 1030 3124 simile
1047 3090 1208 3124 iudicium
1231 3091 1362 3125 videtur

299 3143 369 3165 esse
393 3131 432 3165 de
454 3132 543 3166 idolo
567 3142 741 3178 apparente
765 3134 799 3167 in
823 3134 969 3178 speculo,
994 3144 1026 3169 et
1050 3135 1090 3169 de
1115 3135 1226 3169 colore
1250 3135 1360 3177 iridis,

299 3176 375 3220 quia
398 3175 494 3209 ambo
514 3188 554 3221 ap
580 3186 670 3210 arent
693 3189 750 3222 per
774 3177 1002 3212 refractionem
1010 3192 1019 3220 ;
1036 3179 1095 3213 sed
1111 3179 1239 3213 idolum
1263 3191 1361 3225 appa-

299 3230 372 3252 rens
395 3220 428 3253 in
451 3188 586 3264 specufi)
610 3232 678 3254 non
702 3221 819 3255 dicitur
843 3234 912 3256 esse
937 3224 971 3256 in
995 3235 1046 3265 eo,
1064 3223 1121 3257 sed
1145 3225 1178 3257 in
1203 3236 1360 3269 corpore3

300 3274 378 3307 ergo
398 3263 489 3297 color
512 3264 600 3298 iridis
623 3277 691 3299 non
706 3275 755 3299 est
778 3267 812 3300 in
836 3266 1028 3311 corporibus
1052 3268 1286 3312 specularibus,
1302 3269 1360 3303 sed

300 3307 332 3339 in
350 3307 418 3341 sole
437 3308 489 3341 vel
512 3318 610 3350 astro,
635 3321 674 3342 ex
697 3321 839 3354 quorum
863 3311 1056 3345 refractione
1081 3321 1224 3357 apparet.

356 3352 392 3385 In
418 3353 608 3396 oppositum
640 3362 689 3386 est
711 3363 840 3395 tamen,
868 3355 957 3400 quod
982 3356 1015 3388 in
1038 3355 1096 3389 illo
1127 3366 1204 3390 sunt
1232 3356 1360 3391 colores

301 3394 390 3446 iridis
416 3396 499 3429 sicut
514 3397 548 3429 in
572 3397 730 3438 subiecto,
746 3399 779 3431 in
804 3410 871 3443 quo
888 3409 1089 3434 concurrunt
1104 3409 1176 3434 actu
1201 3402 1360 3452 principia

301 3450 460 3490 1psorum,
477 3440 559 3473 sicut
575 3441 608 3473 in
624 3441 733 3483 simili,
750 3443 783 3475 in
799 3454 840 3476 eo
860 3452 936 3476 sunt
952 3454 1085 3488 sapores
1102 3445 1187 3478 sicut
1202 3457 1236 3478 in
1253 3445 1360 3480 subie-

301 3491 365 3523 cto,
381 3494 414 3516 in
460 3494 505 3516 uo
529 3494 726 3519 concurrunt
751 3487 909 3531 principia
933 3489 1059 3532 saporis
1083 3497 1174 3530 actu;
1191 3489 1248 3523 sed
1272 3491 1360 3541 prin-

302 3527 386 3578 cipia
410 3538 449 3560 co
463 3528 528 3560 oris
556 3528 644 3562 iridis
669 3539 744 3562 sunt
774 3532 985 3575 perspicuum
1010 3533 1151 3576 partium
1186 3535 1360 3568 rotationis

300 3569 412 3615 aliquo
431 3570 533 3604 modo
549 3573 756 3606 terminatum
780 3586 838 3618 per
853 3586 1006 3619 opacum,
1021 3585 1054 3609 et
1077 3576 1189 3611 lumen
1212 3577 1359 3612 incidens

1417 288 1446 321 ei
1473 296 1505 320 et
1528 286 1703 319 refractum
1728 283 1766 317 ab
1791 285 1876 328 ipso,
1898 295 1982 362 q3uae
1998 284 2098 318 simul
2122 294 2324 320 concurrunt
2346 286 2380 319 in
2397 285 2491 320 dictis·

1417 331 1562 376 partibus
1586 329 1762 363 rotationis
1781 328 1842 362 sub
1861 341 1906 362 nu
1932 341 1949 362 e
1967 329 2152 370 existentis3
2169 341 2249 373 ergo
2270 329 2398 364 colores
2414 339 2492 364 sunt

1417 375 1461 409 ibi
1495 375 1581 408 sicut
1604 375 1638 406 in
1662 373 1829 414 subiecto,
1857 382 1890 406 et
1911 385 1982 407 non
2005 382 2083 407 sunt
2111 374 2146 407 in
2169 375 2241 418 ipsa
2263 373 2352 408 nube
2374 375 2490 419 nigra:

1416 420 1493 453 licet
1516 426 1693 463 appareant
1723 417 1908 451 secundum
1942 429 2077 451 sensum
2101 417 2146 452 ibi
2177 430 2267 460 esse,
2292 420 2370 463 quia
2399 420 2491 452 visus

1417 472 1552 508 propter
1575 463 1713 495 nimiam
1729 461 1918 495 distantiam
1942 474 2059 495 eorum
2075 461 2114 496 ab
2140 462 2240 496 oculo
2262 473 2332 496 non
2351 464 2492 508 percipit

1417 508 1637 541 remotionem
1663 506 1762 539 unius
1777 506 1817 539 ab
1841 506 1953 540 altero.
1975 506 2123 547 Quando
2143 508 2233 541 enim
2257 506 2394 552 aliquod
2418 518 2491 542 cor-

1417 563 1480 596 pus
1505 551 1627 585 distans
1650 550 1781 583 videtur
1804 562 1863 595 per
1886 550 2027 584 alterum
2050 550 2103 585 vel
2126 552 2216 585 iuxta
2240 551 2391 593 alterum,
2411 561 2492 586 tunc

1417 604 1551 640 apparet
1575 606 1646 628 esse
1670 595 1705 627 in
1728 594 1845 628 eadem
1876 595 2050 640 superficie
2081 607 2158 629 cum
2181 596 2276 640 ipse,
2300 605 2334 630 et
2356 605 2492 641 propter

1418 639 1556 674 eandem
1581 650 1714 672 causam
1741 640 1855 674 omnia
1879 651 1897 672 a
1920 641 2058 673 remotis
2089 641 2160 674 visa
2191 640 2348 675 videntur
2370 640 2491 685 plana,

1418 686 1503 718 sicut
1527 683 1695 717 dicebatur
1718 684 1828 728 prius;
1845 681 1904 718 sed
1927 684 2032 718 nubes
2056 684 2187 719 videtur
2210 697 2269 730 per
2292 685 2421 727 iridem,
2437 685 2491 719 vel

1417 730 1507 762 iuxta
1531 728 1662 762 iridem:
1680 736 1713 761 et
1728 740 1788 772 per
1811 740 2018 774 consequens
2042 729 2173 764 videtur
2191 730 2227 763 in
2245 729 2362 764 eadem
2378 741 2492 774 super-

1416 773 1490 807 ficie
1515 784 1591 806 cum
1615 773 1696 816 ipsa.
2190 789 2193 791 ,

1472 817 1526 850 Ad
1542 818 1688 861 primum
1705 816 1834 858 dicitur,
1851 817 1943 862 quod
1959 818 2048 852 aliud
2067 827 2117 852 est
2131 818 2318 852 subiectum
2338 818 2490 854 colorum

1417 861 1508 895 iridis
1520 871 1553 895 et
1564 861 1732 895 idolorum
1749 861 1976 905 universaliter
1987 864 2218 907 apparentium
2234 875 2275 897 ex
2284 862 2491 905 refractione,

1417 906 1602 939 secundum
1617 906 1801 947 veritatem,
1817 915 1850 940 et
1866 905 1955 940 aliud
1973 906 2068 941 locus
2089 908 2123 941 in
2147 919 2216 952 quo
2238 917 2400 952 apparent
2418 915 2491 942 esse

1417 950 1601 984 secundum
1625 962 1777 984 sensum:
1804 950 1881 995 quia
1905 950 2034 985 colores
2058 951 2149 986 iridis
2172 961 2251 986 sunt
2278 953 2314 987 in
2368 952 2491 988 artibus

1416 996 1592 1029 rotationis
1616 994 1842 1040 specularibus
1869 996 1956 1029 sicut
1979 996 2014 1029 in
2037 995 2203 1037 subiecto,
2227 1007 2330 1031 secun
2354 1009 2412 1031 um
2434 1008 2491 1032 ve·

1416 1041 1557 1081 ritatem,
1575 1039 1633 1074 sed
1656 1048 1735 1072 sunt
1749 1040 1784 1073 in
1807 1039 1896 1074 nube
1920 1039 2030 1074 solum
2046 1040 2232 1075 secundum
2253 1042 2491 1086 apparentiam,

1417 1084 1509 1136 quod
1533 1095 1730 1118 concessum
1753 1093 1813 1118 est.
1831 1104 1850 1109 -
1866 1084 1920 1118 Ad
1943 1084 2128 1119 secundum
2144 1084 2274 1126 dicitur,
2291 1085 2383 1130 quod
2401 1086 2492 1121 simi.-

1417 1128 1523 1162 litudo
1548 1137 1659 1173 potest
1682 1128 1835 1170 concedi,
1860 1128 1919 1163 sed
1946 1129 2028 1163 illud
2080 1129 2149 1164 uod
2179 1130 2376 1171 assumitur,
2399 1129 2492 1176 quod

1416 1173 1545 1210 idolum
1563 1185 1633 1207 non
1657 1174 1698 1207 sit
1714 1174 1748 1207 in
1770 1175 1815 1207 su‘
1835 1173 1944 1207 erficie
1967 1185 2070 1219 specu
2085 1174 2132 1208 ari
2152 1186 2171 1209 a
2194 1186 2260 1219 qua
2275 1174 2313 1209 fit
2327 1174 2491 1219 refmcfio,

1416 1218 1474 1252 sed
1497 1219 1540 1251 sit
1563 1219 1597 1251 in
1621 1229 1760 1260 corpore
1784 1229 1806 1252 o
1829 1218 1934 1259 iecto,
1956 1218 2148 1263 negandum
2171 1228 2238 1253 est:
2263 1219 2341 1264 quia
2363 1219 2492 1264 species

1415 1262 1553 1296 visibilis
1566 1290 1575 1304 ,
1600 1262 1654 1296 vel
1675 1261 1782 1306 figura
1804 1262 1943 1296 visibilis
1967 1263 2055 1297 illius
2088 1264 2183 1298 cuius
2206 1272 2257 1298 est
2284 1263 2433 1306 idolum,
2456 1265 2492 1301 il

1415 1307 1507 1352 quod
1530 1306 1633 1341 fertur
1655 1307 1746 1340 visus
1769 1307 1935 1342 mediante
1959 1309 2085 1353 specie,
2109 1317 2159 1342 est
2183 1309 2218 1342 in
2240 1319 2282 1342 eo
2306 1307 2492 1346 secundun

1414 1363 1487 1385 esse
1503 1351 1607 1385 fixum
1623 1360 1656 1385 et
1695 1363 1881 1393 ermanens,
1897 1351 1956 1386 sed
1978 1361 2091 1387 tamen
2106 1362 2158 1387 est
2172 1354 2207 1387 in
2227 1352 2402 1398 superficie
2414 1364 2491 1399 spe.-

1415 1396 1481 1430 culi
1513 1408 1532 1430 a
1562 1408 1631 1442 quo
1686 1405 1700 1430 t
1729 1396 1902 1438 refractio,
1926 1397 2112 1432 secundum
2142 1397 2232 1432 aliud
2264 1409 2357 1440 esse,
2378 1403 2492 1433 et‘est

1415 1440 1666 1485 quodammodo
1681 1441 1716 1475 in
1735 1440 1847 1476 medio
1866 1441 2051 1476 secundum
2073 1441 2195 1476 lineam
2218 1451 2354 1478 rectam.
2378 1442 2492 1479 Sic-in

1414 1486 1608 1530 proposito,
1630 1485 1745 1520 lumen
1768 1498 1808 1519 ex
1824 1487 1918 1520 cuius
1942 1486 2138 1521 refractione
2154 1495 2330 1531 generatur
2353 1487 2492 1529 irina-

1415 1530 1563 1564 cundum
1586 1542 1658 1564 esse
1688 1531 1794 1575 magis
1817 1530 1903 1564 reale
1927 1540 1976 1565 est
1999 1532 2034 1565 in
2058 1543 2198 1576 corpore
2221 1531 2410 1573 luminoso,
2431 1531 2492 1567 sed

1414 1574 1599 1609 secundum
1623 1574 1713 1608 aliud
1743 1586 1816 1609 esse
1840 1576 1911 1609 eius
1935 1584 1987 1609 est
2010 1577 2044 1610 in
2068 1587 2208 1621 corpore
2233 1575 2439 1618 illuminato,
2451 1585 2492 1613 et

1414 1620 1448 1653 in
1472 1631 1612 1664 corpore
1641 1629 1659 1652 a
1683 1631 1752 1664 quo
1775 1619 1991 1664 refrangitur,
2015 1621 2050 1655 in
2096 1632 2142 1655 uo
2170 1632 2229 1666 per
2251 1620 2491 1657 admixtionem

1414 1665 1580 1709 perspicui
1596 1665 1762 1698 terminati
1786 1663 1864 1698 facit
1886 1664 2032 1709 aliquem
2051 1633 2199 1699 eglorem
2217 1665 2263 1699 ibi
2282 1665 2490 1701 existentem}

1463 1719 1512 1742 11.
1527 1709 1658 1749 Quinto
1671 1709 1851 1754 quaeritur,
1871 1718 1984 1743 utrum
2003 1708 2085 1744 illud
2095 1709 2188 1754 quod
2207 1710 2396 1745 continetur
2405 1711 2492 1746 intra

1414 1754 1580 1787 minorem
1611 1753 1832 1798 peripheriam
1856 1753 1962 1795 iridis,
1991 1762 2024 1788 et
2047 1753 2080 1788 id
2104 1753 2197 1800 quod
2226 1763 2276 1788 est
2298 1765 2400 1800 supra
2419 1766 2490 1792 mae

1414 1799 1530 1839 iorem,
1546 1799 1589 1832 sit
1612 1798 1798 1832 coloratum
1820 1798 1873 1832 vel
1893 1810 1973 1833 non.
1991 1798 2134 1833 Videtur
2149 1798 2241 1844 quod
2261 1799 2323 1833 sic:
2338 1799 2419 1845 qula
2431 1798 2491 1836 ubi

1413 1852 1462 1876 est
1486 1842 1601 1877 eadem
1626 1854 1736 1883 causa,
1753 1843 1798 1877 ibi
1822 1852 1872 1878 est
1887 1843 1976 1877 idem
1999 1842 2156 1885 effectus;
2172 1842 2231 1878 sed
2254 1854 2354 1878 causa
2368 1842 2491 1881 coloris

1413 1887 1544 1922 videtur
1579 1899 1651 1921 esse
1682 1887 1799 1922 eadem
1830 1889 1915 1922 intra
1945 1888 2111 1922 minorem
2138 1897 2171 1922 et
2199 1899 2300 1933 supra
2329 1888 2492 1930 maiorem

1414 1931 1635 1977 peripheriam
1663 1931 1776 1973 iridis,
1800 1933 1886 1966 sicut
1916 1933 1950 1966 in
1974 1932 2029 1967 illa
2052 1942 2144 1978 parte
2171 1932 2228 1966 ubi
2251 1945 2271 1967 a
2295 1941 2389 1978 paret
2415 1933 2492 1976 irin}

1413 1977 1538 2011 scilicet
1560 1976 1711 2011 refractio
1735 1976 1872 2011 luminis
1895 1976 2008 2012 stellae
2031 1988 2050 2011 a
2073 1978 2241 2012 roratione
2292 1976 2492 2014 escendenne

1414 2021 1475 2055 sub
1499 2021 1606 2062 nube;
1629 2033 1710 2066 ergo
1733 2021 1865 2056 videtur
1881 2021 1972 2067 quod
1996 2021 2051 2056 illa
2066 2033 2143 2067 pars
2166 2022 2210 2056 sit
2233 2021 2388 2058 colorata.

1470 2066 1705 2111 Respondetur
1735 2066 1827 2111 quod
1850 2066 1931 2101 illud
1962 2075 2013 2101 est
2043 2066 2228 2101 coloratum
2258 2066 2372 2104 colore
2393 2067 2492 2119 nign

1410 2110 1522 2152 nubis,
1538 2112 1624 2163 quia.
1639 2110 1813 2163 halurgus,
1833 2112 1891 2156 qui
1915 2120 1965 2146 est
1991 2112 2026 2146 in
2048 2112 2171 2146 minori
2191 2110 2492 2156 peripheria-indic

1415 2165 1447 2190 et
1466 2165 1515 2189 est
1528 2167 1749 2201 propmqulor
1764 2167 1873 2200 nigro,
1886 2156 2031 2201 disparet
2046 2156 2082 2190 in
2096 2156 2246 2200 nigrum:
2262 2164 2296 2190 et
2310 2155 2377 2191 hoe.
2391 2156 2492 2193 etiam

1414 2212 1531 2234 sensus
1555 2200 1668 2242 docet;
1688 2200 1746 2235 sed
1767 2211 1837 2235 non
1853 2210 1903 2234 est
1926 2200 2111 2235 coloratum
2131 2200 2245 2246 aliquo
2264 2199 2377 2236 colore
2398 2200 2492 2238 iridis

1414 2245 1611 2279 sensibiliter
1634 2245 1766 2279 diverso
1790 2256 1808 2278 a
1833 2245 1944 2280 colore
1967 2245 2075 2280 nubis.
2096 2245 2204 2280 Cuius
2226 2246 2311 2280 ratio
2333 2253 2398 2287 eat,
2412 2245 2493 2291 quit

1414 2289 1455 2324 ad
1479 2290 1544 2324 hoc
1571 2289 1663 2335 quod
1686 2298 1842 2335 appareat
1865 2289 1983 2335 aliquis
2015 2290 2109 2325 color
2132 2290 2232 2324 irialis
2265 2289 2429 2325 sensibilis
2451 2301 2493 2325 ex

1414 2334 1608 2368 refractione
1643 2334 1779 2368 luminis
1812 2334 1892 2368 solis
1916 2346 1935 2368 a
1962 2335 2129 2369 roratione
2153 2335 2331 2380 opposita,
2358 2342 2494 2380 oportet

1413 2378 1644 2413 refractionem
1668 2391 1741 2414 esse
1763 2378 1903 2413 multam
1928 2388 1962 2413 et
1985 2379 2105 2414 fortem
2132 2379 2319 2414 secundum
2342 2378 2495 2417 Philono-

1414 2423 1538 2468 phum;
1555 2423 1613 2458 sed
1637 2423 1676 2458 ab
1698 2423 1756 2458 illo
1779 2423 1856 2458 loco
1880 2435 1950 2458 non
1973 2423 2010 2458 fit
2033 2423 2138 2458 multa
2153 2423 2306 2458 refractio
2321 2432 2355 2458 et
2376 2422 2491 2459 fortis:

1414 2480 1484 2502 non
1500 2468 1614 2509 multa,
1631 2478 1766 2513 propter
1782 2469 1977 2513 parvitatem
1993 2468 2081 2502 illius
2097 2468 2296 2508 intermedii,
2307 2479 2371 2503 nec
2385 2467 2492 2511 fortis,

1414 2514 1492 2558 quia
1523 2524 1541 2546 a
1572 2513 1718 2557 partibus
1772 2512 2076 2558 erpendicularibus
2111 2512 2164 2547 vel
2193 2512 2492 2565 propinquioribus

1414 2557 1690 2602 perpendiculari,
1707 2557 1747 2591 de
1771 2557 1847 2591 ilius
1863 2557 1971 2591 refran
2019 2566 2098 2592 ntur
2119 2556 2202 2592 radii
2217 2566 2251 2591 et
2268 2556 2309 2592 ad
2325 2557 2492 2592 minorem

1414 2614 1456 2636 an
1505 2601 1585 2636 lum.
1602 2605 1644 2636 Et
1668 2613 1729 2646 pro
1754 2611 1804 2636 ter
1828 2601 1892 2636 hoc
1916 2602 1976 2636 Ph'
1992 2602 2154 2647 osophus,
2179 2602 2236 2636 ubi
2259 2601 2316 2636 dat
2337 2610 2492 2637 naturam

1415 2658 1455 2680 co
1470 2658 1567 2680 orum
1591 2646 1700 2688 iridis,
1724 2614 1803 2681 dicit
1827 2646 1919 2692 quod
1946 2646 1986 2681 ab
2011 2646 2065 2680 illa
2094 2655 2185 2692 parte
2216 2655 2267 2680 est
2288 2646 2493 2692 permutatio

1415 2690 1613 2726 insensibilis
1637 2691 1800 2725 colorum.

1470 2735 1523 2770 Ad
1540 2737 1702 2770 rationem
1722 2736 1755 2770 in
1773 2736 1975 2770 contrarium
1995 2734 2175 2770 dicendum
2191 2744 2252 2777 est,
2271 2734 2364 2781 quod
2379 2736 2494 2774 minor

1414 2790 1464 2814 est
1488 2780 1584 2814 falsa:
1609 2791 1678 2814 non
1701 2781 1791 2814 enim
1815 2792 2046 2826 quaecumque
2062 2779 2215 2814 refractio
2239 2789 2290 2814 est
2312 2791 2413 2815 causa
2432 2790 2491 2816 co-

1415 2825 1494 2859 loris
1511 2824 1618 2866 iridis,
1638 2824 1696 2859 sed
1720 2834 1854 2870 oportet
1869 2825 1981 2870 ipsum
2004 2824 2119 2858 lumen
2137 2823 2396 2869 multiplicatum
2417 2835 2491 2861 eae

1414 2872 1516 2904 torte:
1534 2869 1685 2904 refractio
1709 2878 1820 2904 autem
1844 2881 1929 2915 quae
1952 2868 1988 2903 fit
2012 2868 2052 2903 ab
2075 2868 2133 2903 illo
2156 2868 2245 2910 loco,
2264 2877 2316 2903 est
2339 2867 2467 2909 debilis.

1472 2924 1520 2948 12.
1540 2915 1641 2948 Sexto
1681 2915 1837 2955 meritur,
1862 2923 1974 2948 utrum
1989 2913 2138 2948 medium
2155 2913 2296 2948 duarum
2312 2912 2434 2948 iridum
2448 2912 2494 2949 sit

1415 2959 1605 3003 puniceum.
1622 2959 1652 2992 A
1722 2958 1791 2993 uod
1814 2958 1995 3003 respondet
2017 2957 2204 2993 Alexander
2227 2958 2262 2992 in
2286 2966 2493 3000 commento,

1416 3003 1507 3048 quod
1531 3015 1599 3037 non
1624 3012 1673 3037 est
1697 3004 1706 3037 i
1731 3004 1741 3037 i
1765 3002 1883 3048 aliquis
1908 3002 2014 3037 color:
2036 3003 2114 3048 quia
2138 3001 2231 3036 color
2253 3003 2289 3037 in
2310 3001 2393 3037 iride
2415 3013 2492 3038 cau-

1415 3056 1505 3081 satur
1535 3059 1553 3081 a
1584 3047 1799 3082 determinata
1831 3047 1985 3082 distantia
2007 3056 2041 3082 et
2071 3047 2137 3081 situ
2161 3046 2381 3082 determinato
2405 3046 2493 3085 inm

1415 3092 1521 3126 solem
1545 3100 1578 3126 et
1600 3093 1728 3134 visum;
1752 3091 1811 3126 sed
1829 3092 1903 3126 talis
1918 3091 2104 3126 secundum
2121 3103 2200 3126 eum
2221 3102 2291 3126 non
2309 3099 2360 3126 est
2382 3091 2419 3127 in
2434 3089 2492 3128 uli

1416 3145 1506 3180 parte
1531 3136 1743 3178 intermedia;
1766 3147 1847 3181 ergo
1871 3136 1910 3171 ab
1927 3137 1998 3182 ipsa
2022 3148 2091 3171 non
2108 3145 2158 3170 est
2181 3135 2253 3170 talis
2276 3134 2439 3177 refractio,
2457 3143 2495 3171 et

1439 3192 1474 3214 er
1497 3191 1704 3226 consequens
1728 3192 1798 3215 non
1829 3189 1936 3215 mutat
1964 3182 2070 3226 ipsam
2101 3180 2143 3215 ad
2173 3179 2318 3226 aliquem
2341 3179 2491 3216 comen

1445 3234 1458 3258 t
1481 3224 1710 3259 confirmatur:
1738 3226 1816 3271 quia
1843 3237 1961 3260 sensus
1984 3237 2054 3260 non
2086 3224 2209 3259 iudicat
2233 3224 2273 3259 de
2297 3224 2356 3259 illo
2379 3223 2493 3267 ‘2019oe

1414 3269 1630 3311 intermedi03
1655 3281 1735 3314 ergo
1758 3269 1889 3304 videtur
1908 3269 1999 3315 quod
2023 3280 2092 3304 non
2116 3270 2159 3303 sit
2181 3268 2370 3314 ponendus.

1472 3314 1651 3348 Sciendum
1667 3323 1717 3348 est
1740 3323 1861 3356 tamen,
1878 3314 1970 3360 quod
1986 3315 2092 3348 maior
2113 3325 2202 3348 nunc
2220 3322 2391 3358 assumpta
2413 3323 2493 3349 vera

1415 3367 1475 3399 est,
1491 3358 1549 3392 sed
1565 3358 1644 3392 falsa
1660 3367 1710 3392 est
1733 3359 1858 3393 minor:
1883 3359 1960 3404 quia
1983 3370 2052 3393 non
2074 3357 2206 3393 videtur
2221 3356 2414 3392 rationabile
2429 3368 2489 3392 ne-

1415 3414 1480 3454 que
1504 3414 1692 3436 consonans
1715 3404 1847 3444 rationi,
1871 3403 1963 3448 quod
1987 3415 2006 3437 a
2029 3403 2193 3448 superiori
2216 3401 2296 3437 iride
2321 3411 2356 3436 et
2377 3412 2490 3437 remo-

1415 3447 1501 3487 nori,
1518 3456 1551 3480 et
1574 3447 1723 3481 similiter
1747 3443 1786 3482 ab
1810 3447 1955 3482 inferiori
1979 3456 2011 3481 et
2037 3447 2269 3492 propinquiori
2287 3447 2396 3499 possit
2418 3445 2490 3482 fieri

1415 3490 1566 3525 refractio
1590 3491 1763 3533 sensibilis,
1781 3501 1813 3526 et
1836 3491 1928 3537 quod
1951 3503 2021 3526 non
2043 3491 2099 3526 fiat
2121 3503 2140 3525 a
2163 3500 2254 3536 parte
2285 3490 2490 3532 intermedia,

1415 3536 1442 3568 si
1466 3535 1562 3569 fuerit
1586 3537 1721 3584 materia
1745 3536 1916 3581 disposita,
1932 3537 2018 3570 sicut
2033 3536 2087 3570 hic
2111 3536 2327 3614 Sffiponituss
2345 3536 2431 3569 sicut
2453 3535 2490 3569 in

1414 3579 1524 3620 simili,
1543 3581 1570 3613 si
1594 3581 1796 3625 accipiantur
1821 3581 1882 3615 tria
1905 3580 2051 3626 specula,
2067 3581 2101 3614 in
2172 3592 2182 3614 ι
2211 3579 2364 3614 distantia
2387 3578 2429 3613 ad
2451 3590 2488 3613 se
