2580 4094
244 280 322 325 450

245 359 339 383 Passxo
351 371 387 376 —-
399 357 537 382 Passiones
558 355 598 380 vel
613 358 807 387 consequuntur
826 353 936 377 formam

281 392 436 426 specificam,
454 397 484 416 ut
502 391 638 424 passiones
657 389 785 423 propriae,
805 388 846 412 vel
866 387 938 412 aliter

281 429 426 459 adveniunt,
445 432 475 451 ut
493 426 633 451 accidentia
651 424 822 450 individualia.
842 430 894 453 x111,
914 421 937 446 5.

278 478 298 484 -
315 465 374 489 Non
401 468 552 495 separantur
575 470 590 486 a
613 460 764 486 substantia.
787 466 830 488 vt,
851 456 874 488 6,
899 465 936 481 10.

279 507 333 531 xm,
354 498 406 524 5.—
421 498 571 523 Subiectum
586 502 611 521 et
630 497 732 528 passio,
752 502 798 519 seu
818 493 936 525 qualitas,

281 535 399 559 differunt
421 538 450 558 ut
472 532 615 557 substantia
637 536 663 555 et
687 530 814 555 accidens.
832 536 864 557 x,
882 534 905 551 2.
919 539 938 544 -

280 570 321 595 Ad
339 575 479 601 utrumque
499 573 538 592 est
561 566 750 591 transmutatio.
776 563 839 589 ibid.
858 576 877 581 -
899 561 936 586 Ex

278 605 443 638 passionibus
466 611 519 628 non
537 607 674 635 generatur
692 607 778 632 neque
793 597 936 622 substantia

280 648 365 673 neque
384 640 523 672 quantitas.
541 645 581 668 ιν,
601 637 626 662 8.
644 650 663 657 -
687 635 750 660 Vide
771 634 915 664 Quantus.

243 676 308 701 ΡΑτι
327 690 362 694 -
385 675 449 699 Vide
466 675 567 698 Aonas.
842 703 847 708 ¹

243 712 406 736 Panaenus
425 724 459 728 —
478 710 567 733 Potest
587 706 713 740 quidquid
732 709 818 737 potest
841 710 934 735 imper-

279 746 377 775 fectius,
397 750 422 770 et
441 744 522 768 adhuc
543 742 662 774 amplius.
681 749 704 771 x,
725 739 749 764 8.

244 782 403 806 Patr-osorum
418 794 452 798 —-
466 780 505 803 De
519 777 682 810 generatione
699 776 808 807 aliisque
821 773 935 798 motibus

279 815 460 841 insufficienter
471 816 643 838 tractaverunt
652 810 800 844 philosophi
810 814 869 834 ante
878 808 935 833 Ari-

279 852 408 876 stotelem.
426 858 462 879 ιιι,
478 857 501 874 2.
515 863 535 868 —-
549 848 676 872 Differunt
692 846 717 870 in
731 844 935 878 perscrutatione

278 887 390 911 veritatis
409 886 442 910 illi
462 885 506 917 qui
525 883 631 916 physice
651 881 848 906 considerabant
859 886 885 905 et
898 879 934 904 illi

279 922 322 954 qui
337 922 428 953 logice.
442 928 478 951 111,
493 919 518 944 8.
531 932 550 937 —-
565 918 642 942 Primi
661 916 808 949 philosophi
823 916 935 941 maxime

278 958 418 982 timuerunt
432 955 624 988 generationem
637 960 668 977 ex
677 953 751 977 nullo
760 952 934 985 praeexisten-

276 998 310 1017 te.
329 1000 362 1022 v1,
386 999 425 1016 10.
448 990 512 1015 Vide
530 990 655 1019 Annam,
674 988 844 1013 Nunnius.

242 1028 357 1052 Pmsma
376 1041 410 1045 -
429 1026 538 1051 Scicntia
555 1024 670 1057 physica.
693 1023 758 1048 Vide
772 1023 935 1047 Nsmaams.

275 1077 293 1081 -
312 1063 428 1087 Citantur
447 1060 631 1085 commentaria
645 1060 671 1084 in
689 1059 757 1083 VIII
769 1058 876 1092 Physic.
889 1065 934 1087 vu,

281 1106 301 1129 1,
316 1097 341 1122 6.
359 1111 378 1117 -
397 1097 460 1121 Vide
479 1097 668 1120 Ams‘ro'rsmzs.

241 1134 328 1158 Pnaro
347 1147 381 1151 -
401 1132 540 1162 Quomodo
564 1129 747 1155 insufficienter
771 1130 803 1154 de
827 1136 935 1161 genera-

275 1169 344 1193 tione
358 1167 510 1193 tractaverit.
523 1175 559 1197 111,
572 1174 595 1191 2.
607 1180 627 1185 —
639 1166 730 1190 Posuit
744 1165 934 1197 magnitudines

275 1205 372 1236 primas
385 1202 560 1231 indivisibiles,
576 1200 726 1234 superficies
740 1208 850 1232 nempe:
869 1207 934 1233 quo-

276 1240 355 1264 modo
368 1239 417 1263 hoc
431 1238 589 1271 probaverit.
602 1245 640 1266 ιιι,
654 1235 680 1268 6,
694 1244 719 1269 7,
730 1235 934 1268 8.·-Compara—

274 1280 316 1299 tur
330 1275 394 1299 haec
410 1275 441 1299 ad
457 1274 607 1306 opinionem
626 1271 776 1297 Democriti.
789 1279 832 1302 m,
846 1279 871 1304 7,
881 1270 935 1296 8.-

274 1309 421 1335 Differentia
444 1310 510 1334 inter
533 1309 640 1334 modurn
665 1307 820 1340 procedendi
839 1307 934 1331 utrius-

275 1353 335 1378 que.
360 1353 402 1375 111,
429 1345 454 1370 8.
472 1359 491 1363 -
509 1344 547 1369 De
571 1344 636 1368 ideis
660 1343 785 1376 separatis
810 1342 934 1367 Platonis.

275 1381 337 1406 ibid.
355 1394 374 1400 -
392 1380 526 1405 Materiam
540 1379 601 1404 dixit
619 1386 679 1404 esse
698 1386 750 1403 non
770 1386 816 1403 ens
835 1385 882 1411 per
896 1386 934 1403 se.

274 1425 307 1446 ix,
323 1415 348 1441 5.
366 1429 385 1435 -
403 1416 489 1449 Ipsam
508 1415 595 1449 posuit
613 1422 660 1439 ens
673 1414 699 1439 in
712 1413 835 1446 potentia.
849 1421 893 1443 xn,
909 1421 934 1438 2.

272 1466 292 1471 -
310 1452 458 1477 Secundum
478 1451 640 1480 Platonicos,
659 1449 840 1475 mathematica
863 1454 935 1474 erant

273 1487 418 1512 substantia
443 1486 561 1511 omnium
590 1485 762 1511 naturalium:
790 1490 886 1517 puncta
909 1490 935 1510 et

274 1523 357 1548 lineae
372 1522 446 1556 quasi
462 1522 570 1552 formae,
584 1522 720 1546 terminata
733 1520 766 1546 ab
780 1521 844 1554 ipsis
859 1520 934 1553 quasi

274 1559 392 1584 materia:
411 1557 563 1583 refutantur.
581 1565 627 1582 xm
650 1564 658 1582 t
681 1564 741 1590 sqq.

238 1595 375 1619 Pessimus
393 1608 427 1612 -
446 1593 567 1618 Possibili
586 1593 680 1625 posito,
695 1592 795 1617 nullum
815 1588 945 1625 sequitur'

275 1629 445 1662 impossibile.
463 1637 498 1660 ιν,
519 1635 543 1659 2,
564 1627 588 1653 3.

238 1666 371 1690 Po'ran'ru
389 1679 424 1683 —
449 1664 513 1689 Vide
531 1665 630 1689 Aeros.

237 1701 484 1726 Pmnmcunurmn
493 1713 528 1718 —
538 1699 635 1725 Omnia
644 1698 852 1732 praedicamenta
862 1706 934 1724 com-

274 1735 467 1769 prehenduntur
486 1735 535 1760 sub
551 1739 618 1760 ente.
636 1742 672 1765 vt,
687 1733 711 1759 5.
725 1747 745 1753 -
762 1734 879 1759 Primum
894 1739 935 1759 est

273 1771 424 1797 substantia.
443 1771 507 1796 ibid.
524 1783 543 1790 —
561 1770 620 1796 Alia
637 1777 690 1795 non
708 1775 771 1794 sunt
784 1769 935 1803 simpliciter

273 1807 348 1832 entia.
357 1814 391 1836 vi,
405 1815 429 1840 9.
440 1807 480 1840 Cs.
493 1814 526 1836 11,
538 1813 562 1831 2.
576 1819 595 1825 -
605 1805 853 1836 praedicamentum,
869 1806 936 1830 idest

273 1841 429 1868 affirmatum
447 1842 503 1867 sine
521 1841 672 1874 privatione.
691 1848 744 1870 vm.
763 1848 790 1873 4.

237 1879 344 1904 Panum
362 1892 396 1897 -
415 1878 540 1903 Eiusdem
564 1876 777 1903 considerationis
801 1881 842 1901 est
862 1883 933 1901 com-

273 1921 352 1939 mune
370 1921 453 1947 genus
473 1918 499 1938 et
516 1913 630 1946 primum
649 1912 675 1938 in
694 1912 739 1937 illo
753 1919 848 1945 genere
862 1912 933 1945 quod

274 1950 307 1974 sit
325 1957 403 1974 causa
422 1949 541 1974 aliorum.
560 1948 683 1973 Ρνοοεηι.
703 1955 728 1973 2.

236 1986 396 2010 Pamcmmu
409 1999 443 2003 —
458 1984 570 2014 Quidam
585 1988 729 2016 posuerunt
746 1991 827 2011 unum
842 1983 934 2016 princi-

273 2021 346 2054 pium
353 2020 492 2045 materiale:
503 2027 550 2044 ens
556 2024 622 2050 actu,
628 2019 799 2043 substantiam
807 2019 934 2043 omnium.

271 2064 293 2086 1,
315 2056 338 2081 3.
358 2064 388 2085 11,
413 2063 438 2085 1,
459 2063 482 2080 2.
496 2067 516 2075 —
534 2055 658 2080 Dicebant
676 2055 700 2079 id
720 2062 780 2079 esse
796 2053 934 2079 infinitum.

272 2100 316 2122 vn,
329 2099 354 2124 4.
372 2106 391 2111 -
410 2091 523 2122 Quidam
542 2091 628 2123 plura:
648 2090 718 2115 varia
734 2095 875 2123 systemata
890 2098 933 2115 eo-

272 2135 331 2152 rum
351 2127 396 2160 qui
415 2127 488 2160 plura
502 2126 642 2159 ponebant.
660 2133 679 2156 1,
693 2133 719 2157 4,
734 2125 759 2150 6.
774 2133 800 2155 ιι,
818 2133 840 2151 ι.
852 2140 870 2144 —-
883 2125 934 2156 Qui

272 2164 348 2196 plura
368 2162 507 2196 ponebant,
527 2162 655 2195 negabant
673 2169 757 2186 unum
775 2161 889 2186 converti
908 2161 934 2185 in

272 2198 349 2223 aliud.
367 2206 395 2230 11,
414 2205 440 2230 4.
457 2211 477 2218 -
494 2197 620 2222 Dicebant
638 2197 775 2230 qualitates
796 2196 934 2230 passibiles

271 2242 331 2260 esse
341 2234 458 2267 proprias
467 2233 572 2258 illorum
578 2232 743 2258 differentias.
758 2232 821 2258 ibid.
831 2247 850 2251 -
865 2232 934 2263 Quid

271 2270 298 2294 in
312 2277 341 2294 re
358 2269 405 2295 hac
423 2268 543 2302 opinetur
562 2268 722 2294 Aristotelea.
741 2276 768 2300 11,
790 2275 813 2293 2.
831 2281 850 2288 —-
869 2267 935 2293 Vide

273 2305 438 2336 Gsmuuno,
458 2304 636 2330 Pannsmnss.

237 2341 365 2366 vasno
384 2355 417 2359 -
437 2340 484 2371 Est
502 2347 557 2366 non
574 2347 621 2365 ens
641 2339 741 2374 absque
754 2339 826 2364 omni
840 2339 934 2364 forma.

274 2384 307 2406 νι,
329 2383 368 2401 ιο.
387 2383 440 2406 νιιι,
458 2375 481 2400 3.
494 2389 514 2394 -
525 2375 652 2400 Adiuncta
671 2375 745 2400 alicui
765 2374 864 2400 formae
883 2375 934 2408 pri-

272 2411 341 2437 vatio
361 2416 400 2442 est
419 2419 472 2436 non
490 2419 538 2436 ens
556 2411 582 2436 in
601 2411 673 2444 quod
691 2410 772 2436 tendit
795 2410 935 2444 corruptio.

273 2454 328 2479 vm,
344 2446 369 2472 3.
383 2461 402 2466 -
419 2447 447 2471 ld
466 2447 538 2472 cuius
558 2445 716 2472 differentiae
734 2445 818 2479 magis
837 2445 935 2479 signifi-

274 2487 333 2508 cant
346 2482 524 2515 privationem,
534 2486 574 2507 est
588 2482 671 2515 magis
684 2489 739 2507 non
753 2489 809 2507 ens.
819 2489 873 2512 vm,
882 2489 909 2514 4.
917 2495 936 2501 -

274 2517 385 2543 Privatio
397 2525 450 2543 non
465 2523 505 2543 est
517 2517 543 2542 in
555 2524 659 2550 genere.
669 2525 724 2549 vm,
737 2516 760 2542 5.
768 2529 788 2537 ·-
797 2516 936 2550 Oppositio

274 2553 422 2586 privationis
441 2558 466 2578 et
484 2552 589 2578 habitus
608 2558 648 2578 est
661 2551 816 2586 principium
828 2552 936 2586 opposi-

274 2589 351 2614 tionis
370 2589 567 2614 contrariorum.
586 2587 650 2613 ibid.

241 2624 369 2649 Ptmc‘rtm
384 2638 417 2642 —-
430 2624 478 2649 Est
495 2631 538 2649 res
551 2623 740 2649 mathematica.
754 2631 792 2654 ιιι,
803 2631 828 2656 7.
842 2631 896 2654 xm,
914 2631 936 2648 ι.

273 2673 293 2679 -
306 2659 472 2684 indivisibile.
489 2666 520 2690 v,
541 2657 564 2684 5.
579 2672 599 2678 -
616 2658 744 2684 Absolute
763 2664 833 2684 caret
852 2666 934 2692 quan-

275 2694 356 2720 titate.
374 2702 428 2725 xm,
446 2703 468 2720 1.
479 2709 499 2714 -
512 2694 575 2720 Eius
593 2702 646 2724 non
665 2699 705 2720 est
723 2695 806 2720 locus.
824 2702 868 2725 ιιι,
885 2701 936 2720 2.—

277 2730 315 2755 Ex
333 2730 436 2763 punctis
459 2738 512 2755 non
530 2735 651 2755 causatur
668 2729 718 2755 nisi
737 2730 812 2755 linea.
826 2737 864 2762 ιιι,
880 2738 905 2763 7.
917 2743 936 2748 -

276 2766 405 2791 Punctum
415 2765 441 2790 in
455 2771 513 2791 actu
528 2770 568 2790 est
582 2765 711 2799 quaedam
721 2765 828 2791 actualis
843 2765 935 2791 divisio

276 2801 387 2834 partium
403 2801 493 2827 lineae.
505 2809 539 2833 xv,
549 2809 575 2833 4.
589 2808 614 2833 v,
629 2799 655 2826 6.
665 2814 686 2820 —
695 2801 793 2826 Puncta
807 2809 861 2826 non
873 2808 935 2835 pos-

277 2841 338 2862 sunt
356 2844 415 2862 esse
434 2836 554 2870 contigua
572 2837 614 2862 vel
633 2841 824 2870 consequenter
842 2844 872 2862 se
890 2836 935 2862 ha-

277 2872 371 2898 bentia.
386 2880 410 2904 v,
426 2870 451 2897 6.
464 2886 484 2892 —
501 2872 597 2898 Omnia
614 2877 708 2905 puncta
726 2872 863 2898 coniuncta
882 2880 934 2897 non

277 2913 337 2934 sunt
347 2907 395 2933 nisi
405 2915 496 2934 unum.
505 2915 530 2940 v,
542 2907 566 2940 5,
576 2906 602 2933 6.
610 2921 630 2927 -
639 2907 697 2933 Non
707 2908 868 2934 constituunt
878 2916 935 2934 cor-

1048 273 1214 310 INDEX
1242 269 1645 308 ALPHABETICUS

1030 358 1087 382 puS.
1098 358 1131 379 iv,
1146 358 1171 381 4.
1183 364 1203 370 -
1217 350 1275 374 Non
1296 349 1391 374 faciunt
1408 348 1503 380 aliquid
1519 347 1612 372 maius.
1627 347 1690 373 ibid.

1029 400 1049 404 -
1072 385 1136 410 Vide
1154 386 1248 415 Lmen,
1264 385 1434 412 Masuri-uno,
1449 383 1547 408 Puro.

1327 455 1365 502 Q

994 526 1129 555 Quantus
1150 539 1182 543 -
1207 524 1254 549 Est
1281 524 1536 557 praedicamentum:
1561 523 1690 549 accidens.

1027 568 1061 592 v1,
1076 559 1101 591 6,
1115 567 1141 593 9.
1159 567 1193 591 tx,
1215 567 1239 584 2.
1258 568 1281 591 x,
1302 567 1327 592 7.
1339 572 1359 578 -
1372 559 1506 584 Fundatur
1524 558 1551 583 in
1569 559 1691 584 substan-

1027 597 1068 620 tia.
1087 603 1114 627 11,
1134 603 1160 627 4.
1178 608 1198 614 -
1215 596 1328 620 Advenit
1346 595 1463 620 subiecto
1486 599 1544 620 actu
1564 595 1690 619 existenti.

1027 639 1050 662 x,
1067 639 1091 664 7.
1104 631 1279 661 -··Qualitates
1296 630 1390 664 speciei
1406 637 1487 663 quare
1502 631 1619 655 dicantur
1631 638 1689 663 pas-

1027 667 1125 691 sibiles.
1139 674 1192 698 vm,
1205 666 1228 691 5.
1237 679 1257 686 -
1269 666 1344 697 Quae
1358 666 1410 690 sint
1423 666 1560 699 qualitates
1579 666 1690 698 passibi-

1028 703 1075 734 les,
1088 710 1136 727 seu
1150 702 1299 734 passiones.
1317 709 1337 726 ιι
1346 721 1353 733 ,
1373 708 1399 733 4.
1412 714 1432 720 -
1447 701 1559 732 Quidam
1573 702 1691 726 dixerunt

1028 745 1072 762 eas
1092 745 1151 762 esse
1172 737 1327 762 differentias
1351 737 1469 770 proprias
1490 737 1690 762 elementorum.

1028 773 1091 798 ibid.
1108 786 1128 792 -
1149 773 1214 798 Vide
1234 773 1413 803 Damocm‘rus,
1433 771 1617 797 manontes.

992 808 1148 839 Quam-trus
1167 823 1201 827 —
1219 809 1267 833 Est
1285 809 1539 841 praedicamentum:
1558 808 1689 833 accidens.

1026 852 1060 875 vr,
1080 843 1105 876 6,
1125 852 1150 878 9.
1169 852 1203 875 ιι,
1220 851 1243 869 2.
1257 852 1280 875 x,
1298 851 1327 876 7.
1340 857 1360 863 -
1374 843 1509 868 Fundetur
1522 844 1548 868 in
1567 843 1690 868 substan—

1027 880 1070 905 tia.
1084 888 1111 911 ιι,
1125 880 1302 911 4.-Advenit
1318 879 1435 904 subiecto
1451 880 1567 904 existenti
1582 879 1608 904 in
1622 884 1689 904 actu.

1026 924 1050 947 x,
1068 923 1093 948 7.
1108 928 1128 934 —
1143 916 1248 940 Materia
1263 920 1304 940 est
1317 914 1422 948 proprie
1440 915 1588 939 subiectum
1607 922 1690 947 quan-

1026 951 1104 976 titatis
1132 951 1300 976 dimensivae.
1323 958 1368 982 xv,
1387 958 1414 982 4>
1431 963 1452 971 ·-
1470 950 1529 975 Non
1550 955 1691 983 generatur

1027 995 1057 1011 ex
1077 986 1250 1020 passionibus.
1270 994 1304 1018 ιν,
1321 986 1347 1011 8.
1358 1000 1378 1005 -
1391 985 1524 1016 Quantum
1543 986 1690 1011 universale

1026 1030 1079 1047 non
1098 1027 1245 1054 generatur.
1263 1029 1323 1053 xvn,
1348 1029 1369 1046 ι.
1386 1035 1406 1041 -
1426 1021 1561 1051 Quaenam
1586 1026 1690 1046 careant

1026 1058 1167 1090 quantitate
1177 1057 1202 1082 in
1213 1065 1307 1089 genere
1322 1056 1574 1082 mathematicorum.
1584 1064 1637 1088 xm,
1650 1065 1670 1081 1.

991 1093 1059 1124 Qum
1078 1107 1114 1112 —
1132 1092 1262 1125 Significat
1281 1093 1393 1118 existens
1413 1093 1438 1117 in
1453 1100 1548 1126 genere
1567 1092 1690 1117 substan-

1026 1130 1084 1154 tiae.
1103 1137 1137 1160 v1,
1157 1137 1196 1154 10.
1209 1136 1253 1159 vn,
1275 1128 1298 1154 3.
1312 1141 1332 1147 -
1349 1128 1456 1153 Differre
1476 1128 1501 1153 in
1524 1128 1600 1153 circa*
1615 1128 1703 1161 quid!

1026 1165 1093 1189 idest
1112 1173 1142 1189 ex
1161 1170 1234 1197 parte
1252 1164 1354 1197 generis
1374 1164 1399 1188 in
1415 1172 1468 1197 quo
1487 1169 1555 1188 sunt.
1574 1171 1607 1195 ιιι,
1625 1171 1648 1195 2,
1665 1163 1689 1188 5.

991 1200 1066 1230 Quon
1088 1208 1151 1225 uum
1170 1208 1216 1225 iss-r
1236 1215 1269 1218 —
1289 1199 1419 1233 Significat
1445 1200 1613 1232 quidditatem
1641 1207 1688 1224 seu

1026 1236 1148 1268 speciem.
1168 1243 1218 1268 xxv,
1238 1244 1263 1269 7.
1281 1249 1300 1255 -
1318 1236 1366 1261 Est
1383 1235 1515 1260 obiectum
1534 1235 1688 1260 intellectus.

1025 1279 1079 1303 vm,
1101 1271 1125 1296 5.

1321 1309 1357 1344 R

991 1379 1165 1404 maxum-10
1183 1392 1218 1397 —
1237 1379 1287 1403 Per
1310 1378 1395 1411 ipsam
1417 1377 1515 1411 aliquid
1540 1377 1570 1403 fit
1594 1378 1688 1403 maius.

1025 1422 1075 1445 nv,
1091 1414 1114 1440 5.
1127 1427 1147 1435 -
1160 1414 1233 1439 Talis
1246 1414 1428 1439 transmutatio
1441 1421 1493 1438 non
1509 1419 1550 1439 est
1563 1421 1688 1447 augmen—

1025 1456 1091 1480 tum,
1110 1450 1156 1475 sed
1176 1449 1302 1475 alteratio.
1321 1449 1385 1474 ibid.
1395 1462 1416 1469 —
1428 1449 1574 1475 Rarefactio
1588 1449 1689 1474 eontin-

1025 1486 1063 1519 git
1081 1494 1133 1511 non
1150 1486 1236 1511 solum
1250 1490 1422 1510 transmutata
1434 1486 1528 1518 specie,
1544 1485 1591 1510 sed
1610 1486 1687 1511 etiam

1026 1522 1118 1547 eadem
1137 1521 1223 1555 specie
1242 1526 1371 1546 manente.
1390 1521 1454 1546 ibid.

1327 1611 1354 1648 S

989 1701 1116 1726 Sexta-m
1134 1714 1168 1719 -—
1188 1700 1313 1725 secantur
1341 1699 1566 1732 quemadmodum
1595 1705 1621 1725 et
1644 1708 1687 1725 res

1026 1736 1077 1769 (111
1097 1736 1130 1761 de
1147 1734 1275 1767 Anima).
1294 1735 1417 1760 Rooem.
1446 1743 1468 1760 ι.
1485 1749 1505 1755 -
1523 1735 1618 1761 Scibile
1647 1741 1689 1761 est

1025 1779 1081 1797 ens.
1099 1779 1153 1802 vm,
1173 1770 1198 1796 6.
1214 1800 1217 1802 ,

989 1808 1160 1832 Saouos'no
1178 1821 1212 1825 —
1237 1806 1302 1831 Vide
1319 1806 1524 1831 &noanon-10.

989 1844 1079 1868 Sanun
1098 1857 1132 1861 —
1151 1842 1200 1867 Est
1218 1842 1332 1875 primum
1351 1841 1506 1875 principium
1525 1842 1552 1866 in
1579 1849 1687 1875 genera-

1024 1878 1095 1903 tione
1122 1877 1280 1902 animalium.
1298 1884 1354 1908 vm,
1374 1876 1398 1902 3.
1415 1891 1435 1896 —
1454 1877 1590 1908 Quaedam
1607 1885 1686 1911 gene-

1024 1919 1114 1939 rantur
1140 1913 1196 1938 sine
1217 1912 1327 1938 semine.
1345 1920 1399 1944 xm,
1411 1920 1438 1945 4.
1450 1926 1470 1932 -
1481 1913 1570 1938 Virtus
1591 1913 1687 1947 speciei

1024 1954 1066 1974 est
1083 1950 1170 1982 primo
1187 1949 1214 1974 in
1233 1948 1342 1974 semine.
1361 1956 1402 1980 xv,
1423 1956 1448 1974 2.

988 1986 1126 2010 Sanstmns
1143 1998 1181 2004 —-
1202 1985 1226 2009 A
1253 1984 1412 2017 quibusdam
1440 1984 1559 2017 ponitur,
1583 1985 1686 2011 nonnisi

1025 2020 1147 2046 sensibile
1166 2027 1226 2045 esse
1245 2027 1305 2044 ens:
1325 2019 1476 2045 refutantur.
1499 2027 1553 2051 vm,
1573 2019 1605 2051 6,
1625 2029 1650 2054 7.
1668 2035 1688 2041 -

1030 2056 1094 2082 Vide
1112 2056 1304 2086 Exrsmmia,
1322 2055 1442 2081 Tamus.

988 2093 1090 2118 Sensus
1109 2106 1143 2111 —
1163 2091 1211 2116 Est
1228 2090 1354 2124 perfectio
1381 2090 1525 2116 sentientis.
1544 2099 1605 2123 vm,
1625 2100 1650 2125 7.
1668 2104 1688 2111 —-

1024 2127 1175 2153 Secundum
1194 2127 1338 2160 quosdam,
1362 2134 1459 2152 sensus
1477 2134 1530 2152 non
1549 2127 1636 2153 differt
1653 2127 1686 2153 ab

1023 2162 1192 2196 intelligentia
1210 2162 1272 2193 (111
1287 2162 1320 2188 de
1337 2162 1459 2196 Anima).
1477 2170 1531 2194 vm,
1551 2161 1577 2188 6.

988 2200 1088 2224 Siccms
1107 2213 1142 2218 -
1165 2198 1230 2223 Vide
1248 2198 1384 2223 Humum.

988 2236 1091 2260 stom
1110 2248 1146 2253 —
1164 2234 1273 2266 Signum
1292 2234 1367 2267 signo
1386 2241 1440 2259 non
1454 2240 1484 2258 se
1502 2233 1582 2259 habet
1594 2241 1686 2260 eonse-

1025 2275 1143 2303 quenter.
1156 2277 1180 2302 v,
1196 2268 1222 2294 6.
1234 2283 1254 2288 -
1265 2269 1374 2302 Signum
1389 2274 1532 2301 sensatum,
1547 2269 1615 2295 idest
1625 2277 1687 2303 pars

1026 2305 1165 2331 sensibilis.
1184 2313 1224 2336 xv,
1248 2313 1270 2330 ι.

988 2342 1143 2367 δικουιΛιιιι
1161 2354 1198 2360 -·
1216 2341 1368 2373 Singularis.
1385 2340 1451 2365 idest
1466 2341 1576 2374 species.
1590 2349 1651 2373 xvn,
1665 2350 1687 2367 1.

989 2378 1066 2402 Srrus
1085 2391 1118 2395 —
1137 2376 1252 2401 Variatlo
1270 2376 1336 2401 situs
1351 2381 1544 2409 consequenter
1561 2384 1592 2402 se
1610 2377 1688 2403 habet

1026 2413 1057 2438 ad
1076 2411 1244 2437 variationem
1263 2412 1322 2437 loci.
1340 2419 1390 2443 xxv,
1411 2410 1435 2436 5.
1458 2412 1498 2445 Cs-
1517 2412 1618 2438 Mori-us.

989 2449 1042 2474 501.
1059 2461 1096 2467 -
1119 2447 1183 2473 Vide
1201 2448 1316 2479 Annua,
1336 2447 1424 2472 Hono.

990 2484 1104 2509 sonu-rm
1122 2496 1159 2502 —·
1176 2483 1245 2508 Vera
1263 2482 1359 2508 solutio
1386 2482 1471 2515 qualis
1500 2483 1593 2509 debeat
1617 2491 1686 2510 esse.

1025 2526 1065 2550 xv,
1089 2526 1112 2544 ι.

990 2555 1101 2580 Spectas
1119 2567 1156 2573 —
1174 2553 1323 2578 Differentia
1341 2553 1474 2578 constituit
1487 2554 1612 2587 speciem.
1626 2562 1644 2586 ι,
1662 2562 1685 2580 2.

1025 2596 1080 2620 vm,
1101 2588 1126 2614 5.
1142 2602 1163 2608 -
1180 2589 1285 2621 Species
1305 2596 1394 2614 rerum
1419 2593 1482 2614 sunt
1499 2589 1567 2614 sicut
1585 2591 1687 2615 numeri

1027 2624 1100 2657 (VIII
1114 2623 1294 2658 Metaphys.).
1306 2631 1361 2656 vm,
1373 2623 1397 2650 5.
1409 2638 1428 2644 —
1439 2625 1544 2657 Species
1557 2630 1598 2650 eat
1611 2632 1687 2659 prae-

1026 2665 1066 2685 ter
1075 2659 1216 2685 materialia
1225 2664 1252 2685 et
1261 2659 1443 2685 individuantia
1453 2661 1584 2694 principia.
1594 2668 1632 2693 m,
1642 2660 1687 2686 8.-

1026 2695 1198 2728 Comparatur
1207 2696 1239 2720 ad
1249 2694 1384 2720 materiam
1394 2700 1422 2720 ut
1434 2703 1558 2721 mensura
1566 2696 1599 2721 ad
1613 2704 1687 2722 men-

1026 2736 1152 2756 suratum.
1171 2738 1211 2762 xv,
1227 2738 1253 2763 4.
1265 2745 1285 2750 -
1298 2731 1410 2761 Quando
1424 2731 1522 2756 dicatur
1536 2731 1632 2764 aliquid
1645 2739 1687 2757 se-

1026 2767 1142 2792 cundum
1170 2767 1283 2799 speciem
1314 2771 1340 2792 et
1367 2767 1512 2792 secundum
1543 2768 1687 2793 materiam.

1025 2810 1066 2834 xv,
1081 2809 1104 2832 2,
1118 2809 1144 2834 4.
1153 2816 1173 2822 -
1183 2802 1323 2833 Quomodo
1337 2802 1438 2835 species
1453 2808 1615 2835 permanent.
1631 2811 1687 2828 ma-

1025 2837 1090 2863 teria
1108 2843 1215 2863 mutata.
1233 2845 1274 2867 xv.
1292 2845 1319 2870 4.
1336 2851 1356 2856 -
1367 2837 1473 2870 Species
1486 2845 1539 2863 non
1557 2838 1636 2864 habet
1649 2839 1687 2864 lo-

1025 2881 1086 2899 cum
1114 2873 1162 2898 nisi
1191 2874 1290 2899 ratione
1318 2873 1449 2899 materiae.
1468 2873 1532 2899 ibid.
1555 2886 1575 2893 -
1598 2874 1686 2899 Virtus

1025 2908 1121 2942 speciei
1141 2914 1181 2934 est
1199 2910 1284 2943 primo
1303 2908 1330 2934 in
1348 2909 1457 2934 semine.
1471 2917 1512 2941 κν,
1530 2916 1554 2935 2.
1568 2923 1588 2929 -
1605 2910 1688 2935 Aliter

1783 354 1813 372 se
1831 346 1909 372 habet
1933 347 2017 372 virtus
2045 347 2141 380 speciei
2160 348 2186 372 in
2208 347 2356 374 viventibus
2375 354 2401 374 et
2420 350 2447 375 in

1783 383 1938 407 inanimatis.
1955 390 2016 414 xvn,
2036 381 2062 408 6.
2079 396 2099 402 -
2117 384 2239 416 Species,
2262 384 2330 410 idest
2351 384 2445 410 forma.

1782 425 1816 449 tv,
1836 417 1861 442 6.
1880 426 1934 449 vm,
1950 425 1976 449 4.
1994 418 2034 452 Cf.
2047 426 2102 450 xm,
2120 426 2147 450 4.
2165 426 2206 450 xv,
2219 426 2246 449 4.
2265 419 2330 445 Vide
2341 420 2446 447 Pom.

1747 453 1869 478 smmi-ns
1880 467 1913 472 —
1924 453 2044 486 Spiritus,
2055 454 2122 478 idest
2132 459 2233 485 ventus,
2241 461 2288 479 seu
2298 462 2351 480 aer.
2357 462 2412 487 vm,
2419 455 2446 482 8.

1781 496 1832 520 xxv,
1854 488 1877 514 5.
1894 503 1914 508 —
1932 489 2051 522 Spiritus.
2066 490 2134 514 idest
2152 490 2246 515 anima.
2266 490 2331 516 ibid.

1747 524 1897 549 Sumscrmt
1917 539 1949 543 —
1969 525 2048 549 Aliud
2078 530 2119 549 est
2146 525 2311 557 subiectum,
2331 530 2357 551 et
2375 526 2446 551 aliud

1783 560 1880 592 passio.
1895 568 1919 591 x,
1941 567 1964 585 2.
1982 575 2002 580 -
2019 560 2152 593 Contingit
2169 561 2202 585 ad
2226 566 2368 594 utrumque
2386 569 2446 586 esse

1782 595 2035 621 transmutationem.
2054 596 2119 621 ibid.
2135 609 2156 616 -
2173 596 2325 621 Subiectum
2338 601 2380 622 est
2397 604 2445 629 per

1782 631 1891 655 modum
1906 631 2028 656 materiae
2042 632 2068 656 in
2082 633 2256 665 generatione.
2268 639 2324 662 vm,
2334 639 2360 665 9.
2373 639 2408 664 tx,
2421 632 2445 657 3.

1786 666 1851 692 Vide
1870 666 2037 692 Gan-amno.

1746 702 1912 727 Suessam-ta
1931 717 1966 721 —
1985 703 2135 728 Substantia
2153 707 2194 728 est
2212 709 2259 727 ens
2284 702 2444 736 simpliciter.

1781 745 1816 769 vx,
1837 737 1861 763 5.
1875 752 1896 757 —
1913 738 1979 763 illud
1997 738 2072 763 cuius
2091 738 2250 763 differentiae
2261 738 2346 771 tnagis
2364 738 2445 771 signi-

1781 772 1860 798 ficant
1887 773 1936 799 hoc
1962 773 2083 806 aliquid,
2107 774 2191 807 magis
2219 778 2260 798 est
2286 773 2445 799 substantia:

1781 809 1917 841 quomodo
1931 809 2135 842 intelligendum.
2145 817 2204 841 vm,
2214 816 2241 841 4,
2253 808 2305 834 5.-
2314 809 2386 834 Idem
2404 814 2446 834 est

1781 845 1939 870 constituere
1962 845 2134 870 substantiam
2161 850 2188 870 et
2205 845 2291 870 facere
2317 844 2368 870 hoe
2393 845 2445 870 ⁶11·-

1781 880 1854 912 quid.
1873 887 1896 912 x,
1916 880 1941 905 8.
1957 893 1977 899 -·
1991 880 2141 906 Substantia
2153 888 2206 905 non
2225 880 2336 913 suscipit
2358 880 2443 913 magis

1781 919 1808 940 et
1826 915 1922 941 minus.
1939 923 1994 946 vm,
2012 915 2037 940 5.
2054 929 2074 935 —
2092 915 2241 941 Substantia
2265 920 2444 948 permanente,

1781 949 1848 975 fiunt
1865 951 1891 975 in
1910 958 1941 976 ea
1963 951 2194 977 transmutationes
2218 951 2364 976 secundum
2387 955 2445 976 ma—

1781 986 1943 1019 gnitudinem
1962 991 1989 1011 et
2006 987 2165 1020 qualitatem.
2180 994 2210 1012 ιι.
2223 994 2250 1019 4.
2267 1001 2287 1006 -
2299 986 2341 1011 Ad
2359 986 2445 1019 ipsam

1782 1026 1823 1046 est
1850 1023 2040 1047 transmutatio.
2063 1030 2094 1054 x,
2116 1030 2141 1048 2.
2158 1036 2179 1042 -
2197 1023 2271 1054 Quae
2298 1021 2447 1055 significant

1782 1056 1963 1089 substantiam,
1978 1063 2136 1090 generantur
2153 1058 2314 1091 simpliciter.
2331 1065 2366 1088 u,
2386 1065 2412 1083 ι.
2424 1070 2445 1076 ·-

1781 1092 1925 1122 Quomodo
1942 1093 1969 1117 in
1987 1093 2139 1118 substantiis
2159 1092 2348 1118 diversifieemr
2364 1098 2445 1125 gane-

1781 1128 1848 1153 ratio
1866 1128 2020 1161 simpliciter
2038 1133 2064 1154 et
2087 1129 2232 1154 seeundum
2251 1128 2325 1161 quid.
2344 1128 2410 1154 tud.
2425 1141 2446 1148 —

1780 1163 1840 1188 Non
1858 1169 1996 1196 generatur
2014 1171 2045 1189 ex
2062 1164 2238 1197 passionibus.
2252 1171 2287 1195 tv,
2301 1163 2329 1189 8.
2340 1176 2361 1183 -
2371 1162 2440 1189 sab-

1779 1199 1889 1224 stantiae
1899 1199 2067 1232 incorporeae
2076 1204 2139 1224 sunt
2150 1199 2344 1225 immateriales.
2352 1205 2408 1225 nn.
2418 1198 2444 1224 5.

1745 1235 1919 1260 Sonans-ictas
1938 1249 1972 1254 —
1993 1235 2046 1260 Res
2074 1235 2265 1261 mathematica.
2283 1241 2443 1268 utiq-2121,

1784 1279 1806 1296 1.
1822 1284 1843 1290 -
1860 1270 1938 1296 Caret
1955 1271 2099 1303 quantitate
2117 1271 2264 1296 secundum

1780 1312 1842 1332 tem.
1862 1306 1926 1331 ibid.
1942 1320 1963 1326 -
1977 1306 2106 1331 Causam!-
2130 1313 2161 1332 ex
2187 1307 2279 1332 lineis:
2296 1305 2444 1340 qwnsdo.

1780 1349 1817 1373 ιιι,
1829 1350 1854 1375 7.
1864 1349 1898 1374 ιν,
1909 1349 1934 1375 7.
1942 1355 1963 1361 -
1974 1340 2131 1375 Superficies
2140 1346 2232 1367 esusat
2243 1341 2444 1376 cosman-hue

1780 1378 1876 1403 solum.
1887 1378 1950 1403 ibid.
1963 1391 1984 1398 ·-
1999 1377 2064 1403 Vide
2081 1377 2200 1403 Connus.
2328 1386 2332 1389 ’
2361 1378 2409 1400 ἰι-’7

2074 1467 2111 1504 Τ

1743 1558 1853 1583 Tam-us
1872 1571 1907 1576 —-
1925 1557 2023 1582 Tacms
2046 1563 2153 1589 semper
2180 1560 2222 1580 est
2238 1562 2309 1581 unus
2325 1563 2444 1590 φησι·

1780 1594 1839 1619 dam
1866 1593 1987 1618 duorum.
2005 1599 2049 1623 ιν,
2069 1599 2094 1625 7.
2107 1605 2126 1611 -
2144 1591 2244 1616 Tactus
2262 1591 2442 1618 ear-iamla-

1780 1629 1828 1654 lior
1851 1633 1878 1654 et
1900 1628 2018 1662 grossior
2035 1627 2160 1653 omnibus
2180 1626 2360 1660 sensibuscx,
2377 1634 2407 1660 4.
2424 1641 2444 1646 -

1778 1665 1908 1698 Volgares
1936 1663 2048 1689 maxime
2067 1663 2157 1688 vident
2175 1662 2272 1696 aliquid
2283 1662 2443 1690 “oraemi-

1779 1701 1831 1726 bile
1845 1700 1990 1725 secundum
2004 1704 2110 1725 tacmm.
2121 1698 2186 1724 ibid.

1742 1736 1854 1762 'rems
1867 1749 1903 1755 —
1916 1735 1965 1760 Est
1973 1741 2099 1761 numerus
2108 1738 2197 1759 motus
2208 1733 2355 1760 secundnm
2366 1733 2441 1767 plus

1742 1769 2064 1833 Tgupo-s-t-egueiisigiiiis
2077 1805 2280 1831 elmenwnm.
2289 1811 2314 1837 x,
2322 1811 2351 1837 4.
2363 1817 2384 1825 -
2394 1804 2444 1831 Est

1779 1850 1835 1869 ens.
1854 1850 1888 1874 tx,
1909 1841 1934 1868 5.
1958 1842 2022 1868 Vide
2041 1841 2221 1867 Pammmss.
2236 1853 2255 1861 -
2272 1840 2442 1867 Επιιωιι-

1779 1879 1837 1904 liter
1861 1878 1962 1911 frigida.
1979 1885 2036 1909 vm,
2058 1884 2086 1910 4.
2098 1891 2119 1897 -
2137 1876 2232 1909 Frigus
2256 1882 2311 1901 nnn
2328 1877 2442 1907 asama

1778 1914 1863 1939 forma
1886 1913 2081 1944 substantialis,
2105 1911 2155 1937 eui
2180 1910 2378 1945 quodsum&
2404 1911 2444 1938 stc

1778 1950 1828 1975 dici
1845 1950 1939 1983 possit.
1957 1955 2012 1978 vm,
2034 1947 2087 1974 5.-
2102 1947 2275 1980 comp-rann·
2291 1946 2330 1979 ad,
2345 1946 2443 1981 ipsem-

1782 1993 1846 2016 vm.
1865 1985 2028 2018 4.—1tem‚
2047 1983 2081 2009 ad
2099 1981 2315 2016 aerumma.
2363 1990 2410 1995 ··<

2073 2072 2109 2111 U

1742 2163 1793 2190 Um
1810 2176 1847 2183 -—
1865 2162 1933 2188 Este
1950 2161 1996 2187 ubi
2014 2165 2056 2186 eat
2073 2160 2249 2190 aeddan-vs,
2263 2158 2444 2195 &99273-

1778 2198 1891 2224 Advenit
1908 2197 2011 2230 corpori
2030 2201 2089 2222 actu
2107 2196 2281 2228 edenenas,
2295 2199 2362 2231 ⁷⁸⁸⁶
2378 2207 2387 2212 =-
2406 2210 2411 2219 ..

1741 2235 1913 2261 numm:
1932 2246 1967 2253 —
1985 2233 2044 2258 Non
2070 2236 2212 2266 generatus·
2233 2231 2284 2258 nisi
2299 2230 2441 2266 hanna

1778 2269 1933 2304 pax-tiemari.
1950 2275 2012 2301 xm,
2035 2276 2058 2293 ι.
2407 2279 2409 2282 ⁴

2324 1456 2410 1471 ⁴⁸1⁴“1w

2074 2358 2111 2395 V

1742 2449 1859 2474 Vacuus«
1877 2461 1912 2468 -
1931 2446 2001 2478 Quid
2019 2446 2062 2472 sit.
2079 2453 2124 2477 m,
2145 2452 2170 2472 s.
2186 2445 2388 2480 -lmpnsnws
2400 2449 2443 2472 est

1778 2483 1833 2509 dari
1850 2489 1973 2508 vacuum.
1991 2482 2056 2508 ibid.
2270 2484 2272 2486 ’
2327 2491 2330 2494 ’

1741 2520 1921 2545 Vsus-rmus
1939 2531 1974 2538 —
1998 2517 2064 2543 Vide
2080 2518 2182 2543 Ama.

1742 2555 1839 2580 Vnam«
1857 2567 1892 2572 —
1912 2553 2026 2584 Quidam
2049 2557 2194 2587 posuerunt
2219 2559 2316 2578 vernus
2337 2558 2398 2578 aaa
2414 2551 2443 2578 in

1777 2589 1928 2623 apparendo
1947 2589 1998 2622 (tv
2015 2588 2192 2622 linivit-rs.)-
2209 2595 2248 2620 m,
2265 2594 2294 2620 4.
2304 2587 2443 2614 ‘nv-*un

1777 2633 1830 2650 non
1853 2625 1938 2650 estin
1962 2624 2090 2650 sentiente
2107 2629 2218 2656 tannim,
2240 2623 2289 2649 sed
2311 2623 2382 2649 etin
2400 2630 2443 2649 re-

1778 2661 1837 2686 bus.
1855 2667 1909 2692 vm,
1929 2668 1955 2694 7.

1740 2697 1871 2722 vivam-u
1892 2710 1925 2715 —
1945 2695 2063 2728 Corpora
2085 2695 2198 2721 viventia
2223 2699 2331 2720 movent
2354 2693 2443 2728 seipsa

1777 2740 1831 2757 non
1850 2732 1938 2757 solum
1957 2731 2101 2757 semndum
2120 2735 2223 2756 motum
2246 2730 2375 2761 localem
2393 2730 2442 2756 sed

1777 2773 1804 2793 et
1822 2768 1968 2793 secundum
1986 2772 2088 2792 motum
2107 2767 2131 2792 sl
2438 2772 2442 2774 ’

1777 2804 1863 2834 tionis,
1883 2808 1909 2828 et
1927 2802 2109 2836 generationis.
2123 2810 2184 2834 xvu,
2199 2800 2225 2828 6.
2237 2815 2259 2822 -
2269 2801 2298 2828 ln
2311 2801 2443 2836 bis-fim-

1777 2844 1820 2864 tus
1839 2838 1934 2872 speciei
1948 2846 2002 2864 non
2020 2838 2175 2864 determinat
2189 2837 2238 2863 sibi
2257 2837 2373 2871 aliqua-
2385 2842 2443 2863 ns*

1776 2874 1869 2900 teriam
1887 2874 2016 2908 signatam
2022 2881 2030 2904 3
2049 2878 2091 2900 eat
2116 2879 2205 2900 tamen
2223 2873 2250 2899 in
2267 2872 2379 2900 haend
2394 2872 2440 2899 ma

1778 2910 1956 2936 determinate.
1975 2909 2040 2936 ibid.
