2782 4134
376 293 457 330 424

679 355 819 384 LECTIO
841 349 1140 382 VIGESIMAPRIMA

380 415 468 443 Extra
488 412 599 442 caelum
620 419 681 439 non
701 415 744 437 est
772 407 880 444 aliquid
908 414 1009 434 eorum
1038 412 1111 440 quae
1139 409 1240 429 conse-

442 458 570 492 quuntur
590 452 627 480 ad
648 458 772 486 corpora
792 447 945 477 sensibilia.
966 462 984 467 -
1006 443 1111 479 Qualia
1131 443 1188 471 sint
1209 450 1243 469 ea

442 503 516 532 quae
537 493 576 521 ibi
597 498 665 520 nata
685 497 752 519 sunt
772 499 834 518 esse
843 503 1240 516 ..............

854 555 918 575 cAP.
939 554 968 573 x.

657 601 796 630 LECTIO
817 593 1175 627 VIGESIMASECUNDA

385 659 545 697 Opiniones
565 656 689 685 aliorum
710 653 785 682 circa
803 649 1002 688 quaestionem
1016 656 1054 675 an
1068 644 1195 691 mundus
1209 644 1246 673 sit

444 698 557 736 genitus
577 696 622 725 vel
648 693 803 731 ingenitus,
826 688 1017 724 corruptibilis
1042 688 1087 716 vel
1113 694 1244 731 incorru-

444 738 559 776 ptibilis.
581 752 600 758 -
620 735 802 771 Improbatur
828 732 940 759 duabus
967 727 1126 757 rationibus
1151 735 1246 763 prima

445 789 463 807 o
485 787 545 806 imo
575 788 1244 805 .......................

465 788 483 815 p
674 825 813 855 LECTIO
835 820 1160 852 VIGESIMATERTIA

386 883 552 914 Excluditur
578 880 672 917 primo
700 877 844 907 excusatio
871 875 1057 913 quorundam
1085 871 1249 902 Platonico-

445 933 520 952 rum.
530 938 549 943 —-
563 921 674 949 Deinde
694 918 895 954 improbantur
916 915 989 944 aliae
1005 915 1079 943 duae
1094 913 1247 950 opiniones

447 963 556 1000 positae
577 961 607 988 in
627 957 809 997 praecedenti
830 956 953 985 lectione
969 974 1247 984 ..........

851 1018 916 1038 CAP.
939 1017 979 1037 XI.

665 1065 806 1095 LECTIO
829 1061 1172 1097 VIGESIMAQUARTA

387 1123 466 1153 Varii
486 1121 567 1150 modi
588 1119 692 1158 quibus
713 1118 809 1154 aliqua
830 1116 965 1145 dicuntur
978 1113 1152 1152 generabilia
1166 1119 1194 1141 et
1207 1111 1251 1140 in-

447 1161 633 1200 generabilia,
655 1157 852 1195 corruptibilia
872 1163 901 1185 et
926 1153 1154 1191 incorruptibilia
1181 1174 1188 1180 .
1212 1174 1218 1180 .
1243 1173 1250 1179 .

674 1218 814 1247 LECTIO
836 1215 1167 1251 VIGESIMAQUINTA

390 1275 548 1312 Quomodo
570 1273 682 1302 dicatur
702 1271 811 1308 aliquid
831 1269 968 1307 possibile
989 1274 1017 1296 et
1035 1266 1222 1304 impossibile.
1245 1287 1252 1293 .

865 1457 931 1478 CAP.
953 1457 973 1477 1.

785 1503 926 1532 LECTIO
947 1501 1066 1530 PRIMA

392 1559 481 1597 Quod
501 1558 614 1587 caelum
628 1557 664 1586 sit
677 1555 894 1593 sempiternum,
916 1560 944 1582 et
965 1553 1047 1590 quod
1067 1551 1129 1581 eius
1142 1550 1255 1587 motus,

450 1599 562 1628 nullum
583 1599 694 1627 habens
714 1597 812 1632 finem,
835 1596 871 1625 sit
891 1595 956 1623 finis
977 1594 1102 1623 aliorum
1122 1598 1257 1621 motuum

452 1648 480 1670 et
500 1641 536 1669 sit
557 1639 618 1669 sine
638 1639 747 1668 labore.
759 1654 779 1659 -
792 1637 991 1665 Excluduntur
1011 1634 1165 1672 opiniones
1186 1642 1257 1663 con-

450 1689 553 1710 trariae
578 1695 1253 1709 .......................

864 1744 928 1765 cAP.
949 1744 980 1764 11.

757 1790 898 1819 LECTIO
920 1788 1099 1818 SECUNDA

394 1851 438 1878 De
459 1847 620 1877 diversitate
640 1845 765 1883 partium
787 1843 859 1873 caeli
880 1843 1040 1872 secundum
1065 1840 1259 1870 diversitatem

454 1889 540 1925 situs;
561 1894 589 1917 et
602 1887 698 1925 primo
712 1886 791 1914 iuxta
805 1884 975 1922 opinionem
990 1882 1258 1920 Pythagoricorum.

774 1945 876 1974 LECT
876 1944 915 1972 10
936 1943 1079 1971 TERTIA

395 2000 579 2031 Differentiae
590 1999 768 2037 positionum
780 1997 932 2035 quomodo
944 1995 1119 2024 conveniant
1132 1994 1261 2032 partibus

455 2042 525 2071 caeli
546 2041 706 2070 secundum
727 2038 897 2075 Philosophi
918 2036 1088 2074 opinionem
1100 2057 1258 2064 ......

862 2105 927 2125 εΑΡ.
948 2105 990 2125 m.

769 2151 909 2180 LECTIO
931 2149 1092 2185 QUARTA

397 2207 566 2237 Ostenditur
587 2215 661 2244 quae
682 2204 718 2233 sit
738 2213 825 2233 causa
846 2203 927 2240 quod
941 2202 972 2231 in
985 2201 1066 2231 caelo
1087 2201 1145 2230 sint
1165 2201 1262 2238 plures

456 2249 594 2285 sphaerae
615 2245 788 2276 circulariter
809 2251 907 2273 motae
916 2263 1258 2272 ............

863 2310 927 2331 cAP.
949 2310 989 2330 Ν.

773 2356 913 2384 LECTIO
936 2355 987 2390 QU
991 2354 1082 2382 INTA

399 2413 519 2443 Caelum
534 2420 596 2440 esse
610 2410 718 2448 figurae
734 2409 898 2447 sphaericae
912 2406 1075 2436 ostenditur
1088 2415 1122 2434 ex
1132 2414 1168 2435 eo
1183 2405 1264 2443 quod

458 2454 528 2481 haec
549 2452 641 2489 figura
662 2458 704 2480 est
724 2451 818 2488 prima
839 2450 996 2487 figurarum
1009 2467 1259 2477 .........

785 2511 926 2540 LECTIO
948 2509 1074 2538 SEXTA

401 2563 570 2593 Ostenditur
598 2563 710 2592 caelum
738 2571 800 2591 esse
828 2561 994 2598 sphaericae
1022 2560 1145 2597 figurae,
1174 2568 1208 2588 ex
1229 2567 1265 2587 eo

461 2605 541 2642 quod
562 2604 632 2632 haec
653 2603 744 2641 figura
765 2609 807 2631 est
828 2602 883 2639 ipsi
904 2599 1178 2631 convenientissima
1197 2621 1203 2627 .
1227 2621 1233 2627 .
1258 2621 1263 2627 .

875 2671 939 2691 CAP.
961 2670 989 2690 v.

773 2717 913 2745 LECTIO
936 2716 1103 2744 SEPTIMA

405 2775 471 2809 Qua
491 2773 527 2800 de
549 2780 636 2800 causa
657 2770 784 2806 caelum,
811 2780 877 2799 cum
899 2776 1051 2799 moveatur
1079 2767 1265 2805 circulariter,

463 2818 596 2880 movgfur
616 2811 713 2848 potius
734 2820 833 2839 versus
853 2820 944 2839 unam
965 2815 1076 2847 partem
1099 2818 1187 2846 quam
1206 2817 1268 2836 ver-

463 2862 511 2881 sus
560 2861 618 2880 iam
621 2870 1264 2880 ......................

871 2918 935 2938 CAP.
957 2917 996 2938 vt.

778 2963 878 2992 LECT
879 2963 918 2991 10
941 2963 1101 2992 OCTAVA

407 3019 520 3046 Motum
534 3017 605 3046 caeli
619 3026 682 3046 esse
696 3016 951 3054 regularem,‘idest
965 3025 1081 3052 semper
1094 3015 1270 3044 uniformem

465 3058 646 3087 velocitatem
661 3058 775 3093 habere,
798 3058 910 3086 duabus
925 3056 1085 3085 rationibus
1100 3055 1269 3084 ostenditur.

802 3111 942 3139 LECTIO
965 3110 1073 3138 NONA

408 3166 488 3192 Duae
515 3163 586 3192 aliae
614 3163 739 3192 rationes
767 3163 804 3191 ad
833 3163 1016 3199 probandum
1039 3162 1070 3191 in
1091 3168 1174 3191 motu
1202 3161 1272 3191 caeli

468 3213 528 3232 non
550 3213 611 3232 esse
631 3203 867 3241 irregularitatem
894 3224 1267 3232 .............

871 3262 935 3283 cAP.
958 3263 1008 3283 vn.

786 3308 925 3336 LECTIO
947 3308 1094 3336 DECIMA

412 3362 456 3389 De
476 3366 578 3389 natura
599 3360 743 3389 stellarum
760 3382 1251 3389 .................

869 3422 933 3442 CAP.
957 3422 1018 3442 vm.

762 3468 902 3495 LECTIO
924 3468 1124 3496 UNDECIMA

415 3519 516 3548 Stellas
544 3518 654 3547 moveri
675 3528 735 3547 non
756 3529 807 3556 per
832 3530 875 3555 se,
897 3522 947 3549 sed
969 3521 1078 3549 delatas
1103 3521 1141 3548 ad
1162 3527 1275 3549 motum

475 3558 599 3626 orlpium,
622 3560 760 3595 probatur
781 3561 980 3596 comparando
1002 3560 1064 3589 illas
1086 3562 1123 3589 ad
1139 3570 1207 3589 suos
1221 3561 1275 3590 cir-

477 3607 512 3627 cu
524 3608 556 3627 os
564 3619 1272 3629 ........................

1279 488 1352 518 Fag-

1315 1162 1330 1177 2⁹

1317 1276 1332 1290 )>

1292 1682 1365 1711 Pag-

1339 3611 1353 3626 »

1386 265 1553 303 INDEX

1403 478 1442 512 84

1408 764 1446 799 89

1959 344 2024 365 CAP-
2046 343 2097 364 ΧΠ.

1794 395 1934 424 LECTIO
1956 391 2266 422 VIGESIMASEXTA

1497 457 1665 486 Praemissis
1701 455 1876 493 quibusdam
1911 452 2169 488 declarationibus,
2205 450 2367 480 ostenditur

1559 506 1647 526 omne
1675 495 1883 533 sempiternum
1910 503 1971 522 esse
1999 491 2216 529 incorruptibile
2238 497 2266 520 et
2286 490 2366 528 inge-

1558 544 1652 566 mtum
1656 552 2364 565 ........................

1774 602 1917 632 LECTIO
1938 599 2289 629 VIGESIMASEPTIMA

1500 665 1655 696 Nonnullis
1682 662 1848 701 praemissis
1856 675 1869 698 ,·
1891 660 2054 690 ostenditur
2080 659 2193 688 nullum
2219 658 2369 695 sempiter-

1561 716 1632 735 num
1654 714 1716 734 esse
1737 703 1867 741 genitum
1889 709 1917 731 et
1930 700 2131 737 corruptibile,
2154 706 2182 728 et
2196 709 2212 728 e
2227 708 2369 727 converso

1561 747 1674 775 nullum
1696 745 1825 782 genitum
1847 749 1896 771 aut
1922 741 2107 778 corruptibile
2129 750 2191 769 esse
2219 739 2370 777 sempiter-

1562 796 1643 815 num.
1664 802 1685 807 -
1705 787 1776 813 Item
1797 793 1886 812 omne
1914 782 2074 820 ingenitum
2101 788 2129 810 et
2154 779 2371 817 incorruptibile

1564 836 1626 855 esse
1647 825 1856 862 sempiternum
1873 842 2368 852 .................

1785 896 1927 925 LECTIO
1947 894 2291 923 VIGESIMAOCTAVA

1411 957 1449 986 9²
1505 965 1643 995 Genitum
1664 970 1692 992 et
1712 962 1915 1000 corruptibile,
1944 967 1973 990 et
2000 961 2130 990 similiter
2157 960 2319 998 ingenitum
2345 967 2374 989 et

1565 1004 1798 1042 incorruptibile,
1821 1012 1851 1031 se
1872 1002 1996 1031 invicem
2023 1008 2242 1039 consequuntur
2244 1022 2371 1030 .....

1815 1076 1916 1104 LECT
1917 1075 1956 1103 10
1978 1074 2269 1103 VIGESIMANONA

1403 1149 1450 1186 ,95
1507 1140 1689 1178 Reprobatur
1709 1136 1809 1174 opinio
1831 1145 1945 1173 ponens
1966 1136 2047 1173 quod
2072 1134 2143 1163 nihil
2168 1134 2304 1172 prohibet
2324 1134 2375 1163 ali-

1399 1271 1454 1291 100

1567 1180 1638 1217 quid
1659 1178 1819 1216 ingenitum
1841 1186 1903 1206 esse
1924 1175 2124 1213 corruptibile,
2147 1182 2175 1204 et
2195 1174 2305 1212 aliquid
2325 1184 2375 1212 ge-

1567 1220 1661 1249 nitum
1676 1218 1902 1256 incorruptibile.
1914 1234 1933 1238 -
1947 1217 2134 1246 Contrarium
2149 1216 2311 1245 ostenditur
2324 1224 2377 1252 per

1568 1261 1711 1290 rationem
1732 1259 1893 1288 naturalem
1914 1276 2376 1287 ................

1371 1357 1529 1394 LIBER
1557 1356 1589 1392 II

1403 1681 1457 1708 119

1405 1886 1460 1914 124

1405 2040 1459 2068 129

1406 2240 1461 2275 134

1407 2444 1462 2480 139

1411 2605 1464 2633 142

1413 2849 1467 2883 146

1417 3063 1470 3090 149

1417 3201 1470 3229 152

1419 3360 1472 3388 155

1421 3601 1470 3628 161

1847 1439 1989 1468 LECTIO
2010 1437 2243 1467 DUODECIMA

1511 1502 1614 1531 Stellas
1639 1501 1800 1530 secundum
1827 1499 1936 1537 seipsas
1962 1508 2023 1527 non
2044 1496 2168 1534 moveri,
2196 1507 2231 1526 ex
2251 1496 2380 1526 motibus

1571 1541 1736 1579 sphaericae
1762 1541 1871 1578 figurae
1891 1539 2017 1577 propriis
2043 1537 2226 1567 concluditur
2247 1558 2376 1566 .....

1821 1604 1962 1634 LECTIO
1984 1603 2276 1632 DECIMATERTIA

1514 1663 1603 1698 Quod
1623 1661 1721 1690 stellae
1735 1660 1896 1689 secundum
1909 1668 1941 1688 se
1955 1667 2017 1687 non
2032 1663 2213 1692 moveantur,
2228 1665 2263 1685 ex
2277 1664 2380 1684 earum

1573 1702 1665 1740 figura
1686 1701 1892 1730 manifestatur.
1906 1700 2007 1727 -Item
2029 1707 2154 1736 corpora
2175 1695 2309 1726 caelestia
2321 1695 2381 1724 vim

1574 1741 1738 1771 sensitivam
1760 1750 1822 1781 non
1843 1741 1950 1769 habere
1979 1757 2379 1767 ..............

1986 1806 2051 1827 CAP.
2072 1805 2112 1826 1x.

1810 1852 1952 1882 LECTIO
1974 1850 2283 1886 DECIMAQUARTA

1515 1910 1669 1943 Indirecte,
1692 1908 1799 1938 scilicet
1819 1906 1977 1936 refellendo
1998 1911 2170 1943 argumenta
2184 1903 2339 1940 contraria,
2354 1909 2383 1933 et

1575 1950 1685 1978 directe
1712 1950 1853 1986 probatur
1880 1956 2006 1984 corpora
2027 1944 2162 1975 caelestia
2188 1954 2251 1973 non
2270 1944 2383 1982 produ-

1576 1999 1639 2019 cere
1657 1998 1748 2018 sonos
1764 2005 2381 2017 .....................

1992 2062 2058 2082 CAP-
2081 2061 2110 2082 x.

1817 2108 1958 2138 LECTIO
1980 2105 2276 2142 DECIMAQUINTA

1516 2164 1661 2194 Velocitas
1682 2170 1710 2193 et
1730 2163 1848 2192 tarditas
1870 2162 1899 2191 in
1921 2168 2004 2190 motu
2022 2162 2204 2198 planetarum
2219 2166 2262 2189 est
2283 2168 2386 2188 secun-

1577 2206 1647 2234 dum
1675 2203 1896 2242 proportionem
1929 2201 2081 2232 distantiae
2110 2210 2215 2230 eorum
2246 2209 2264 2229 a
2290 2199 2386 2237 prima

1576 2246 1699 2314 sphaiera
1720 2251 1748 2273 et
1768 2253 1786 2273 a
1805 2250 1890 2272 terra.
1912 2258 1932 2264 —-
1953 2241 2116 2278 Quomodo
2146 2240 2182 2270 sit
2202 2241 2260 2269 hoc
2281 2239 2386 2268 inteni-

1576 2295 1632 2324 gen
1654 2295 1704 2314 um
1730 2301 2381 2313 ......................

1988 2351 2053 2372 CAP.
2074 2350 2114 2371 XI.

1829 2397 1930 2425 LECT
1931 2396 1971 2424 10
1999 2394 2276 2424 DECIMASEXTA

1519 2454 1574 2481 Per
1595 2451 1747 2487 rationem,
1769 2457 1797 2479 et
1818 2460 1870 2487 per
1890 2459 1924 2479 ea
1945 2458 2020 2487 quae
2041 2448 2213 2477 sensibiliter
2233 2453 2387 2485 apparent,

1579 2493 1720 2529 probatur
1745 2491 1840 2520 stellas
1861 2499 1924 2519 esse
1946 2490 2112 2527 sphaericae
2138 2489 2247 2527 figurae
2289 2510 2296 2517 .
2319 2509 2326 2516 .
2349 2509 2357 2516 .
2380 2508 2387 2516 .

1982 2557 2047 2578 CAP.
2074 2557 2124 2578 xn.

1815 2603 1956 2632 LECTIO
1978 2601 2294 2631 DECIMASEPTIMA

1522 2660 1730 2695 Pr0ponuntur
1750 2658 1825 2686 duae
1839 2656 2035 2686 dubitationes
2050 2656 2080 2684 in
2094 2655 2198 2685 ordine
2213 2655 2250 2684 ad
2265 2663 2299 2683 ea
2313 2662 2388 2691 quae

1582 2698 1772 2727 determinata
1793 2704 1860 2726 sunt
1880 2698 1917 2726 de
1938 2697 2027 2726 stellis
2043 2715 2386 2725 ............

1817 2757 1958 2785 LECTIO
1985 2755 2296 2785 DECIMAOCTAVA

1523 2811 1649 2841 Solvitur
1678 2811 1772 2848 prima
1802 2809 1943 2838 dubitatio
1973 2809 2038 2837 lect.
2061 2809 2194 2846 praeced.
2216 2807 2328 2845 posita,
2354 2807 2391 2836 de

1583 2861 1708 2880 numero
1740 2857 1874 2880 motuum
1903 2850 2068 2879 caelestium
2097 2858 2271 2886 corporum:
2300 2857 2390 2887 quem

1584 2892 1670 2921 etiam
1692 2901 1710 2920 a
1731 2891 1878 2920 modernis
1905 2889 2058 2927 astrologis
2086 2888 2293 2918 convenienter
2318 2886 2391 2918 assi-

1584 2932 1666 2970 gnari
1691 2931 1853 2960 ostenditur
1862 2949 2389 2960 ..................

1845 2991 1947 3019 LECT
1948 2990 1987 3019 10
2013 2989 2270 3019 DECIMANONA

1525 3045 1651 3074 Solvitur
1672 3046 1800 3074 secunda
1821 3044 1963 3073 dubitatio
1984 3044 2048 3073 lect.
2070 3052 2132 3072 xvu
2152 3042 2247 3081 posita
2262 3063 2391 3071 .....

1984 3111 2048 3132 car.
2073 3111 2135 3131 xm.

1887 3158 1989 3187 LECT
1990 3158 2029 3186 10
2053 3156 2234 3185 VIGESIMA

1528 3212 1688 3250 Opiniones
1703 3212 1945 3249 philosophorum
1965 3210 2000 3239 de
2011 3210 2068 3238 situ
2083 3216 2186 3239 terrae.
2203 3225 2223 3231 -
2237 3208 2395 3238 Solvuntur

1588 3253 1713 3282 rationes
1740 3251 2012 3289 Pythagoricorum,
2040 3250 2091 3288 qui
2112 3259 2174 3279 non
2201 3256 2322 3285 terram,
2344 3248 2396 3277 sed

1589 3293 1684 3331 ignem
1706 3293 1735 3322 in
1757 3292 1854 3321 medio
1882 3293 2031 3329 ponebant
2054 3309 2394 3319 ............

1829 3352 1971 3381 LECTIO
1993 3350 2294 3380 VIGESIMAPRIMA

1528 3407 1663 3435 Diversae
1685 3405 1839 3443 opiniones
1861 3406 1896 3434 de
1912 3411 2004 3440 motu,
2027 3404 2124 3442 quiete
2138 3409 2166 3432 et
2181 3403 2273 3441 figura
2293 3408 2396 3431 terrae.

1800 3465 1941 3494 LECTIO
1964 3463 2327 3493 VIGESIMASECUNDA

1531 3519 1679 3548 Dubitatio
1701 3519 1776 3548 circa
1790 3526 1883 3548 terrae
1905 3518 2042 3556 quietem.
2057 3533 2077 3539 -·
2097 3519 2164 3546 Non
2185 3517 2307 3555 quiescit
2327 3525 2398 3553 pro-

1590 3567 1654 3598 pter
1675 3559 1846 3588 infinitatem
1867 3559 1928 3587 eius
1943 3559 2024 3595 quod
2039 3565 2081 3587 est
2095 3559 2243 3593 deorsum,
2262 3565 2316 3585 nec
2330 3564 2399 3593 pro-

1590 3607 1653 3637 pter
1674 3609 1781 3637 aquam
1803 3605 2010 3628 sustentantem
2024 3615 2396 3627 .............

2402 539 2476 569 Pag-

2414 1544 2488 1575 1³⁶8·

2459 3298 2474 3314 Ι

2460 3411 2475 3427 »

2461 3604 2477 3620 >

2513 529 2565 557 103

2516 828 2570 856 107

2519 1009 2575 1028 110

2522 1253 2576 1283 113

2525 1534 2580 1563 165

2527 1734 2583 1770 169

2529 1981 2584 2020 173

2530 2277 2587 2315 178

2533 2485 2590 2515 182

2534 2691 2589 2722 185

2537 2933 2594 2963 190

2538 3049 2594 3078 ¹97

2537 3293 2597 3315 200

2539 3399 2595 3428 203

2540 3592 2600 3620 206
