2690 4062
43 1853 63 1898 :¹⁷
92 1860 144 1884 ”q-

1069 220 1181 256 cAP.
1213 221 1280 267 lv,
1311 221 1463 259 LECT.
1492 222 1545 258 v1

277 293 394 328 τοίνειν
420 294 642 350 ἐργαζόμενοι
672 295 753 339 πρὸς
785 297 846 328 τὸν
870 294 995 340 λύχνον
1028 295 1192 334 πολλάκις
1218 297 1284 330 τῶν

279 338 406 380 ἀνθῶν,
431 341 668 383 λαμβανοντες
702 339 803 384 ἕτερα
834 338 901 372 ἀνθ’
933 339 1068 384 ἑτέρων.
1107 340 1200 374 Διότι
1225 341 1285 384 μέν

279 382 336 415 οὖν
370 385 512 428 τρίχρως
537 396 599 425 τε,
629 385 689 416 καὶ
715 384 770 417 ὅτι
801 384 837 416 ἐκ
868 384 1002 417 τούτων
1035 387 1195 429 φαίνεται
1220 386 1286 416 τῶν

279 427 471 473 χρωμάτων
498 427 607 472 μόνων
634 430 654 465 ἧ
680 425 760 472 ἶρις,
787 430 938 481 εἴρηται·

2327 238 2410 262 XCIX

1409 301 1561 339 tricolor,
1587 307 1617 332 et
1636 301 1711 342 quia
1735 312 1772 332 ex
1800 302 1848 332 his
1879 302 1985 333 solum
2010 311 2138 344 apparet
2160 304 2318 335 coloribus
2342 304 2410 344 iris,

1411 345 1532 376 dictum
1556 353 1611 377 est.

212 468 320 509 διπλῆ
345 473 382 504 δὲ
407 475 465 504 καὶ
494 472 714 527 ἀμαυροτέρα
735 477 807 511 τοῖς
831 484 1004 518 χρωμασιν
1027 474 1048 510 ἡ
1067 472 1287 527 περιέχουσα,
1344 477 1452 517 Dupla
1475 485 1582 509 autern
1607 485 1637 509 et
1656 479 1822 510 obscurior
1845 479 2005 510 coloribus
2029 490 2111 520 quae
2135 480 2286 519 ambiens,
2303 487 2334 511 et
2354 490 2411 520 po-

278 519 337 549 καὶ
356 517 402 560 τῇ
421 516 510 549 θέσει
530 517 593 555 τοὶς
610 529 716 562 χροας
735 516 770 558 ἐξ
789 518 948 555 ἐναντίας
966 517 1035 562 ἔχει
1056 529 1213 561 κειμένας
1231 514 1290 550 διαὶ

280 561 345 598 τήν
371 561 483 598 αὐτήν
510 562 646 594 αἰτίαν·
673 561 888 606 μακροτέραν
913 562 978 606 γάρ
999 560 1162 594 ἀποτεινο
1192 561 1248 600 ε’νη
1268 564 1288 599 ἡ

279 604 351 650 ὄψις
377 605 488 649 ὥσπερ
514 607 556 639 τὸ
582 605 792 651 πορρώτερον
820 607 895 649 ὁρᾷ,
913 607 972 638 καὶ
990 606 1032 639 τὸ
1058 573 1210 638 ἐνταῦθα
1228 607 1288 639 τὸν

281 648 390 684 αὐτὸν
416 650 556 695 τρόπον.
589 650 835 694 Ἀσθενεστέρα
861 649 918 683 οὖν
945 650 1015 683 ἀπὸ
1041 653 1103 688 τῆς
1129 649 1247 690 ἔξωθεν
1269 652 1290 687 ἡ

282 694 471 732 ἀνάκλασις
488 696 624 741 γίνεται
649 690 708 727 διαὶ
733 696 774 728 τό
801 694 1010 740 πορρώτερον
1030 693 1200 727 ποιεῖσθαι
1225 695 1290 731 τήν

283 738 485 780 ἀνάκλασιν,
504 738 582 772 ὥστ’
605 739 763 773 ἑλάττων
778 742 1044 781 προσπίπτουσα
1059 738 1106 771 τοὶ
1121 738 1291 783 χρώματα

282 788 375 816 ποιεῖ’
405 782 626 828 ἀμαυρότερα
658 783 849 828 φαίνεσθαι.
883 786 950 816 Καὶ
984 783 1291 827 ἀντεστραμμένως

281 822 326 866 δή
351 823 412 861 8ιοί
436 829 477 862 ‘ro'
503 829 620 860 πλεῖον
640 827 709 861 ἀπὸ
727 830 792 867 τῆς
809 828 997 866 ἐλάττονος
1021 830 1079 860 καὶ
1106 828 1169 866 τῆς
1194 828 1291 866 ἐντὸς

282 875 491 916 περιφερείας
517 875 744 918 προσπίπτειν
778 874 859 918 πρὸς
885 875 944 906 τὸν
975 872 1090 910 ἥλιον·
1116 872 1290 918 ἐγγυτέρω

216 924 241 953 s
281 917 348 964 γάρ
374 918 438 955 τῆς
465 916 569 960 ὅψεως
594 916 682 950 οὖσα
708 916 908 951 ἀνακλᾶται
927 917 996 951 ἀπὸ
1017 918 1080 956 τῆς
1105 917 1290 962 ἐγγυτάτω

246 979 249 981 Δ
283 964 492 1007 περιφερείας
513 963 575 1000 τῆς
602 961 737 1007 πρώτης
757 958 872 1006 ἴριδος.
901 961 1110 1009 Ἐγγυτοίτω
1136 958 1166 994 δ’
1188 962 1223 994 ἐν
1245 963 1290 1004 τῇ

283 1005 405 1048 ἔξωθεν
430 1002 510 1049 ἴριδι
535 1007 556 1043 ή
583 1007 751 1053 ἐλαχίστη
779 1007 985 1052 περιφέρεια,
1011 1005 1090 1039 ὥσθ’
1113 1006 1203 1043 αὕτη
1227 1005 1293 1048 ἕξει

282 1051 326 1084 τὸ
347 1052 469 1096 χρῶμα
489 1052 674 1094 φοινικοῦν·
702 1053 724 1088 ’ἡ
742 1047 771 1083 δ’
792 1051 939 1096 ἐχομένη
960 1054 1019 1084 καὶ
1037 1052 1058 1088 ἡ
1077 1054 1177 1095 τρίτη
1197 1052 1294 1084 κατά

282 1095 400 1142 λόγον.
435 1097 478 1127 Ἡ
504 1094 566 1136 ἔξω
592 1093 652 1138 ἶρις
678 1096 724 1140 ἐφ’
751 1096 775 1137 ᾦ
801 1097 842 1128 τὸ
867 1098 906 1138 Β,
933 1098 954 1133 ἡ
980 1096 1046 1128 ἔσω
1072 1097 1111 1140 ἐφ
1135 1096 1159 1137 ᾦ
1186 1095 1227 1128 τό
1252 1096 1291 1126 Α·

283 1142 332 1174 ταὶ
355 1135 601 1186 χρώματαγδῖ,
620 1138 668 1184 ἐφ’
691 1141 715 1182 ᾦ
741 1140 782 1173 τὸ
807 1142 843 1182 Γ,
869 1142 1052 1185 φοινικοῦν,
1080 1141 1128 1183 ἐφ’
1150 1140 1173 1181 ᾦ
1194 1139 1236 1172 τὸ
1254 1140 1291 1180 Δ,

264 1184 461 1228 »κρέα-ηπ,
481 1185 527 1229 ἔφ’
549 1184 573 1226 ᾧ
592 1187 629 1226 Ε,
651 1184 835 1230 ἁλουργόν·
863 1185 905 1217 τό
926 1184 1048 1226 ξανθόν
1069 1179 1107 1216 δέ
1132 1186 1292 1227 φαίνεται

286 1229 336 1273 ἐφ’
358 1229 397 1262 οὗ
422 1229 464 1263 τὸ
488 1231 523 1261 Ζ.
562 1231 654 1274 Τρεῖς
671 1225 701 1261 δ’
724 1229 840 1262 οὐκέτι
863 1232 1034 1276 γίνονται,
1053 1224 1133 1261 οὐδὲ
1159 1230 1293 1266 πλείους

222 1298 231 1301 -
284 1269 386 1329 ἴριδες
399 1268 460 1307 διαὶ
476 1275 518 1307 ‘ro‘
534 1276 592 1306 καὶ
611 1274 676 1311 τήν
693 1273 856 1317 δευτέραν
870 1272 1022 1320 γίνεσθαι
1041 1271 1293 1317 ἀμαυροτέραν,

214 1341 233 1347 -
285 1330 375 1351 ωστε
399 1321 458 1350 καὶ
484 1319 550 1355 τήν
576 1321 695 1363 τρίτην
723 1317 911 1351 ἀνάκλασιν
937 1317 1085 1362 ποίμπαν
1106 1316 1230 1353 ἀσθενῆ
1247 1319 1296 1363 γί-

285 1361 402 1396 νεσθαι
425 1365 485 1395 καὶ
512 1357 694 1396 ἀδυνατεῖν
722 1361 935 1407 ἀφικνεῖσθαι
961 1362 1042 1406 πρὸς
1067 1362 1129 1396 τὸν
1155 1361 1264 1399 ἥλιον.

346 1480 367 1494 ff
390 1492 398 1495 ς
419 1477 425 1482 .
454 1462 463 1476 =
479 1460 532 1485 ost
556 1462 633 1485 uam
665 1450 892 1495 Philosophus
925 1450 1071 1484 ostendit
1106 1462 1239 1484 causam
1263 1459 1296 1484 et

333 1516 335 1523 π
353 1520 362 1527 ,
433 1492 453 1521 2-
478 1507 537 1529 mo
561 1507 620 1528 um
642 1495 864 1539 generationis
882 1495 1003 1528 coloris
1020 1496 1164 1539 punicei,
1181 1506 1295 1528 conse-

346 1534 352 1546 Χ
424 1565 433 1579 .,
445 1545 463 1585 ”,
479 1548 618 1591 quenter
641 1540 786 1583 assignat
802 1551 935 1573 causam
951 1548 984 1573 et
1002 1539 1143 1574 modum
1162 1551 1296 1583 genera-

422 1611 427 1627 ,Ι
443 1600 461 1627 ῚΛς
479 1584 579 1617 tionis
596 1583 747 1617 aliorum.
761 1584 803 1617 Et
818 1584 902 1618 circa
914 1583 979 1618 hoc
992 1583 1060 1618 duo
1077 1584 1169 1618 facit:
1187 1585 1296 1628 primo

214 1654 219 1657 .
421 1630 444 1643 “⁴
480 1628 624 1672 assignat
645 1639 778 1661 causam
803 1628 955 1662 colorum
977 1628 1225 1673 principalium3
1248 1640 1296 1662 se-

221 1671 332 1709 cundo
356 1671 529 1705 cuiusdam
561 1672 694 1706 alterius
720 1672 841 1706 coloris
865 1674 975 1706 minus
1000 1672 1207 1717 principalis,
1231 1672 1295 1706 ibi:

213 1716 357 1756 -Xaoubos
373 1723 475 1751 autem
490 1716 505 1734 *
522 1725 584 1750 etc.
605 1717 702 1751 Circa
718 1717 864 1761 primum
881 1717 948 1751 duo
965 1716 1056 1751 facit:
1078 1718 1188 1762 primo
1205 1728 1296 1761 prae-

219 1762 322 1799 mittit
341 1761 501 1806 quasdam
525 1762 774 1806 suppositiones
798 1762 997 1795 necessarias
1013 1761 1054 1796 ad
1070 1762 1296 1807 propositum3

216 1805 369 1843 secundo
385 1817 426 1839 ex
444 1805 563 1839 talibus
582 1805 870 1850 suppositionibus
890 1806 1058 1840 concludit
1074 1806 1296 1851 propositum,

215 1849 285 1888 ibi:
313 1850 380 1893 Qui
401 1850 520 1895 quidem
543 1851 638 1894 igitur
659 1852 677 1871 *
700 1859 762 1884 etc.

274 1894 372 1930 Circa
402 1895 549 1939 primum
580 1895 681 1939 igitur
712 1894 808 1935 dicit,
835 1894 927 1939 quod
958 1903 1138 1939 postquam
1171 1894 1297 1928 dictum

218 1947 272 1976 est
294 1938 335 1974 de
359 1950 428 1972 uno
453 1939 576 1980 colore,
601 1938 702 1972 simul
725 1940 825 1972 etiarn
849 1951 889 1972 ex
913 1939 1060 1973 dicendis
1084 1938 1297 1972 manifestum

220 1984 282 2018 erit
306 1983 346 2018 de
370 1983 452 2017 aliis.
481 1983 548 2017 Sed
571 1992 703 2028 oportet
727 1984 818 2028 prius
847 1995 1036 2028 supponere
1060 1983 1231 2028 quaedam.
1257 1984 1298 2017 Et

218 2028 343 2074 primo,
368 2027 459 2072 quod
487 2028 573 2061 sicut
603 2027 730 2061 dictum
757 2036 824 2068 est,
847 2027 995 2061 lucidum
1026 2028 1095 2061 sive
1119 2027 1298 2072 fulgidum,

215 2083 383 2118 apparens
402 2073 437 2106 in
460 2073 495 2105 ni
519 2083 556 2106 ro
574 2084 633 2117 per
651 2071 893 2113 refractionem,
910 2073 979 2106 sive
998 2084 1057 2117 per
1075 2073 1208 2116 nigrum
1232 2082 1299 2106 tan-

216 2128 324 2163 2quam
346 2128 406 2162 per
428 2128 482 2150 me
507 2118 596 2157 ium,
623 2116 701 2150 facit
726 2117 968 2162 apparitionem
1000 2116 1121 2150 coloris
1144 2118 1297 2162 punicei,

214 2162 364 2196 maxime
389 2162 417 2195 si
440 2160 588 2195 alteratio
618 2160 736 2205 fulgidi
764 2162 806 2195 sit
834 2161 936 2195 fortis.
956 2181 975 2186 -
998 2161 1152 2195 Secundo
1177 2173 1300 2206 suppo-

220 2205 370 2241 nendum
393 2214 454 2246 est,
474 2205 566 2251 quod
590 2206 681 2239 visus
705 2205 746 2240 de
771 2206 827 2239 lon
852 2217 870 2239 e
894 2205 1009 2239 videns
1033 2205 1218 2246 obiectum,
1244 2205 1298 2239 de-

219 2250 321 2285 bilius
344 2259 378 2284 et
399 2251 512 2284 minus
534 2250 625 2284 videt
656 2262 756 2295 quam
786 2251 818 2283 vi
843 2262 901 2283 ens
926 2249 966 2284 de
1018 2262 1109 2295 rope.
1134 2253 1176 2283 Et
1198 2250 1298 2284 huius

221 2295 307 2331 ratio
330 2303 390 2336 est,
406 2296 484 2340 quia
500 2307 601 2328 omne
625 2307 726 2339 agens
745 2294 893 2328 naturale
917 2262 1057 2328 debiiius
1073 2295 1141 2339 agit
1163 2295 1198 2328 in
1214 2294 1298 2328 mul-

216 2348 296 2375 tum
319 2339 443 2374 distans
460 2351 561 2384 quam
586 2340 620 2373 in
636 2340 874 2384 propinquum,
894 2347 927 2372 et
949 2350 990 2372 ex
1013 2340 1230 2384 consequenti
1251 2340 1298 2372 vi-

217 2383 316 2419 sibile
340 2383 480 2418 debilius
504 2384 618 2418 alterat
641 2385 751 2417 visum
775 2396 794 2417 a
817 2384 953 2417 remotis
1000 2396 1078 2417 uam
1102 2383 1142 2418 de
1164 2384 1298 2428 propin-

217 2441 304 2474 quo,
317 2430 527 2463 convenienti
542 2428 667 2462 scilicet
682 2429 803 2473 propin
827 2429 939 2462 uitate.
952 2448 970 2454 -
1018 2429 1098 2462 ertia
1110 2429 1298 2472 suppositio

222 2482 284 2515 est,
299 2473 391 2518 quod
414 2474 549 2525 nigrum
571 2474 607 2506 in
629 2483 749 2517 genere
774 2484 814 2506 co
829 2484 926 2506 orum
950 2482 1000 2506 est
1022 2473 1113 2506 velut
1137 2473 1298 2517 privatio,

222 2527 376 2563 respectu
400 2518 464 2552 alb1
488 2519 698 2562 praesertim:
724 2519 887 2551 contraria
918 2518 1008 2551 enim
1031 2517 1235 2551 reducuntur
1258 2517 1299 2551 ad

222 2599 224 2601 ,
247 2563 396 2603 rivativa,
412 2571 445 2596 et
460 2574 592 2607 semper
608 2562 748 2596 alterum
765 2563 1006 2596 contrariorum
1022 2562 1121 2595 habet
1137 2563 1299 2595 rationem

248 2606 355 2641 abitus
379 2615 412 2640 et
430 2606 634 2652 perfectioris
658 2616 809 2651 respectu
827 2606 974 2647 alterius,
999 2606 1139 2640 alterum
1154 2618 1234 2640 vero
1251 2618 1300 2640 ra-

225 2652 351 2686 tionem
375 2652 569 2696 privationis
586 2660 618 2685 et
641 2651 825 2696 imperfecti
841 2660 992 2695 respectu
1017 2652 1127 2695 primi,
1144 2652 1230 2684 sicut
1246 2651 1300 2685 de-

225 2695 366 2730 claratur
389 2696 425 2736 X
445 2696 616 2741 Metaphys.
639 2696 688 2729 Ex
734 2707 780 2729 uo
804 2707 838 2728 se
863 2697 963 2737 uitur,
988 2695 1079 2740 quod
1103 2695 1185 2729 illud
1209 2695 1300 2740 quod

224 2740 355 2775 videtur
370 2740 443 2774 visu
466 2741 624 2774 existente
646 2740 719 2773 debi
734 2740 744 2773 i
761 2749 794 2773 et
806 2739 846 2773 de
872 2741 988 2780 ciente,
999 2749 1135 2784 apparet
1149 2741 1300 2784 nigrum3

248 2786 303 2819 uia
319 2786 405 2818 sicut
428 2797 463 2818 se
486 2784 585 2818 habet
609 2784 720 2818 album
744 2784 785 2818 ad
808 2785 953 2828 nigrum,
974 2785 1019 2817 ita
1042 2796 1077 2817 se
1094 2784 1192 2817 habet
1214 2785 1299 2818 visio

223 2867 226 2868 ⁷
257 2829 290 2864 bi
309 2829 351 2863 ad
373 2830 539 2863 visionem
554 2830 651 2873 nigri,
667 2838 701 2862 et
723 2830 814 2862 visus
831 2828 1117 2873 comprehendens
1137 2840 1243 2862 unum
1260 2828 1300 2862 ad

224 2875 336 2908 visum
360 2873 698 2918 comprehendentem
727 2873 910 2918 reliquum:
935 2874 1036 2917 igitur
1065 2874 1093 2906 si
1117 2885 1222 2906 unum
1251 2882 1301 2906 est

224 2917 318 2953 velut
333 2919 485 2963 privatio,
505 2918 670 2963 reliquum
692 2919 791 2951 etiam
807 2919 867 2951 erit
883 2917 956 2951 tale.
971 2937 990 2942 -
1004 2918 1133 2958 Quarta
1150 2919 1302 2962 supposi-

220 2964 285 3005 tio,
307 2975 390 3008 quae
414 2972 464 2997 est
479 2964 586 3007 magis
609 2963 798 3007 propinqua
817 2963 1001 3007 proposito,
1021 2971 1071 2995 est
1094 2963 1172 3007 quia
1188 2963 1301 2996 omnia

227 3019 311 3053 quae
327 3007 482 3042 videntur
497 3019 516 3041 a
531 3007 642 3051 longe,
659 3016 818 3051 apparent
833 3007 978 3050 nigriora
995 3018 1094 3051 quam
1112 3008 1139 3040 si
1151 3007 1301 3040 videren-

226 3061 281 3086 tur
296 3052 337 3086 de
352 3064 468 3097 prope.
498 3052 604 3086 Cuius
629 3063 726 3085 causa
745 3060 795 3085 est
818 3051 1003 3085 secundum
1026 3051 1278 3085 mathematicos
1291 3079 1300 3093 ,

249 3097 306 3131 uia
327 3098 419 3130 visus
441 3108 512 3130 non
542 3097 699 3141 pertingit
723 3095 764 3129 ad
786 3095 859 3137 illa,
882 3105 939 3130 aut
962 3095 1110 3130 debiliter
1133 3097 1299 3140 pertingit.

223 3109 295 3175 Sed
313 3141 498 3175 secundum
513 3142 685 3174 veritatem
702 3152 800 3174 causa
815 3150 874 3181 est,
892 3141 969 3185 quia
987 3140 1114 3174 visibile
1132 3152 1150 3173 a
1165 3141 1301 3174 remotis

226 3186 339 3219 minus
362 3195 477 3220 movet
499 3197 602 3230 quam
634 3185 674 3219 de
698 3186 910 3230 propinquo,
935 3186 1021 3218 sicut
1045 3185 1170 3218 dictum
1194 3194 1244 3218 est
1267 3186 1301 3218 in

228 3229 372 3264 secunda
389 3231 632 3274 suppositione,
649 3242 689 3263 ex
704 3242 769 3274 qua
786 3231 880 3274 quasi
899 3229 1071 3263 corollarie
1093 3229 1302 3262 concluditur

227 3275 300 3308 ista.
317 3275 408 3308 Dicit
430 3284 542 3308 tamen
557 3274 752 3308 Aristoteles
769 3274 860 3318 quod
884 3274 924 3308 de
946 3274 997 3307 his
1017 3274 1206 3317 diligentius
1223 3285 1301 3306 con-

229 3319 442 3353 siderandum
465 3320 566 3352 estin
588 3318 679 3352 libris
702 3319 737 3352 de
760 3319 854 3353 sensu
869 3325 896 3352 et
919 3319 1052 3359 Sensato,
1071 3327 1103 3351 et
1118 3319 1153 3350 in
1168 3329 1300 3362 perspe-

229 3364 334 3404 ctivis,
351 3364 429 3408 quia
452 3362 587 3396 illorum
610 3372 661 3396 est
675 3364 850 3408 proprium
873 3362 978 3396 facere
1003 3362 1301 3395 considerationem

230 3407 271 3441 de
294 3408 375 3440 istis.
403 3408 543 3451 Propter
567 3419 700 3441 causam
731 3407 931 3452 praedictam
962 3407 1062 3450 igitur
1085 3419 1123 3440 ea
1170 3417 1230 3439 uae
1254 3406 1301 3438 vi-

231 3451 349 3485 dentur
373 3451 413 3485 de
437 3451 548 3495 longe,
573 3461 732 3496 apparent
755 3453 910 3496 nigriora,
934 3452 1063 3484 minora
1086 3460 1119 3483 et
1142 3462 1162 3494 p
1178 3450 1299 3483 aniora.

232 3495 341 3530 Causa
388 3496 463 3529 rimi
486 3496 572 3530 dicta
595 3505 654 3530 est.
677 3496 743 3530 Sed
767 3508 864 3529 causa
888 3495 1025 3529 secundi
1041 3503 1100 3535 est,
1125 3495 1201 3538 quia
1217 3495 1302 3526 sicut

226 3551 331 3584 supra
354 3508 480 3574 dictum
504 3549 563 3582 est,
578 3540 706 3574 visibile
731 3542 851 3574 emittit
873 3539 982 3573 radios
1012 3538 1052 3572 ad
1075 3539 1184 3571 visum
1208 3538 1301 3582 quasi

231 3584 487 3629 pyramidaliter,
503 3593 537 3618 et
559 3585 645 3618 basis
669 3584 849 3629 pyramidis
866 3593 915 3617 est
938 3585 972 3617 in
995 3584 1068 3627 ipso
1093 3581 1229 3623 visibili,
1246 3593 1301 3615 co-

1412 522 1526 553 sitione
1550 523 1672 554 colores
1697 534 1734 554 ex
1750 523 1901 564 opposito
1925 520 2019 554 habet
2034 524 2168 564 positos,
2188 531 2316 564 propter
2339 535 2413 555 ean-

1412 567 1485 606 dem
1502 577 1640 598 causam.
1657 567 1800 608 Longius
1816 575 1923 599 autern
1938 575 2107 609 protensus
2122 569 2209 599 visus
2229 568 2309 599 sicut
2324 569 2414 609 quod

1411 611 1539 651 longius
1554 611 1649 650 videt,
1669 618 1700 642 et
1722 613 1812 653 quod
1834 612 1886 644 hic
1902 613 2018 644 eodem
2035 613 2146 643 modo.
2161 612 2304 643 Debilior
2319 612 2414 652 igitur

1413 656 1451 685 ab
1476 655 1620 686 exteriori
1642 655 1678 687 fit
1699 656 1856 695 refractio,
1872 657 1948 697 quia
1971 667 1988 687 a
2012 657 2176 688 remotiori
2195 656 2230 687 fit
2253 656 2412 687 refractio:

1413 709 1510 739 quare
1525 699 1630 730 minor
1644 700 1784 731 incidens
1801 701 1923 732 colores
1947 701 2020 732 facit
2041 701 2238 732 obscuriores
2254 711 2412 741 apparere.

1413 743 1454 773 Et
1477 744 1633 774 contrario
1658 744 1764 781 etiarn,
1787 745 1863 785 quia
1886 746 2023 786 amplior
2042 756 2060 776 a
2082 745 2199 776 minori
2223 752 2253 776 et
2275 745 2414 776 interiori

1414 786 1590 827 peripheria
1605 788 1715 819 incidit
1731 789 1770 819 ad
1786 790 1904 820 solem:
1922 790 2134 831 propinquior
2149 789 2236 820 enim
2253 789 2336 820 visui
2352 789 2414 819 exi-

1415 838 1499 862 stens
1534 831 1719 872 refrangitur
1742 843 1760 863 a
1787 834 1963 874 peripheria
1997 834 2268 875 propinquissima
2294 833 2414 874 primae

1414 875 1510 906 iridis.
1534 876 1804 917 Propinquissime
1827 885 1934 908 autern
1956 878 1989 908 in
2013 878 2156 909 exteriori
2179 878 2256 908 iride
2282 877 2415 908 minima

1414 919 1606 960 peripheria:
1628 931 1724 961 quare
1740 922 1816 952 haec
1839 922 1967 953 habebit
1990 923 2131 953 colorem
2154 922 2339 963 puniceum,
2362 921 2416 952 ha-

1414 964 1479 995 bita
1501 971 1610 995 autem
1633 971 1663 996 et
1686 965 1775 996 tertia
1798 967 1975 996 secundum
1998 967 2251 1007 proportionem.
2273 966 2416 997 Exterior

1414 1008 1467 1039 iris
1483 1008 1516 1039 in
1532 1019 1598 1050 quo
1614 1009 1651 1047 B,
1667 1009 1796 1040 interior
1814 1010 1847 1040 in
1866 1021 1932 1051 quo
1948 1014 1995 1041 A:
2021 1012 2142 1042 colores
2159 1018 2276 1049 autern,
2296 1010 2329 1040 in
2346 1010 2415 1051 qui-

1414 1053 1475 1083 bus
1499 1053 1538 1092 C,
1564 1053 1737 1094 puniceus,
1761 1054 1794 1084 in
1819 1055 1934 1095 quibus
1959 1055 1998 1093 D,
2024 1055 2146 1094 viridis,
2170 1056 2203 1086 in
2228 1055 2344 1096 quibus
2369 1055 2414 1093 E,

1414 1097 1578 1137 halurgus‚
1593 1098 1728 1128 xanthos
1745 1105 1852 1129 autem
1875 1106 2004 1139 apparet
2022 1100 2054 1130 in
2070 1109 2137 1141 quo
2153 1100 2188 1130 Z.
2206 1100 2285 1130 Tres
2308 1105 2416 1129 autem

1415 1152 1482 1171 non
1506 1142 1611 1173 adhuc
1634 1141 1846 1183 fiunt,·neque
1870 1143 1975 1183 plures
1998 1143 2102 1183 irides,
2126 1144 2202 1184 quia
2225 1150 2255 1174 et
2278 1143 2416 1174 secunda

1415 1185 1451 1216 fit
1472 1186 1648 1225 obscurior,
1670 1193 1706 1217 ut
1727 1186 1760 1216 in
1777 1187 1866 1218 tertia
1888 1187 2033 1218 refractio
2055 1188 2147 1219 valde
2171 1187 2281 1218 debilis
2303 1187 2367 1226 fiat,
2386 1194 2417 1218 et

1416 1229 1576 1270 impotens
1600 1231 1640 1262 sit
1662 1231 1837 1272 pertingere
1861 1232 1900 1262 ad
1923 1232 2034 1263 solem.

1352 1461 1415 1482 nus
1439 1459 1561 1489 autem,
1586 1452 1654 1494 qui,
1675 1459 1724 1484 est
1739 1451 1792 1484 ille
1816 1450 1955 1495 angulus
1973 1460 2087 1484 acutus
2106 1452 2295 1496 pyramidis,
2311 1453 2418 1486 termi-

1352 1503 1448 1527 natur
1471 1494 1512 1528 ad
1536 1496 1654 1528 visum.
1673 1496 1811 1535 Quanto
1836 1504 1945 1528 autem
1968 1497 2072 1539 magis
2097 1495 2261 1529 obiectum
2284 1496 2381 1530 distat
2399 1509 2418 1530 a

1352 1539 1437 1579 visu,
1455 1547 1546 1572 tanto
1570 1540 1675 1583 magis
1700 1540 1845 1584 pyramis
1878 1540 2078 1584 protrahitur
2101 1549 2133 1573 et
2155 1540 2192 1573 fit
2214 1540 2362 1584 longior,
2386 1550 2418 1574 et

1352 1582 1429 1616 facit
1451 1584 1616 1617 minorem
1640 1584 1799 1627 angulum
1823 1585 1858 1616 in
1882 1583 1992 1624 oculo,
2015 1593 2047 1617 et
2070 1596 2110 1617 ex
2133 1586 2347 1629 consequenti
2369 1586 2417 1618 vi-

1353 1626 1448 1660 detur
1471 1628 1590 1661 minor.
1613 1628 1722 1662 Causa
1745 1637 1855 1662 autem
1875 1629 1960 1661 tertii
1984 1637 2042 1669 est,
2060 1629 2135 1673 quia
2158 1630 2247 1662 visus
2272 1641 2289 1662 a
2312 1641 2418 1663 remo-

1353 1672 1395 1704 tis
1418 1683 1487 1705 non
1511 1681 1621 1716 potest
1644 1673 1811 1716 percipere
1843 1672 2007 1706 modicam
2031 1674 2341 1717 supereminentiam
2363 1673 2416 1707 vel

1353 1717 1603 1758 concavitatem,
1616 1726 1751 1761 propter
1763 1716 1903 1750 debilem
1917 1717 2154 1751 alterationem:
2173 1730 2211 1750 ex
2224 1729 2290 1762 quo
2307 1718 2419 1751 omnia

1353 1770 1438 1794 astra
1462 1770 1621 1805 apparent
1644 1761 1760 1805 planae
1784 1761 1917 1805 figurae.
1943 1762 1984 1795 Et
2002 1761 2105 1795 nubes
2129 1763 2216 1795 visae
2240 1774 2298 1807 per
2321 1761 2419 1795 refra-

1354 1806 1499 1838 ctionem
1523 1807 1557 1838 in
1581 1817 1665 1850 aqua
1688 1815 1844 1850 tanquam
1868 1807 1901 1838 in
1927 1805 2070 1850 quodam
2094 1806 2239 1850 speculo,
2259 1807 2418 1850 nigriores

1353 1849 1506 1883 videntur
1530 1861 1630 1895 quam
1653 1851 1741 1883 visae
1765 1851 1799 1883 in
1823 1851 1948 1894 seipsis.
1973 1850 2077 1890 Quod
2100 1859 2149 1884 est
2172 1852 2303 1894 signum
2330 1851 2420 1895 quod

1354 1906 1392 1928 ea
1417 1906 1499 1939 quae
1534 1894 1688 1928 videntur
1711 1906 1770 1938 per
1799 1894 2050 1936 refractionem,
2077 1894 2230 1928 videntur
2259 1895 2418 1939 nigriora:

1355 1940 1431 1983 quia
1448 1938 1572 1972 scilicet
1586 1938 1726 1972 debilius
1750 1940 1927 1972 immutant
1945 1939 2063 1972 visum.
2080 1939 2182 1972 Addit
2196 1948 2306 1972 autern
2330 1939 2420 1983 quod

1353 1983 1436 2016 nihil
1453 1982 1560 2017 differt
1572 1992 1733 2028 quantum
1749 1983 1790 2017 ad
1806 1995 1959 2027 praesens
1975 1984 2195 2027 propositum,
2209 1983 2314 2017 dicere
2330 1983 2420 2028 quod

1354 2027 1481 2061 visibile
1506 2029 1659 2061 immutat
1682 2029 1791 2061 visum
1815 2029 1849 2060 in
1872 2028 2011 2068 visione,
2035 2027 2125 2072 quod
2147 2040 2263 2061 verum
2287 2036 2345 2069 est,
2365 2037 2420 2061 aut

1354 2072 1460 2106 dicere
1485 2071 1576 2116 quod
1600 2073 1690 2105 visus
1714 2081 1880 2116 permutat
1907 2071 2052 2113 visibile,
2073 2073 2158 2105 sicut
2181 2072 2330 2106 dicebant
2351 2084 2420 2104 ma-

1354 2117 1522 2150 thematici
1539 2117 1682 2160 antiqui:
1708 2118 1785 2161 quia
1801 2125 1942 2160 utroque
1966 2115 2068 2149 modo
2088 2116 2204 2150 accidit
2226 2116 2314 2150 idem
2330 2116 2420 2161 quod

1354 2161 1479 2195 dictum
1503 2169 1562 2194 est.
1581 2181 1598 2186 -
1617 2161 1745 2201 Quinta
1769 2161 1955 2205 suppositio
1980 2169 2039 2201 est,
2056 2160 2146 2205 quod
2169 2160 2272 2194 nubes
2297 2169 2420 2205 quanto

1354 2205 1451 2239 fuerit
1475 2206 1694 2250 propinquior
1717 2205 1797 2246 soli,
1823 2214 1913 2238 tanto
1937 2205 2046 2238 minus
2071 2214 2120 2238 est
2144 2205 2287 2238 colorata
2311 2204 2420 2238 colore

1354 2250 1457 2290 iridis,
1474 2249 1532 2283 sed
1555 2258 1691 2294 apparet
1714 2249 1803 2290 alba,
1828 2250 1904 2294 quia
1929 2258 2007 2282 tunc
2030 2250 2134 2293 magis
2154 2250 2268 2293 recipit
2291 2249 2420 2290 lumen3

1354 2294 1411 2328 sed
1435 2295 1505 2328 visa
1529 2295 1563 2327 in
1587 2305 1671 2339 aqua
1695 2306 1753 2338 per
1780 2293 2009 2327 refractionem
2040 2302 2174 2338 apparet
2196 2294 2320 2338 nigrior
2342 2305 2420 2338 pro-

1354 2348 1427 2383 pter
1462 2339 1672 2379 distantiam,
1700 2347 1733 2371 et
1756 2338 1831 2372 ideo
1864 2347 1943 2371 tunc
1970 2337 2099 2371 videtur
2132 2337 2249 2371 habere
2278 2337 2420 2382 aliquem

1354 2383 1503 2417 colorem
1526 2383 1627 2417 iridis.
1642 2402 1661 2408 -
1678 2383 1727 2416 Ex
1747 2382 1866 2427 quibus
1891 2382 2044 2416 omnibus
2064 2382 2212 2415 ultimate
2237 2381 2420 2423 concludit,

1355 2427 1567 2462 manifestum
1591 2439 1662 2461 esse
1686 2426 1777 2472 quod
1797 2424 1878 2460 *alba
1901 2428 1971 2460 visa
1994 2438 2052 2471 per
2079 2426 2307 2460 refractionem
2321 2453 2329 2467 ,
2349 2435 2421 2459 tum

1378 2481 1490 2517 topter
1513 2473 1673 2505 maiorem
1698 2471 1885 2505 distantiam
1909 2471 2045 2511 obiecti,
2069 2480 2140 2504 tum
2169 2471 2245 2515 quia
2268 2471 2348 2504 radii
2372 2482 2421 2511 re-

1354 2484 1447 2550 {acti
1470 2526 1548 2550 sunt
1571 2516 1744 2550 debiliores
1771 2528 1871 2560 quam
1895 2515 2022 2556 directi,
2045 2515 2198 2549 videntur
2218 2516 2327 2549 minus
2351 2514 2422 2548 alba

1356 2570 1388 2595 et
1411 2562 1505 2606 quasi
1529 2560 1694 2594 tendentia
1718 2560 1758 2594 ad
1786 2559 2006 2604 nigredinem,
2031 2561 2107 2605 quia
2134 2559 2312 2593 debilitatio
2340 2559 2422 2592 radii

1355 2605 1433 2639 facit
1457 2617 1612 2650 apparere
1637 2606 1748 2638 minus
1772 2604 1918 2638 colorem
1942 2604 2063 2637 album.

1414 2660 1443 2683 2.
1460 2649 1589 2684 Deinde
1614 2661 1691 2683 curn
1715 2649 1807 2683 dicit:
1835 2649 1900 2692 Qui
1922 2649 2041 2693 quidem
2064 2649 2157 2692 igitur
2176 2657 2249 2689 etc.‚
2266 2660 2306 2681 ex
2329 2647 2422 2681 dictis

1356 2694 1643 2739 suppositionibus
1675 2693 1843 2728 concludit
1867 2705 1999 2727 causam
2030 2692 2170 2726 aliorum
2195 2692 2344 2726 colorum
2367 2704 2423 2736 ap-

1355 2740 1542 2784 parentium
1574 2739 1610 2772 in
1637 2738 1728 2772 iride.
1753 2739 1795 2772 Et
1818 2737 1897 2771 dicit
1920 2737 2008 2782 quod
2032 2737 2087 2770 ubi
2112 2746 2160 2770 est
2182 2736 2297 2770 fortior
2320 2745 2352 2770 et
2374 2737 2422 2769 in-

1356 2785 1481 2817 tensior
1504 2784 1590 2817 actio
1614 2781 1730 2827 fulgidi
1754 2783 1787 2816 in
1811 2782 1934 2815 nubem
1957 2791 2092 2826 propter
2114 2782 2277 2814 minorem
2300 2780 2421 2814 distan-

1356 2829 1447 2870 tiam,
1464 2827 1509 2861 ibi
1532 2836 1737 2872 permutatur
1761 2827 1852 2860 color
1876 2826 1980 2859 clarus
2003 2825 2082 2859 solis
2105 2826 2139 2858 in
2156 2826 2344 2869 puniceum,
2365 2825 2421 2869 qui

1356 2882 1406 2906 est
1432 2873 1653 2917 propinquior
1684 2871 1775 2905 albo:
1802 2870 1965 2915 fulgidum
2001 2871 2089 2903 enirn
2116 2870 2225 2902 visum
2260 2869 2295 2902 in
2325 2870 2421 2912 nigro

1355 2917 1486 2951 videtur
1503 2918 1693 2961 puniceum,
1710 2917 1795 2949 sicut
1812 2915 1890 2949 dicit
1907 2914 2075 2948 secunda*
2085 2914 2280 2958 suppositio.
2296 2914 2338 2946 Et
2349 2913 2421 2946 talis

1356 2961 1507 2995 refractio
1528 2961 1565 2994 fit
1581 2962 1614 2994 in
1634 2962 1740 3005 prima
1763 2959 1946 3004 peripheria
1966 2958 2065 2992 iridis.
2084 2958 2149 2991 Sed
2165 2957 2314 2991 refractio
2339 2956 2421 2990 facta

1357 3019 1376 3040 a
1399 3005 1543 3039 secunda
1566 3004 1750 3050 peripheria
1775 3004 1882 3038 adhuc
1915 3012 1964 3036 est
1991 3001 2128 3036 debilior
2155 3011 2289 3046 propter
2316 3002 2421 3034 maio-

1356 3063 1427 3084 rem
1451 3051 1649 3090 distantiam,
1666 3058 1699 3082 et
1721 3048 1796 3082 ideo
1820 3049 1854 3081 in
1878 3059 1915 3081 ea
1939 3056 2072 3091 apparet
2096 3046 2187 3079 color
2210 3045 2338 3085 viridis,
2365 3046 2422 3096 qui

1358 3104 1407 3129 est
1429 3095 1648 3139 propinquior
1677 3094 1772 3136 nigro
1798 3103 1896 3136 quam
1928 3092 2098 3136 puniceuS.
2123 3091 2164 3123 Et
2186 3091 2220 3123 in
2244 3090 2336 3123 tertia
2360 3101 2420 3122 c1r-

1358 3139 1571 3173 cumferentia
1587 3146 1721 3182 apparet
1744 3136 1912 3180 halurgus,
1930 3136 2006 3180 quia
2023 3135 2120 3168 etiam
2137 3143 2185 3167 est
2205 3135 2422 3179 propinquior

1356 3185 1452 3227 nigro
1477 3194 1576 3227 quam
1599 3181 1722 3226 viridis,
1738 3189 1872 3225 propter
1895 3179 2033 3213 eandem
2058 3190 2198 3212 causam.

1415 3239 1443 3270 3.
1461 3226 1591 3260 Deinde
1608 3237 1684 3259 cum
1700 3225 1795 3258 dicit:
1816 3225 1971 3267 Quoniam
1986 3230 2086 3257 autem
2103 3223 2183 3274 quod
2195 3231 2266 3263 etc.‚
2279 3222 2422 3265 assignat

1356 3272 1518 3305 rationem
1541 3271 1670 3303 numeri
1694 3269 1845 3302 colorum
1867 3268 1967 3302 iridis.
1985 3268 2027 3301 Et
2050 3267 2128 3301 dic1t
2151 3267 2242 3311 quod
2264 3277 2421 3299 numerus

1357 3315 1508 3349 colorum
1532 3314 1622 3347 iridis
1647 3311 1768 3347 statum
1798 3312 1896 3346 habet
1924 3313 1958 3345 in
1981 3311 2102 3351 tribus,
2127 3320 2159 3344 et
2181 3322 2250 3344 non
2273 3310 2422 3355 procedit

1356 3360 1454 3393 ultra:
1478 3360 1563 3392 sicut
1585 3359 1619 3391 in
1642 3358 1790 3402 pluribus
1814 3357 1884 3390 aliis
1909 3355 2108 3389 naturalibus
2132 3356 2290 3388 terminus
2315 3363 2364 3388 est
2387 3355 2421 3387 in

1356 3404 1475 3444 tribus,
1504 3406 1541 3436 ut
1571 3411 1660 3447 patet
1683 3403 1699 3435 Ι
1725 3401 1819 3436 Caeli.
1845 3401 2046 3434 Permutatio
2078 3408 2188 3433 autem
2218 3400 2245 3432 si
2269 3411 2333 3444 qua
2360 3398 2422 3432 alia

1356 3448 1393 3481 fit
1416 3449 1451 3480 in
1470 3447 1540 3480 aliis
1563 3446 1708 3491 partibus
1736 3445 1853 3486 nubis,
1881 3454 1931 3478 est
1953 3443 2171 3484 insensibilis,
2199 3452 2231 3477 et
2254 3455 2324 3477 non
2346 3442 2422 3476 facit

1357 3503 1513 3537 apparere
1530 3490 1631 3524 alium
1656 3490 1802 3524 colorem
1818 3498 1946 3534 praeter
1968 3489 2060 3522 istos.
2077 3488 2173 3523 Ratio
2198 3497 2307 3521 autem
2323 3498 2421 3532 quare

1357 3546 1435 3570 sunt
1458 3545 1586 3569 tantum
1609 3544 1673 3568 tres
1698 3534 1824 3567 colores
1848 3534 1882 3566 in
1906 3532 2004 3574 iride,
2029 3541 2078 3566 est
2102 3533 2178 3577 quia
2200 3541 2251 3565 tot
2278 3540 2354 3564 sunt
2377 3530 2420 3563 ibi

1358 3580 1496 3621 colores,
1521 3588 1603 3624 quot
1626 3588 1703 3612 sunt
1725 3579 1798 3611 loca
1821 3579 1855 3611 in
1878 3577 1965 3611 nube
1982 3589 2000 3610 a
2024 3576 2142 3621 quibus
2166 3576 2202 3609 fit
2225 3576 2350 3610 diversa
2373 3586 2420 3607 re-

2450 2920 2460 2930 *
2474 2919 2548 2941 Intell.
2558 2919 2649 2947 prima.
