2554 4062
2329 277 2379 303 v11

304 341 373 382 III.
399 341 774 382 COMMENTARIUM
806 350 842 380 s.
866 340 1080 381 THOMAE.
1105 364 1125 370 -
1149 340 1521 383 Commentarium
1558 343 1671 384 istud
1705 358 1839 386 unum
1875 358 1971 387 esse
2004 359 2058 387 ex
2079 346 2238 388 ultimis
2272 361 2379 402 ope-

178 402 298 444 ribus
331 417 365 445 s.
389 403 605 451 Thomae,
640 406 792 442 auctor
833 408 900 442 est
930 402 1212 443 Ptolomaeus
1252 403 1485 453 Lucensis,
1521 405 1595 459 qui
1639 406 1683 447 in
1718 420 1798 448 sua
1830 408 2023 449 Historia
2057 409 2377 458 Ecclesiastica,

176 465 288 507 libro
322 466 478 515 XXIII,
503 478 595 519 cap.
618 476 676 512 XI,
700 463 868 504 scribit:
902 464 1000 505 Hoc
1032 465 1163 506 etiam
1185 467 1374 520 tempore
1397 466 1467 520 (ab
1490 480 1605 508 anno
1637 480 1745 522 1271
1786 469 1841 510 ad
1864 484 2024 511 annum
2055 471 2185 526 1274)
2207 472 2384 526 scripsit

177 528 309 569 etiam
341 531 477 583 super
491 526 834 582 philosophiam,
868 526 1067 568 videlicet
1095 527 1148 568 de
1185 527 1314 568 Caelo
1346 531 1390 569 et
1415 529 1710 572 Generatione.
1750 532 1832 572 Est
1862 539 2006 573 autem
2040 533 2123 574 hoc
2157 547 2377 574 commen-

177 590 332 632 tarium
365 590 424 631 ita
455 590 500 630 in
533 601 615 629 suo
648 601 810 643 genere
843 589 1100 643 perfectum,
1136 594 1184 630 ut
1215 590 1284 630 vel
1319 603 1373 631 ex
1406 591 1489 632 hoc
1527 605 1616 634 uno
1658 594 1798 647 possit
1836 594 2057 636 studiosus
2090 595 2225 636 lector
2257 596 2378 637 facile

177 652 417 708 intelligere
449 651 541 692 iure
574 650 729 692 merito
763 664 796 692 s.
821 651 1039 692 Thomam
1083 651 1140 692 ab
1183 652 1371 706 antiquis
1403 654 1709 708 Expositorem
1747 669 1825 710 per
1862 657 2208 699 antonomasiam
2246 658 2378 700 fuisse

177 715 449 770 appellatum.
485 713 692 767 Analysis
727 727 859 768 quam
905 713 1079 754 exhibet
1112 713 1376 755 Aristotelici
1414 722 1577 765 textus,
1622 717 1734 758 adeo
1774 725 1943 768 exacta,
1978 719 2174 760 ordinata
2208 725 2250 760 et
2281 733 2382 774 per-⁷

176 777 326 831 spicua
360 781 437 824 est,
461 781 508 816 ut
529 775 673 816 statim
697 776 756 816 ob
780 776 934 817 oculos
967 776 1140 817 lectoris
1174 776 1372 817 distincte
1405 785 1620 832 ponantur
1647 770 1764 820 totus
1791 794 2021 835 processus
2055 782 2189 836 ipsius
2222 787 2375 832 textus,

175 852 228 880 ac
260 838 492 893 praecipua
525 837 665 892 capita
698 837 920 879 doctrinae
955 852 1068 892 quae
1101 838 1144 880 in
1179 851 1232 879 eo
1268 839 1549 882 continentur.
1587 842 1680 882 Nec
1714 842 1854 884 nimiis
1879 843 2165 885 divisionibus
2189 850 2375 885 mentem

99 952 102 955 ι
146 894 329 942 ‘onerat
361 906 405 942 et
437 900 599 949 obruit,
635 913 715 941 nec
749 913 823 942 eas
856 914 1049 955 unquam
1083 901 1390 956 praetermittit,
1415 902 1489 943 ubi
1513 902 1568 944 ad
1592 903 1909 946 distinctionem
1943 911 1986 946 et
2018 906 2249 947 claritatem
2272 920 2376 947 con-

175 963 327 1005 ferunt.
351 962 622 1005 ·Methodum
655 963 791 1018 ipsius
824 964 969 1018 plures
1002 963 1138 1004 secuti
1171 970 1283 1012 sunt,
1318 964 1426 1006 inter
1465 978 1578 1019 quos
1612 966 1826 1022 Aegidius
1860 968 2100 1017 Columna,
2135 969 2288 1010 Petrus
2322 968 2375 1010 de

174 1025 397 1074 Alvernia,
431 1025 623 1080 Niphus:
657 1026 736 1067 sed
770 1039 902 1080 quam
935 1026 1068 1082 longe
1102 1026 1261 1067 distent
1282 1027 1338 1067 ab
1362 1027 1432 1068 illa
1453 1028 1639 1082 perfecta
1660 1029 1825 1071 ratione
1849 1043 1980 1084 quam
2002 1036 2175 1071 sanctus
2209 1031 2377 1072 Doctor

175 1088 220 1129 in
252 1088 342 1131 suis
377 1088 698 1130 commentariis
737 1094 962 1129 assecutus
997 1094 1086 1137 est,
1132 1089 1432 1143 unusquisque
1477 1103 1530 1130 ex
1563 1092 1885 1145 comparatione
1919 1105 2187 1147 cognoscere
2220 1098 2375 1147 potest.

175 1150 312 1204 Quod
344 1157 490 1192 autem
523 1151 674 1192 attinet
705 1150 761 1192 ad
795 1150 1098 1192 Aristotelicae
1131 1150 1352 1192 doctrinae
1382 1152 1710 1206 expositionem,
1735 1154 1839 1194 haec
1873 1154 1967 1195 talis
2002 1154 2044 1195 in
2067 1155 2375 1196 commentario

174 1226 211 1255 s.
234 1213 697 1268 Thomaereperitur,
732 1219 780 1254 ut
811 1226 891 1254 nec
925 1213 1116 1254 exactior
1149 1225 1229 1253 nec
1262 1213 1437 1254 uberior
1475 1220 1549 1254 aut
1583 1215 1735 1256 clarior
1780 1215 2011 1257 desiderari
2045 1217 2194 1271 possit.
2230 1216 2377 1270 Quae-

175 1275 341 1319 stiones
375 1275 432 1317 ad
464 1276 603 1331 prima
635 1275 843 1330 principia
885 1275 1082 1323 resolvit,
1118 1287 1360 1329 omnesque
1395 1275 1683 1331 difficultates,
1718 1277 1812 1318 sive
1852 1291 1905 1319 ex
1935 1278 2043 1334 „ipso
2076 1284 2194 1319 textu
2238 1292 2376 1319 emer-

175 1345 352 1395 gentes,
386 1338 481 1380 sive
513 1339 569 1379 ab
603 1338 696 1379 aliis
730 1337 956 1386 excitatas,
992 1337 1311 1378 accuratissime
1350 1351 1490 1392 usque
1529 1338 1584 1379 ad
1618 1339 1787 1380 ultimas
1831 1339 2120 1382 dubitationes
2155 1340 2375 1395 expendit;

174 1400 288 1442 adeo
318 1407 367 1442 ut
393 1400 531 1442 videri
563 1400 704 1455 possit
735 1399 848 1440 facto
882 1413 964 1440 suo
998 1399 1192 1440 voluisse
1226 1399 1480 1441 confirmare
1514 1406 1557 1441 et
1589 1400 1631 1441 in
1654 1401 1820 1456 praxim
1854 1403 2122 1444 exactissime
2155 1402 2376 1444 traducere

175 1463 487 1505 documentum
521 1462 625 1503 illud
659 1461 1088 1517 praestantissimum,
1121 1461 1242 1516 quod
1276 1462 1459 1516 ipsemet
1482 1462 1568 1516 (lib.
1592 1464 1642 1511 II,
1666 1464 1758 1504 lect.
1782 1476 1886 1512 xxn,
1911 1478 1949 1505 n.
1982 1465 2050 1519 10)
2084 1471 2184 1519 post
2205 1465 2376 1506 Aristo-

175 1526 305 1567 telem
338 1525 477 1573 tradit,
512 1524 569 1565 ad
603 1524 884 1579 quaestiones
917 1525 1043 1579 plene
1077 1530 1119 1565 et
1151 1523 1444 1579 undequaque
1478 1525 1732 1566 solvendas:
1775 1544 1789 1561 ι
1821 1526 2005 1580 Oportet
2038 1540 2136 1567 eum
2177 1527 2251 1581 qui
2283 1528 2375 1568 vult

175 1594 291 1629 recte
323 1588 515 1636 solvere,
550 1593 599 1628 ut
630 1587 839 1642 perducat
877 1587 1141 1628 solutionem
1175 1599 1315 1641 usque
1358 1586 1414 1627 ad
1458 1586 1501 1627 id
1541 1587 1615 1628 ubi
1659 1601 1748 1628 non
1780 1587 1835 1628 sit
1876 1588 2059 1642 amplius
2101 1588 2323 1631 dubitatio.
2355 1608 2368 1625 ι

177 1650 236 1692 Et
265 1650 496 1706 assignans
537 1663 713 1691 causam
761 1662 896 1704 quare
936 1663 1025 1690 non
1069 1662 1242 1704 semper
1284 1662 1363 1690 nec
1394 1649 1450 1690 ab
1485 1649 1689 1691 omnibus
1734 1650 1812 1691 hac
1852 1650 2059 1691 methodo
2102 1651 2374 1705 procedatur,

181 1729 199 1750 «
229 1712 434 1754 omnibus
468 1712 616 1760 nobis,
650 1730 663 1748 ι
707 1712 855 1766 inquit,
898 1729 913 1748 ‹
939 1711 1233 1753 dubitationes
1266 1711 1537 1752 solventibus
1572 1712 1655 1752 hoc
1688 1711 1859 1753 videtur
1891 1725 1987 1753 esse
2021 1719 2296 1762 consuetum,
2331 1719 2377 1754 ut

176 1774 399 1830 inquisitio
433 1775 508 1816 fiat
541 1788 629 1816 non
663 1774 719 1816 ad
753 1788 865 1823 rem,
900 1774 979 1815 sed
1013 1774 1068 1815 ad
1103 1774 1315 1815 contraria
1348 1773 1583 1822 dicentem,
1618 1773 1730 1815 idest
1762 1787 1851 1815 non
1885 1788 2116 1829 quousque
2146 1781 2295 1816 natura
2317 1775 2375 1816 rei

175 1837 370 1892 requirit,
412 1837 491 1878 sed
525 1849 758 1891 quousque
801 1836 1075 1878 adversarius
1109 1850 1197 1877 non
1241 1836 1399 1877 habeat
1436 1836 1612 1877 ulterius
1655 1836 2060 1878 contradictionem:
2104 1837 2205 1891 quia
2249 1837 2376 1878 etiam

175 1898 261 1941 hoc
294 1899 476 1954 quilibet
515 1899 722 1940 observat
766 1899 822 1940 ad
855 1899 1068 1954 seipsum,
1103 1904 1150 1939 ut
1183 1911 1281 1939 curn
1321 1899 1412 1952 ipse
1447 1898 1614 1939 dubitat
1648 1898 1702 1939 de
1739 1899 1909 1953 aliquo,
1945 1905 2123 1953 quaerat
2156 1899 2197 1940 in
2231 1900 2374 1954 seipso

176 1974 410 2016 quousque
444 1962 536 2016 ipse
570 1975 659 2002 non
703 1962 862 2003 habeat
901 1961 944 2002 in
979 1966 1182 2015 promptu
1222 1960 1338 2002 unde
1372 1960 1454 2006 sibi
1489 1960 1763 2002 contradicat.
1804 1960 1895 2002 Sed
1933 1961 2036 2002 illud
2083 1974 2171 2002 non
2203 1961 2374 2003 sufficit:

176 2024 280 2078 quia
324 2037 423 2065 cum
460 2024 616 2078 aliquis
656 2024 749 2065 vult
787 2037 936 2065 veram
980 2024 1244 2064 solutionem
1291 2022 1506 2071 invenire,
1552 2029 1724 2077 oportet
1766 2023 1886 2078 quod
1920 2037 2008 2064 non
2051 2023 2106 2063 sit
2151 2029 2375 2064 contentus

177 2086 500 2128 obiectionibus
533 2099 643 2140 quas
682 2086 814 2128 habet
851 2086 894 2126 in
934 2092 1158 2140 promptu,
1199 2085 1277 2126 sed
1318 2085 1545 2140 diligenter
1587 2085 1772 2139 inquirat
1815 2098 1900 2126 eas.
1942 2086 1999 2126 Et
2034 2091 2208 2140 propter
2240 2086 2374 2127 hoc...

177 2155 352 2204 oportet
384 2162 484 2190 eum
519 2148 709 2202 quivult
742 2149 854 2190 bene
887 2148 1102 2203 inquirere
1135 2148 1373 2196 veritatem,
1404 2159 1500 2188 esse
1534 2154 1783 2202 promptum
1816 2147 1871 2188 ad
1905 2147 1988 2188 hoc
2022 2147 2142 2201 quod
2174 2147 2303 2188 instet
2335 2153 2377 2188 et

176 2211 259 2252 sibi
293 2211 374 2265 ipsi
408 2216 451 2251 et
483 2210 598 2258 aliis;
633 2223 721 2251 non
755 2223 832 2264 per
864 2210 1088 2251 instantias
1120 2210 1389 2265 sophisticas,
1413 2210 1492 2250 sed
1515 2222 1591 2263 per
1622 2209 1843 2250 instantias
1866 2210 2002 2250 reales
2025 2215 2067 2250 et
2088 2209 2373 2258 rationabiles,

167 2274 389 2328 proprias,
426 2272 539 2313 idest
571 2272 892 2321 convenientes,
928 2271 1168 2328 generi·de
1201 2285 1290 2326 quo
1324 2271 1599 2326 inquiritur.»

303 2335 378 2376 IV.
403 2334 635 2376 SPECIMEN
668 2346 930 2375 DOCTRINAE
962 2345 1322 2375 PHILOSOPHICAE
1345 2345 1469 2383 QUAE
1490 2345 1535 2373 IN
1558 2345 1649 2374 Hoc
1672 2345 1999 2374 COMMENTAmo
2029 2344 2329 2374 coNT1NETUR.
2356 2355 2375 2362 -

177 2397 268 2440 Sed
303 2396 425 2452 quod
459 2397 502 2438 in
536 2397 797 2438 immensum
830 2403 963 2452 auget
994 2396 1177 2451 pretium
1210 2396 1337 2437 huius
1372 2395 1688 2443 commentarii,
1733 2394 1836 2436 illud
1870 2401 1934 2435 est
1967 2395 2087 2449 quod
2129 2408 2300 2449 semper
2332 2394 2375 2435 in

177 2473 300 2502 more
333 2459 486 2500 habuit
507 2459 748 2514 Angelicus
781 2459 1054 2514 Praeceptor,
1090 2458 1219 2499 etiam
1252 2458 1294 2498 in
1329 2457 1588 2511 exponenda
1621 2457 1866 2498 Aristotelis
1900 2456 2093 2497 doctrina
2125 2457 2302 2511 physica
2334 2462 2376 2497 et

176 2522 482 2565 astronomica.
528 2522 618 2562 Tot
656 2534 844 2575 namque
882 2521 1089 2576 principia
1127 2520 1428 2575 philosophiae
1471 2519 1690 2560 rationalis
1732 2519 1912 2560 assumit
1951 2524 2080 2575 atque
2114 2518 2300 2559 declarat
2333 2518 2375 2558 in

177 2598 258 2626 sua
290 2584 581 2640 expositione,
615 2590 663 2624 ut
695 2583 881 2639 diligens
915 2584 1050 2624 lector
1082 2582 1221 2638 possit
1253 2582 1323 2623 vel
1357 2596 1411 2623 ex
1444 2582 1527 2622 hoc
1561 2594 1648 2622 uno
1684 2580 2019 2629 commentario,
2055 2594 2260 2636 magnum
2293 2579 2376 2620 sibi

178 2660 430 2702 comparare
463 2647 713 2687 thesaurum
747 2646 968 2687 doctrinae
1001 2659 1104 2686 vere
1138 2644 1476 2700 philosophicae.
1512 2643 1612 2696 Qua
1645 2643 1698 2684 de
1732 2656 1788 2692 re,
1822 2649 1870 2683 ut
1902 2643 1944 2683 in
1977 2643 2206 2683 iuvenibus
2236 2642 2375 2697 magis

178 2710 386 2751 excitetur
408 2708 671 2750 desiderium
704 2708 991 2764 pervolvendi
1025 2709 1131 2749 haec
1153 2707 1388 2756 volumina,
1413 2712 1706 2761 opportunum
1729 2705 1926 2747 ducimus
1950 2705 2146 2759 exempla
2173 2704 2377 2745 nonnulla

177 2772 404 2814 subiicere.

303 2834 361 2875 Et
394 2833 436 2874 in
470 2833 619 2888 primis
654 2846 708 2874 en
741 2832 970 2887 quomodo
1004 2833 1075 2873 lib.
1100 2833 1129 2881 I,
1154 2832 1338 2880 lect.1x‚
1367 2845 1406 2872 n.
1432 2843 1472 2883 4,
1509 2830 1684 2886 egregie
1718 2829 1955 2870 declaratur
1987 2828 2241 2884 principium
2274 2827 2376 2868 illud

178 2896 355 2937 maximi
388 2895 597 2937 momenti
633 2895 675 2936 in
709 2895 985 2950 philosophia
1009 2900 1051 2935 et
1072 2895 1115 2935 in
1139 2894 1342 2935 omnibus
1365 2893 1566 2941 scientiis,
1581 2896 1756 2947 parvus
1777 2905 1904 2933 error
1922 2892 1966 2932 in
1980 2891 2207 2946 principio,
2232 2889 2376 2931 maxi-

177 2972 276 2999 mus
308 2961 375 3000 est
400 2959 445 2999 in
462 2958 586 3012 fine:
625 2975 640 2994 ‹
664 2957 838 2999 Scilicet
870 2957 944 3012 qui
968 2957 1190 2998 modicum
1222 2956 1534 3012 transgreditur
1555 2969 1580 2995 a
1602 2955 1780 2995 veritate
1804 2954 1914 2994 circa
1935 2953 2199 3008 principium,
2223 2964 2375 3005 proce-

179 3020 288 3062 dens
321 3021 364 3061 in
407 3021 612 3062 ulteriora
655 3020 703 3061 fit
735 3020 876 3076 magis
920 3020 1052 3075 longe
1085 3033 1111 3060 a
1143 3019 1323 3060 veritate
1358 3018 1502 3059 decies
1536 3017 1700 3058 millies.
1736 3017 1793 3057 Et
1824 3016 1909 3057 hoc
1940 3015 2060 3063 ideo,
2097 3013 2197 3068 quia
2231 3012 2377 3053 omnia

178 3083 493 3136 subsequentia
526 3082 774 3138 dependent
808 3096 862 3123 ex
894 3082 984 3123 suis
1018 3082 1248 3137 principiis.
1274 3099 1289 3118 ι
1329 3080 1591 3135 Principium
1626 3079 1751 3127 enim,
1795 3097 1807 3114 ‹
1833 3078 1910 3119 etsi
1943 3077 1998 3117 sit
2030 3075 2249 3116 modicum
2283 3087 2374 3115 ma-

178 3144 417 3201 gnitudine,
443 3150 510 3184 est
530 3150 676 3186 tamen
699 3158 910 3201 magnum
932 3144 1101 3193 virtute,
1125 3145 1236 3185 sicut
1268 3156 1323 3184 ex
1357 3143 1531 3184 modico
1565 3141 1729 3182 semine
1761 3139 2011 3194 producitur
2033 3151 2192 3193 magna
2207 3136 2375 3179 ‘arborz

180 3214 223 3249 et
255 3207 357 3248 inde
380 3212 446 3246 est
478 3206 599 3260 quod
621 3207 726 3248 illud
755 3207 876 3262 quod
900 3213 966 3248 est
988 3207 1210 3248 modicum
1232 3206 1275 3246 in
1297 3205 1519 3260 principio,
1542 3204 1585 3244 in
1608 3204 1693 3244 fine
1717 3201 2028 3256 multiplicatur,
2053 3200 2155 3254 quia
2175 3198 2377 3254 pertingit

179 3270 236 3311 ad
270 3275 411 3310 toturn
446 3267 490 3308 id
523 3267 580 3308 ad
613 3269 735 3322 quod
767 3282 815 3310 se
850 3269 1043 3311 extendit
1074 3269 1210 3309 virtus
1244 3267 1450 3323 principii,
1474 3267 1568 3307 sive
1601 3266 1684 3306 hoc
1717 3264 1772 3304 sit
1792 3277 1944 3304 verum
1977 3262 2070 3303 sive
2103 3261 2268 3302 falsum.
2293 3278 2308 3297 »

305 3331 515 3372 Lectione
540 3336 684 3371 autem
706 3343 794 3379 XIX,
820 3345 859 3372 n.
885 3343 926 3383 4,
951 3331 1025 3372 ubi
1048 3331 1190 3386 agitur
1211 3331 1266 3371 de
1289 3329 1544 3384 quaestione
1567 3333 1707 3367 utrum
1730 3326 1899 3380 possint
1921 3338 2018 3366 esse
2039 3324 2183 3379 plures
2207 3322 2375 3371 mundi,

174 3387 399 3435 'invenitur
430 3393 714 3448 pulcherrime
758 3393 1016 3447 explicatum
1056 3393 1311 3447 principium
1350 3390 1481 3439 illud,
1530 3388 1651 3443 quod
1683 3388 1870 3429 maxime
1913 3387 2090 3428 inservit
2131 3385 2187 3426 ad
2228 3398 2376 3425 veram

180 3456 423 3497 doctrinam
446 3455 500 3496 de
524 3454 840 3496 universalibus
874 3454 1210 3510 intelligendam,
1236 3467 1412 3508 nempe:
1447 3453 1491 3493 in
1514 3451 1711 3492 omnibus
1741 3450 2011 3493 sensibilibus
2043 3449 2134 3489 alia
2156 3450 2222 3488 est
2240 3447 2376 3487 consi-

179 3518 347 3559 deratio
366 3518 550 3572 formae
583 3514 685 3571 (seu
719 3517 921 3570 naturae)
954 3516 1190 3557 secundum
1221 3530 1269 3557 se
1300 3514 1605 3561 consideratae,
1631 3513 1722 3554 alia
1744 3512 2028 3553 consideratio
2046 3510 2229 3565 formae
2242 3511 2382 3563 prout

180 3584 247 3621 est
275 3582 320 3621 in
353 3581 552 3621 materia.
597 3580 731 3634 Quod
764 3579 941 3634 quidem
974 3579 1228 3633 principium
1262 3578 1402 3632 primo
1438 3576 1672 3630 explicatur
1711 3593 1725 3611 ‹
1763 3575 1805 3615 in
1837 3573 2163 3620 mathematicis,
2200 3571 2242 3611 in
2281 3570 2377 3624 qui-

181 3643 264 3684 bus
298 3649 364 3684 est
396 3643 536 3698 magis
570 3643 861 3690 manifestum,
898 3654 951 3682 eo
986 3640 1107 3695 quod
1140 3641 1183 3681 in
1227 3640 1392 3680 ratione
1427 3651 1578 3679 eorum
1611 3651 1700 3678 non
1733 3637 1907 3691 ponitur
1939 3635 2116 3676 materia
2148 3632 2378 3674 sensibilis.
