2782 4134
115 755 124 764 ⁶
143 753 178 776 Ct'.
189 754 240 774 lect.
249 758 265 779 ι,
276 758 298 773 n.
308 758 323 773 1.

115 914 124 922 '
139 912 200 933 Lect.
215 916 271 932 ινιτ.

113 1071 123 1080 *
136 1069 198 1090 Lect.
214 1074 252 1095 seq
257 1083 262 1089 .

113 1119 122 1128 '¹
137 1117 199 1138 Lect.
214 1123 250 1137 xv.

113 1176 122 1185 “
136 1175 198 1197 Lect.
212 1180 258 1195 xvi.

112 1333 121 1342 “
136 1331 205 1352 Num.
219 1337 266 1357 seq.

111 1386 119 1395 ⁸
135 1383 204 1405 Num.
219 1383 240 1404 6.

110 1438 120 1446 “
131 1437 208 1464 primo
222 1441 270 1457 om.
283 1442 303 1456 Ρ.

109 1599 119 1609 ·“
133 1597 231 1619 materia
242 1603 263 1618 Λ.

108 1862 116 1871 “
131 1862 251 1883 stellarum
267 1868 288 1883 A.

106 2022 115 2029 ·
123 2021 215 2042 naturis
225 2021 292 2042 codd-

108 2179 116 2187 ·
130 2179 205 2207 Lim,
221 2180 271 2202 lect.
283 2187 314 2202 ιν.

107 2284 116 2293 “
131 2285 153 2304 et
166 2283 218 2305 add.
228 2290 249 2305 Α.

106 2548 115 2556 ·
130 2547 240 2575 differunt
252 2554 287 2570 rc.

105 2652 116 2662 ‘⁵
131 2658 182 2673 esse
190 2658 239 2674 om.
253 2659 274 2674 Ρ.

111 3077 119 3085 ·
134 3077 196 3099 Lect.
206 3085 236 3100 vi.

112 3184 120 3193 ·
134 3182 182 3204 Sed
194 3189 216 3205 A.

360 282 430 318 156

353 359 421 387 sole.
437 359 601 387 Secundum
617 357 747 394 proprias
765 363 861 385 autem
875 356 1001 390 virtutes,
1019 364 1144 391 corpora
1158 352 1290 382 caelestia
1305 351 1411 387 infrigi-

353 400 430 434 dare,
446 399 609 426 humectare
626 404 653 425 et
673 397 744 425 alios
766 396 881 425 effectus
904 395 1068 432 corporales
1090 391 1203 422 efficere
1224 397 1361 435 possunt:
1384 396 1411 417 et

352 439 511 466 secundum
526 437 703 465 influentiam
718 436 834 464 luminiS
854 443 881 464 et
899 437 1001 463 harum
1016 434 1162 476 virtutum,
1178 431 1272 475 media
1287 438 1411 474 corpora

353 478 484 506 caelestia
502 477 558 506 alio
580 478 669 505 modo
691 485 778 513 quam
801 484 922 511 corpora
943 473 1077 501 inferiora
1100 472 1167 499 solis
1189 477 1409 505 impressionem

353 517 500 554 recipiunt.
510 534 529 538 -
539 517 702 545 Secundum
717 525 784 552 ergo
796 516 875 551 quod
887 514 964 542 calor
979 518 1111 540 causatur
1126 520 1158 538 ex
1170 516 1251 553 motu
1266 515 1408 536 astrorum

352 563 381 585 et
394 557 482 585 totius
503 556 582 590 caeli,
598 565 719 592 corpora
732 553 940 591 propinquiora
956 552 1034 580 caelo
1050 556 1115 578 sunt
1133 549 1284 577 cahdmra:
1307 556 1409 575 secun-

353 597 422 624 dum
444 603 540 625 autem
562 596 640 632 quod
662 595 740 623 calor
760 600 891 622 causatur
912 601 945 619 ex
967 590 1073 618 lumine
1096 589 1249 622 stellarum,
1275 592 1341 614 sunt
1362 595 1408 614 ca-

488 711 539 730 aa
554 693 602 731 »μ
618 695 791 735 ostquam
808 683 1058 731 Philosophus
1078 679 1342 718 determinavit
1363 679 1409 716 de

475 725 533 765 '¹52¹‘
573 740 732 785 caelo,
754 738 814 774 hic
842 736 1066 773 determinat
1094 735 1141 771 de
1170 733 1282 769 stellis
1307 732 1338 769 *.
1361 733 1410 769 Et

562 792 571 807 ²
589 792 602 839 ξ
615 792 737 841 primo
759 789 982 827 determinat
999 787 1213 831 veritatem3
1239 786 1407 822 secundo

558 839 598 873 ’ἕν’
616 851 746 881 movet
765 842 948 891 quasdam
966 840 1217 878 dubitationes
1234 847 1269 876 et
1284 839 1405 886 solvit,

351 899 419 936 ibi:
449 899 605 935 Duabus
623 902 745 933 autem
773 895 1060 932 dubitationibus
1079 894 1098 915 *
1118 901 1185 929 etc.
1209 892 1316 929 Circa
1334 892 1407 941 pri-

352 964 458 988 mum
487 957 647 999 quatuor
674 948 776 985 facit:
804 948 928 997 primo
955 946 1178 984 determinat
1197 946 1245 982 de
1274 953 1407 982 natura

351 1005 558 1048 stellarum3
580 1002 746 1039 seeundo
766 1002 814 1039 de
829 1009 937 1037 motu
963 1012 1104 1046 earum,
1121 999 1192 1036 ibi:
1218 999 1406 1041 Quoniam

351 1063 472 1094 autem
491 1056 660 1092 videntur
680 1057 699 1076 '³²
719 1062 807 1100 ete.;
828 1054 936 1091 tertio
958 1054 1003 1090 de
1025 1053 1156 1090 ordine
1179 1064 1321 1099 earum,
1338 1052 1404 1089 ibi:

349 1111 408 1147 De
422 1109 549 1146 ordine
570 1114 692 1145 autem
717 1108 882 1156 ipsorum
895 1108 914 1128 ²¹²
934 1114 1020 1154 ete.;
1042 1113 1175 1156 quarto
1210 1105 1257 1142 de
1285 1106 1407 1153 figura

350 1174 491 1208 earum,
511 1161 580 1198 ibi:
607 1162 794 1211 Figuram
818 1166 942 1197 autem
968 1159 1255 1207 uniuscuiusque
1284 1160 1304 1180 ³²
1334 1167 1403 1196 etc.

402 1215 509 1251 Circa
535 1214 701 1263 primum
731 1213 799 1250 tria
826 1213 929 1250 facit:
957 1213 1083 1261 primo
1119 1212 1207 1250 dicit
1244 1212 1291 1249 de
1325 1225 1404 1261 quo

349 1276 403 1304 est
437 1267 608 1313 intenti03
639 1266 806 1304 secundo
839 1266 1054 1303 manifestat
1084 1265 1294 1312 veritatem,
1334 1265 1403 1302 ibi:

346 1320 726 1358 Rationabilissimum
767 1325 891 1356 autem
922 1321 941 1341 ’¹‘
970 1327 1061 1366 ete.;
1096 1319 1204 1356 tertio
1243 1318 1405 1356 excludit

347 1373 617 1420 obiectionem,
646 1372 714 1410 ibi:
754 1372 869 1409 Calor
895 1378 1020 1409 autem
1058 1373 1106 1409 ab
1134 1372 1220 1420 ipsis
1248 1372 1268 1393 '³
1298 1379 1404 1409 etc.-

345 1426 441 1463 Dicit
456 1438 543 1474 ergo
558 1426 682 1475 primo
703 1427 722 1445 ὓ
743 1425 859 1474 quod,
879 1433 1083 1475 postquam
1109 1425 1403 1478 determinatum

345 1487 400 1516 est
427 1479 472 1516 de
500 1487 579 1516 toto
594 1479 716 1526 caelo,
738 1491 975 1527 consequens
1003 1486 1059 1516 est
1085 1487 1127 1516 ut
1155 1478 1327 1516 dicamus
1356 1479 1403 1516 de

343 1532 400 1569 his
420 1545 517 1581 quae
536 1540 721 1569 vocantur
739 1539 848 1579 astra,
869 1544 919 1569 ex
946 1532 1078 1581 quibus
1097 1538 1278 1578 constant,
1308 1532 1405 1570 idest

345 1597 389 1622 ex
417 1597 491 1634 qua
519 1593 651 1622 natura
680 1587 699 1607 ἓξ
728 1585 811 1632 sint,
833 1592 868 1622 et
895 1598 1012 1634 quam
1041 1586 1203 1634 figuram
1225 1586 1401 1634 habeant,

346 1646 381 1675 et
408 1639 537 1687 quales
566 1638 638 1675 sint
665 1646 792 1675 motus
821 1651 967 1676 eorum.

398 1703 432 1728 2.
462 1691 608 1728 Deinde
648 1704 734 1728 curn
774 1691 880 1728 dicit:
915 1691 1301 1730 Rationabilissimum
1336 1705 1403 1730 au-

343 1751 414 1781 tem
443 1752 524 1790 etc„
546 1744 708 1781 ostendit
727 1756 772 1781 ex
791 1757 865 1793 qua
885 1753 1017 1782 natura
1046 1745 1119 1782 sint
1138 1758 1299 1794 corpora
1319 1747 1403 1783 stel-

342 1799 475 1834 larum.
506 1798 554 1834 Et
584 1797 708 1846 primo
741 1797 921 1846 proponit
948 1799 1053 1847 quod
1084 1798 1253 1847 intendit,
1275 1799 1404 1837 dicens

343 1851 446 1900 quod
460 1862 602 1899 ponere
621 1863 935 1900 unamquamque
960 1851 1106 1888 stellam
1128 1853 1148 1873 ²*
1177 1865 1259 1890 esse
1276 1853 1322 1890 de
1340 1866 1404 1890 na-

342 1911 425 1940 tura
453 1903 621 1952 corporis
640 1903 825 1953 sphaerici
845 1904 883 1940 in
903 1916 979 1953 quo
1009 1913 1199 1951 movetur,
1222 1914 1278 1943 est
1298 1906 1337 1944 in
1363 1919 1403 1943 se

344 1957 621 1993 consideratum
642 1957 752 1994 valde
773 1957 1006 2006 rationabile,
1024 1971 1070 1994 eo
1087 1959 1191 2007 quod
1211 1960 1295 1996 loca
1315 1972 1404 1997 con-

343 2017 550 2058 sequuntur
577 2017 728 2047 naturas
747 2011 767 2031 ’¹‘
791 2023 1014 2059 corporum;
1044 2012 1146 2049 unde
1182 2013 1403 2050 rationabile

343 2071 398 2100 est
426 2063 530 2111 quod
558 2063 683 2100 stellae
707 2063 918 2113 pertineant
937 2064 986 2101 ad
1014 2073 1188 2103 naturam
1218 2067 1403 2116 sphaerae

342 2116 380 2152 in
409 2128 484 2164 qua
512 2115 704 2154 situantur.
737 2117 990 2166 Consequitur
1020 2118 1133 2156 etiarn
1161 2120 1235 2156 hoc
1265 2132 1311 2157 ex
1340 2133 1405 2158 ne-

343 2169 510 2205 cessitate
535 2168 583 2206 ad
613 2182 656 2206 ea
676 2182 773 2219 quae
802 2183 916 2219 supra
937 2172 956 2192 ’¹‘
978 2171 1151 2210 diximus.
1173 2173 1328 2211 Dictum
1350 2181 1406 2211 est

343 2222 443 2258 enim
472 2222 576 2270 quod
605 2223 752 2260 caelum
776 2223 890 2260 habet
918 2232 1094 2262 naturam
1114 2225 1227 2263 aliam
1255 2235 1406 2276 praeter

340 2282 514 2312 naturam
533 2283 696 2323 quatuor
710 2276 997 2326 elementorum,
1010 2280 1029 2297 ⁴*
1038 2287 1194 2328 propter
1207 2281 1283 2318 hoc
1299 2282 1404 2330 quod

341 2329 455 2365 habet
491 2328 605 2365 alium
643 2337 792 2366 motum
830 2332 1039 2368 naturalem
1073 2344 1103 2369 a.
1124 2333 1292 2371 motibus
1330 2335 1404 2373 ele-

341 2389 569 2429 mentorum,
590 2381 729 2419 scilicet
746 2390 895 2420 motum
917 2384 1156 2432 circularem;
1177 2387 1292 2435 unde,
1314 2401 1403 2426 cum

342 2435 467 2471 stellae
495 2443 724 2473 moveantur
744 2436 969 2474 circulariter
989 2438 1084 2476 sicut
1111 2440 1298 2489 sphaerae
1320 2454 1403 2480 cae—

340 2487 461 2535 lestes,
483 2500 721 2536 consequens
741 2497 798 2526 est
825 2490 929 2539 quod
958 2491 1123 2530 habeant
1151 2494 1316 2532 eandem
1337 2508 1403 2534 na-

340 2547 463 2577 turam
502 2554 589 2578 cum
618 2542 786 2591 sphaeris
815 2544 1049 2594 caelestibus,
1081 2554 1116 2583 et
1145 2547 1320 2585 differant
1341 2550 1361 2571 '⁵
1381 2562 1404 2587 a

341 2601 474 2630 natura
501 2602 663 2643 quatuor
691 2596 976 2634 elementorum.

397 2647 430 2683 3.
449 2647 524 2684 Sed
544 2648 641 2684 circa
659 2649 734 2685 hoc
747 2649 898 2686 videtur
912 2663 994 2688 esse
1010 2652 1030 2673 *⁸
1051 2653 1190 2701 duplex
1206 2653 1400 2694 dubitatio.

342 2698 469 2736 Prima
497 2700 651 2748 quidem
679 2701 860 2739 dubitatio
888 2711 943 2741 est
974 2705 1063 2754 quia
1093 2719 1253 2756 corpora
1282 2709 1402 2746 stella-

335 2764 427 2789 rum
463 2752 640 2791 videntur
679 2755 817 2792 habere
864 2756 1116 2796 differentiam
1154 2761 1202 2798 ad
1240 2773 1403 2812 corpora

342 2805 587 2854 sphaerarum
622 2807 855 2856 caelestium,
886 2822 930 2846 ex
960 2823 1005 2848 eo
1035 2813 1139 2861 quod
1168 2822 1255 2851 sunt
1277 2815 1403 2854 lucida

343 2865 379 2894 et
400 2858 578 2897 videntur
605 2860 797 2909 spissiora3
819 2870 855 2899 et
874 2862 923 2900 ita
950 2864 1101 2902 videtur
1120 2865 1157 2903 in
1179 2869 1402 2917 corporibus

343 2911 563 2950 caelestibus
591 2925 673 2950 esse
711 2914 834 2963 aliqua
863 2918 1116 2956 contrarietas.
1147 2920 1402 2960 Contrarietas

343 2971 468 3001 autem
490 2973 544 3002 est
564 2978 676 3003 causa
696 2968 956 3017 corruptionis.
974 2971 1132 3009 Videtur
1152 2985 1240 3022 ergo
1261 2975 1366 3024 quod
1385 2982 1402 2998 ‘²‘

344 3029 503 3066 corpora
518 3019 689 3056 caelestia
703 3021 775 3057 sint
791 3023 1043 3072 corruptibilia
1059 3028 1271 3066 secundum
1292 3041 1402 3066 suam

343 3077 533 3117 naturam;
554 3073 657 3121 quod
673 3081 728 3110 est
747 3082 877 3112 contra
892 3088 936 3113 ea
951 3089 1049 3125 quae
1069 3078 1106 3116 in
1125 3080 1250 3128 primo
1270 3081 1365 3120 libro
1383 3084 1410 3105 *'

345 3122 590 3162 determinata
618 3134 714 3164 sunt.

398 3176 446 3212 Et
465 3177 484 3197 ’³‘
505 3177 554 3214 ad
571 3179 645 3215 hoc
665 3179 869 3217 dicendum
894 3190 949 3219 est
972 3185 1076 3232 quod
1097 3197 1175 3223 non
1199 3188 1324 3225 omnis
1349 3188 1402 3226 di-

346 3228 512 3286 versitas,
529 3231 679 3279 proprie
698 3233 902 3282 loquendo,
919 3236 1034 3274 habet
1052 3238 1239 3277 rationem
1256 3249 1403 3279 contra-

348 3281 500 3339 rietatis3
530 3283 596 3320 sed
616 3284 664 3321 ad
683 3285 757 3322 hoc
776 3287 881 3335 quod
909 3288 1033 3337 aliqua
1053 3291 1202 3329 diversa
1222 3293 1295 3331 sint
1313 3307 1403 3332 con-

348 3338 468 3381 traria,
485 3334 560 3371 duo
581 3337 828 3386 requiruntur.
851 3341 1028 3387 Quorum
1047 3356 1168 3382 unum
1189 3354 1245 3383 est
1264 3348 1368 3397 quod
1387 3347 1404 3377 β

370 3508 375 3513 ι
404 3472 431 3507 α)
450 3474 630 3515 Contrarietas
643 3480 731 3502 autem
745 3482 784 3503 est
797 3487 878 3505 causa
891 3484 1082 3515 corruptionis.
1103 3485 1212 3511 Videtur
1224 3494 1290 3520 ergo
1302 3489 1410 3520 quod.—

349 3508 391 3533 Sic
404 3515 494 3549 omnes
509 3510 618 3550 codices.
636 3511 655 3535 P
669 3513 723 3537 sola
736 3514 808 3545 legit:
830 3516 1014 3544 Contrarietas
1028 3524 1117 3545 autem
1133 3529 1191 3546 cum
1205 3522 1240 3547 sit
1256 3530 1337 3548 causa
1350 3531 1409 3549 cor-

350 3544 607 3603 {fflssfihzdffur
619 3547 698 3578 quod.
710 3561 728 3566 —
742 3548 805 3574 Post
824 3550 886 3575 duas
906 3552 985 3578 lineas
1004 3562 1051 3587 pro
1071 3555 1248 3582 determinata
1268 3561 1344 3588 sunt,
1365 3559 1409 3584 de-

404 3611 430 3647 β)
451 3613 569 3643 Quorum
583 3622 662 3640 unum
675 3620 713 3641 est
727 3619 805 3650 quod.
818 3634 837 3639 -
851 3620 941 3646 Primo
955 3626 983 3647 ut
997 3624 1033 3655 Α;
1054 3628 1082 3649 ut
1096 3633 1144 3658 pro
1156 3627 1227 3659 quod
1243 3633 1292 3653 cet.
1305 3636 1407 3654 omnes.

1048 277 1118 314 DE
1149 275 1324 313 CAELO
1353 275 1425 311 ET
1453 271 1647 310 MUNDO
1678 271 1773 307 LIB.
1805 271 1836 306 II

1468 350 1571 378 lidiora
1592 357 1625 376 ea
1647 357 1722 384 quae
1743 355 1810 376 sunt
1830 347 1940 384 infima,
1955 348 2024 385 quia
2038 347 2068 376 in
2089 348 2287 385 superioribus
2308 349 2478 379 reflexiones
2492 360 2539 379 ra-

1468 389 1583 417 diorum
1599 387 1690 424 magis
1705 387 1918 426 disperguntur.
1934 405 1953 410 -
1971 388 2014 416 13.
2037 389 2104 416 Non
2118 388 2249 425 sequitur
2269 389 2382 418 caelum
2396 399 2459 418 esse
2474 397 2537 419 tan-

1466 428 1561 465 gibile,
1576 427 1785 465 tangibilesque
1807 428 1957 465 qualitates
1972 428 2087 463 habere,
2111 427 2135 455 si
2149 428 2246 456 stellae
2267 437 2364 457 aerem
2379 436 2538 458 conterant.

1467 469 1529 495 Hae
1549 467 1625 495 enirn
1642 467 1793 504 qualitates
1814 474 1882 496 sunt
1902 477 2005 496 eorum
2028 476 2103 504 quae
2125 468 2163 495 ad
2184 467 2307 496 invicem
2328 475 2418 506 agunt
2439 476 2467 498 et
2487 478 2539 506 pa-

1466 507 1592 542 tiuntur;
1614 506 1739 544 ideoque
1761 507 1932 544 corporibus
1954 507 2133 543 caelestibus,
2156 517 2231 544 quae
2252 514 2342 545 agunt
2356 515 2384 536 et
2404 518 2467 537 non
2487 518 2539 546 pa-

1466 546 1591 582 tiuntur,
1613 555 1675 575 non
1697 553 1867 583 competunt
1888 556 1924 576 eo
1946 548 2036 576 modo
2059 557 2118 584 quo
2140 547 2312 584 corporibus
2339 547 2538 584 inferioribus,

1464 586 1516 614 sed
1537 585 1721 614 eminentiori
1743 587 1844 615 modo.

1466 679 1539 716 sint
1566 687 1654 717 nata
1682 679 1892 729 aliqualiter
1920 693 2002 717 esse
2031 680 2070 717 in
2099 681 2238 718 eodem
2272 681 2455 730 subiecto,
2475 683 2539 720 vel

1464 733 1643 781 proximo
1672 734 1735 770 vel
1765 734 1899 770 saltem
1929 741 2097 770 remoto:
2129 735 2233 771 calor
2261 734 2364 771 enim
2390 743 2537 773 contra-

1465 786 1581 823 riatur
1609 786 1746 834 frigori,
1768 787 1874 836 quod
1902 794 2032 824 tamen
2051 799 2131 824 non
2162 796 2217 825 est
2236 795 2367 825 natum
2397 801 2479 826 esse
2498 789 2538 827 in

1465 839 1580 887 igne,
1599 840 1666 877 sed
1697 846 1752 876 est
1779 847 1913 876 natum
1943 852 2026 877 esse
2054 840 2093 877 in
2121 841 2278 878 materia
2306 842 2414 890 ignis,
2437 855 2537 892 quae

1465 900 1519 930 est
1545 892 1716 942 primurn
1745 893 1972 931 subiectum.
1995 894 2176 931 Secundo
2201 894 2403 944 requiritur
2430 895 2537 945 quod

1464 945 1615 982 diversa
1643 958 1742 994 quae
1766 954 1854 983 sunt
1883 946 2082 995 contraria,
2102 960 2182 985 non
2209 948 2358 996 possint
2386 961 2468 986 esse
2489 949 2536 986 si-

1461 999 1552 1046 mul,
1573 999 1642 1036 sed
1661 1005 1797 1035 mutuo
1822 1011 1864 1036 se
1883 1000 2081 1048 expellant.
2103 1001 2215 1038 Unde
2235 1001 2255 1022 ⁴*
2276 1002 2408 1039 album
2427 1010 2464 1040 et
2482 1002 2536 1040 ni-

1461 1064 1584 1100 grum,
1600 1051 1814 1088 secundum
1827 1052 1933 1102 quod
1953 1060 2041 1090 sunt
2058 1052 2098 1090 in
2121 1054 2292 1102 materia,
2309 1062 2397 1092 sunt
2410 1055 2432 1077 ⁸¹
2448 1068 2537 1093 con-

1460 1105 1573 1142 traria
1609 1112 1745 1142 mutuo
1788 1117 1829 1142 se
1868 1106 2117 1155 expellentia;
2156 1108 2368 1146 secundum
2405 1116 2537 1146 tamen
2564 1117 2574 1126 '

1462 1159 1567 1208 quod
1595 1166 1683 1196 sunt
1710 1158 1749 1196 in
1776 1158 1980 1207 intellectu,
2010 1172 2090 1197 non
2117 1160 2262 1198 habent
2294 1161 2536 1201 contrarieta-

1460 1219 1551 1260 tem,
1572 1211 1641 1250 sed
1660 1219 1748 1250 sunt
1775 1211 1906 1259 simul;
1937 1212 2151 1262 quinimmo
2171 1225 2294 1252 unum
2315 1226 2452 1253 eorum
2473 1228 2536 1253 co·

1460 1265 1654 1314 gnoscitur
1680 1277 1751 1315 per
1769 1265 1884 1303 aliud.

1523 1319 1689 1356 Formae
1727 1326 1855 1356 autem
1893 1318 1955 1356 vel
1993 1318 2190 1368 qualitates
2228 1319 2402 1357 diversae
2436 1332 2536 1371 quae

1458 1372 1638 1410 videntur
1675 1384 1758 1409 esse
1796 1372 1834 1409 in
1877 1371 2103 1421 corporibus
2146 1372 2396 1422 caelestibus,
2431 1372 2536 1412 nulio

1460 1426 1580 1463 modo
1619 1433 1706 1463 sunt
1742 1433 1853 1463 natae
1883 1437 1966 1462 esse
1994 1425 2034 1462 in
2072 1425 2230 1474 eodem,
2266 1438 2338 1464 nec
2375 1426 2472 1466 sicut
2497 1427 2536 1466 in

1457 1478 1636 1528 proximo
1656 1484 1682 1526 ⁷,
1702 1491 1775 1517 nec
1794 1478 1890 1516 sicut
1908 1478 1947 1516 in
1964 1478 2092 1528 primo
2112 1478 2302 1517 subiecto:
2330 1492 2410 1518 non
2434 1480 2537 1519 enim

1460 1544 1600 1582 corpus
1619 1532 1747 1570 stellae
1768 1539 1823 1569 est
1850 1539 1983 1569 natum
2009 1531 2140 1570 reduci
2169 1532 2218 1570 ad
2246 1532 2536 1583 dispositionem

1461 1594 1673 1623 ceterarum
1697 1585 1865 1635 partium
1890 1586 2076 1635 sphaerae
2104 1585 2294 1635 caelestis,
2319 1587 2388 1625 sed
2416 1599 2488 1625 nec
2505 1587 2535 1640 [e

1460 1650 1662 1677 converso.
1680 1660 1704 1667 -
1721 1638 1899 1676 Similiter
1927 1638 2042 1676 etiam
2063 1646 2215 1689 oportet
2239 1639 2366 1678 dicere
2390 1641 2536 1679 formas

1459 1705 1526 1730 seu
1547 1692 1744 1742 qualitates
1765 1691 1971 1730 contrarias
2001 1704 2101 1741 quae
2127 1700 2215 1730 sunt
2231 1692 2269 1730 in
2294 1693 2535 1732 inferioribus

1460 1745 1704 1795 corporibus,
1739 1757 1823 1783 esse
1851 1745 2061 1794 aliqualiter
2086 1745 2125 1783 in
2160 1746 2386 1796 corporibus
2415 1748 2534 1798 caele-

1459 1800 1590 1847 stibus,
1615 1811 1695 1836 non
1723 1798 1882 1848 quidem
1909 1798 2088 1846 univoce,
2121 1799 2189 1837 sed
2217 1799 2314 1838 sicut
2344 1799 2384 1838 in
2411 1799 2535 1841 causis

1458 1852 1752 1900 universalibus,
1766 1863 1837 1902 per
1851 1851 2048 1901 quandam
2068 1851 2365 1901 similitudinem,
2381 1853 2535 1892 admo·

1461 1907 1554 1944 dum
1584 1918 1662 1955 quo
1682 1906 1830 1943 formae
1860 1917 1958 1955 quae
1979 1912 2066 1942 sunt
2093 1906 2365 1955 particulariter
2391 1906 2432 1945 in
2452 1919 2535 1946 ma·

1459 1959 1552 1997 teria
1581 1958 1759 2006 sensibili,
1781 1966 1868 1996 sunt
1895 1957 2160 1996 universaliter
2187 1959 2226 1997 in
2255 1959 2458 1999 intellectu.
2485 1961 2536 1999 Et

1459 2013 1561 2061 ideo,
1582 2013 1677 2050 sicut
1696 2024 1768 2050 nec
1781 2012 1854 2049 *in
1873 2011 2075 2059 intellectu,
2088 2012 2139 2050 ita
2158 2025 2230 2050 nec
2247 2012 2287 2050 in
2307 2013 2534 2064 corporibus
2560 2019 2572 2031 ⁶

1461 2066 1686 2104 caelestibus
1715 2073 1803 2102 sunt
1830 2065 1901 2102 sub
1931 2065 2077 2103 ratione
2106 2066 2391 2105 contrarietatis,
2420 2066 2534 2107 Unde

1460 2128 1497 2158 et
1508 2122 1528 2143 ²⁸
1540 2121 1647 2157 Plato
1669 2119 1758 2157 dixit
1776 2118 1882 2168 quod
1902 2118 1941 2156 in
1956 2119 2182 2168 corporibus
2202 2119 2427 2158 caelestibus
2445 2128 2535 2159 sunt

1460 2172 1701 2212 excellentiae
1717 2185 1786 2210 seu
1810 2171 2061 2210 sublimitates
2077 2173 2098 2194 ¹⁸¹
2115 2173 2407 2222 elementorum,
2425 2170 2535 2224 quasi

1458 2226 1720 2277 primordialia
1740 2237 1876 2263 eorum
1892 2225 2015 2263 activa
2034 2225 2239 2276 principia:
2263 2234 2535 2276 comparantur

1461 2281 1563 2318 enim
1580 2291 1742 2329 corpora
1762 2278 1937 2316 caelestia
1952 2279 2000 2317 ad
2021 2279 2278 2327 elementaria,
2295 2279 2391 2318 sicut
2408 2279 2534 2319 activa

1459 2334 1510 2372 ad
1536 2333 1701 2384 passiva.
1723 2333 1773 2370 Et
1791 2332 1880 2370 ideo
1901 2344 1921 2369 e
1938 2333 1958 2354 ²⁸
1979 2332 2165 2370 contrario
2185 2332 2321 2372 accidit
2338 2333 2378 2371 in
2398 2345 2534 2385 corpo-

1459 2388 1564 2425 ribus
1593 2386 1815 2424 caelestibus
1845 2392 1882 2423 et
1909 2385 2216 2424 elementaribus.
2237 2386 2343 2424 Nam
2372 2398 2534 2438 corpora

1460 2440 1722 2488 elementaria,
1753 2445 1896 2489 quanto
1926 2438 2047 2488 magis
2077 2446 2355 2488 congregantur
2379 2451 2451 2490 per
2477 2440 2533 2479 in-

1459 2494 1739 2544 spissationem,
1759 2500 1864 2530 tanto
1890 2500 1977 2530 sunt
2003 2492 2124 2541 magis
2145 2492 2354 2531 materialia
2382 2501 2420 2532 et
2445 2505 2532 2544 pas-

1458 2548 1558 2595 siva,
1589 2555 1626 2585 et
1653 2546 1780 2584 minus
1805 2545 1986 2583 habentia
2023 2545 2071 2583 de
2099 2546 2205 2594 luce,
2239 2546 2336 2584 sicut
2362 2554 2468 2596 patet
2493 2547 2532 2585 in

1458 2609 1570 2648 terra,
1590 2612 1690 2651 quae
1711 2599 1826 2637 etiam
1846 2599 2065 2637 dominatur
2083 2599 2122 2636 in
2142 2599 2368 2650 corporibus
2388 2600 2531 2639 mixtis:

1458 2654 1526 2692 sed
1555 2654 1594 2692 in
1627 2653 1853 2704 corporibus
1881 2652 2120 2700 caelestibus,
2150 2660 2295 2702 quanto
2324 2661 2381 2691 est
2407 2653 2533 2692 maior

1459 2707 1702 2756 congregatio
1730 2719 1800 2757 per
1820 2706 1985 2744 modum
2009 2706 2296 2756 inspissationis,
2317 2714 2422 2745 tanto
2450 2719 2532 2746 ma·

1457 2762 1512 2811 gis
1533 2760 1802 2811 multiplicatur
1820 2759 2058 2798 luminositas
2078 2766 2115 2797 et
2132 2759 2252 2798 virtus
2280 2760 2416 2810 activa,
2436 2761 2533 2800 sicut

1457 2822 1561 2865 patet
1579 2815 1618 2852 in
1637 2813 1727 2864 ipsis
1748 2813 1973 2864 corporibus
1993 2813 2198 2851 stellarum.
2488 2839 2492 2842 -

1513 2869 1576 2906 Sic
1595 2868 1704 2917 igitur
1722 2874 1826 2917 patet
1843 2866 1950 2917 quod
1965 2866 2047 2904 talis
2063 2866 2261 2904 diversitas
2276 2879 2376 2916 quae
2394 2867 2434 2905 in
2449 2878 2530 2905 cor-

1456 2921 1616 2972 poribus
1645 2921 1869 2959 caelestibus
1890 2927 2058 2970 apparet,
2079 2931 2159 2957 non
2177 2919 2328 2957 videtur
2351 2921 2495 2958 habere
2510 2921 2531 2943 ⁸

1458 2975 1645 3013 rationem
1675 2973 1960 3012 contrarietatis.
1982 2972 2095 3012 Unde
2123 2985 2204 3011 non
2231 2972 2401 3023 sequitur
2424 2974 2532 3024 quod

1457 3029 1530 3067 sint
1571 3028 1787 3078 susceptiva
1829 3026 2093 3077 corruptionis,
2139 3027 2370 3076 Sequeretur
2401 3035 2531 3066 autem

1457 3083 1532 3120 hoc
1550 3083 1571 3104 ³*
1589 3082 1620 3120 si
1648 3081 1699 3119 ibi
1728 3088 1826 3119 esset
1852 3092 1945 3118 vera
1974 3079 2237 3129 contrarietas,
2267 3080 2364 3118 sicut
2390 3081 2430 3119 in
2456 3081 2531 3132 pri-

1458 3148 1524 3173 mo
1555 3137 1575 3157 *
1602 3135 1824 3172 Aristoteles
1853 3133 2028 3172 ostendit.

1511 3201 1548 3236 4.
1571 3188 1749 3227 Secunda
1778 3186 1962 3225 dubitatio
1993 3194 2048 3224 est
2075 3187 2175 3236 quia,
2197 3199 2286 3224 cum
2305 3186 2345 3225 in
2369 3199 2530 3237 corpore

1460 3242 1611 3280 caelesti
1630 3249 1811 3292 appareat
1831 3240 2028 3279 diversitas
2049 3241 2146 3278 inter
2165 3241 2290 3278 stellas
2314 3246 2351 3278 et
2369 3240 2532 3290 reliquas

1459 3303 1586 3345 partes
1614 3296 1886 3345 sphaerarum,
1915 3293 2067 3332 videtur
2095 3293 2202 3344 quod
2229 3305 2310 3332 non
2338 3294 2412 3331 sint
2440 3293 2530 3331 sim·

1459 3349 1568 3398 plicia
1584 3361 1757 3399 corpora.
1769 3369 1794 3376 -
1807 3347 1883 3386 Sed
1896 3349 1915 3370 *
1926 3348 2134 3386 dicendum
2149 3354 2206 3385 est
2224 3347 2329 3396 quod
2343 3346 2531 3384 intantum

1517 3489 1544 3524 γ)
1565 3497 1613 3516 nec
1625 3491 1694 3516 sIcut
1707 3490 1734 3515 in
1749 3490 1890 3523 proximo.
1902 3503 1921 3510 -
1931 3490 1987 3516 Hoc
1999 3489 2121 3515 omittunt
2134 3495 2228 3514 omnes
2243 3488 2346 3514 codiee·
2361 3493 2468 3522 excepto
2483 3488 2532 3519 sE3

1463 3525 1503 3549 vel
1524 3530 1609 3558 potest
1629 3525 1676 3550 dici
1695 3533 1741 3550 eos
1759 3526 1879 3551 omittere
1899 3525 2032 3558 proxImo
2051 3531 2098 3550 nec
2115 3523 2185 3550 sicut
2203 3524 2244 3552 in,
2265 3524 2336 3557 quod
2355 3529 2395 3550 est
2413 3523 2533 3550 homor}

1464 3560 1565 3590 leuton;
1586 3561 1617 3586 cf.
1632 3561 1703 3594 quod
1723 3569 1801 3594 supra
1821 3561 1917 3586 dictum
1937 3566 1989 3590 est.
2010 3561 2036 3586 t'n
2051 3560 2144 3586 eodem
2159 3559 2274 3585 subiecto
2294 3559 2336 3585 vel
2348 3559 2480 3592 proximo
2493 3559 2534 3585 vel

1463 3596 1555 3621 saltem
1576 3599 1687 3621 remoto.
1700 3610 1719 3615 -
1738 3597 1773 3621 Ibi
1794 3596 1926 3622 Similiter
1943 3597 2032 3626 etiam,
2053 3595 2185 3621 Similiter
2203 3598 2292 3620 autem
2307 3595 2336 3621 P.
2355 3595 2454 3621 Eadem
2473 3599 2534 3628 post

1463 3630 1489 3655 in
1510 3631 1680 3664 inferioribus
1698 3632 1792 3656 omittit
1810 3632 1966 3664 corpor-{bus

2563 1059 2574 1069 ·
2584 1064 2634 1080 σωκ
2644 1058 2698 1080 add.
2708 1058 2778 1081 codd.

2563 2128 2707 2152 'nomm

2561 2179 2775 2229 {efssawm‘

2560 2340 2693 2362 ’comt

2556 2924 2570 2936 ⁶
2583 2930 2631 2947 non
2644 2924 2715 2947 nabet
2722 2930 2745 2947 Α.

2558 3088 2570 3100 ⁸
2586 3088 2748 3111 Meum-cod

2557 3146 2569 3158 '
2577 3145 2624 3168 (Ἅι.
2629 3145 2714 3173 lectar,
2722 3151 2746 3168 n.

2558 3178 2583 3195 ιο
2597 3178 2650 3202 nqq.

2558 3356 2698 3380 ’Eteodd.
