2782 4134
0 924 9 931 >
29 895 44 909 ⁴
59 895 98 919 Cf.
113 896 166 918 lect.
182 901 244 923 uu,

0 949 3 955 ‚
30 928 89 950 n.4.

0 1010 16 1096 ἑᾷ

0 1097 18 1150 ἓξ
30 1108 46 1122 ·
57 1108 130 1131 Num.
141 1113 192 1136 seq,

1088 269 1199 305 CAP.
1229 270 1334 316 xm,
1366 269 1518 306 LECT.
1548 269 1658 307 xxv

275 343 349 372 ratio
363 344 400 371 ab
416 343 456 371 eis
475 343 574 371 allata:
597 353 658 372 non
676 343 754 371 enlm
769 344 837 372 dicit
853 354 942 381 quare
956 345 986 373 in
1001 352 1129 375 extremo
1145 354 1243 375 manet
1261 347 1344 384 ignis·

275 382 306 411 Si
320 390 417 411 autem
432 383 501 419 quia
518 383 649 411 naturale
664 383 718 411 sibi
733 390 784 419 est,
799 384 872 421 ignis
888 384 916 412 in
933 391 1060 414 extremo
1077 387 1206 423 quiescit,
1222 387 1284 423 pari
1299 396 1344 415 ra-

274 422 355 451 tione
365 422 395 450 in
408 422 505 450 medio
523 422 644 459 quiescit
659 429 742 457 terra,
755 432 790 451 eo
810 425 891 460 quod
906 433 974 452 suae
985 432 1104 453 naturae
1116 433 1158 454 est
1169 436 1343 455 consonum.

273 479 292 484 —
300 462 470 490 Afferuntur
484 462 615 499 exempla
626 464 780 499 quaedam,
792 463 897 500 quibus
909 464 1084 499 positionem
1097 475 1179 493 suam
1190 466 1343 495 defendere

274 502 423 538 nituntur;
446 502 559 539 illisque
580 503 780 539 respondetur.
795 519 815 523 —
835 504 861 531 5.
885 504 1006 538 Quarto,
1030 504 1113 533 Ratio
1135 507 1171 533 ab
1187 506 1256 541 ipsis
1277 507 1344 534 data

274 542 346 570 nihil
360 552 478 578 prorsus
491 542 526 570 de
537 548 620 570 motu
631 551 789 578 corporum
804 542 884 570 dicit:
898 544 975 571 unde
987 550 1015 571 et
1026 552 1059 571 ex
1072 545 1125 572 hac
1139 552 1219 580 parte
1231 543 1342 573 insuffi-

275 582 353 610 ciens
375 589 426 610 est.
442 599 461 604 -
476 583 503 610 6.
519 583 679 617 Praeterea,
702 582 804 610 falsum
820 583 1028 619 praesupponit
1043 593 1145 612 eorum
1160 592 1342 621 argumenta-

275 622 327 651 tio.
348 623 416 651 Non
430 622 508 650 enim
522 621 720 650 universaliter
733 631 835 650 verum
851 629 902 658 est,
917 622 947 650 id
962 624 1043 659 quod
1058 623 1087 651 in
1102 624 1200 652 medio
1215 624 1342 660 ponitur,

539 888 593 925 nit
625 888 1060 937 quintam'solutionem
1076 890 1107 936 ³²,
1129 890 1342 926 secundum

274 953 390 990 quarn
420 941 631 989 assignatur
659 943 753 979 ratio
774 942 910 992 quietis
930 950 1051 980 terrae
1081 955 1126 980 ex
1146 943 1257 980 simili
1278 943 1356 980 ha-'

273 994 443 1032 bitudine
468 994 560 1031 caeli
585 996 633 1032 ad
658 1003 797 1033 terram
819 1009 864 1033 ex
884 997 990 1033 omni
1009 1005 1128 1046 parte.
1151 998 1200 1034 Et
1217 997 1343 1045 primo

273 1048 438 1096 assignat
465 1049 565 1085 hanc
593 1049 797 1095 rationem;
828 1051 998 1087 secundo
1027 1051 1220 1099 improbat
1244 1062 1343 1098 eam,

272 1101 346 1138 ibi:
374 1102 466 1138 Hoc
492 1107 618 1139 autem
648 1103 783 1140 dicitur
808 1104 828 1125 *
857 1111 926 1140 etc.

326 1154 427 1192 Dicit
455 1167 545 1203 ergo
573 1155 700 1204 primo
729 1157 836 1205 quod
864 1157 1022 1206 quidam
1044 1157 1252 1195 dixerunt*
1272 1165 1343 1194 ter-

221 1257 234 1260 ·
265 1208 566 1257 [amquiescere
583 1209 619 1246 in
635 1210 765 1247 medio
781 1211 1236 1260 proptersimilitudinem,
1249 1210 1346 1248 idest

273 1261 435 1298 similem
452 1262 530 1299 eius
549 1263 812 1301 habitudinem
829 1264 876 1302 ad
897 1277 1055 1301 omnem
1074 1271 1222 1314 partem
1238 1263 1343 1301 caeli.

273 1315 324 1352 Et
336 1315 412 1352 hoc
430 1315 527 1352 inter
541 1317 717 1365 antiquos
737 1317 828 1355 dixit
841 1318 1136 1355 Anaximander.
1150 1319 1224 1354 Per
1239 1318 1344 1367 quod

274 1368 339 1405 dat
364 1369 569 1417 intelligere
598 1370 704 1419 quod
733 1371 847 1408 etiam
876 1371 1064 1420 aliquibus
1084 1371 1141 1408 sui
1161 1370 1345 1420 temporis

273 1423 349 1472 hoc
367 1422 580 1460 videbatur.
602 1423 748 1461 Dicitur
767 1424 868 1461 enim
888 1425 995 1461 Plato
1015 1425 1090 1461 hoc
1109 1424 1284 1473 posuisse
1305 1426 1343 1461 *ε

274 1475 342 1512 sed
369 1483 500 1513 tamen
523 1476 744 1514 Aristoteles
771 1478 847 1514 hoc
875 1478 908 1514 ei
937 1490 1016 1515 non
1044 1478 1227 1527 imponit,
1256 1478 1345 1526 quia

274 1541 390 1578 supra
408 1529 428 1550 *
457 1529 490 1566 ei
510 1529 746 1579 imposuerat
764 1531 870 1580 quod
897 1539 1119 1568 moveretur
1147 1531 1186 1569 in
1213 1532 1344 1569 medio

275 1582 374 1619 circa
388 1594 500 1619 axem
516 1583 651 1621 mundi
669 1582 698 1621 Ρ.
711 1605 735 1612 -
753 1584 843 1622 ldeo
859 1592 988 1622 autem
1010 1585 1188 1622 dicebant
1205 1593 1345 1622 terram

273 1643 430 1685 propter
448 1635 736 1674 similitudinem
757 1650 926 1685 manere,
943 1638 1034 1687 quia
1053 1639 1156 1676 nulla
1177 1646 1232 1676 est
1251 1639 1345 1676 ratio

273 1701 392 1739 quare
415 1688 459 1726 'id
487 1690 594 1738 quod
623 1698 678 1727 est
706 1691 743 1728 in
773 1691 903 1729 medio
939 1693 1189 1739 collocatum,
1223 1693 1345 1741 magis

213 1779 219 1784 ,
274 1750 476 1780 moveatur
503 1752 656 1781 sursum
676 1745 738 1781 vel
765 1745 959 1792 deorsum,
981 1754 1045 1782 aut
1062 1758 1198 1783 versus
1217 1746 1309 1783 alias
1324 1747 1344 1767 *

272 1797 403 1845 plagas
433 1797 538 1843 caeli,
560 1810 647 1834 cum
672 1798 843 1835 similiter
866 1811 907 1836 se
930 1799 1070 1836 habeat
1096 1799 1266 1849 undique
1296 1800 1344 1837 ad

275 1857 461 1896 extrema;
491 1850 725 1900 impossibile
751 1859 807 1889 est
835 1860 963 1889 autem
987 1853 1092 1901 quod
1121 1853 1234 1890 simul
1262 1866 1345 1890 mo-

272 1910 409 1947 veatur
428 1903 477 1941 ad
497 1904 704 1942 contrarias
723 1913 865 1954 partes;
887 1918 977 1954 ergo
999 1906 1221 1956 relinquitur
1240 1907 1345 1957 quod

273 1968 319 1994 ex
346 1957 570 1995 necessitate
599 1958 770 2006 quiescat
797 1959 835 1996 in
865 1959 1007 1997 medio.

328 2021 363 2047 2.
392 2010 542 2049 Deinde
572 2024 661 2048 cum
691 2012 800 2050 dicit.-
828 2013 919 2050 Hoc
946 2019 1070 2050 autem
1096 2014 1232 2051 dicitur
1260 2021 1343 2062 etc.,

271 2063 465 2112 improbat
492 2065 728 2114 praedictam
757 2066 957 2103 rationem.
988 2068 1038 2104 Et
1060 2067 1183 2116 primo
1205 2080 1250 2104 ex
1270 2068 1345 2104 hoc

271 2117 378 2166 quod
407 2116 500 2154 ratio
529 2131 608 2156 non
637 2127 693 2156 est
721 2119 956 2165 necessaria3
993 2121 1165 2158 secundo
1195 2134 1241 2158 ex
1269 2122 1344 2158 hoc

271 2170 377 2219 quod
406 2172 587 2220 supponit
615 2173 765 2219 falsum,
796 2173 867 2210 ibi:
898 2174 973 2210 Sed
997 2174 1122 2211 adhuc
1140 2186 1260 2223 neque
1282 2186 1344 2212 ve-

272 2235 359 2260 rum
388 2226 490 2272 quod
515 2226 651 2263 dicitur
671 2227 691 2248 *
721 2234 790 2263 etc.

325 2277 426 2314 Dicit
453 2291 543 2327 ergo
572 2279 697 2328 primo
718 2280 824 2329 quod
852 2279 890 2317 id
911 2280 1016 2329 quod
1036 2280 1180 2318 dictum
1202 2289 1268 2328 est,
1289 2282 1345 2318 vi-

273 2329 384 2368 detur
410 2332 705 2380 persuasibiliter
733 2333 824 2381 dici,
853 2346 933 2371 non
965 2341 1095 2371 tamen
1128 2346 1220 2372 vere
1239 2340 1266 2372 ⁷.
1297 2336 1346 2372 Et

271 2383 348 2420 hoc
370 2386 508 2433 probat
526 2394 691 2435 quatuor
710 2387 931 2424 rationibus.
953 2388 1129 2434 Quarum
1143 2388 1268 2437 prima
1289 2396 1346 2426 est

271 2437 362 2486 quia
382 2439 414 2485 ²²,
435 2439 650 2477 secundum
678 2440 914 2489 praedictam
943 2441 1143 2488 rationem,
1171 2454 1344 2479 necessa-

271 2489 372 2528 rlum
392 2500 492 2529 esset
510 2492 706 2541 quiescere
726 2506 844 2531 omne
863 2494 969 2543 quod
983 2495 1138 2544 ponitur
1157 2495 1195 2532 in
1214 2495 1343 2533 medio

271 2546 324 2591 (et
351 2544 405 2582 sic
424 2554 646 2595 sequeretur
665 2548 770 2596 quod
790 2548 904 2585 etiam
921 2549 941 2569 *
962 2548 1067 2596 ignis,
1088 2548 1119 2586 si
1137 2557 1345 2598 poneretur

270 2597 310 2635 in
338 2599 490 2646 medio,
519 2600 751 2649 quiesceret;
786 2602 891 2650 quod
919 2609 1024 2651 patet
1052 2614 1134 2639 esse
1163 2603 1342 2649 falsum):

272 2651 361 2701 quia
379 2651 419 2689 id
437 2653 544 2701 quod
563 2654 774 2702 assignatur
800 2667 870 2704 pro
901 2668 1015 2692 causa
1035 2655 1182 2705 quietis,
1204 2656 1345 2693 scilicet

272 2717 356 2742 esse
384 2704 422 2742 in
451 2706 594 2753 medio,
615 2720 694 2744 non
723 2708 904 2757 accipitur
922 2716 964 2745 ut
982 2709 1182 2758 proprium
1202 2717 1341 2756 terrae;

272 2770 362 2795 cum
391 2766 520 2796 tamen
550 2760 723 2808 effectus,
754 2761 893 2799 scilicet
913 2762 1107 2811 quiescere
1136 2762 1174 2800 in
1199 2763 1342 2811 medio,

270 2811 318 2848 sit
343 2812 544 2862 proprium
572 2821 706 2851 terrae.

326 3017 354 3050 α)
372 3017 516 3042 secundum
529 3024 609 3050 quam
624 3017 788 3043 sumebatur.
800 3031 818 3036 -
832 3018 868 3042 lta
880 3018 964 3050 AsF1;
982 3026 1035 3051 qua
1049 3019 1205 3044 sumebatur
1219 3019 1248 3050 P,
1263 3027 1342 3052 quam

271 3053 392 3078 sumebat
404 3053 444 3077 vel
458 3060 538 3090 quan-1
553 3053 693 3078 sumebant
712 3058 788 3078 cet.-
807 3053 930 3078 Similiter
948 3059 1007 3086 post
1026 3055 1090 3079 duas
1110 3055 1190 3079 lineas
1210 3063 1258 3087 pro
1277 3055 1343 3080 assi-

272 3092 375 3122 gnatur
392 3088 472 3118 ratio,
493 3093 570 3121 prout
588 3089 700 3120 legimus
719 3097 778 3114 cum
798 3089 904 3119 AEsFl,
930 3090 1053 3123 assignat
1071 3090 1202 3115 rationem
1222 3091 1256 3122 P,
1275 3091 1342 3116 assi-

272 3127 340 3158 gnat
358 3123 430 3148 ratio
448 3124 556 3156 BCGpF
558 3124 576 3148 1.
588 3137 607 3144 -
618 3124 669 3149 Pro
688 3125 770 3149 simili
787 3125 957 3155 habitudine,
976 3126 1152 3151 similitudine
1166 3127 1185 3150 P
1201 3131 1226 3151 et
1240 3126 1342 3151 codices

233 3193 240 3199 ἡ
271 3164 380 3192 excepto
399 3160 431 3184 Α.

327 3193 353 3227 β)
368 3195 415 3219 sed
429 3197 517 3219 tamen
571 3194 598 3219 in
618 3195 704 3220 medio
722 3196 795 3221 circa
808 3203 890 3221 axem
906 3197 1008 3222 mundi.
1021 3209 1040 3216 —-
1053 3197 1090 3222 Ita
1102 3197 1133 3227 A,
1149 3205 1201 3222 exc.
1216 3197 1286 3229 quod
1301 3200 1342 3222 ta-

273 3237 331 3255 men
351 3230 463 3260 omittit;
481 3230 529 3255 sed
547 3234 636 3255 tamen
659 3231 816 3257 Aristoteles
834 3232 884 3257 hoc
902 3232 927 3257 ei
945 3232 1072 3264 imponit,
1091 3233 1190 3265 quia...
1209 3233 1235 3257 in
1255 3233 1342 3257 medio

272 3273 328 3291 axe
347 3266 441 3290 mundi
455 3266 486 3296 Ρ;
506 3274 555 3298 pro
574 3269 675 3295 tamen.
691 3270 796 3292 tantum
812 3267 889 3298 BCF;
908 3275 956 3300 pro
975 3275 1037 3297 non,
1057 3271 1146 3292 tamen
1161 3268 1238 3292 iidem
1253 3273 1278 3292 et
1291 3268 1341 3297 sG;

272 3309 322 3334 pro
341 3301 367 3326 in
388 3302 475 3326 medio
493 3301 566 3326 cirea
584 3309 674 3330 axem,
691 3302 716 3327 in
738 3303 824 3328 medio
843 3303 870 3327 in
889 3310 945 3328 axe
959 3303 991 3332 sl,
1006 3304 1032 3328 in
1054 3303 1140 3328 medio
1159 3303 1239 3328 etiam
1255 3303 1293 3335 (et
1307 3303 1340 3335 G)

272 3344 328 3361 axe
347 3341 394 3361 cet.
406 3351 426 3356 -
444 3340 545 3362 terram
564 3343 625 3370 post
643 3338 766 3363 dicebant
783 3346 837 3363 om.
856 3339 932 3363 codd.
951 3346 1005 3364 exc.
1024 3340 1057 3363 Α.

326 3372 353 3406 γ)
370 3372 444 3398 Dicit
456 3380 521 3406 ergo
531 3373 655 3404 primo...
669 3381 722 3398 non
738 3377 826 3399 tamen
839 3381 933 3399 vere.—
942 3374 978 3398 lta
987 3375 1018 3403 Α,
1029 3382 1083 3398 exc.
1094 3374 1163 3406 quod
1175 3381 1222 3406 pro
1228 3380 1342 3405 persua-

273 3407 386 3433 sibiliter
404 3413 524 3440 corrupte
542 3408 620 3434 habet
634 3409 813 3440 persualiter;
832 3409 924 3434 Primo
944 3409 1009 3434 dicit
1021 3409 1092 3441 quod
1107 3409 1135 3433 id
1153 3409 1225 3441 quod
1239 3408 1340 3433 dictum

273 3446 313 3468 est
326 3443 541 3475 persuasibiliter
554 3444 662 3474 dicitur,
684 3452 735 3470 non
755 3448 843 3470 tamen
863 3448 904 3470 est
922 3451 1013 3469 ver-um
1035 3445 1066 3475 Ρ;
1087 3444 1162 3468 Dicit
1179 3451 1244 3476 ergo
1265 3442 1341 3476 (ergo

272 3486 327 3503 om.
341 3478 433 3512 BGpI)
449 3479 521 3511 quod
540 3479 568 3504 id
581 3480 653 3512 quod
672 3480 772 3505 dictum
791 3484 831 3506 est
850 3480 956 3505 videtur
970 3479 1185 3511 persuasibiliter
1203 3478 1261 3511 (pro
1276 3486 1339 3510 per-

271 3513 449 3543 suasibiliter,
470 3521 531 3539 vere
550 3516 582 3546 sl,
603 3516 713 3548 spatium
728 3523 782 3540 vac.
796 3516 847 3548 pG,
862 3523 914 3539 om.
930 3513 1087 3548 BCDFpEl)
1103 3514 1167 3542 dici,
1183 3521 1235 3538 non
1252 3517 1340 3538 tamen

273 3556 365 3574 uerum
386 3549 442 3580 (est
461 3550 518 3574 add.
534 3550 575 3582 sl)
595 3557 643 3575 cet.
658 3551 769 3576 codices.

327 3583 352 3616 δ)
376 3584 426 3609 Ubi
443 3588 566 3610 autem...
584 3586 728 3611 secundum
747 3593 823 3611 suam
843 3589 978 3610 naturam.
992 3598 1011 3603 —
1029 3584 1187 3609 Sententiam
1207 3584 1283 3608 istam
1303 3583 1339 3608 sic

254 3649 257 3651 ,
273 3625 428 3645 construunt
444 3621 533 3645 codd.:
549 3621 589 3646 Ibi
607 3624 696 3646 autem
715 3621 826 3654 quiescit
846 3619 977 3653 (quiescet
995 3620 1026 3648 D,
1041 3619 1159 3651 quiescat
1171 3618 1234 3653 EG)
1250 3626 1340 3643 secun-

2391 272 2465 308 215

1400 347 1430 376 in
1452 357 1488 376 eo
1512 358 1546 376 ex
1566 348 1735 376 necessitate
1757 349 1916 385 quiescere;
1938 350 1989 377 sed
2012 355 2124 378 tantum
2147 350 2245 386 quoad
2265 356 2360 378 totum
2385 351 2465 386 quod

1399 387 1595 416 indifferenter
1609 398 1639 416 se
1654 389 1740 416 habet
1761 395 1792 416 ut
1813 389 1869 417 huc
1890 389 1934 417 vel
1955 389 2020 417 illuc
2042 396 2201 417 moveatur.
2224 389 2254 417 Si
2269 396 2365 417 autem
2387 390 2468 418 incli-

1399 434 1483 456 netur
1497 429 1534 456 ad
1549 429 1624 456 hanc
1638 429 1682 456 vel
1695 428 1772 456 illam
1787 435 1908 465 partem,
1926 429 2088 457 movebitur
2103 430 2262 457 secundum
2278 436 2380 465 partes,
2399 439 2466 466 pars

1399 467 1504 496 scilicet
1525 469 1562 496 ad
1577 475 1688 504 partem
1704 468 1758 496 sibi
1772 469 2034 505 proportionatam.
2055 470 2118 496 Hoc
2132 475 2226 496 toturn
2241 475 2319 505 patet
2334 470 2467 505 exemplo

1398 507 1471 544 ignis
1486 507 1516 535 in
1531 508 1629 536 medio
1645 508 1746 536 mundi
1767 508 1862 545 positi.
1878 525 1897 530 -
1912 518 1938 545 7.
1958 510 2018 536 Nec
2032 508 2118 537 obiici
2134 515 2228 545 potest
2243 510 2323 545 quod
2338 509 2466 546 singulae

1399 554 1493 582 partes
1508 547 1580 584 ignis
1595 548 1632 575 ad
1647 548 1772 585 singulas
1787 548 1858 577 caeli
1872 555 1967 584 partes
1982 548 2047 576 ferri
2067 555 2223 585 nequeant,
2245 558 2280 576 eo
2301 550 2381 585 quod
2402 558 2467 576 cae-

1397 586 1458 614 lum
1473 587 1502 614 in
1518 587 1675 623 quantitate
1690 588 1801 616 excedit
1821 589 1919 616 locum
1935 588 2077 616 medium:
2101 589 2168 625 quia
2183 598 2233 625 per
2247 588 2467 616 rarefactionem

1396 625 1472 653 idem
1496 636 1602 663 corpus
1617 637 1650 655 ex
1665 637 1753 664 parvo
1769 628 1834 656 loco
1850 629 1887 656 ad
1902 628 2042 657 maiorem
2057 628 2228 656 extenditur.
2244 645 2263 650 -
2276 628 2424 665 Epilogus.

1456 733 1489 768 3.
1522 733 1740 770 Secundam
1770 733 1955 771 rationem
1983 734 2091 783 ponit
2119 734 2191 771 ibi:
2227 735 2303 771 Sed
2328 741 2364 771 et
2389 748 2464 772 non

1401 786 1651 822 necessarium
1682 794 1750 823 etc.
1781 788 1829 824 Et
1858 787 1945 824 dicit
1973 788 2078 836 quod
2107 800 2185 825 non
2210 795 2266 825 est
2293 800 2466 824 necessa-

1400 837 1496 873 rium
1517 838 1639 874 dicere
1660 839 1764 887 quod
1791 848 1889 876 terra
1917 841 2086 889 quiescat
2104 841 2142 878 in
2162 841 2290 878 medio
2310 849 2468 890 propter

1399 890 1694 938 similitudinem,
1726 904 1813 928 cum
1842 893 2055 931 inveniatur
2082 894 2154 931 alia
2179 894 2468 931 convenientior

1400 956 1525 980 causa.
1558 945 1679 980 Terra
1708 945 1808 981 enirn
1837 958 1915 982 non
1944 948 2067 984 solum
2094 947 2245 984 videtur
2273 947 2466 996 quiescere

1399 996 1436 1033 in
1456 997 1603 1043 medio,
1633 997 1700 1034 secl
1730 997 1842 1034 etiam
1872 999 1957 1035 ferri
1986 1001 2034 1037 ad
2063 1001 2255 1047 medium,
2286 1001 2354 1037 etsi
2387 1013 2466 1038 non

1399 1050 1611 1086 secundum
1631 1063 1671 1087 se
1691 1058 1822 1097 totam,
1844 1059 1971 1089 tamen
1992 1054 2201 1091 secundum
2220 1066 2307 1091 suas
2326 1062 2464 1103 partes.

1399 1103 1549 1140 Eadem
1579 1103 1680 1140 enim
1702 1105 1722 1125 '¹‘
1752 1111 1807 1140 est
1826 1105 1918 1140 ratio
1943 1106 1990 1142 de
2015 1114 2121 1143 motu
2140 1107 2253 1144 totius
2274 1115 2310 1144 et
2333 1107 2465 1156 partis:

1399 1169 1644 1205 quocumque
1674 1157 1776 1194 enim
1801 1158 1915 1194 fertur
1942 1171 2028 1206 pars
2057 1160 2153 1207 eius,
2183 1161 2298 1197 fertur
2325 1161 2372 1197 de
2401 1172 2466 1197 ne-

1399 1210 1570 1246 cessitate
1600 1218 1636 1246 et
1663 1218 1784 1247 totum
1803 1211 1839 1257 ³¹⁶,
1869 1211 1899 1247 si
1929 1219 2030 1248 extra
2059 1225 2170 1249 suum
2198 1215 2326 1250 locum
2356 1221 2464 1250 esset.

1399 1263 1474 1300 Ubi
1494 1270 1621 1300 autem
1641 1264 1756 1300 fertur
1782 1265 1994 1301 secundum
2022 1274 2205 1313 naturam,
2231 1267 2282 1303 ibi
2307 1274 2343 1303 et
2361 1267 2466 1316 quie—

1400 1316 1467 1353 scit
1486 1317 1700 1354 secundum
1717 1329 1824 1353 suam
1840 1315 2043 1354 naturam'3.
2063 1319 2124 1355 Sic
2140 1332 2228 1367 ergo
2244 1328 2346 1369 patet
2361 1320 2466 1368 quod

1398 1378 1497 1407 terra
1526 1370 1684 1419 quiescit
1716 1370 1755 1407 in
1789 1371 1918 1407 medio
1947 1379 2102 1420 propter
2131 1385 2240 1409 suam
2270 1381 2465 1420 naturam,

1400 1431 1437 1460 et
1464 1436 1543 1461 non
1567 1431 1723 1472 propter
1750 1424 1825 1460 hoc
1853 1425 1956 1472 quod
1985 1425 2149 1462 similiter
2176 1438 2216 1462 se
2249 1427 2387 1463 habeat
2419 1427 2467 1464 ad

1401 1485 1585 1514 extrema:
1607 1477 1696 1526 quia
1715 1478 1790 1514 hoc
1808 1485 1933 1526 potest
1953 1490 2034 1515 esse
2055 1491 2260 1515 commune
2277 1480 2466 1527 omnibus,

1399 1539 1441 1568 ut
1471 1539 1663 1580 ponantur
1696 1531 1734 1568 in
1766 1531 1918 1576 medio;
1953 1531 2020 1568 sed
2054 1532 2267 1569 naturaliter
2299 1533 2385 1569 ferri
2419 1533 2468 1570 ad

1401 1584 1571 1622 medium
1596 1592 1651 1621 est
1678 1583 1876 1634 proprium
1906 1592 2039 1621 terrae.

1453 1650 1490 1685 4.
1521 1637 1692 1674 Tertiam
1726 1637 1912 1674 rationem
1950 1637 2057 1686 ponit
2089 1638 2159 1675 ibi:
2197 1639 2468 1676 Inconveniens

1399 1697 1525 1729 autem
1555 1699 1643 1737 etc.;
1674 1703 1772 1740 quae
1802 1691 1965 1728 ostendit
1994 1691 2107 1728 etiam
2132 1691 2438 1729 insufficientiam
2457 1698 2469 1713 ¹

1399 1745 1510 1782 huius
1526 1744 1692 1782 rationis.
1710 1745 1759 1781 Et
1774 1744 1862 1781 dicit
1877 1745 1981 1794 quod
1997 1745 2267 1782 inconveniens
2284 1753 2339 1782 est
2353 1758 2467 1794 quae-

1401 1811 1482 1835 rere
1502 1806 1658 1848 propter
1687 1798 1777 1847 quid
1797 1806 1896 1835 terra
1924 1798 2092 1847 quiescat
2111 1799 2148 1835 in
2169 1799 2310 1846 medio,
2332 1806 2368 1836 et
2387 1811 2467 1837 non

1399 1864 1582 1901 quaerere
1599 1864 1716 1901 quare
1732 1851 1826 1899 ignis
1842 1851 2011 1900 quiescat
2026 1851 2063 1888 in
2080 1859 2261 1889 extremo.
2279 1852 2318 1889 Si
2335 1852 2435 1889 enim
2448 1855 2467 1874 ’²‘

1399 1906 1493 1954 ignis
1513 1905 1672 1955 quiescit
1690 1906 1710 1926 '¹‘
1729 1905 1792 1951 ibi,
1813 1905 1902 1954 quia
1922 1906 2026 1942 locus
2048 1913 2234 1942 extremus
2255 1906 2469 1944 naturaliter

1400 1959 1579 1997 convenit
1608 1959 1661 2006 ei,
1702 1959 1839 1996 eadem
1869 1959 2013 1996 ratione
2049 1959 2252 1996 dicendum
2282 1967 2336 1996 est
2365 1959 2469 2009 quod

1398 2021 1498 2050 terra
1525 2013 1665 2050 habeat
1698 2013 1891 2062 quendam
1923 2013 2050 2049 locum
2084 2013 2293 2049 naturalem
2326 2013 2364 2050 in
2393 2025 2468 2062 quo

1399 2067 1570 2117 quiescat
1590 2068 1621 2103 *.
1653 2066 1705 2108 Si,
1723 2066 1824 2103 enim
1862 2065 1923 2103 hic
1951 2067 2058 2102 locus
2093 2066 2157 2115 qui
2184 2074 2239 2103 est
2265 2066 2414 2104 medius
2434 2066 2467 2113 ζ,

1399 2134 1479 2158 non
1517 2121 1561 2157 sit
1597 2121 1704 2157 locus
1742 2119 1781 2156 in
1818 2132 1895 2168 quo
1934 2119 2151 2156 naturaliter
2183 2120 2362 2168 quiescit,
2403 2121 2469 2157 sed

1399 2182 1530 2211 manet
1557 2173 1594 2210 in
1618 2173 1747 2210 medio
1780 2180 1936 2222 propter
1968 2173 2231 2210 necessitatem
2261 2173 2468 2211 similitudi-

1400 2228 1477 2275 nis,
1508 2234 1622 2264 restat
1657 2226 1709 2264 eis
1747 2238 1928 2276 quaerere
1966 2239 2082 2276 quare
2116 2226 2210 2275 ignis
2244 2235 2397 2264 maneat
2429 2227 2469 2265 in

1401 2281 1588 2318 extremis.

1453 2336 1503 2371 Et
1521 2333 1629 2383 ponit
1649 2334 1823 2383 exempla
1844 2334 1891 2371 de
1911 2333 2036 2383 quiete
2057 2341 2177 2371 terrae
2197 2333 2235 2371 in
2253 2334 2394 2382 medio,
2411 2346 2468 2371 se-

1400 2388 1569 2425 cundum
1589 2387 1775 2437 quasdam
1804 2387 1970 2424 rationes
1998 2388 2265 2436 sophistarum,
2295 2387 2360 2435 qui
2378 2400 2467 2436 pro-

1400 2442 1491 2478 bare
1518 2441 1748 2478 videbantur
1776 2441 1881 2489 quod
1910 2441 1940 2477 si
1968 2441 2117 2487 trichos,
2146 2441 2242 2478 idest
2271 2441 2423 2489 capillus
2437 2447 2463 2489 η,

1398 2495 1541 2532 fortiter
1569 2495 1800 2542 extendatur,
1822 2494 1928 2542 quod
1958 2507 2036 2532 non
2066 2495 2273 2542 frangetur;
2303 2494 2391 2543 quia
2419 2495 2466 2531 si-

1397 2549 1562 2585 militer*
1578 2548 1748 2597 undique
1768 2547 1990 2595 extenditur,
2013 2556 2049 2585 et
2068 2561 2147 2585 non
2167 2555 2222 2585 est
2236 2548 2327 2584 ratio
2348 2560 2466 2596 quare

1398 2602 1519 2650 magis
1539 2602 1730 2650 frangatur
1750 2604 1767 2620 ⁴*
1789 2601 1827 2638 in
1854 2614 1932 2638 uno
1962 2602 2047 2638 loco
2077 2614 2194 2650 quam
2214 2602 2252 2638 in
2272 2601 2357 2638 alio.
2388 2602 2465 2639 Sed

1397 2657 1492 2693 haec
1522 2655 1615 2692 ratio
1645 2655 1849 2704 sophistica
1882 2662 1953 2692 est:
1987 2655 2111 2704 primo
2146 2655 2303 2702 quidem
2329 2656 2348 2676 ³²²
2377 2655 2465 2703 quia

1399 2709 1550 2747 difficile
1581 2716 1636 2746 est
1667 2716 1710 2745 ut
1744 2708 1913 2745 similiter
1945 2709 1991 2745 sit
2023 2708 2192 2756 undique
2228 2715 2402 2745 extensus
2430 2706 2462 2754 ⁶;

1398 2762 1568 2800 secundo
1593 2762 1693 2811 quia,
1718 2762 1793 2799 hoc
1813 2762 1927 2799 etiam
1952 2762 2087 2810 posito,
2110 2762 2299 2809 frangetur
2322 2762 2360 2798 in
2384 2774 2463 2798 me-

1399 2816 1474 2863 dio,
1505 2816 1595 2865 quia
1618 2815 1669 2852 ibi
1690 2815 1878 2852 concurrit
1905 2815 2085 2852 violentia
2109 2827 2206 2863 quae
2232 2827 2276 2851 ex
2304 2822 2462 2863 utraque

1398 3019 1460 3044 dum
1476 3023 1611 3049 naturam,
1625 3027 1676 3052 quo
1691 3023 1813 3044 movetur·
1830 3019 1972 3044 secundum
1987 3026 2063 3043 suam
2079 3016 2169 3050 (suam
2183 3026 2235 3042 om.
2249 3017 2314 3052 AG)
2328 3022 2462 3045 naturam.

1397 3056 1494 3079 Mutato
1513 3061 1611 3080 tantum
1632 3055 1746 3087 quiescet
1764 3055 1790 3079 in
1809 3055 1918 3087 quiescit
1942 3054 2102 3078 servavimus
2122 3054 2141 3078 P
2148 3062 2155 3084 ;
2175 3053 2206 3078 cf.
2227 3058 2286 3078 text.
2305 3068 2325 3072 -
2343 3055 2462 3087 Sequens

1397 3091 1522 3115 homotel.
1542 3091 1587 3116 Sic
1605 3098 1703 3123 ergo..
1723 3094 1848 3115 naturam
1868 3098 1920 3113 om.
1936 3089 1963 3113 P.

1450 3125 1472 3159 ε)
1493 3132 1560 3158 quae
1578 3126 1696 3151 ostendit
1713 3126 1793 3150 etiam
1808 3124 2030 3158 insufficientiam.
2044 3138 2063 3142 -—
2077 3124 2096 3148 P
2111 3131 2165 3149 om.
2176 3131 2257 3156 quae;
2275 3125 2395 3150 ABDIsG
2407 3133 2461 3150 om.

1397 3161 1495 3190 Δίωνι,-
1515 3166 1563 3186 cet.
1583 3162 1672 3193 legunt
1690 3161 1887 3193 sufficientiam,
1908 3159 1939 3183 cf.
1959 3168 1984 3183 n.
2000 3158 2024 3183 5.

1450 3196 1476 3230 ζ)
1497 3197 1529 3221 Si
1540 3197 1608 3221 enim
1655 3196 1766 3220 medius.
1778 3209 1797 3213 -
1809 3196 1840 3220 Si
1852 3202 1914 3219 vero
1929 3194 1978 3219 iste
1992 3195 2064 3219 locus
2077 3194 2123 3226 qui
2134 3198 2174 3219 est
2186 3194 2301 3219 medium
2314 3196 2345 3220 A.
2354 3196 2462 3221 -Linea

1397 3240 1452 3264 seq.
1472 3240 1519 3264 pro
1537 3231 1661 3263 quiescit,
1681 3231 1799 3263 quiescat
1817 3231 1846 3255 P.
1863 3244 1882 3249 —
1901 3230 1935 3253 lbi
1955 3233 2039 3254 restat
2057 3230 2094 3254 eis
2113 3237 2248 3262 quaerere,
2268 3234 2352 3256 restat
2369 3234 2459 3256 autem

1396 3267 1575 3299 quaerendum
1595 3267 1627 3291 Α.

1450 3302 1476 3335 η)
1496 3302 1520 3326 si
1538 3302 1637 3326 trichos
1657 3301 1725 3325 idest
1740 3300 1860 3332 capillus.
1873 3313 1892 3318 —
1911 3300 1961 3324 Pro
1980 3300 2079 3325 trichos
2099 3298 2183 3333 (θρίξ),
2202 3300 2225 3324 Α
2244 3301 2359 3331 erichos;
2379 3302 2423 3326 PsI
2437 3302 2462 3326 si

1397 3338 1495 3362 tricosa
1514 3337 1617 3368 capillis
1624 3343 1632 3364 ,⁴
1651 3341 1698 3360 cet.
1718 3335 1872 3360 contrahunt
1890 3335 1914 3359 si
1932 3335 2030 3360 trichos
2050 3335 2130 3365 idest,
2144 3336 2170 3359 in
2182 3336 2335 3367 siccricosa,
2354 3337 2396 3361 vel
2416 3338 2460 3361 ali-

1397 3373 1458 3405 quid
1478 3372 1575 3401 simile3
1596 3371 1630 3395 sF
1650 3371 1710 3403 legit
1728 3371 1751 3395 si
1769 3370 1859 3402 aliqua
1874 3370 1960 3401 pellis.

1449 3406 1473 3441 θ)
1494 3407 1601 3440 difficile
1619 3409 1659 3431 est
1678 3409 1707 3430 ut
1725 3405 1848 3430 similiter
1866 3406 1902 3430 sit
1920 3406 2036 3438 undique
2054 3409 2189 3431 extensus.
2203 3420 2222 3424 —
2240 3407 2276 3431 lta
2294 3407 2332 3438 A3
2351 3407 2461 3440 difficile

1395 3446 1434 3467 est
1452 3442 1558 3471 excuti,
1579 3442 1603 3466 si
1620 3441 1743 3465 similiter
1761 3441 1796 3465 sit
1815 3440 1930 3473 undique
1952 3445 2079 3466 extensus
2099 3442 2117 3465 P
2124 3450 2131 3472 ;
2152 3441 2261 3474 difficile
2279 3446 2319 3467 est
2336 3443 2408 3475 quod
2424 3443 2461 3468 sit

1396 3478 1448 3509 (sit
1465 3485 1518 3501 om.
1534 3477 1570 3508 C)
1590 3476 1713 3501 similiter
1731 3476 1769 3501 sic
1788 3475 1839 3507 (sit
1853 3476 1889 3508 C)
1910 3477 2025 3508 undique
2044 3477 2134 3508 (tensa
2153 3477 2212 3501 add.
2232 3477 2267 3509 sl)
2288 3478 2333 3508 C1;
2353 3478 2460 3511 difficile

1395 3516 1435 3537 est
1450 3512 1612 3544 (extendere
1631 3512 1689 3536 add.
1704 3511 1746 3540 sF,
1760 3511 1870 3543 spatium
1885 3519 1941 3537 vac.
1956 3512 2057 3544 DGpF)
2070 3512 2193 3537 similiter
2206 3513 2245 3537 sic
2259 3513 2374 3545 undique
2392 3514 2460 3546 (seq.

1395 3548 1421 3572 in
1436 3548 1477 3579 pG
1492 3548 1603 3579 spatium
1616 3554 1680 3576 vac„
1695 3547 1719 3570 in
1735 3554 1789 3579 quo
1804 3546 1842 3571 sG
1856 3547 1945 3578 tendi)
1961 3553 2008 3572 cet.
2018 3561 2036 3566 —
2046 3548 2194 3572 immediate
2207 3548 2339 3580 pergimus
2351 3557 2409 3573 cum
2423 3550 2458 3579 Α;

1396 3584 1415 3607 Ρ
1434 3588 1460 3607 et
1478 3588 1526 3606 cet.
1546 3582 1647 3607 codices
1666 3585 1692 3606 et
1709 3582 1825 3607 secundo
1843 3582 1906 3614 quia
1924 3582 1973 3608 hoc
1992 3583 2051 3615 (hic
2068 3583 2104 3615 E)
2123 3583 2204 3608 etiam
2218 3586 2308 3615 potest
2326 3585 2461 3618 frangere

1397 3617 1507 3651 (frangi
1526 3616 1566 3651 sl)
1588 3617 1614 3642 in
1634 3617 1730 3642 medio.

2493 1113 2503 1124 ⁸¹
2511 1112 2571 1134 enim
2581 1118 2629 1135 om.
2638 1113 2708 1135 codd.

2493 1145 2544 1161 exc.
2557 1145 2595 1160 u.

2493 1219 2503 1229 ⁸
2518 1220 2568 1240 [Ota
2584 1224 2607 1240 A.

2593 1319 2607 1344 δ

2496 1860 2504 1869 ”
2519 1858 2572 1880 ideo
2587 1858 2640 1880 add.
2654 1864 2678 1880 Α.

2495 1915 2506 1926 “
2521 1914 2627 1943 quiescat
2639 1920 2677 1936 ινα.

2497 2071 2507 2081 ’
2521 2070 2620 2098 quiescit
2637 2071 2707 2092 codd.

2497 2103 2546 2118 exc.
2561 2104 2583 2118 Λ.

2594 2125 2608 2154 ζ

2592 2450 2608 2472 ⁷1

2493 2559 2503 2568 '¹
2517 2564 2607 2586 semper
2621 2565 2643 2579 P.

2492 2606 2649 2637 *frangetur
2663 2612 2704 2627 co-

2493 2633 2563 2654 dices.

2493 2662 2501 2670 ·
2516 2660 2607 2688 quidem
2622 2665 2669 2680 om.
2680 2665 2703 2680 P.

2588 2707 2602 2733 0
