2782 4134
1122 205 1235 242 CAP.
1265 206 1333 252 111,
1365 204 1518 242 LECT.
1546 205 1599 242 VI

258 287 438 338 producit
465 286 679 324 secundum
706 285 912 333 intelligere
947 291 983 321 et
1010 285 1109 321 velle
1139 297 1263 322 suurn.
1295 286 1339 322 In

258 341 318 379 his
347 348 477 378 autem
515 353 613 390 quae
649 339 914 389 producuntur
950 339 1000 375 ab
1038 338 1165 388 aliquo
1203 346 1338 387 agente

259 395 488 444 inquantum
518 401 575 431 est
602 392 812 441 intelligens
842 399 880 428 et
905 392 1053 438 volens,
1075 399 1227 442 oportet
1255 405 1339 430 esse

260 448 353 486 illud
374 447 480 498 quod
503 446 738 497 producitur,
768 446 844 482 hoc
872 445 993 482 modo
1023 445 1120 482 sicut
1148 453 1204 483 est
1231 445 1338 483 intel-

261 503 404 540 lectum
433 514 456 539 a
483 502 738 550 producente3
768 510 849 536 non
878 506 1008 535 autem
1033 511 1080 535 eo
1109 500 1230 536 modo
1260 512 1339 548 quo

264 563 319 593 est
337 555 419 605 ipse
439 554 659 605 producens
687 551 901 590 secundum
929 564 1044 589 suum
1065 564 1146 589 esse
1167 550 1191 589 t·
1213 553 1339 599 Unde,

263 609 360 648 sicut
386 621 467 647 non
495 614 647 657 oportet
674 605 780 656 quod
818 605 858 643 id
886 605 993 655 quod
1022 613 1078 642 est
1109 606 1341 655 productum

263 676 286 701 a
314 664 401 701 Deo
429 661 667 711 producente
705 658 920 696 secundum
949 671 1064 696 suum
1094 671 1199 706 esse,
1229 659 1276 696 sit
1302 659 1342 696 in

263 716 346 754 aliis
375 713 658 752 conditionibus
695 713 769 750 tale
798 713 911 762 quale
941 719 996 749 est
1025 724 1108 749 esse
1142 712 1341 759 divinum,

263 769 334 808 sed
360 769 472 818 quale
501 775 558 805 est
585 766 881 805 determinatum
906 778 976 815 per
1004 765 1084 803 eius
1113 766 1342 814 intelligere3

263 822 316 861 ita
334 834 415 860 non
434 829 491 859 est
509 820 771 859 necessarium
799 819 906 869 quod
933 819 972 857 id
997 819 1104 869 quod
1125 827 1181 857 est
1199 820 1342 869 produ-

265 883 371 914 ctum
385 888 409 913 a
423 876 522 922 Deo,
539 874 586 912 sit
603 882 684 912 tam
697 876 717 896 ‘²‘
730 873 952 911 diuturnum
974 881 1161 922 quantum
1171 874 1212 895 ³¹³*
1222 875 1342 921 Deus,

205 924 213 931 ’
265 929 335 968 sed
362 936 549 979 quantum
588 927 885 966 determinatum
923 934 980 964 est
1006 940 1077 977 per
1110 927 1343 964 intellectum

264 982 482 1033 ipsius-Et
499 982 576 1020 hoc
597 981 711 1019 etiam
731 988 858 1031 potest
881 980 956 1018 dici
975 981 1075 1018 circa
1095 981 1343 1030 quantitatem

234 1051 238 1055 ·
267 1036 526 1075 dimensivam
545 1035 651 1073 caeli.
672 1035 791 1083 Quod
811 1035 915 1072 enim
936 1035 1085 1076 caelum
1105 1035 1246 1072 habeat
1263 1043 1344 1072 tan-

265 1097 347 1129 tam
383 1089 635 1139 quantitatem
664 1096 701 1126 et
737 1101 818 1126 non
846 1088 1056 1136 maiorem,
1092 1089 1271 1138 provenit
1298 1101 1345 1126 ex

252 1143 588 1183 Antemnanone
607 1143 818 1180 intellectus
833 1142 952 1181 divini
968 1142 1255 1180 determinantis
1274 1142 1346 1179 sibi

266 1197 384 1236 talem
403 1197 667 1247 quantitatem,
689 1203 726 1233 et
745 1196 983 1246 coaptantis⁰
999 1196 1033 1233 ei
1051 1204 1228 1234 naturam
1255 1207 1346 1245 pro-

266 1251 526 1301 portionatam
562 1251 626 1288 tali
664 1250 879 1300 quantitati:
918 1249 1015 1287 sicut
1053 1250 1168 1288 etiam
1207 1249 1347 1286 exemit

267 1304 399 1355 ipsum
427 1317 451 1342 a
470 1303 678 1351 contrariis,
698 1311 742 1341 ut
760 1311 859 1341 esset
886 1303 1098 1352 ingenitum
1118 1310 1156 1340 et
1173 1302 1343 1340 incorru-

267 1357 413 1409 ptibile,
432 1365 476 1396 ut
494 1357 630 1396 dicitur
643 1357 684 1394 in
702 1357 835 1394 littera.
857 1356 975 1405 Quod
996 1356 1100 1394 enim
1120 1356 1348 1395 dicitflrecte

256 1412 400 1462 fecisse
436 1417 616 1449 naturam
631 1440 642 1457 ,
685 1410 869 1460 importat
904 1409 1098 1448 actionem
1135 1410 1345 1448 intellectus

269 1464 415 1514 agentis
433 1472 592 1515 propter
609 1464 777 1513 aliquem
797 1464 937 1502 finem:
965 1476 1046 1502 non
1066 1463 1169 1501 enim
1189 1464 1262 1501 alia
1281 1476 1347 1501 na-

269 1525 355 1558 tura
372 1518 549 1568 superior
567 1517 709 1555 exemit
728 1530 818 1555 eum
844 1530 867 1555 a
887 1517 1083 1555 contrariis
1111 1517 1183 1555 nisi
1202 1517 1343 1556 divina.

278 1594 280 1598 .
324 1570 516 1620 Similiter,
537 1572 646 1622 quod
674 1571 764 1609 dicit
791 1571 1003 1609 bonitatem
1033 1571 1204 1609 divinam
1233 1571 1348 1609 fuisse

268 1633 475 1664 vacantem
514 1633 552 1663 et
588 1625 754 1663 otiosam
792 1633 879 1663 ante
906 1625 1204 1675 productionem
1237 1637 1350 1663 mun-

271 1678 332 1728 di,
359 1691 441 1718 non
467 1679 585 1717 habet
617 1679 818 1717 rationem.
854 1679 1035 1717 Otiosum
1074 1679 1178 1717 enim
1215 1679 1351 1717 dicitur

235 1760 242 1768 .
269 1732 378 1783 quod
414 1745 495 1771 non
528 1732 775 1783 consequitur
810 1733 932 1770 finem
974 1734 1023 1771 ad
1065 1745 1183 1782 quem
1220 1741 1277 1770 est
1311 1734 1349 1770 *z

269 1786 422 1825 bonitas
459 1794 590 1824 autem
618 1787 692 1825 Dei
721 1788 742 1808 *
770 1799 850 1824 11011
879 1794 935 1824 031
961 1794 1120 1836 propter
1147 1794 1349 1824 creaturas.

270 1839 385 1879 Unde
416 1848 610 1878 creaturae
639 1848 766 1878 essent
794 1840 939 1878 otiosae
973 1840 1004 1878 si
1032 1852 1111 1878 non
1139 1852 1352 1890 conseque—

271 1901 403 1933 rentur
429 1894 602 1932 divinam
631 1894 862 1932 bonitatem:
892 1893 1022 1932 divina
1041 1901 1171 1932 autem
1200 1894 1351 1932 bonitas

271 1952 353 1986 non
381 1955 481 1985 esset
509 1947 644 1995 otiosa,
665 1948 782 1986 etiam
811 1948 842 1985 si
871 1948 1015 1985 nullam
1043 1959 1218 1997 unquam
1247 1960 1351 1986 crea-

271 2008 398 2040 turam
424 2001 678 2051 produxisset.

327 2054 508 2093 Similiter
526 2055 641 2092 etiam
662 2054 768 2105 quod
787 2054 897 2092 tertio
926 2054 1067 2102 obiicit,
1087 2055 1217 2092 locum
1237 2055 1353 2092 habet

272 2107 313 2147 in
340 2115 477 2157 agente
504 2107 720 2157 particulari
733 2138 742 2156 ‚
773 2107 880 2158 quod
906 2108 1184 2158 praesupponit
1201 2116 1354 2158 tempus

275 2167 312 2200 et
329 2161 370 2200 in
396 2169 504 2211 parte
532 2161 718 2211 temporis
746 2161 890 2210 aliquid
921 2161 1025 2199 facit:
1056 2169 1094 2199 et
1119 2161 1171 2199 ita
1203 2169 1355 2211 oportet

274 2214 382 2264 quod
400 2215 439 2253 id
459 2216 566 2264 quod
584 2215 628 2252 fit
645 2221 672 2261 Ρ,
694 2215 1007 2275 proportionetur
1026 2215 1075 2252 ab
1094 2222 1286 2264 agenteet
1305 2216 1353 2253 ad

275 2267 390 2306 aliam
422 2276 572 2318 partem
599 2268 785 2318 temporis
806 2277 842 2306 et
871 2269 919 2306 ad
947 2276 1070 2306 totum
1099 2276 1264 2328 tempus,
1290 2270 1354 2307 vel

277 2321 392 2359 etiam
408 2322 458 2359 ad
473 2334 630 2359 causam
645 2322 760 2359 totius
779 2322 975 2372 temporis.
993 2321 1071 2359 Sed
1088 2335 1191 2359 nunc
1205 2322 1354 2371 agimus

277 2371 326 2414 de
346 2382 481 2424 agente
499 2375 717 2423 universali,
739 2376 845 2426 quod
863 2374 1211 2426 producistipsum
1229 2383 1354 2414 totum

276 2431 429 2479 tempus
451 2428 566 2467 simul
586 2441 675 2467 cum
692 2429 752 2467 his
781 2442 880 2479 quae
905 2436 993 2467 sunt
1020 2429 1059 2466 in
1087 2437 1276 2478 tempore.
1307 2430 1357 2467 Et

277 2482 366 2522 ideo
395 2495 476 2521 non
507 2483 625 2520 habet
658 2483 720 2521 hic
747 2484 878 2521 locum
910 2491 953 2520 ut
980 2489 1215 2533 quaeratur⁴²
1235 2495 1354 2532 quare

277 2536 382 2575 nunc
419 2544 456 2574 et
491 2549 572 2575 non
602 2536 734 2587 prius:
772 2536 882 2586 quasi
916 2544 1251 2586 praesupponatur
1283 2537 1356 2574 alia

276 2602 366 2640 pars
394 2590 578 2641 temporis
606 2590 865 2640 praecedens,
894 2591 957 2628 vel
986 2590 1112 2640 aliqua
1141 2590 1213 2628 alia
1241 2603 1358 2628 causa

333 2765 358 2801 ξ)
368 2768 523 2801 producens
535 2767 680 2794 secundum
692 2774 771 2793 suum
788 2774 853 2793 esse.
865 2781 885 2787 ·-
897 2768 1043 2793 secundum
1053 2775 1130 2793 suum
1145 2775 1201 2794 esse
1213 2776 1268 2794 om.
1280 2769 1354 2800 Α3Ε;

279 2808 328 2830 001.
341 2804 444 2837 legunt:
461 2804 614 2836 producens
626 2803 771 2829 secundum
790 2811 868 2829 suum
881 2810 937 2829 esse
951 2803 1127 2836 (intermediis
1142 2804 1259 2837 omissis)
1277 2804 1314 2829 sit
1328 2804 1355 2829 in

279 2839 341 2865 aliis
353 2839 550 2865 conditionibus
560 2844 617 2871 etc.;
629 2839 700 2872 quod
711 2839 832 2872 explicari
842 2844 929 2872 potest
938 2841 1084 2865 secundum
1097 2840 1235 2865 lectionem
1248 2840 1356 2865 Pianam

279 2882 328 2908 per
339 2875 512 2901 omissionem
525 2874 696 2900 homoteleuti
715 2874 818 2900 Unde...
832 2875 978 2900 secundum
992 2883 1070 2900 suum
1085 2882 1148 2906 esse,
1169 2881 1195 2900 et
1207 2876 1355 2901 secundum

279 2910 419 2936 lectionem
437 2911 498 2936 AsE
517 2919 564 2944 per
582 2910 754 2936 omissionem
771 2911 851 2944 partis
870 2911 978 2936 Unde...
990 2918 1008 2936 a
1023 2911 1082 2936 Deo
1097 2911 1271 2943 producente,
1285 2912 1357 2945 quod

281 2946 404 2979 quamvis
422 2954 476 2971 non
494 2947 528 2971 sit
545 2947 571 2972 in
589 2946 676 2979 rigore
693 2945 903 2976 homoteleuton,
927 2947 950 2971 ei
969 2951 1057 2972 tamen
1076 2948 1230 2980 aequivalet.

335 2981 361 3014 0)
381 2981 610 3007 determinantia..
613 2985 661 3007 .et
678 2982 840 3014 coaptantis.
856 2996 876 3002 -
893 2982 1149 3008 determinantem...
1164 2986 1191 3008 et
1214 2986 1358 3015 coaptante

281 3017 344 3047 AG,
364 3017 592 3043 determinante..
610 3020 637 3042 et
654 3021 798 3050 coaptante
816 3019 967 3051 001.,ουοἀ
986 3018 1151 3044 referendum
1170 3023 1241 3044 esset
1259 3019 1292 3044 ad
1311 3019 1359 3045 de-

282 3052 489 3082 terminatione‚·
508 3053 556 3078 sed
573 3035 668 3078 melius
688 3053 836 3079 intellectus
848 3054 935 3079 divini
948 3054 1040 3087 respici
1054 3054 1151 3079 debere
1163 3054 1274 3086 videtur,
1284 3050 1358 3080 'ideo-

282 3096 335 3122 que
353 3088 494 3121 legendum
513 3095 573 3113 esse
592 3095 653 3113 011111
672 3088 702 3114 Ρ.
722 3089 774 3114 Pro
791 3090 824 3120 ei,
845 3090 916 3123 quod
935 3090 1025 3120 0111.Ῑ,
1043 3090 1095 3115 sibi
1112 3090 1146 3115 H.

336 3123 366 3157 π)
379 3123 459 3154 Quod
471 3123 541 3148 enim
556 3123 631 3148 dicit.
641 3123 749 3154 -Quod
761 3124 831 3149 enim
846 3125 982 3156 αἰσίων-Ρ,
993 3125 1066 3158 quod
1078 3129 1168 3151 autem
1183 3125 1250 3151 dicit
1258 3125 1359 3151 ABCE.

283 3159 436 3185 Reu'nemus
455 3159 539 3188 enim,
559 3159 621 3192 quia
639 3166 708 3192 quae
726 3165 873 3193 sequuntur
891 3161 1027 3186 intendunt
1040 3161 1152 3194 probare
1170 3162 1358 3194 praecedentia,

282 3195 352 3221 sicut
369 3195 451 3220 etiam
470 3194 573 3220 exemit
591 3199 653 3225 etc.,
672 3202 763 3219 revera
781 3195 830 3220 dici
849 3196 875 3221 in
893 3201 972 3221 textu.

337 3231 362 3265 ρ)
382 3231 412 3256 id
429 3231 502 3263 quod
513 3231 559 3264 fit.
573 3243 592 3251 -
604 3230 708 3263 aliquid
727 3230 779 3263 (vel
793 3235 914 3264 corrupte
932 3232 1023 3265 aliud)
1042 3232 1114 3265 quod
1128 3233 1167 3265 fit
1185 3232 1327 3265 CDFGpE.
1340 3245 1360 3251 -

283 3267 342 3292 Lin.
356 3267 414 3292 ead.
427 3274 475 3299 pro
489 3266 523 3292 ab
538 3269 642 3300 agente,
657 3266 730 3298 quod
748 3266 860 3298 legimus
879 3275 940 3292 cum
958 3268 1052 3298 AHsE,
1065 3268 1099 3292 ab
1113 3268 1221 3301 ingente
1239 3268 1312 3301 DpE.
1325 3268 1359 3293 ab

283 3302 423 3336 indigente
441 3307 502 3334 cet.;
526 3302 577 3327 1100
601 3301 705 3334 corrigit
723 3302 742 3326 P
761 3301 788 3326 in
807 3302 857 3327 tali
880 3303 982 3336 agenti.
1005 3303 1056 3328 Sed
1079 3308 1263 3337 praeterquam
1288 3304 1359 3337 quod

283 3338 361 3364 lectio
379 3338 399 3363 P
418 3346 472 3363 non
490 3338 592 3363 videtur
614 3337 721 3363 fundata
739 3337 766 3362 in
787 3345 819 3362 eo
838 3338 909 3370 quod
934 3338 1037 3363 codices
1056 3339 1157 3371 legunt,
1183 3340 1360 3364 necessarium

283 3382 338 3399 11011
357 3379 398 3399 est
415 3373 457 3400 1110
476 3381 599 3407 expresse
618 3373 704 3398 dicere
723 3373 844 3398 effectum
863 3374 948 3407 agenti
965 3374 1156 3406 proportionari
1170 3375 1274 3400 debere.
1286 3388 1306 3395 —-
1319 3375 1359 3399 Cf.

283 3408 341 3435 VIII
360 3409 482 3445 Physic„
502 3410 561 3435 lect.
575 3417 604 3441 11,
619 3418 644 3434 n.
663 3417 702 3442 ¹9·
715 3422 733 3428 -
746 3409 798 3433 Pro
816 3412 844 3434 et
861 3409 898 3434 ad
915 3409 998 3434 aliam
1011 3412 1129 3442 partem,
1144 3413 1171 3435 et
1188 3410 1225 3435 ad
1241 3410 1359 3443 aliquam

279 3449 390 3478 partem
410 3446 443 3476 C,
462 3449 489 3471 et
507 3446 544 3470 ad
557 3448 667 3478 partem
681 3445 716 3469 F:
735 3444 791 3469 alia
809 3453 857 3478 pro
876 3445 975 3478 aliqua,
989 3449 1015 3470 et
1026 3445 1082 3470 vice
1099 3452 1183 3475 versa,
1196 3445 1270 3471 facile
1288 3446 1358 3470 inve-

284 3482 340 3506 nire
358 3481 384 3506 in
403 3481 544 3506 codicibus.

340 3516 366 3550 σ)
386 3517 473 3542 locum
492 3520 523 3542 ut
540 3520 697 3550 quaeratur.
708 3531 727 3535 -
741 3515 828 3541 locum
848 3516 968 3548 quaestio
987 3524 1046 3542 cum
1063 3517 1203 3550 quaeritur
1221 3517 1250 3542 P.
1263 3530 1282 3535 -
1295 3516 1360 3541 Post

284 3553 428 3613 unamAlin.
442 3560 490 3586 pro
509 3553 551 3578 vel
569 3553 661 3586 aliqua
679 3552 743 3582 alid,
764 3553 805 3578 vel
823 3552 915 3585 aliqua
933 3553 999 3584 PsE,
1019 3552 1181 3577 universalia
1199 3552 1292 3585 aliqua
1309 3558 1359 3577 cet.

285 3595 340 3614 exc.
383 3606 390 3614 .

429 3641 499 3674 Opp.
519 3642 550 3666 D.
565 3641 680 3666 Tuormn
699 3641 731 3666 T.
751 3642 791 3666 ΙΙΙ.

2420 208 2467 244 25

1394 277 1648 322 universalior
1668 297 1829 322 causans
1848 292 1971 322 totum
1991 292 2155 335 tempus.
2180 287 2258 323 Sed
2277 286 2392 323 habet
2410 286 2471 323 1110

1395 339 1525 376 10011111
1554 338 1748 388 quaestio,
1779 351 1897 387 quare
1927 351 2043 387 agens
2070 339 2302 386 universale,
2333 339 2472 376 scilicet

1395 393 1514 437 Deus,
1534 392 1658 430 voluit
1684 400 1837 441 tempus
1866 405 1945 429 non
1967 405 2048 429 esse
2069 405 2224 441 semper
2252 400 2288 429 et
2308 405 2353 429 ea
2373 405 2471 441 quae

1396 453 1484 483 sunt
1506 445 1545 483 in
1569 453 1755 495 tempore.
1781 447 1830 483 Et
1852 446 1928 483 hoc
1952 446 2225 495 dependet‘ex
2245 446 2471 483 determina-

1395 499 1499 536 tione
1525 499 1734 536 intellectus
1762 499 1897 549 ipsius:
1928 499 2023 536 sicut
2043 507 2079 536 et
2129 499 2168 537 in
2198 499 2317 537 domo
2343 499 2472 537 artifex
2502 511 2510 519 ·

1398 553 1645 602 quantitatem
1673 553 1830 590 alicuius
1857 553 1974 602 partis
2004 553 2145 590 domus
2178 552 2313 602 accipit
2340 565 2472 590 secun-

1399 606 1491 643 dum
1509 606 1800 655 proportionem
1818 607 1867 644 ad
1888 606 2000 644 aliam
2020 615 2169 656 partem
2183 607 2246 644 vel
2266 607 2473 644 ad*totam
2504 618 2512 627 ·

1399 659 1578 706 domum3
1600 661 1668 697 sed
1684 661 1932 708 quantitatem
1951 660 2066 697 totius
2088 660 2227 698 domus
2249 660 2475 697 determinat

1399 713 1613 750 secundum
1642 725 1755 750 suum
1784 714 2016 751 intellectum
2047 721 2082 751 et
2108 715 2359 752 voluntatem.

1460 778 1517 803 10.
1539 767 1671 803 Restat
1689 774 1818 804 autern
1840 767 1912 804 alia
1927 767 2181 806 consideratio
2202 767 2300 804 circa
2314 767 2475 805 demon-

1400 819 1623 857 strationem
1637 820 1847 858 Aristotelis
1859 822 1890 867 ²⁸,
1909 829 2041 858 contra
2057 834 2174 870 quam
2190 821 2322 858 obiicit
2335 827 2349 842 ⁰
2364 823 2474 859 Ioan-

1400 886 1469 910 nes
1490 873 1797 911 Grammaticus:
1827 874 1916 923 quia
1946 875 1976 911 si
2000 875 2092 926 nihil
2120 882 2321 924 generatur
2340 882 2376 912 et
2395 878 2476 912 c'or-

1401 926 1591 976 rumpitur
1618 926 1689 963 nisi
1717 928 1824 976 quod
1851 928 1967 965 habet
1996 928 2239 976 contrarium,
2271 941 2359 965 cum
2389 929 2476 965 sub-

1401 980 1560 1018 stantiae
1580 992 1659 1017 non
1679 980 1726 1017 sit
1744 981 1886 1030 aliquid
1907 982 2149 1029 contrarium,
2181 982 2285 1031 quod
2308 982 2476 1019 maxime

1401 1034 1649 1072 manifestum
1678 1033 1792 1071 estin
1821 1034 2047 1074 animalibus
2068 1043 2104 1073 et
2122 1035 2260 1086 plantis
2289 1035 2478 1082 (similiter

1402 1088 1518 1125 etiam
1547 1100 1619 1125 nec
1646 1087 1778 1136 figuris
1808 1095 1844 1125 et
1863 1088 2108 1126 relationibus
2138 1097 2194 1126 est
2214 1089 2356 1137 aliquid
2386 1101 2476 1126 con-

1401 1141 1587 1188 trarium),
1609 1141 1701 1178 nihil
1725 1142 1866 1178 horum
1895 1143 2136 1189 generabitur
2163 1150 2227 1180 aut
2256 1155 2477 1192 corrumpe-

1401 1202 1473 1232 tur.
1486 1216 1510 1223 —
1526 1194 1750 1244 Respondet
1769 1203 1898 1232 autem
1915 1197 1934 1216 ‘³‘
1953 1196 2002 1233 ad
2027 1197 2102 1233 hoc
2123 1196 2338 1245 Simplicius
2372 1196 2478 1245 quod
2507 1210 2516 1219 ·

2507 1236 2580 1257 dices.

1402 1249 1477 1286 hoc
1507 1255 1563 1286 est
1590 1248 1876 1297 intelligendum
1912 1250 1960 1287 de
1995 1250 2181 1287 contrario
2221 1249 2479 1298 communiter

1403 1302 1518 1350 dicto,
1546 1309 1660 1352 prout
1687 1302 1844 1340 includit
1873 1303 1988 1340 etiam
2018 1303 2323 1341 contrarietatem
2351 1303 2478 1353 priva-

1403 1355 1518 1393 tionis
1538 1363 1575 1393 et
1594 1355 1752 1405 speciei:
1782 1356 1836 1393 sic
1865 1356 1966 1393 enim
1995 1357 2216 1394 Aristoteles
2244 1357 2411 1407 loquitur
2431 1357 2478 1394 de

1404 1409 1592 1447 contrario
1609 1415 1625 1440 P
1639 1409 1679 1447 in
1698 1408 1716 1446 I
1734 1410 1884 1459 Physic.
1907 1412 1939 1456 ²³,
1961 1422 2038 1459 quo
2059 1423 2130 1448 nos
2151 1410 2314 1448 remittit.
2335 1412 2385 1448 Et
2403 1411 2478 1448 hoc

1404 1463 1524 1501 modo
1546 1463 1778 1500 contrarium
1796 1464 1988 1501 invenitur
2006 1464 2045 1501 in
2069 1465 2250 1501 omnibus
2264 1464 2477 1513 praedictis,

1404 1517 1500 1555 sieut
1525 1516 1686 1554 informe
1717 1524 1773 1554 est
1801 1517 2033 1554 contrarium
2061 1518 2248 1565 formato,
2279 1525 2316 1554 et
2345 1518 2479 1566 infigu-

1405 1578 1530 1609 ratum
1558 1571 1739 1619 figurato:
1768 1570 1932 1620 privatio
1952 1578 2082 1608 autem
2111 1583 2189 1608 non
2208 1571 2324 1608 habet
2351 1572 2479 1609 locum

1405 1625 1444 1662 in
1468 1624 1694 1674 corporibus
1714 1624 1951 1672 caelestibus,
1971 1632 2013 1661 ut
2037 1624 2179 1662 dictum
2208 1633 2263 1662 est
2279 1626 2310 1661 *.
2327 1646 2351 1653 -
2373 1626 2480 1662 Haec

1406 1686 1536 1716 autem
1557 1678 1774 1728 responsio,
1810 1678 1878 1716 etsi
1906 1679 1952 1716 sit
1972 1691 2063 1716 vera
2077 1708 2086 1726 ‚
2115 1691 2194 1716 non
2215 1686 2346 1716 tamen
2365 1679 2481 1716 habet

1406 1733 1535 1770 locum
1563 1732 1601 1769 in
1629 1732 1828 1781 proposito
1848 1737 1877 1769 ἵ.
1903 1732 2124 1770 Αι-131010103
2149 1732 2252 1770 0111111
2278 1732 2366 1770 dicit
2391 1745 2481 1770 con-

1406 1785 1637 1823 trarietatem
1665 1793 1842 1823 motuum
1871 1786 2051 1823 localium
2074 1786 2308 1836 respondere
2334 1794 2481 1823 contra-

1407 1839 1527 1878 rietati
1565 1851 1792 1889 corporum;
1824 1851 1913 1877 curn
1951 1847 2081 1877 tamen
2115 1847 2260 1877 certum
2299 1839 2344 1877 sit
2377 1839 2483 1889 quod

1407 1893 1611 1943 privationi
1648 1905 1727 1930 non
1764 1893 1973 1942 respondet
2007 1893 2140 1942 aliquis
2178 1901 2306 1931 motus
2340 1893 2482 1931 localis.

1408 1947 1519 1985 Unde
1549 1946 1757 1984 dicendum
1787 1955 1844 1984 est
1875 1948 1999 1995 quod,
2023 1947 2118 1984 sicut
2144 1947 2225 1996 ipse
2255 1946 2368 1984 etiam
2396 1954 2484 1996 post

1409 2000 1520 2048 dicet,
1550 2000 1782 2038 substantiae
1814 2000 1905 2038 nihil
1935 2008 1991 2038 est
2020 2001 2252 2038 contrarium
2272 2001 2484 2038 secundum

1410 2054 1683 2104 compositum,
1703 2055 1766 2092 vel
1786 2054 1999 2092 secundum
2026 2054 2238 2102 materiam,
2259 2055 2321 2092 vel
2351 2067 2485 2092 secun-

1410 2108 1505 2146 dum
1525 2108 1692 2145 formam
1712 2108 2016 2145 substantialem:
2039 2116 2094 2146 est
2112 2116 2240 2146 tamen
2255 2108 2396 2158 aliquid
2412 2108 2484 2145 sibi

1410 2161 1645 2199 contrarium
1674 2162 1889 2199 secundum
1908 2162 2104 2211 propriam
2126 2161 2416 2211 dispositionem
2437 2162 2485 2199 ad

1410 2215 1526 2252 talem
1555 2215 1738 2262 formam,
1769 2215 1866 2252 sicut
1892 2215 1987 2264 ignis
2017 2216 2152 2253 dicitur
2172 2228 2254 2253 esse
2275 2215 2485 2252 contrarius

1411 2280 1534 2317 aquae
1564 2268 1827 2306 contrarietate
1857 2269 1966 2306 calidi
1988 2277 2025 2306 01
2051 2269 2184 2318 frigidi.
2214 2270 2264 2306 Et
2288 2269 2371 2306 talis
2396 2281 2486 2306 con-

1410 2322 1581 2360 trarietas
1617 2321 1818 2371 requiritur
1846 2322 1884 2359 in
1913 2322 2094 2360 omnibus
2124 2335 2222 2372 quae
2257 2330 2487 2370 generantur

1412 2383 1448 2413 et
1463 2382 1771 2425 corrumpuntur.
1786 2375 2020 2413 Huiusmodi
2035 2384 2165 2414 autem
2181 2375 2504 2413 contrarietatem·

1412 2430 1658 2478 consequitur
1677 2429 1923 2466 contrarietas
1940 2437 2118 2467 motuum
2138 2429 2352 2467 secundum
2368 2442 2485 2477 grave

1413 2490 1450 2520 01
1486 2484 1593 2520 leve:
1631 2495 1701 2532 per
1739 2495 1907 2532 quorum
1941 2483 2240 2521 subtractionem
2273 2483 2488 2531 intelligitur

1413 2549 1552 2586 corpus
1581 2536 1741 2573 caeleste
1771 2548 1854 2573 esse
1884 2544 2106 2586 exemptum
2134 2538 2182 2574 ab
2207 2537 2388 2574 omnibus
2407 2536 2487 2574 aliis

1414 2590 1610 2628 contrariis
1639 2602 1738 2640 quae
1768 2589 1997 2628 comitantur
2014 2591 2035 2612 ’ὲ
2062 2603 2178 2639 grave
2208 2597 2245 2627 et
2271 2591 2368 2628 leve.

1464 2769 1490 2801 τ)
1511 2769 1547 2793 Et
1565 2768 1615 2794 hoc
1633 2768 1773 2801 dependet.
1785 2769 1854 2794 -lta
1873 2767 1984 2801 legimus
2003 2775 2064 2792 cum
2079 2768 2109 2797 A,
2123 2772 2200 2799 prout
2219 2767 2358 2800 legendum
2378 2775 2436 2793 esse
2450 2769 2489 2793 vi-

1411 2804 1485 2829 detur
1498 2804 1608 2829 suadere
1627 2804 1684 2837 ipse
1704 2809 1838 2829 contextus
1846 2812 1853 2835 ;
1873 2807 1899 2829 et
1913 2811 1945 2828 ea
1959 2810 2028 2836 quae
2042 2803 2192 2835 dependent
2205 2803 2259 2833 BD,
2272 2806 2299 2828 et
2312 2810 2344 2828 ea
2359 2803 2490 2835 dependet

1411 2840 1503 2871 CFGI,
1523 2843 1550 2865 et
1568 2847 1600 2865 ea
1618 2847 1687 2873 quae
1705 2840 1837 2872 dependet
1855 2840 1889 2869 E,
1909 2843 1935 2864 et
1954 2844 1986 2864 ea
2005 2839 2155 2871 dependent
2174 2839 2210 2869 H,
2230 2839 2293 2871 quia
2313 2839 2444 2870 dependet
2457 2840 2486 2864 P.

1410 2876 1527 2909 Apparet
1545 2875 1620 2900 codd.
1636 2875 1741 2900 CFGHI
1760 2876 1843 2908 magis
1863 2875 1985 2900 accedere
2004 2875 2036 2899 ad
2056 2875 2078 2899 Α
2098 2882 2177 2907 0113111
2196 2874 2228 2898 ad
2247 2874 2276 2899 Ρ.

1465 2911 1491 2944 υ)
1510 2914 1606 2936 contra
1625 2918 1705 2944 quam
1725 2911 1824 2936 obiicit.
1836 2912 1903 2936 -lta
1922 2910 2013 2940 ACsE,
2033 2915 2058 2935 et
2076 2915 2146 2942 patet
2170 2917 2278 2940 30113113,
2298 2910 2396 2934 30111001
2416 2911 2488 2943 quod

1411 2952 1473 2980 post
1496 2947 1730 2972 considerationem
1755 2947 1782 2971 in
1801 2955 1854 2980 qua
1873 2946 2015 2971 examinata
2034 2945 2081 2970 fuit
2099 2945 2193 2977 positio
2213 2952 2259 2969 seu
2279 2945 2411 2970 conclusio
2430 2946 2488 2970 Ari-

1412 2983 1524 3013 stotelis,
1543 2983 1615 3015 quod
1635 2990 1730 3015 corpus
1749 2983 1812 3007 caeli
1833 2983 1866 3007 sit
1884 2981 2058 3014 ingenerabile
2077 2986 2103 3005 et
2122 2980 2322 3013 incorruptibile,
2341 2985 2422 3006 restat
2440 2981 2489 3006 alia

1413 3018 1585 3044 consideratio
1605 3018 1671 3043 circa
1685 3018 1935 3043 demonstrationem
1954 3025 2005 3049 qua
2018 3017 2074 3049 ipsa
2088 3016 2183 3048 positio
2198 3016 2306 3048 probata
2321 3015 2379 3047 fuit;
2399 3022 2489 3042 contra

1411 3061 1493 3088 quam
1506 3054 1762 3080 demonstrationem
1776 3053 1863 3078 obiicit
1877 3054 1986 3077 loannes
1997 3051 2188 3076 Grammaticus
2203 3056 2252 3076 etc.
2263 3051 2282 3076 P
2295 3056 2323 3076 et
2333 3057 2394 3077 001..
2408 3060 2488 3085 quam

1411 3090 1518 3119 obiicit5
1537 3095 1563 3115 et
1582 3094 1653 3115 esset
1671 3097 1766 3114 sensus
1786 3089 1857 3122 quod
1875 3093 1934 3121 post
1953 3095 1984 3112 ea
2003 3095 2070 3120 quae
2089 3087 2155 3112 dicta
2174 3091 2236 3112 sunt
2255 3087 2321 3112 circa
2340 3088 2424 3120 ipsam
2439 3096 2488 3120 po-

1413 3126 1543 3155 sitionem,
1553 3130 1632 3150 restat
1646 3125 1727 3150 modo
1742 3124 1903 3149 discutienda
1917 3124 1982 3148 circa
1992 3122 2150 3155 praedictam
2164 3123 2413 3148 demonstrationem
2426 3131 2488 3149 con-

1413 3161 1543 3187 sideratio
1558 3161 1605 3186 illa
1619 3168 1698 3194 quam
1713 3160 1800 3185 obiicit
1814 3160 1923 3184 loannes
1934 3158 2135 3183 Grammaticus.
2146 3158 2341 3184 Advertendum
2351 3164 2392 3184 est
2401 3164 2490 3184 tamen

1414 3198 1486 3230 quod
1504 3196 1568 3221 haec
1587 3197 1667 3221 altera
1686 3195 1856 3220 consideratio
1876 3194 1941 3219 circa
1961 3202 1991 3219 ea
2010 3202 2077 3227 quae
2097 3194 2235 3219 dicuntur'
2229 3203 2254 3219 m
2267 3199 2337 3219 textu
2353 3193 2396 3229 (cf.
2410 3203 2435 3220 n.
2453 3194 2487 3229 3),

1414 3233 1594 3265 complectitur
1612 3240 1665 3256 non
1685 3231 1771 3255 solum
1790 3230 1856 3255 hanc
1875 3230 1987 3263 primam
2006 3229 2186 3261 obiectionem‚
2207 3230 2253 3255 sed
2273 3235 2298 3255 et
2316 3238 2410 3255 omnes
2427 3231 2489 3256 alias

1414 3276 1499 3301 usque
1519 3268 1551 3292 ad
1569 3267 1649 3292 finem
1669 3266 1794 3291 lectionis.

1468 3304 1495 3337 φ)
1510 3303 1629 3335 loquitur
1653 3302 1686 3327 de
1709 3301 1857 3327 contrario.
1871 3316 1890 3320 —
1910 3301 1942 3327 de
1956 3301 2096 3327 contrario
2119 3309 2173 3327 om.
2186 3302 2217 3326 Α.
2233 3315 2253 3320 -
2268 3301 2367 3327 Eadem
2386 3302 2430 3327 111-1.
2441 3310 2489 3335 pro

1414 3346 1475 3372 quo,
1495 3339 1532 3363 ad
1551 3338 1623 3371 quod
1642 3338 1670 3362 P.

1467 3374 1496 3408 χ)
1516 3373 1596 3398 habet
1614 3374 1700 3398 locum
1720 3372 1746 3397 in
1762 3373 1913 3405 proposito.
1926 3386 1946 3391 —·
1960 3373 2039 3398 habet
2057 3373 2100 3398 hic
2118 3373 2205 3398 locum
2224 3373 2257 3398 Α.
2275 3374 2327 3398 Ρ1·0
2340 3373 2489 3398 contrarie-

1415 3413 1505 3438 tatem,
1525 3409 1732 3434 contrarietates
1749 3409 1778 3433 P.
1791 3422 1811 3427 —
1825 3408 1887 3433 Post
1906 3409 1970 3433 duas
1990 3409 2071 3434 lineas
2090 3416 2138 3441 pro
2158 3409 2213 3440 ipse
2232 3409 2312 3434 etiam
2328 3412 2393 3441 post
2411 3409 2488 3438 dicet,

1415 3446 1471 3478 ipse
1484 3448 1549 3477 post
1568 3444 1638 3470 dicet
1656 3445 1683 3474 Ρ,
1704 3444 1759 3477 ipse
1777 3444 1858 3469 etiam
1873 3444 2011 3476 praedicit
2029 3445 2061 3469 Α.
2074 3457 2094 3463 —-
2106 3444 2199 3475 Quoad
2214 3445 2325 3477 primam
2339 3444 2489 3477 responsio-

1416 3489 1477 3506 nem
1496 3480 1527 3505 cf.
1543 3480 1714 3513 Simplicium,
1733 3480 1774 3504 ed.
1789 3479 1830 3505 cit.
1845 3479 1890 3504 fol.
1909 3488 1938 3514 ¹9
1956 3485 2035 3510 recto,
2051 3480 2101 3505 col.
2116 3488 2142 3504 2:
2164 3481 2250 3513 quoad
2263 3480 2329 3505 hanc
2349 3480 2489 3505 secundam

1416 3517 1449 3542 cf.
1464 3516 1577 3541 eundem
1595 3515 1640 3540 fol.
1657 3515 1688 3540 25
1708 3521 1788 3546 recto,
1809 3516 1859 3541 col.
1876 3523 1906 3547 ’s
1926 3521 1951 3541 et
1969 3516 2014 3541 fol.
2030 3515 2062 3540 26
2080 3523 2171 3546 verso,
2192 3516 2241 3541 col.
2261 3524 2282 3542 1.
2296 3516 2363 3541 -lbi
2382 3518 2489 3541 contra-

1415 3553 1485 3577 rium
1505 3551 1650 3577 secundum
1670 3551 1854 3584 compositum,
1873 3552 1894 3576 P
1914 3557 1940 3576 et
1958 3552 2033 3576 codd.
2049 3559 2102 3576 exc.
2117 3552 2177 3576 AsE
2196 3552 2318 3576 omittunt
2336 3551 2488 3580 secundum,

1416 3596 1470 3620 quo
1486 3587 1586 3612 omisso
1606 3587 1751 3612 distributio
1770 3588 1979 3612 contrarietatum
1997 3595 2051 3612 uno
2070 3588 2190 3612 membro
2210 3593 2315 3612 careret.

2293 3647 2311 3671 4

2600 459 2615 475 t

2527 513 2550 532 et
2564 517 2613 532 om.
2627 517 2665 532 ru.

2535 617 2568 638 ad
2589 623 2638 639 om.
2659 624 2672 639 P
2694 621 2716 639 et

2503 644 2573 666 codd.
2590 650 2640 666 exc.
2654 650 2691 666 ΑΗ.

2505 832 2514 841 '
2530 830 2566 853 Cf.
2581 836 2646 852 num.
2656 836 2677 859 3.

2523 1209 2603 1240 primo
2615 1208 2670 1231 add.
2681 1214 2722 1230 co-

2508 1450 2592 1473 ‘Vid.
2608 1426 2666 1503 {aff
2674 1456 2723 1499 ἪΙ,

2507 1483 2572 1499 1111111.
2584 1484 2604 1506 ¹5

2509 1505 2561 1526 lect.
2581 1510 2639 1531 11111,
2665 1510 2689 1526 11.
2708 1503 2724 1525 6

2509 1537 2562 1559 sqq·

2508 1638 2517 1647 '¹
2531 1638 2603 1660 Num.
2617 1638 2639 1660 6.

2607 1741 2627 1766 Χ.

2516 2579 2525 2588 ·
2541 2578 2734 2600 concomitantur

2514 2611 2537 2627 Α.
