2782 4134
1141 245 1254 282 CAP.
1283 245 1371 292 VII,
1402 244 1555 282 LECT.
1585 244 1657 281 XV

907 454 1210 512 LECTIO
1248 455 1762 533 DECIMAQUIN
1763 453 1881 510 TA

622 603 905 636 OSTENDITUR
928 602 1193 634 RATIONIBUS
1216 602 1387 634 LOGICIS
1410 603 1595 634 NULLUM
1618 603 1719 634 ESSE
1744 602 1914 634 CORPUS
1938 602 2167 633 INFINITUM

291 731 527 780 Δογικῶτερον
553 727 582 763 δ’
603 731 697 764 ἔστιν
723 731 903 776 ἐπιχειρεῖν
928 732 986 762 καὶ
1011 726 1088 763 ὦδε.
1124 731 1212 764 Οὔτε
1229 730 1371 783 γάρικῦ-
1423 738 1441 757 *
1457 738 1690 769 Rationabifius
1711 745 1820 770 autem
1841 746 1888 770 est
1913 739 2022 770 conari
2038 746 2069 770 et
2091 739 2145 770 sic,
2157 739 2271 780 Neque
2291 739 2427 770 enimin
2443 740 2500 771 cir-
2528 746 2537 754 “
2553 744 2607 772 Seq.
2623 750 2674 772 cap.
2688 750 2731 766 vn.

358 779 425 818 κλῳ
445 775 555 809 οἷόντε
574 775 739 808 κινεῖσθαι
757 777 798 807 τὸ
818 775 957 820 ἄπειρον
979 776 1173 821 ὁμοιομερές
1192 776 1245 808 ὄν·
1266 787 1367 820 μεσον

358 821 420 867 μὲν
444 821 509 867 γάρ
536 822 600 853 τοῦ
623 818 763 865 ἀπείρου
789 821 849 852 οὐκ
875 819 962 861 ἔστι,
982 821 1024 853 τὸ
1042 818 1079 852 δὲ
1102 820 1214 862 κύκλῳ
1234 822 1308 864 περὶ
1326 820 1368 852 τό

359 865 461 911 μέσον
486 869 647 898 κινεῖται.
683 865 794 898 ’Δλλαί
824 865 891 908 μήν
918 865 989 899 οὐδ’
1019 866 1070 898 ἐπ’
1099 865 1230 903 εὐθείας
1255 865 1368 898 οῐόντε

359 908 517 956 φέρεσθαι
551 910 594 943 τό
628 909 784 955 ἄπειρον·
809 905 926 948 δεήσει
955 911 1021 964 γαὶρ
1054 910 1168 956 ἕτερον
1200 908 1286 943 εἶναι
1312 921 1368 943 το-

359 956 484 988 σοῦτον
510 955 619 988 τόπον
642 954 780 1000 ἄπειρον
798 955 844 993 εἰς
863 956 898 987 ὃν
917 956 1118 994 οἱσθησεταιι
1142 955 1240 988 καταὶ
1258 954 1368 1000 φύσιν,

358 1001 418 1033 καὶ
444 999 547 1032 ἄλλον
574 1000 742 1033 τοσοῦτον
769 1000 815 1038 εὶς
842 1000 876 1032 ὃν
902 1013 952 1034 πα
976 1001 999 1034 αἱ
1022 999 1131 1044 φύσιν.

284 1043 365 1078 Ἔτι
389 1047 460 1077 εἴτε
485 1043 580 1089 φύσει
605 1045 676 1090 ἔχει
699 1046 828 1082 κίνησιν
856 1046 919 1077 τοῦ
940 1058 986 1084 εις
1005 1044 1084 1077 εὐθύ
1101 1047 1170 1077 εἴτε
1190 1045 1248 1085 βίᾳ
1271 1048 1369 1076 κινεῖ-

361 1101 442 1131 ται,
471 1089 670 1134 ἀμφοτέρως
694 1085 810 1126 δεήσει
838 1089 975 1135 ἄπειρον
1008 1087 1094 1122 εἶναι
1119 1089 1184 1126 τὴν
1207 1090 1368 1121 κινοῦσαν

359 1133 475 1181 ἰσχύν·
502 1133 524 1171 ’ἥ
551 1146 589 1166 τε
613 1135 680 1181 γαὶρ
712 1134 847 1178 ἄπειρος
882 1133 1023 1180 ἀπείρου
1054 1136 1114 1166 καὶ
1139 1134 1203 1167 τοῦ
1230 1134 1369 1178 ἀπείρου

291 1212 294 1213 ⁷
330 1179 539 1226 Vei-nemeen
555 1179 663 1225 ἰσχύς.
695 1178 792 1212 ’Ὦστ’
814 1178 915 1212 ἔσται
938 1181 998 1212 καὶ
1018 1179 1061 1212 τό
1084 1179 1197 1211 κινοῦν
1217 1178 1368 1223 ἄπειρον,

255 1252 258 1255 ,
358 1223 462 1271 λόγος
487 1219 518 1256 δ’
539 1223 572 1256 ἑν
598 1228 671 1262 τοῖς
697 1225 772 1267 περὶ
795 1223 957 1263 κινήσεως
979 1223 1033 1258 ὅτι
1055 1223 1151 1256 οὐθὲν
1176 1222 1248 1268 ἔχει
1275 1223 1369 1256 ἄπει-

359 1280 416 1314 ρον
441 1263 585 1310 δύναμιν
611 1270 678 1302 τῶν
711 1268 997 1314 πεπερασμένων,
1024 1265 1104 1301 οὐδὲ
1131 1269 1196 1300 τῶν
1225 1268 1369 1312 ἀπείρων

361 1315 636 1358 πεπερασμένην.
664 1314 702 1345 Εἰ
722 1312 779 1346 οὗν
797 1313 839 1346 τό
856 1313 954 1347 καιταὶ
970 1313 1066 1359 φύσιν
1083 1313 1142 1345 καὶ
1159 1311 1258 1356 παραὶ
1274 1313 1370 1357 φύσιν

361 1353 543 1403 ἐνδέχεται
571 1356 771 1400 κινηθῆναι,
798 1357 899 1390 ἔσται
923 1353 986 1390 δύο
1017 1357 1164 1402 ἄπειρα,
1191 1356 1233 1390 τό
1259 1368 1298 1389 τε
1322 1369 1372 1389 κι-

360 1403 440 1435 νοῦν
465 1402 556 1436 οὕτω
580 1405 639 1435 καὶ
666 1403 708 1435 τὸ
733 1402 944 1447 κινούμενον.

285 1445 366 1480 Ἔτι
389 1446 433 1481 τὸ
455 1448 568 1479 κινοῦν
601 1447 643 1480 τό
674 1447 812 1490 ἄπειρον
837 1450 873 1480 τί
897 1448 1012 1487 &ertu
1039 1446 1068 1478 ei
1092 1445 1152 1490 μὲν
1183 1445 1249 1491 γοίρ
1283 1447 1371 1480 αὐτὸ

361 1490 484 1533 ἑαυτό,
504 1491 544 1536 ἔμ
569 1503 651 1537 υχον
677 1492 790 1526 ἔσται.
820 1493 932 1524 Τοῦτο
957 1487 996 1524 δὲ
1020 1492 1092 1529 πῶς
1107 1486 1256 1523 δυνατὸν
1277 1492 1374 1524 ἄπει-

360 1548 416 1581 ρον
441 1533 529 1568 εἶναι
575 1539 659 1580 ᾧον;
685 1537 715 1568 εἱ
738 1531 769 1568 δ’
791 1535 877 1569 ἄλλο
903 1547 938 1570 τι
962 1535 1004 1569 τό
1027 1535 1156 1577 κινοῦν,
1182 1530 1244 1567 δύο
1271 1535 1372 1570 ἔσται

362 1579 502 1626 ἄπειρα,
522 1592 564 1613 το
583 1593 621 1615 τε
645 1582 758 1613 κινοῦν
783 1582 843 1614 καὶ
867 1581 910 1614 τό
933 1580 1144 1626 κινούμενον,
1161 1575 1373 1624 διαφέρονται

361 1625 426 1662 τήν
452 1625 582 1670 μορφὴν
605 1626 666 1658 καὶ
691 1625 756 1663 τήν
781 1620 940 1671 δύναμιν.

292 1669 333 1702 Bt
355 1665 395 1703 δὲ
418 1669 466 1713 μή
491 1671 629 1716 συνεχὲς
655 1669 698 1704 τό
723 1671 807 1712 πᾶν,
827 1671 905 1704 ἀλλ’
925 1669 1037 1714 ὥσπερ
1052 1668 1147 1716 λέγει
1163 1667 1373 1715 Δημόκριτος

359 1715 420 1754 καὶ
436 1713 648 1757 Λεύκιππος,
667 1710 872 1761 διωρισμένα
889 1715 938 1756 τῷ
959 1715 1059 1756 κενῷ,
1078 1717 1159 1759 μίαν
1183 1712 1372 1762 ἀναγκαῖον

361 1756 449 1792 εἶναι
474 1759 615 1794 πάντων
641 1760 707 1798 τήν
738 1762 881 1798 κίνησιν.
918 1759 1102 1802 Διωρισται
1125 1759 1186 1804 μὲν
1210 1760 1276 1806 γαὶρ
1301 1764 1374 1799 τοῖς

361 1816 381 1837 σ
410 1802 555 1848 ἥμασιν·
583 1804 648 1842 τήν
678 1801 717 1837 δὲ
749 1804 845 1848 φύσιν
881 1801 966 1837 εἶναί
999 1815 1099 1849 φασιν
1133 1804 1247 1837 αὐτῶν
1276 1807 1372 1849 μίαν,

362 1817 454 1882 (ἐπε
498 1848 537 1883 ἄν
563 1850 591 1882 εἰ
616 1849 738 1904 χρυσὸς
757 1849 906 1882 ἕκαστον
927 1851 977 1887 εἴη
1002 1848 1261 1895 κεχωρισμένον.
1289 1849 1376 1882 Τού-

361 1906 430 1927 των
455 1860 507 1936 ἕέ,
533 1893 689 1939 καθαπερ
713 1893 873 1941 λέγομεν,
893 1893 959 1927 ἀνα
985 1898 1084 1926 καῖον
1109 1890 1196 1926 εἶναι
1221 1894 1287 1931 τήν
1314 1895 1374 1927 αὖ·

361 1938 428 1976 τήν
451 1943 599 1977 κίνησιν·
627 1938 713 1972 ὅπου
738 1940 804 1986 γαίρ
829 1942 892 1983 μία
917 1939 965 1979 βῶ
990 1950 1043 1978 ος,
1070 1940 1130 1971 καὶ
1155 1939 1177 1976 ’ἦ
1204 1938 1374 1984 σύμπασα

360 1984 408 2030 γῆ
432 1984 588 2030 φέρεται,
605 1986 664 2016 καὶ
690 1983 732 2017 τό
757 1997 797 2017 τε
823 1985 892 2017 πᾶν
918 1985 984 2029 πῦρ
1007 1984 1068 2015 καὶ
1085 1982 1230 2028 σπινθὴρ
1248 1985 1294 2022 εἱς
1312 1985 1373 2017 τόν

359 2029 471 2063 ,αὐτόν
496 2028 618 2062 τόπον.
648 2026 744 2062 “sse-'r'
768 2029 848 2061 οὔτε
872 2029 998 2072 κοῦφον
1023 2029 1140 2067 ἀπλῶς
1159 2027 1255 2061 οὐθὲν
1273 2028 1374 2062 ἔσται

362 2074 429 2107 τῶν
454 2072 645 2118 σωμαίτων,
679 2073 709 2105 εἱ
740 2073 845 2107 πάντ’
875 2073 946 2119 ἔχει
978 2071 1098 2118 βαίρος·
1120 2074 1154 2105 -εἱ
1184 2068 1223 2105 δὲ
1254 2073 1376 2118 κουφό-

363 2129 478 2160 τητα,
507 2118 593 2163 βαρύ
620 2113 731 2150 οὐδέν·

286 2161 367 2194 Ἔτι
391 2163 420 2194 εὶ
448 2161 551 2206 βαίρος
583 2162 654 2218 ἔξει
679 2161 701 2199 ἧ
724 2161 950 2206 κουφότητα,
984 2161 1085 2194 ἔσται
1110 2161 1132 2198 ἦ
1158 2161 1309 2206 ἔσχατόν
1340 2175 1375 2196 τι

362 2208 427 2239 τοῦ
452 2207 584 2244 παντός
602 2219 623 2244 η
645 2206 763 2250 μέσον.
787 2207 902 2239 Τοῦτο
926 2202 955 2238 δ’
979 2202 1153 2239 ἀδύνατον
1181 2208 1321 2251 ἀπείρου
1338 2209 1372 2254 γ’

364 2251 476 2290 ὄντος.

286 2294 395 2334 Ὀλως
420 2309 480 2338 τε,
509 2294 547 2328 οὗ
609 2296 633 2333 η’
657 2297 732 2329 ἐστι
766 2294 868 2339 μέσον
898 2291 978 2338 μηδ’
1008 2295 1174 2339 ἔσχατον,
1207 2290 1295 2338 μηδὲ
1330 2297 1374 2328 τό

362 2341 423 2387 μὲν
443 2341 511 2373 ἅνω
529 2341 571 2372 τὸ
583 2307 624 2374 ξε
642 2340 740 2374 καίτω
752 2363 762 2380 ,
784 2340 892 2378 τόπος
912 2338 1019 2378 οὐθεὶς
1033 2340 1133 2372 ἔσται
1152 2344 1223 2378 τοῖς
1240 2340 1374 2385 σώμασι

362 2386 427 2424 τῆς
444 2385 559 2430 φορᾶς.
590 2384 725 2418 Τούτου
751 2381 790 2418 δὲ
820 2384 867 2430 μή
894 2384 992 2422 ὄντος
1016 2386 1143 2422 κίνησις
1170 2385 1230 2416 οὐκ
1260 2385 1372 2418 ἔσται·

365 2429 498 2476 ἀνάγκη
519 2431 584 2476 γαὶρ
609 2429 774 2463 κινεῖσθαι
792 2429 872 2467 ἦτοι
885 2429 983 2462 καταὶ
997 2428 1093 2474 φύσιν
1111 2426 1133 2464 ἦ
1150 2428 1247 2473 παραὶ
1263 2429 1373 2473 φύσιν,

362 2475 484 2508 ταῦτα
507 2469 537 2506 8·
565 2474 708 2520 ὥρισται
742 2478 814 2512 τοῖς
843 2473 966 2512 τόποις
1001 2478 1074 2512 τοῖς
1098 2470 1129 2506 τ’
1158 2474 1292 2512 οἰκείοις
1316 2477 1374 2506 καὶ

363 2523 436 2558 τοῖς
463 2519 668 2565 ἀλλοτρίοις.

287 2564 367 2598 Ἔτι
391 2565 421 2596 εἰ
445 2563 484 2596 οὗ
509 2565 606 2610 παραὶ
629 2563 725 2608 φύσιν
750 2575 784 2598 τι
803 2562 894 2618 μένει
912 2562 933 2600 ἦ
955 2565 1110 2608 φέρεται,
1132 2561 1264 2609 ἀνάγκη
1283 2563 1374 2601 τινὸς

365 2608 470 2643 ἄλλου
503 2605 590 2642 εἶναι
619 2609 746 2643 τοῦτον
773 2620 833 2641 τον
859 2607 970 2641 τόπον
1001 2606 1099 2641 καιταὶ
1147 2606 1218 2639 υ’σιν
1245 2609 1375 2652 (τοῦτο

363 2649 402 2686 δὲ
427 2653 551 2686 πιστὸν
577 2654 615 2687 ἑκ
639 2653 702 2691 τῆς
729 2653 953 2701 ἐπαγωγῆς),
974 2652 1107 2700 ἀνάγκη
1122 2617 1170 2689 ἓν)
1189 2652 1236 2697 μή
1255 2652 1376 2686 πάντα

363 2697 386 2736 ἦ
411 2697 514 2743 βάρος
540 2698 628 2744 ἔχειν
653 2697 676 2735 ἦ
699 2697 915 2742 κουφότητα,
937 2698 1029 2731 ἀλλαὶ
1053 2697 1099 2731 ταί
1117 2698 1177 2743 μὲν
1200 2697 1248 2730 ταὶ
1271 2692 1298 2729 δ’
1322 2698 1373 2730 οὗ.

239 2802 242 2803 ’
288 2786 367 2821 Ὅτι
391 2787 451 2832 μὲν
476 2789 590 2820 τοίνυν
615 2788 677 2819 οὐκ
703 2787 778 2820 ἔστι
802 2786 844 2820 τό
869 2788 970 2831 σῶμα
987 2787 1051 2820 τοῦ
1069 2787 1202 2825 παντὸς
1222 2785 1374 2832 ἄπειρον,

365 2832 402 2865 ἐκ
427 2831 562 2866 τούτων
587 2830 743 2877 φανερόν.

351 2930 504 2959 δτΝοΡςιε.
520 2946 556 2951 -
582 2939 606 2958 ι.
625 2929 744 2958 Nullum
766 2938 873 2967 corpus
893 2938 956 2958 esse
976 2928 1123 2958 infinitum
1145 2928 1308 2958 ostenditur
1329 2938 1379 2957 ra-

299 2968 425 2998 tionibus
440 2970 556 3009 logicis,
578 2979 654 3008 quae
674 2969 781 2998 scilicet
802 2975 957 2998 sumuntur
977 2978 1012 2998 ex
1033 2969 1285 2998 communioribus
1299 2968 1379 3006 prin-

255 3009 262 3013 “
299 3008 390 3046 dpiis‚
411 3009 458 3038 vel
474 3018 510 3038 ex
532 3009 732 3047 probabilibus
753 3015 783 3038 et
802 3019 865 3038 non
884 3009 1063 3039 necessariis.
1085 3011 1122 3038 Et
1141 3009 1238 3047 primo
1257 3010 1294 3038 de
1313 3018 1378 3038 cor-

298 3058 372 3087 pore
399 3049 534 3079 continuo
542 3060 554 3085 ;
579 3051 709 3079 secundo
735 3050 772 3078 de
797 3059 854 3079 non
880 3050 1025 3078 continuo.
1051 3067 1071 3072 -
1096 3057 1125 3078 2.
1148 3049 1247 3078 Prima
1269 3049 1379 3078 thesis:

299 3098 408 3127 corpus
422 3088 567 3128 infinitum
589 3099 646 3118 non
663 3095 760 3128 potest
777 3090 891 3119 moveri
904 3089 1102 3118 circulariter.
1119 3091 1218 3119 Motus
1233 3089 1379 3118 circularis

300 3135 344 3158 est
370 3129 447 3157 circa
480 3129 624 3166 medium3
647 3129 678 3158 in
704 3129 819 3159 infinito
846 3136 945 3158 autem
971 3139 1034 3158 non
1062 3136 1105 3159 est
1131 3139 1227 3167 neque
1247 3130 1379 3158 medium

299 3178 396 3207 neque
417 3175 620 3198 extremum.-
636 3170 662 3198 3.
676 3170 777 3199 Altera
795 3169 898 3198 thesis:
920 3178 1028 3208 corpus
1046 3170 1192 3209 infinitum
1207 3173 1264 3198 ἡοη
1281 3175 1380 3208 potest

300 3209 416 3238 moveri
439 3215 518 3238 motu
543 3215 633 3238 recto.
661 3211 690 3245 a)
713 3210 802 3238 Secus
823 3216 971 3246 oporteret
989 3219 1053 3238 esse
1073 3211 1135 3239 duo
1161 3211 1228 3239 loca
1247 3209 1379 3246 infinita,

300 3249 332 3278 in
353 3259 480 3287 quorum
501 3259 595 3278 unum
623 3258 730 3287 eorpus
757 3249 904 3278 infinitum
925 3256 1091 3278 moveretur
1109 3250 1270 3286 violenter,
1299 3256 1327 3278 et
1348 3249 1380 3278 in

301 3289 392 3318 alium
413 3289 595 3325 naturaliter3
617 3289 675 3318 hoc
687 3295 786 3318 autem
807 3295 851 3318 est
870 3289 1059 3327 impossibile.
1073 3305 1094 3311 -
1108 3291 1207 3325 Quare
1227 3296 1291 3318 tum
1307 3290 1380 3318 haec

300 3336 366 3358 tum
379 3330 512 3368 superior
532 3329 608 3359 ratio
623 3329 736 3359 dicatur
756 3329 864 3368 logica.
879 3346 900 3365 .-
941 3351 949 3358 .
970 3330 998 3366 b)
1020 3330 1097 3358 Cum
1111 3339 1199 3358 omne
1218 3331 1300 3368 quod
1313 3339 1379 3358 mo-

301 3375 385 3398 vetur
411 3371 448 3399 ab
476 3369 534 3398 alio
555 3376 717 3405 moveatur,
739 3369 763 3397 si
784 3378 891 3406 corpus
986 3369 1058 3398 'tum
1078 3376 1228 3406 movetur,
1250 3370 1310 3398 sive
1327 3379 1379 3399 na-

302 3409 432 3438 turaliter
451 3410 511 3439 sive
530 3419 584 3447 per
600 3409 779 3445 violentiam,
799 3409 963 3438 necessaria
981 3415 1026 3438 est
1044 3409 1135 3438 virtus
1155 3409 1281 3446 infinita,
1303 3419 1380 3447 quae

301 3458 365 3478 non
380 3455 424 3478 est
437 3450 493 3478 nisi
507 3449 538 3478 in
552 3449 683 3478 subiecto
697 3449 821 3478 infinito.
839 3450 918 3486 Ergo
933 3449 1019 3478 etiam
1033 3458 1140 3486 eorpus
1154 3459 1276 3478 movens
1290 3459 1380 3487 opor-

302 3495 377 3518 teret
390 3498 454 3518 esse
466 3489 630 3526 infinitum;
651 3497 680 3518 et
701 3489 742 3518 sic
763 3490 902 3518 darentur
922 3489 984 3517 duo
1005 3489 1136 3525 infinita,
1158 3490 1241 3526 quod
1261 3495 1305 3518 est
1323 3489 1379 3518 im-

302 3529 451 3566 possibile.
467 3546 486 3550 -
500 3531 590 3565 Quod
603 3530 691 3559 etiam
711 3530 783 3558 haec
804 3529 878 3558 ratio
893 3535 936 3557 est
949 3529 1051 3566 logica.
1065 3546 1085 3550 —
1100 3529 1262 3564 Quomodo
1278 3538 1313 3558 ex
1325 3530 1381 3558 hac

303 3569 417 3598 ratione
445 3569 635 3598 concludatur
662 3579 724 3598 esse
751 3579 814 3598 non
844 3569 940 3598 solum
968 3570 1028 3598 duo
1055 3568 1187 3605 infinita,
1213 3568 1380 3605 sedsetiam

303 3609 423 3647 plura.-·
436 3610 462 3638 5.
477 3611 504 3646 c)
520 3610 608 3645 Quod
628 3610 653 3639 si
673 3610 786 3639 dicatur
806 3619 912 3646 corpus
938 3609 1085 3638 infinitum
1103 3618 1221 3638 movere
1235 3608 1379 3646 seipsum,

1492 782 1581 813 cuitu
1598 782 1749 823 possibile
1765 790 1811 814 est
1822 783 1945 814 moveri
1959 783 2133 823 infinitum,
2143 783 2414 814 homoeomerum
2428 792 2499 815 ens:

1492 827 1637 857 medium
1657 826 1789 868 quidem
1815 828 1901 858 enim
1919 827 2034 859 infiniti
2056 838 2124 858 non
2146 834 2209 867 est,
2232 829 2323 869 quod
2341 835 2447 859 autem
2468 829 2502 859 in

1494 871 1627 902 circuitu
1643 871 1724 902 circa
1739 872 1883 902 medium
1899 879 2056 903 movetur.
2077 872 2138 903 Sed
2162 878 2194 903 et
2208 882 2313 913 neque
2327 872 2361 902 in
2379 879 2503 903 rectum

1492 915 1644 956 possibile
1660 922 1707 946 est
1723 915 1795 946 ferri
1811 915 1990 947 infinitum:
2008 916 2168 957 oportebit
2182 916 2270 947 enini
2285 916 2421 948 alterum
2436 926 2503 947 esse

1492 967 1620 992 tantum
1633 959 1745 991 locum
1767 959 1940 999 infinitum,
1957 961 1990 991 in
2014 971 2113 1002 quem
2127 961 2226 992 fertur
2246 961 2424 992 secundum
2447 971 2502 992 na-

1493 1012 1618 1043 turam,
1643 1011 1674 1035 et
1697 1004 1797 1035 alium
1820 1011 1963 1043 tantum,
1987 1005 2020 1035 in
2044 1015 2142 1046 quem
2165 1012 2288 1046 praeter
2310 1012 2468 1037 naturam.

1425 1049 1443 1069 *
1461 1049 1589 1088 Adhuc,
1613 1048 1678 1079 sive
1701 1055 1815 1079 natura
1837 1049 1932 1080 habet
1953 1056 2081 1080 motum
2104 1050 2172 1080 eius
2196 1049 2286 1091 quod
2312 1049 2346 1080 in
2369 1056 2503 1088 rectum,
2531 1058 2540 1066 ·

1493 1093 1559 1124 sive
1581 1092 1734 1124 violentia
1756 1100 1915 1132 movetur,
1940 1100 2077 1135 utroque
2101 1094 2200 1124 modo
2217 1094 2379 1135 oportebit
2400 1093 2504 1125 infini—

1493 1145 1560 1169 tam
1583 1147 1651 1168 esse
1675 1143 1860 1168 moventem
1877 1138 2074 1178 potentiam:
2092 1148 2174 1180 quae
2194 1138 2281 1169 enim
2295 1138 2419 1169 infinita
2434 1138 2504 1169 infi-

1494 1182 1563 1221 niti,
1587 1188 1619 1213 et
1640 1181 1756 1212 infiniti
1773 1181 1896 1213 infinita
1918 1182 2027 1214 virtus·
2052 1184 2158 1221 Quare
2182 1183 2240 1214 erit
2255 1189 2286 1214 et
2304 1193 2439 1214 movens
2457 1183 2504 1214 in-

1493 1226 1622 1258 finitum
1635 1233 1643 1256 :
1668 1226 1749 1257 ratio
1759 1233 1868 1257 autem
1881 1226 1916 1256 in
1931 1227 1980 1257 his
1996 1237 2078 1268 quae
2095 1228 2133 1258 de
2149 1234 2253 1266 motu,
2270 1228 2360 1269 quod
2376 1227 2505 1259 nullum

1493 1271 1590 1301 habet
1611 1269 1770 1302 infinitam
1792 1271 1944 1302 virtutem
1966 1271 2151 1311 finitorum,
2175 1282 2281 1313 neque
2303 1271 2506 1304 infinitorum

1494 1314 1627 1346 finitam.
1646 1314 1678 1346 Si
1701 1315 1797 1355 igitur
1812 1316 1991 1347 secundum
2009 1323 2155 1347 naturam
2172 1324 2203 1348 et
2220 1323 2344 1357 praeter
2358 1323 2506 1347 naturam

1494 1359 1650 1400 contingit
1668 1360 1802 1399 moveri,
1823 1367 1916 1391 erunt
1940 1361 2005 1391 duo
2025 1360 2159 1400 infinita,
2180 1361 2270 1402 quod
2286 1361 2420 1402 quidem
2435 1371 2505 1392 mo-

1494 1414 1572 1435 vens
1596 1404 1651 1442 sic,
1676 1411 1707 1435 et
1730 1405 1819 1446 quod
1843 1412 2001 1436 movetur.
2024 1429 2036 1437 ,

1425 1449 1443 1468 *
1458 1449 1586 1487 Adhuc,
1595 1458 1729 1479 movens
1745 1449 1836 1490 quod
1848 1449 2010 1480 infinitum
2025 1450 2146 1491 aliquid
2158 1457 2214 1481 est.
2228 1450 2261 1481 Si
2272 1450 2404 1491 quidem
2420 1449 2506 1480 enim
2533 1456 2542 1465 ·

1495 1493 1604 1534 ipsum
1628 1493 1782 1534 seipsum,
1805 1493 1984 1525 animatum
2008 1494 2075 1525 erit.
2101 1495 2175 1525 Hoc
2198 1501 2307 1525 autem
2336 1495 2505 1535 quomodo

1496 1537 1660 1578 possibile,
1679 1537 1843 1568 infinitum
1857 1548 1925 1568 esse
1949 1536 2084 1569 animal?
2100 1538 2133 1570 Si
2157 1545 2265 1570 autem
2283 1538 2371 1569 aliud
2386 1538 2508 1579 aliquid

1496 1591 1643 1620 movens,
1668 1582 1734 1612 duo
1759 1588 1852 1612 erunt
1874 1581 2008 1620 infinita,
2034 1589 2064 1613 et
2086 1593 2222 1613 movens
2237 1590 2267 1614 et
2293 1583 2382 1624 quod
2397 1593 2507 1614 move-

1495 1633 1558 1665 tur,
1583 1625 1757 1657 differentia
1780 1627 1959 1657 secundum
1983 1626 2120 1657 formam
2145 1634 2176 1658 et
2199 1627 2359 1658 virtutem.

1428 1670 1446 1690 *
1461 1670 1495 1702 Si
1510 1677 1619 1702 autem
1635 1680 1702 1701 non
1718 1670 1911 1702 continuum
1927 1677 2044 1710 totum,
2058 1672 2124 1710 sed,
2140 1672 2418 1712 quemadmodum
2434 1671 2508 1702 dicit

1496 1715 1702 1746 Democritus
1725 1722 1756 1746 et
1779 1715 1975 1756 Leucippus,
1993 1716 2239 1747 determinatum
2262 1726 2380 1755 vacuo,
2404 1726 2509 1747 unum

1497 1760 1711 1791 necessarium
1733 1766 1779 1790 est
1795 1770 1862 1791 esse
1879 1761 2029 1791 omnium
2045 1768 2183 1792 motum.
2200 1761 2418 1792 Determinata
2433 1767 2509 1791 sunt

1497 1804 1629 1846 quidem
1653 1804 1739 1835 enim
1762 1803 1891 1844 figuris;
1906 1812 2055 1836 naturam
2073 1812 2182 1836 autem
2206 1815 2273 1836 esse
2297 1805 2408 1836 dicunt
2423 1805 2509 1845 ipso-

1497 1859 1571 1880 rum
1594 1859 1713 1888 unam,
1741 1849 2020 1890 quemadmodum
2044 1850 2070 1880 si
2103 1860 2219 1880 aurum
2249 1850 2508 1891 unumquodque

1497 1893 1538 1924 sit
1556 1900 1768 1934 segregatum.
1786 1894 1915 1925 Horum
1935 1902 2054 1933 autem,
2067 1895 2346 1935 quemadmodum
2361 1894 2509 1933 dicimus,

1497 1938 1712 1969 necessarium
1736 1945 1782 1969 est
1806 1948 1874 1969 esse
1897 1939 2036 1969 eundem
2059 1946 2202 1970 motum:
2227 1939 2282 1969 ubi
2310 1938 2397 1970 enim
2425 1948 2509 1969 unus

1497 1983 1604 2021 bolus,
1621 1989 1652 2013 et
1667 1989 1735 2013 tota
1749 1989 1830 2014 terra
1845 1982 1959 2022 fertur,
1984 1990 2014 2014 et
2028 1989 2114 2014 totus
2130 1983 2262 2024 quidem
2277 1983 2358 2024 ignis
2379 1990 2410 2014 et
2429 1983 2509 2014 scin-

1498 2027 1565 2059 tilla
1587 2027 1621 2058 in
1645 2027 1785 2058 eundem
1811 2027 1932 2059 locum.
1958 2028 2066 2065 Quare
2093 2037 2197 2069 neque
2227 2028 2297 2059 leve
2325 2027 2511 2068 simpliciter

1499 2071 1627 2103 nullutn
1651 2071 1709 2102 erit
1732 2081 1918 2113 corporum,
1942 2072 1968 2103 si
1992 2072 2101 2103 omnia
2123 2072 2242 2104 habent
2263 2072 2467 2113 gravitatem;
2484 2071 2510 2102 si

1499 2123 1608 2147 autem
1626 2116 1799 2155 levitatem,
1818 2126 1913 2156 grave
1938 2117 2066 2147 nullum
2089 2117 2157 2148 erit.

1430 2161 1448 2180 *
1463 2160 1591 2198 Adhuc,
1615 2160 1641 2191 si
1665 2160 1850 2200 gravitatem
1873 2161 1968 2192 habet
1991 2168 2047 2192 aut
2064 2161 2236 2200 levitatem,
2257 2161 2314 2192 erit
2337 2167 2392 2192 aut
2415 2166 2511 2191 extre-
2536 2166 2546 2176 '

1498 2214 1591 2235 mum
1613 2204 1736 2245 aliquid
1758 2205 1858 2236 totius
1882 2212 1937 2236 aut
1959 2205 2115 2236 medium.
2140 2206 2214 2237 Hoc
2237 2211 2345 2236 autern
2359 2204 2509 2245 impossi-

1498 2249 1580 2287 bile,
1603 2248 1730 2279 infinito
1754 2256 1836 2280 ente.

1430 2293 1662 2334 Totaliterque‚
1680 2293 1735 2324 ubi
1760 2302 1828 2324 non
1844 2300 1891 2324 est
1913 2294 2059 2324 medium
2082 2304 2186 2335 neque
2200 2300 2388 2333 extremum,
2403 2303 2509 2335 neque

1498 2337 1561 2368 hoc
1591 2337 1723 2378 quidem
1752 2347 1881 2368 sursum
1910 2337 1972 2368 hoc
1999 2345 2107 2369 autem
2140 2339 2311 2378 deorsum,
2334 2339 2508 2379 nullusque

1497 2382 1589 2413 locus
1606 2381 1664 2412 erit
1680 2382 1868 2423 corporibus
1884 2381 2022 2413 lationis.
2045 2383 2118 2413 Hoc
2133 2390 2241 2413 autem
2261 2393 2327 2414 non
2344 2383 2507 2422 existente,

1498 2427 1617 2457 motus'
1635 2436 1703 2457 non
1733 2426 1806 2457 erit:
1838 2436 1965 2457 necesse
1996 2426 2083 2457 enim
2106 2427 2229 2458 moveri
2252 2434 2307 2458 aut
2330 2427 2508 2458 secundum

1499 2477 1647 2502 naturam
1670 2477 1726 2502 aut
1748 2477 1870 2511 praeter
1893 2478 2057 2510 naturam,
2081 2471 2159 2503 haec
2177 2478 2286 2503 autem
2302 2471 2509 2503 determinata

1499 2521 1574 2546 sunt
1596 2515 1675 2546 locis
1694 2514 1832 2555 propriis
1855 2522 1887 2546 et
1909 2515 2028 2546 alienis.

1431 2559 1448 2579 *
1464 2559 1592 2598 Adhuc,
1617 2559 1643 2589 si
1659 2559 1714 2590 ubi
1738 2566 1860 2600 praeter
1879 2566 2027 2590 naturam
2050 2560 2170 2601 aliquid
2190 2567 2298 2591 manet
2321 2566 2376 2591 aut
2399 2561 2508 2600 fertur,

1499 2614 1628 2635 necesse
1651 2604 1820 2635 cuiusdam
1843 2613 1910 2634 esse
1933 2604 2061 2635 alterius
2084 2605 2170 2636 hunc
2193 2605 2304 2636 locum
2331 2606 2509 2636 secundum

1499 2655 1647 2680 naturam
1671 2646 1753 2691 (hoc
1777 2655 1886 2679 autem
1905 2648 2051 2679 credibile
2075 2659 2113 2680 ex
2134 2647 2359 2692 inductione),
2383 2660 2509 2681 necesse

1499 2693 1596 2734 igitur
1619 2703 1724 2734 neque
1757 2693 1867 2723 omnia
1894 2693 2080 2733 gravitatem
2103 2693 2218 2725 habere
2245 2701 2301 2725 aut
2327 2694 2508 2734 levitatem,

1500 2738 1556 2768 sed
1578 2737 1657 2768 haec
1679 2737 1823 2778 quidem,
1847 2737 1926 2768 haec
1949 2745 2058 2769 autem
2081 2748 2159 2769 non.

1433 2783 1533 2821 Quod
1555 2782 1689 2823 quidem
1711 2782 1807 2822 igitur
1830 2791 1897 2812 non
1921 2789 1967 2813 est
1991 2793 2107 2823 corpus
2131 2783 2267 2813 omnino
2282 2782 2456 2823 infinitum,
2473 2792 2510 2813 ex

1500 2827 1550 2858 his
1573 2826 1790 2858 manifestum.

1434 2934 1537 2957 contra
1560 2934 1603 2957 est
1621 2927 1705 2956 tertia
1727 2928 1812 2957 ratio.
1833 2929 1908 2956 Nam
1931 2927 1955 2956 si
1974 2937 2080 2965 corpus
2100 2927 2245 2956 infinitum
2266 2928 2302 2956 sit
2323 2937 2444 2956 movens
2465 2937 2509 2956 se·

1434 2968 1545 3006 ipsum,
1574 2968 1627 2997 erit
1655 2967 1763 2997 animal
1791 2967 1946 2996 infinitum.
1978 2968 2036 2996 Sed
2057 2969 2114 2996 hoc
2139 2977 2201 2996 non
2220 2967 2334 2996 videtur
2354 2967 2508 3004 possibile:

1434 3018 1524 3038 omne
1538 3008 1616 3037 em'm
1631 3008 1739 3037 animal
1759 3009 1847 3036 habet
1868 3008 2089 3036 determinatam
2107 3007 2229 3044 figuram
2246 3013 2274 3035 et
2287 3007 2509 3036 determinatam

1433 3049 1658 3086 proportionem
1672 3048 1798 3085 partium
1812 3049 1850 3076 ad
1861 3055 1966 3076 totum.
1984 3049 2062 3085 Ergo
2077 3047 2247 3084 relinquitur
2261 3048 2343 3084 quod
2355 3048 2392 3076 ab
2410 3047 2509 3085 aliquo

1434 3089 1492 3118 alio
1506 3095 1671 3117 moveatur:
1694 3095 1722 3117 et
1740 3088 1780 3117 ita
1797 3094 1880 3117 erunt
1894 3088 1953 3116 duo
1973 3087 2093 3122 infinita,
2109 3096 2183 3124 quae
2198 3087 2334 3115 differunt
2348 3088 2509 3116 secundum

1434 3129 1561 3166 speciem
1583 3135 1611 3157 et
1629 3128 1773 3157 virtutem.
1784 3144 1804 3149 —
1818 3129 1845 3156 6.
1862 3127 2031 3156 Ostenditur
2052 3136 2108 3155 non
2127 3127 2196 3155 dari
2209 3127 2353 3165 infinitum
2369 3137 2425 3155 non
2441 3137 2509 3156 con-

1435 3170 1561 3205 tinuum,
1583 3179 1635 3197 seu
1657 3167 1822 3197 distinctum
1846 3177 1899 3204 per
1918 3166 2169 3203 interpositionem
2188 3166 2279 3195 vacui.
2303 3167 2406 3195 Prima
2421 3167 2507 3196 ratio.

1434 3210 1603 3238 Secundum
1628 3208 1798 3246 opinionem
1823 3207 1996 3244 ponentium
2024 3206 2192 3235 huiusmodi
2218 3206 2363 3235 infinitum
2384 3208 2509 3244 (nempe

1434 3249 1594 3278 Democriti
1616 3255 1644 3277 et
1665 3247 1819 3284 Leucippi,
1845 3247 1895 3284 qui
1920 3247 2070 3284 ponebant
2093 3256 2217 3283 corpora
2240 3246 2425 3275 indivisibilia
2446 3256 2509 3276 non

1434 3289 1572 3326 coniungi
1593 3288 1648 3317 nisi
1662 3287 1808 3316 mediante
1825 3288 1938 3323 vacuo),
1954 3287 2025 3315 haec
2046 3286 2229 3315 indivisibilia
2250 3295 2376 3324 corpora
2395 3286 2510 3316 infinita

1434 3330 1542 3358 habent
1560 3329 1682 3357 eandem
1696 3334 1841 3363 naturam,
1852 3333 1881 3355 et
1897 3335 1959 3355 non
1973 3326 2109 3355 differunt
2129 3326 2186 3354 nisi
2206 3327 2367 3355 secundum
2382 3327 2510 3356 diversas

1434 3369 1549 3407 figuras.
1565 3369 1624 3396 Sed
1634 3377 1760 3405 quorum
1775 3373 1818 3395 est
1834 3376 1894 3395 una
1907 3373 2020 3402 natura,
2032 3373 2075 3395 est
2084 3376 2160 3395 unus
2174 3373 2202 3395 et
2216 3366 2294 3395 idem
2307 3373 2415 3395 motus.
2431 3368 2509 3404 Ergo

1434 3410 1479 3438 vel
1496 3408 1597 3437 omnia
1617 3413 1772 3436 moventur
1793 3407 1940 3442 deorsum,
1955 3413 1984 3435 et
2003 3406 2044 3435 ita
2063 3407 2177 3435 nullum
2198 3406 2251 3434 erit
2272 3415 2379 3443 corpus
2399 3406 2509 3443 simpli-

1435 3449 1505 3478 citer
1519 3449 1598 3483 leve;
1619 3448 1664 3476 vel
1686 3446 1786 3475 omnia
1806 3453 1962 3475 moventur
1979 3456 2103 3482 sursum,
2119 3453 2147 3475 et
2164 3453 2376 3484 consequenter
2395 3446 2509 3474 nullum

1435 3489 1489 3518 erit
1509 3497 1616 3525 corpus
1637 3496 1738 3525 grave;
1761 3487 1843 3524 quod
1862 3493 1905 3515 est
1925 3486 2113 3523 impossibile.
2129 3503 2148 3508 -
2167 3496 2195 3523 7.
2215 3487 2350 3515 Secunda
2371 3486 2455 3515 ratio.
2478 3486 2508 3514 Si

1435 3529 1556 3566 aliquod
1570 3527 1615 3556 vel
1629 3527 1780 3564 quodlibet
1800 3526 2018 3555 indivisibilium
2038 3536 2196 3564 corporum
2215 3533 2380 3555 moveretur
2393 3535 2507 3554 sursum

1434 3569 1480 3598 vel
1501 3570 1649 3603 deorsum,
1660 3573 1828 3604 sequeretur
1848 3567 1906 3595 hoc
1919 3566 2108 3604 impossibile,
2122 3575 2228 3603 nempe
2243 3567 2324 3604 quod
2338 3566 2374 3594 sit
2388 3566 2507 3602 aliquod

1435 3608 1565 3638 medium
1586 3608 1631 3636 vel
1648 3614 1813 3638 extremum
1839 3606 1870 3635 in
1893 3606 1987 3644 spatio
2008 3606 2122 3635 infinito
2147 3613 2290 3643 occupato
2314 3615 2331 3635 a
2353 3604 2506 3643 praedictis

2527 770 2596 793 Text.
2611 776 2650 798 70.

2555 1056 2623 1078 Text.
2638 1063 2669 1084 7¹·

2557 1454 2626 1477 Text.
2641 1460 2676 1482 72·

2535 1675 2545 1684 “
2559 1673 2628 1695 Text.
2643 1679 2678 1701 73.

2561 2165 2629 2187 Text.
2644 2171 2681 2193 74.

2535 2564 2544 2574 “
2559 2562 2629 2585 Text.
2643 2568 2679 2591 75.
