2690 4062
1076 235 1188 272 CAP.
1218 238 1292 285 XI,
1322 238 1474 277 LECT.
1504 241 1578 278 XV
1614 268 1616 273 ·
1719 230 1730 240 .
2312 263 2418 288 cxmn

840 438 1141 497 LECTIO
1177 444 1806 524 DECIMAQUINTA

611 580 668 610 DE
693 581 1015 618 QUALITATIBUS
1038 585 1211 617 ACTIVIS
1234 587 1315 618 PER
1339 589 1719 624 COMPARATIONEM
1742 595 1800 625 AD
1826 595 2031 628 CORPORA

225 708 310 739 Ποῖα
334 705 372 739 δὲ
397 707 518 752 θερμοὶ,
536 706 559 744 ἦ
579 708 690 755 ψυχροὶ
714 711 781 742 τῶν
807 711 1028 757 πεπηγότων,
1049 713 1070 750 ἦ
1089 716 1156 746 τῶν
1175 716 1294 762 ὑγρῶν,

288 750 330 783 ἐκ
363 754 430 784 τῶν
463 754 643 797 εἰρημένων
676 750 729 786 δεῖ
761 752 996 790 μεταδιώκειν.
1029 757 1115 791 Ὅσα
1148 762 1206 803 μέν
1238 759 1295 793 οὖν

293 791 441 839 ὕδατος,
467 799 510 836 ὣς
536 799 590 831 ἐπὶ
616 799 657 831 τὸ
684 788 771 832 πολι)
796 799 836 844 ψυ
863 804 926 846 pol,
954 800 1012 834 ὲοίν
1037 803 1085 847 μή
1112 804 1296 849 ἀλλοτρίαν

292 840 356 895 ἔχῃ
373 841 586 886 θερμότητα,
606 843 676 875 οἷον
692 846 803 884 κονία,
823 857 861 878 ου
885 858 933 888 ον,
954 843 1057 886 οἶνος·
1082 846 1145 880 ὅσα
1162 845 1200 881 δὲ
1217 850 1294 895 γῆς,

291 898 334 924 ως
361 884 418 919 ἐπὶ
443 887 485 920 τὸ
511 889 599 920 πολύ
624 887 730 933 θερμοὶ
753 885 812 922 διαὶ
830 903 896 928 την
921 892 985 924 τοῦ
1002 890 1124 936 θερμοῦ
1142 889 1299 948 δημιουρ-

316 933 391 973 ίαν,
419 931 488 964 οἷον
524 935 664 970 τίτανος
698 936 755 965 καὶ
782 934 902 980 τέφρα.
942 937 998 967 Δεῖ
1020 933 1058 970 δὲ
1080 938 1199 978 λαβεῖν
1232 950 1295 975 την

293 977 376 1014 υλην
402 974 606 1021 ψυχρότητα
630 989 709 1010 τινα
734 975 838 1011 εἶναι·
866 981 943 1015 ἐπεὶ.4
963 980 1028 1027 γαρ
1053 983 1094 1014 τὸ
1115 981 1213 1026 ξηρόν
1237 984 1296 1015 καὶ

291 1022 334 1054 ‘to'
365 1021 465 1067 ὑγρόν
492 1021 553 1060 ὕλη
579 1023 722 1066 (ταῦτα
753 1026 817 1069 γάρ
851 1025 1071 1070 παθητικαί),
1099 1028 1232 1059 τούτων
1258 1022 1296 1059 δέ

290 1064 441 1109 σώματα
466 1066 620 1111 μάλιστα
647 1068 692 1113 γῆ
717 1071 775 1100 καὶ
803 1064 889 1112 ὕδωρ
914 1070 1007 1111 ἐστὶ,
1034 1071 1153 1103 ταῦτα
1178 1070 1216 1104 δέ
1242 1070 1298 1115 ψυ-

289 1110 437 1156 χρότητι
461 1110 616 1156 ὥρισται,
635 1107 740 1149 δῆλον
763 1112 817 1146 ὅτι
842 1114 961 1148 πάντα
988 1115 1034 1147 τοὶ
1057 1114 1206 1159 σώματα
1231 1115 1297 1148 ὅσα

290 1155 397 1188 ἑκατέ
418 1167 455 1187 ου
475 1158 592 1195 ἁπλῶς
617 1158 681 1190 τοῦ
705 1160 893 1203 στοιχείου,
912 1158 1023 1204 ψυχροὶ
1039 1159 1170 1204 μᾶλλόν
1189 1158 1296 1202 ἐστιν,

237 1198 332 1242 :xiia
355 1212 406 1244 μη
425 1200 493 1246 ἔχῃ
517 1199 701 1247 ἀλλοτρίαν
719 1200 932 1248 θερμότητα,
951 1204 1020 1236 οἷον
1041 1206 1083 1236 τό
1101 1204 1175 1247 ζέον
1195 1200 1294 1248 ὕδωρ,

289 1243 312 1281 ἦ
334 1246 376 1278 τὸ
401 1240 461 1277 διαὶ
485 1245 610 1291 τέφρας
630 1244 815 1300 ἠθημένον·
839 1250 898 1280 καὶ
923 1247 988 1294 γοὶρ
1014 1249 1120 1280 τοῦτο
1143 1248 1213 1293 ἔχει
1232 1250 1295 1286 τήν

289 1286 328 1320 ἐκ
353 1290 416 1328 τῆς
442 1290 566 1335 τέφρας
597 1289 815 1336 θερμότητα·
843 1292 876 1325 ἐν
903 1291 1014 1324 ἅπασι
1037 1292 1103 1338 γαίρ
1129 1292 1203 1326 ἐστι
1229 1293 1298 1335 θερ-

317 1333 419 1376 ότης,
446 1334 468 1372 ἦ
494 1337 639 1378 πλείων,
667 1334 688 1372 ἦ
714 1336 893 1377 ἐλάττων,
921 1341 992 1374 τοῖς
1026 1337 1293 1381 πεπυρωμένοις·

289 1345 345 1411 §.td
368 1381 428 1411 καὶ
453 1380 487 1413 ἐν
513 1384 586 1418 τοῖς
611 1385 754 1426 σαπροῖς
778 1382 850 1424 ζῷα
876 1381 1068 1427 ἐγγίνεται·
1096 1381 1207 1414 ἔνεστι
1231 1383 1295 1428 γσὶρ

289 1422 458 1469 θερμότης
490 1426 511 1462 ἣ
544 1425 708 1470 φθείρασα
742 1426 806 1463 τήν
839 1427 989 1459 ἑκάστου
1024 1426 1150 1458 οἰκείαν
1182 1425 1299 1471 θερμό-

289 1480 397 1506 τητα.
426 1469 515 1502 Ὅσα
538 1465 576 1501 δέ
601 1469 713 1510 κοινοὶ,
732 1469 804 1515 ἔχει
824 1469 1041 1516 θερμότητα·
1068 1470 1212 1509 συνέστη
1230 1472 1295 1518 γὰρ

289 1513 340 1558 τισὶ
356 1515 508 1547 πλεῖστα
526 1514 592 1546 ὑπὸ
609 1513 820 1558 θερμότητος
843 1514 1010 1559 πεψοίσης.
1028 1515 1127 1547 Ἔνιοι
1144 1511 1180 1547 δὲ
1198 1516 1294 1560 σῆψίς

289 1558 398 1599 ἐστιν,
417 1559 487 1591 οἷον
505 1559 554 1592 τοὶ
569 1558 765 1595 συντηκτοί·
791 1558 871 1591 ὥστ’
893 1561 1022 1605 ἔχοντα
1039 1559 1099 1604 μὲν
1117 1559 1183 1596 τήν
1199 1561 1296 1605 φύσιν

289 1601 398 1647 θερμοὶ
420 1604 480 1636 καὶ
505 1603 592 1647 αἷμα
615 1604 676 1635 καὶ
699 1602 786 1649 γονὴ
809 1606 867 1636 καὶ
893 1605 1015 1650 μυελὸς
1043 1606 1102 1636 καὶ
1128 1604 1214 1643 ὀπός
1237 1609 1295 1639 καὶ

288 1647 412 1680 πάντα
437 1647 486 1681 τοὶ
508 1648 682 1689 τοιαῦτα,
709 1646 910 1694 φθειρόμενα
933 1645 972 1682 δὲ
1003 1650 1063 1681 καὶ
1087 1648 1295 1695 ἐξιστάμενα

289 1693 355 1734 τῆς
378 1691 508 1737 φύσεως
533 1690 668 1725 οὐκέτι·
694 1694 856 1726 λείπεται
881 1694 946 1741 γάρ
971 1693 992 1732 ἦ
1020 1693 1096 1736 ὕλη,
1121 1695 1168 1740 γῆ
1194 1693 1293 1735 οὖσα,

289 1735 312 1775 ἦ
338 1732 407 1769 ὕδω
436 1749 444 1757 ·
470 1732 523 1769 διὸ
552 1736 729 1782 ἀμφότερα
749 1733 845 1770 δοκεῖ
867 1751 951 1781 τισι,
968 1740 1026 1771 καὶ
1045 1741 1074 1771 οἱ
1092 1741 1152 1785 μὲν
1169 1739 1293 1786 ψυχροὶ,

290 1784 320 1815 οἱ
345 1777 384 1814 δὲ
429 1782 516 1827 epp-oi
541 1781 661 1815 ταῦτα
685 1793 785 1826 φασιν
810 1779 911 1825 εἶναι,
939 1783 1094 1827 ὁρῶντες,
1122 1783 1209 1818 ὅταν
1236 1785 1294 1829 μὲν

288 1827 323 1859 ἐν
349 1827 395 1869 τῇ
420 1826 516 1870 φύσει
541 1825 614 1869 ὦσι,
633 1825 753 1884 θερμοὶ,
773 1826 858 1860 ὅταν
883 1823 922 1861 δὲ
945 1842 995 1875 χω
1019 1828 1144 1871 ισθῶσι,
1168 1828 1295 1876 πηγνύ-

288 1883 387 1917 μενα.
422 1872 518 1917 Ἔχει
543 1872 603 1916 μὲν
634 1883 692 1904 ουν
723 1871 848 1911 οὕτως·
875 1872 963 1918 ὅμως
995 1839 1023 1906 ἕ·
1051 1873 1162 1919 ὥσπερ
1187 1869 1297 1917 διώρι-

287 1928 385 1958 σται,
412 1916 446 1948 έν
472 1917 519 1956 οἷς
544 1917 604 1962 μὲν
626 1917 646 1954 ἦ
669 1915 730 1954 ὕλη
758 1913 885 1956 ὕδατος
911 1918 952 1952 τὸ
978 1920 1156 1960 πλεῖστον,
1182 1918 1294 1963 ψυχροὶ

289 1961 510 2006 (ἀντίκειται
533 1962 599 2009 γάρ
625 1962 733 1994 τοῦτο
758 1961 914 2007 μάλιστα
941 1964 989 2005 τῷ
1007 1966 1119 2009 πυρί),
1140 1963 1173 1996 ὲν
1193 1964 1238 2001 οἷς
1257 1958 1295 1995 δὲ

286 2007 351 2054 γῆς
378 2005 399 2043 ἦ
427 2006 536 2050 ἀέρος,
563 2006 766 2051 θερμότερα..
793 2008 973 2051 Συμβαίνει
997 2003 1036 2040 δέ
1061 2020 1148 2041 ποτε
1175 2007 1296 2041 ταύτοὶ

287 2050 440 2096 γίνεσθαι
465 2050 673 2097 ψυχρότατα
696 2054 754 2083 καὶ
775 2050 976 2096 θερμότατα
996 2054 1162 2098 ἀλλοτρία
1179 2051 1295 2096 θερμό-

288 2107 388 2134 τητι·
417 2095 482 2128 ὅσα.
517 2096 580 2143 γοὶρ
614 2096 769 2141 μα’λιστα
806 2095 941 2143 πέπηγε
974 2099 1032 2129 καὶ
1068 2096 1296 2142 στερεώτατοί

288 2141 377 2183 ἐστι,
396 2142 517 2174 ταῦτα
542 2140 653 2186 ψυχροί
670 2153 708 2174 τε
733 2140 902 2184 μάλιστα,
923 2141 981 2174 ἑοίν
1006 2141 1154 2187 στερηθῇ·
1180 2141 1295 2198 θερμό-

285 2197 416 2226 τητος,
442 2187 501 2218 καὶ
533 2185 611 2218 καίει
635 2185 812 2230 μάλιστα,
840 2186 899 2219 ἐὰν
925 2185 1086 2230 πυρωθῇ,
1113 2188 1182 2219 οἷον
1207 2189 1292 2232 υὸωρ

285 2231 422 2263 καπνοῦ
445 2233 504 2263 καὶ
527 2229 618 2269 λίθος
645 2226 774 2269 ὕδατος
798 2230 874 2263 καίει
899 2232 1042 2275 μᾶλλον.

358 2389 364 2392 ,
381 2392 383 2394 .
404 2394 406 2396 ,
457 2363 630 2395 eterminat
654 2361 694 2395 de
711 2361 921 2414 qualitatibus
946 2363 1059 2395 activis
1075 2373 1134 2406 per
1157 2374 1292 2406 compa-

286 2442 292 2449 .
374 2407 426 2447 J;÷„'‘
457 2408 619 2440 rationem
631 2406 785 2440 'similiter
797 2406 837 2440 ad
855 2418 912 2440 cor
937 2418 1004 2447 ora,
1017 2406 1195 2440 ostendens
1209 2419 1292 2451 quae

329 2449 418 2498 ,ἔρυξε
458 2452 523 2484 sint
546 2450 649 2484 calida
665 2460 698 2484 et
717 2463 801 2495 quae
825 2450 898 2495 frigi
923 2463 941 2484 a
961 2463 978 2484 a
994 2451 1233 2495 praedominio.
1252 2452 1294 2485 Et

382 2498 414 2527 ‘N
458 2496 537 2529 dicit
553 2495 644 2540 quod
669 2497 781 2529 omnia
805 2507 889 2540 quae
909 2504 986 2529 sunt
1002 2507 1106 2540 aquea
1123 2508 1140 2528 a
1156 2496 1293 2540 praedo-

275 2555 279 2563 *
407 2535 430 2563 ἕ
458 2540 574 2581 minio,
588 2549 665 2573 sunt
681 2540 908 2574 universaliter
919 2540 1046 2584 frigida,
1060 2541 1122 2573 nisi
1135 2542 1294 2585 recipiant

217 2584 419 2620 caliditatem
443 2584 590 2618 aliunde:
615 2586 700 2618 sicut
724 2586 830 2625 urina,
856 2597 939 2629 quae
964 2586 1079 2629 recipit
1095 2584 1292 2618 caliditatem

219 2641 238 2664 a
261 2630 430 2674 digerente
454 2629 627 2670 caliditate,
651 2629 816 2670 lixivium,
842 2629 933 2674 quod
956 2629 1072 2674 recipit
1095 2629 1293 2663 caliditatem

216 2684 238 2708 a
253 2673 418 2708 cineribus
436 2673 548 2707 calidis
568 2685 627 2717 per
647 2685 732 2718 quos
757 2673 894 2714 colatur,
911 2682 944 2706 et
959 2674 1075 2706 vinum
1091 2673 1130 2707 ab
1148 2686 1220 2707 aere
1240 2686 1292 2707 ca-

217 2719 288 2753 lido
313 2719 554 2752 circumstante.
579 2718 704 2751 Terrea
729 2726 840 2751 autem
865 2718 1092 2751 universaliter
1120 2727 1197 2751 sunt
1221 2718 1294 2751 cali-

215 2763 322 2805 diora,
340 2764 425 2796 sicut
449 2762 519 2796 calx
542 2771 575 2795 et
599 2763 690 2795 cinis.
710 2763 791 2796 Non
815 2770 864 2795 est
888 2770 998 2794 autem
1022 2761 1291 2806 intelligendum,

214 2807 311 2855 quod
334 2816 439 2841 terrea
463 2808 528 2840 sint
552 2806 654 2840 calida
679 2806 718 2839 ab
743 2807 920 2839 intrinseco
945 2814 977 2839 et
1000 2806 1184 2839 secundum
1200 2815 1293 2840 natu-

215 2865 289 2887 ram
305 2864 412 2892 suam,
427 2853 504 2896 quia
521 2852 647 2885 ratione
664 2852 829 2890 materiae,
847 2850 970 2883 scilicet
986 2859 1054 2883 tam
1070 2859 1173 2884 terrae
1191 2863 1291 2895 quam

217 2909 334 2943 aquae,
352 2898 464 2930 omnia
488 2897 588 2929 mixta
609 2904 687 2929 sunt
710 2895 841 2939 frigida,
865 2896 941 2939 quia
960 2895 1095 2928 materia
1110 2896 1291 2928 mixtorum

212 2951 298 2976 -sunt
321 2941 498 2975 humidum
515 2950 546 2974 et
563 2941 700 2979 siccum,
721 2941 806 2972 sicut
829 2951 928 2984 supra
945 2938 1070 2972 dictum
1095 2948 1156 2972 est:
1182 2939 1290 2972 humi-

218 2986 300 3021 dum
325 2995 436 3020 autern
453 2985 641 3019 attribuitur
660 2996 774 3029 aquae,
793 2996 876 3029 quae
899 2992 948 3016 est
963 2983 1079 3027 frigida
1096 2992 1128 3016 et
1144 2984 1290 3024 humida,

214 3032 346 3065 siccum
368 3042 448 3064 vero
472 3039 588 3070 terrae,
606 3041 689 3074 quae
706 3038 755 3062 est
778 3028 894 3072 frigida
914 3037 947 3061 et
970 3029 1069 3068 sicca;
1092 3037 1124 3061 et
1140 3030 1183 3061 ita
1207 3040 1291 3061 sern-

215 3087 279 3121 per
302 3077 438 3109 materia
472 3076 654 3108 mixtorum
688 3082 737 3107 est
761 3072 898 3117 frigida,
925 3073 993 3105 sive
1025 3073 1066 3107 sit
1089 3081 1194 3113 terra,
1223 3074 1290 3106 sive

219 3131 314 3166 aqua.
336 3120 402 3154 Sed
425 3129 509 3153 terra
526 3119 645 3153 dicitur
664 3118 799 3151 calidior
819 3129 920 3162 aqua:
945 3126 1017 3150 tum
1035 3118 1111 3161 quia
1134 3117 1290 3161 frigidum

220 3166 377 3199 convenit
399 3176 503 3209 aquae
528 3175 586 3208 per
610 3175 644 3196 se
668 3164 791 3207 primo,
815 3171 918 3195 terrae
943 3170 1054 3194 autem
1078 3173 1136 3206 per
1159 3162 1289 3205 partici-

217 3211 404 3254 pationem:
430 3218 502 3242 tum
527 3209 603 3253 quia
628 3217 805 3251 utrumque
837 3208 986 3251 ipsorum
1010 3207 1127 3250 recipit
1151 3205 1290 3239 alienam

215 3254 428 3294 caliditatem,
452 3253 510 3286 sed
535 3265 619 3297 aqua
643 3263 712 3285 non
737 3253 780 3284 ita
805 3252 870 3284 cito
894 3259 1129 3283 transmutatur
1153 3250 1191 3283 ab
1214 3251 1290 3294 igne

218 3299 306 3332 sicut
329 3308 435 3338 terra,
464 3299 540 3343 quia
564 3307 648 3330 terra
684 3297 838 3329 convenit
862 3307 938 3328 cum
962 3295 1037 3338 igne
1067 3296 1100 3328 in
1125 3296 1289 3335 siccitate,

219 3355 238 3377 a
263 3355 305 3376 ua
328 3355 408 3376 vero
432 3343 467 3375 in
490 3341 604 3382 nullo,
629 3350 661 3374 et
684 3341 761 3385 quia
784 3352 869 3385 aqua
893 3349 942 3373 est
965 3340 1068 3372 rarior
1092 3349 1189 3379 terra,
1214 3339 1290 3372 ideo

218 3399 238 3421 c
271 3399 364 3421 orem
387 3399 456 3420 non
480 3387 597 3430 recipit
621 3387 655 3418 in
675 3384 810 3418 cumulo
832 3396 893 3418 nec
916 3392 1086 3427 receptum
1103 3385 1149 3416 sic
1166 3383 1291 3417 fortiter

218 3441 321 3473 tenet,
338 3441 375 3465 ut
390 3441 489 3472 terra;
514 3440 547 3464 et
563 3439 706 3475 propter·
722 3429 785 3462 hoc
805 3429 1032 3462 universaliter
1055 3429 1166 3461 omnia
1186 3439 1290 3472 aquea

218 3485 253 3510 et
277 3476 414 3510 humida
437 3484 514 3508 sunt
530 3476 641 3508 minus
666 3474 768 3508 calida
786 3485 885 3519 quam
903 3474 988 3507 sicca
1007 3482 1040 3506 et
1058 3482 1171 3506 terrea.
1198 3473 1290 3505 Licet

218 3530 332 3554 autem
348 3530 431 3554 terra
455 3529 487 3553 et
503 3531 599 3564 aqua,
619 3520 704 3552 sicut
728 3519 853 3552 dictum
873 3526 932 3557 est,
949 3530 989 3551 ex
1012 3526 1126 3551 natura
1150 3529 1209 3550 sua
1226 3518 1290 3549 sint

220 3565 358 3609 frigida,
387 3574 497 3598 tamen
521 3565 555 3597 in
580 3563 734 3597 omnibus
770 3572 836 3596 tarn
871 3564 983 3596 terreis
1015 3574 1032 3595 a
1061 3561 1289 3606 praedominio

219 3614 326 3655 quam'
345 3610 458 3654 aqueis
483 3618 532 3642 est
566 3618 696 3653 recepta
721 3607 829 3652 aliqua
861 3607 1005 3641 caliditas
1037 3607 1224 3640 extrinseca.
1251 3607 1289 3639 In

1350 719 1369 738 ὓ
1386 722 1500 759 Qualia
1519 731 1625 754 autem
1645 726 1743 757 calida
1767 734 1821 758 aut
1844 728 1954 768 frigida
1975 731 2215 771 coagulatorum
2239 741 2294 766 aut
2308 735 2414 766 humi·
2441 737 2450 746 '
2466 735 2522 763 Cap.
2537 742 2568 758 ¹¹⁴

1419 766 1549 817 dorum,
1563 778 1599 798 ex
1614 769 1703 800 dictis
1722 779 1849 811 oportet
1866 774 2071 806 considerare.
2097 776 2327 820 Quaecumque
2343 781 2414 821 qui-

1365 842 1367 844 ,
1420 811 1493 840 dem
1508 819 1602 851 1g1tur
1617 824 1728 854 aquae,
1748 822 1784 846 ut
1800 817 1839 846 ad
1854 817 1993 848 multum
2010 818 2131 859 frigida,
2148 821 2173 851 si
2190 832 2256 853 non
2279 824 2413 855 alienam

1418 854 1554 886 habeant
1570 857 1772 898 caliditatem;
1788 861 1875 892 velut
1888 861 2043 901 lixivium,
2056 864 2156 904 un’na,
2169 866 2291 899 vinum.
2309 869 2413 906 Quae-

1419 909 1558 950 cumque
1581 908 1687 932 autem
1710 910 1826 943 terrae,
1850 912 1886 936 ut
1909 906 1947 936 ad
1975 907 2115 939 multum
2145 910 2261 950 calida,
2284 919 2414 953 propter

1419 943 1511 994 calidi
1543 946 1780 987 operationem;
1810 955 1847 979 ut
1869 950 1936 980 calx
1967 957 1997 982 et
2020 952 2106 984 cinis.
2138 954 2274 994 Oportet
2305 964 2412 987 autern

1417 998 1556 1028 acclpere
1573 992 1748 1022 secundum
1764 993 1927 1024 materiam
1946 997 2102 1036 quaedam
2118 997 2318 1038 frigidissima
2334 1011 2411 1032 esse.

1418 1033 1583 1070 Quoniam
1598 1034 1683 1065 enim
1699 1036 1818 1067 siccum
1833 1044 1863 1068 et
1878 1038 2049 1071 humidum
2068 1043 2198 1073 materia
2220 1042 2311 1086 (haec
2327 1045 2412 1076 enim

1417 1076 1572 1120 passiva);
1597 1079 1713 1110 horum
1738 1088 1844 1111 autern
1868 1093 2001 1123 corpora
2022 1086 2158 1117 maxime
2174 1093 2254 1118 terra
2278 1096 2308 1120 et
2330 1099 2413 1130 aqua

1417 1128 1502 1160 sunt,
1521 1123 1599 1154 haec
1622 1124 1709 1154 enim
1724 1124 1889 1165 frigiditate
1906 1128 2113 1161 determinata.
2132 1138 2221 1170 sunt;
2245 1133 2350 1173 palam
2366 1141 2412 1165 est

1418 1167 1507 1206 quod
1523 1167 1632 1198 omnia
1649 1178 1792 1209 corpora,
1810 1180 2031 1213 quaecumque
2049 1174 2213 1216 utriusque
2229 1176 2412 1217 simpliciter

1418 1210 1582 1249 elementi,
1607 1212 1718 1252 frigida
1741 1214 1840 1254 magis
1864 1223 1953 1255 sunt,
1977 1217 2003 1247 si
2025 1227 2091 1248 non
2118 1219 2254 1251 habeant
2275 1221 2411 1252 alienam

1418 1255 1619 1295 caliditatem,
1642 1257 1729 1288 velut
1752 1258 1873 1289 fervens
1897 1270 1990 1301 aqua,
2014 1269 2069 1293 aut
2091 1273 2173 1304 quae
2196 1274 2252 1304 per
2275 1265 2410 1296 cinerem

1418 1299 1529 1330 colata.
1553 1301 1681 1331 Etenim
1704 1302 1780 1332 haec
1794 1302 1888 1334 habet
1911 1314 1981 1335 eam
1996 1315 2078 1346 quae
2101 1317 2138 1338 ex
2156 1308 2258 1339 cinere
2275 1310 2410 1341 calidita-

1418 1350 1500 1374 tem:
1525 1344 1557 1374 in
1573 1345 1723 1376 omnibus
1739 1346 1822 1377 enim
1840 1347 1944 1387 ignitis
1963 1356 2010 1380 est
2033 1351 2181 1390 caliditas,
2201 1360 2255 1384 aut
2275 1355 2412 1394 amplior

1418 1395 1472 1419 aut
1503 1388 1617 1420 minor.
1651 1390 1784 1430 Propter
1814 1392 1903 1432 quod
1933 1399 1963 1424 et
1992 1393 2024 1424 in
2052 1395 2233 1434 putrefactis
2264 1398 2411 1429 animalia

1417 1432 1642 1464 innascuntur:
1665 1434 1747 1465 inest
1769 1435 1854 1465 enirn
1879 1436 2017 1468 caliditas
2040 1449 2121 1479 quae
2141 1442 2315 1482 corrumpit
2337 1453 2410 1483 pro-

1417 1476 1520 1517 priam
1544 1477 1795 1519 uniuscuiusque
1823 1480 2021 1513 caliditatem.
2050 1483 2279 1526 Quaecumque
2301 1494 2408 1517 autem

1417 1522 1613 1560 communia,
1629 1522 1747 1553 habent
1769 1523 1975 1556 caliditatem:
2000 1534 2144 1559 constant
2167 1529 2252 1559 enirn
2273 1531 2410 1570 plurima

1418 1576 1436 1596 a
1452 1565 1607 1597 caliditate
1628 1577 1709 1607 quae
1726 1567 1868 1607 digessit:
1891 1571 2047 1610 quaedam
2063 1572 2148 1602 enim
2166 1573 2409 1613 putrefactiones

1418 1617 1507 1648 sunt,
1523 1610 1611 1641 velut
1626 1618 1775 1652 syntecta.
1796 1613 1902 1650 Quare
1918 1614 2062 1646 habentia
2085 1617 2214 1657 quidem
2233 1620 2409 1650 secundum

1417 1661 1563 1686 naturam
1587 1655 1696 1694 calida,
1721 1662 1752 1686 et
1774 1657 1911 1697 sanguis,
1937 1665 1966 1689 et
1988 1659 2141 1699 genitura,
2165 1668 2195 1692 et
2210 1663 2359 1701 medulla,
2379 1671 2411 1695 et

1416 1700 1480 1738 lac,
1504 1706 1535 1730 et
1557 1700 1665 1730 omnia
1688 1700 1778 1730 talia:
1808 1709 1954 1742 corrupta
1977 1710 2099 1743 autem,
2124 1711 2154 1736 et
2182 1707 2369 1746 egredientia
2392 1718 2410 1738 a

1415 1751 1538 1782 natura,
1554 1754 1620 1774 non
1644 1744 1765 1775 adhuc:
1789 1745 1977 1787 relinquitur
1992 1748 2076 1778 enim
2094 1750 2233 1787 materia,
2254 1758 2333 1782 terra
2348 1752 2409 1782 exi-

1416 1796 1512 1827 stens,
1536 1795 1591 1819 aut
1613 1799 1705 1830 aqua.
1730 1789 1862 1830 Propter
1884 1792 1972 1831 quod
1995 1793 2090 1823 ambo
2113 1793 2258 1825 videntur
2280 1796 2410 1836 quibus-

1417 1833 1506 1871 ἀει-ιη
1530 1840 1561 1864 et
1583 1832 1615 1863 hi
1637 1833 1768 1874 quidem
1792 1834 1913 1874 frigida,
1934 1835 1967 1866 hi
1986 1843 2092 1867 autem
2109 1838 2207 1869 calida
2230 1839 2307 1870 haec
2322 1840 2411 1871 aiunt

1416 1887 1498 1916 esse,
1522 1877 1680 1916 videntes,
1705 1887 1780 1908 cum
1802 1879 1934 1919 quidem
1956 1880 1989 1910 in
2012 1888 2122 1912 natura
2145 1882 2276 1922 fuerint,
2301 1884 2409 1923 calida,

1416 1932 1491 1953 cum
1514 1928 1622 1952 autern
1645 1929 1785 1962 separata
1808 1922 1934 1962 fuerint,
1956 1926 2129 1965 coagulata.
2154 1927 2258 1958 Habet
2281 1928 2410 1968 quidem

1416 1966 1511 2007 igitur
1534 1966 1577 1996 sic
1601 1966 1747 2004 totaliter,
1764 1973 1800 1997 ut
1816 1967 2059 1999 determinatum
2075 1976 2130 2001 est.
2156 1971 2191 2000 In
2211 1972 2326 2012 quibus
2341 1973 2410 2013 qui-

1416 2011 1490 2041 dem
1506 2010 1635 2041 materia
1651 2021 1751 2051 aquae
1770 2013 1946 2043 secundum
1965 2013 2151 2053 plurimum,
2168 2015 2279 2055 frigida
2295 2015 2410 2058 (oppo-

1416 2055 1502 2086 nitur
1525 2055 1610 2085 enim
1626 2055 1703 2086 haec
1722 2056 1858 2086 maxime
1881 2055 1985 2099 igni);
2005 2057 2038 2088 in
2053 2059 2168 2098 quibus
2184 2066 2290 2090 autem
2313 2067 2410 2092 terrae

1416 2106 1471 2130 aut
1494 2099 1584 2138 aeris,
1609 2099 1767 2130 calidiora.
1791 2100 1915 2132 Accidit
1937 2108 2044 2132 autem
2067 2102 2238 2143 aliquando
2253 2104 2329 2135 haec
2344 2104 2410 2136 fieri

1417 2143 1627 2183 frigidissima,
1643 2150 1674 2174 et
1685 2144 1872 2175 calidissima
1888 2145 1988 2176 aliena
2005 2146 2167 2177 caliditate.
2180 2148 2409 2190 Quaecumque

1417 2188 1502 2218 enim
1531 2188 1667 2218 maxime
1696 2189 1861 2228 coagulata
1888 2196 1962 2220 sunt
1989 2196 2020 2220 et
2043 2191 2192 2222 solidiora
2215 2199 2305 2231 sunt,
2333 2193 2410 2224 haec

1416 2232 1527 2272 frigida
1542 2232 1689 2271 maxime,
1703 2233 1727 2262 si
1739 2232 1902 2273 priventur
1917 2234 2082 2273 caliditate,
2095 2242 2126 2266 et
2141 2237 2250 2267 ardent
2263 2237 2409 2277 maxime,

1416 2276 1442 2307 si
1461 2277 1635 2317 igniantur;
1658 2277 1745 2308 velut
1761 2287 1843 2318 aqua
1860 2277 1961 2317 furno,
1986 2285 2016 2309 et
2030 2279 2110 2319 lapis
2125 2290 2207 2320 aqua
2223 2281 2286 2311 urit
2299 2282 2410 2321 magis.

1349 2362 1443 2395 cuius
1467 2363 1599 2406 signum
1625 2363 1657 2395 in
1682 2362 1799 2396 talibus
1823 2373 2020 2406 generantur
2043 2365 2193 2398 animalia
2209 2377 2250 2398 ex
2273 2366 2410 2410 putrefa-

1349 2408 1474 2447 ctione,
1503 2418 1646 2451 quorum
1670 2408 1836 2450 generatio
1860 2419 1929 2440 non
1959 2418 2072 2452 posset
2095 2421 2183 2450 esse,
2211 2411 2274 2443 nisi
2298 2412 2331 2443 in
2355 2411 2410 2444 tali

1347 2452 1483 2484 materia
1499 2460 1585 2484 esset
1606 2460 1736 2496 recepta
1753 2451 1860 2496 aliqua
1877 2452 2020 2486 caliditas
2037 2453 2238 2497 particularis
2258 2466 2409 2499 coagens,

1348 2505 1380 2528 et
1396 2495 1495 2529 simul
1519 2495 1568 2529 dis
1594 2507 1698 2529 onens
1714 2497 1883 2529 materiam
1907 2496 2130 2537 adjnfluxum
2154 2498 2336 2540 caelestem,
2353 2501 2409 2544 qui

1348 2549 1398 2573 est
1419 2541 1571 2573 universa
1587 2553 1604 2573 e
1627 2552 1786 2584 generans
1811 2540 1886 2574 talia
1917 2541 2077 2575 animalia.
2101 2542 2275 2582 Quaedam
2299 2553 2408 2577 autem

1348 2593 1452 2617 terrea
1474 2584 1527 2618 vel
1551 2597 1654 2629 aquea
1677 2594 1754 2618 sunt
1777 2586 1847 2618 sine
1871 2585 2123 2629 putrefactione,
2148 2596 2185 2619 ut
2208 2587 2354 2628 metalla,
2379 2597 2410 2621 et

1348 2629 1423 2662 ideo
1448 2629 1482 2662 in
1506 2629 1556 2662 his
1580 2638 1869 2674 non-generantur
1892 2630 2053 2663 animalia.
2079 2631 2176 2671 Quae
2201 2641 2310 2664 autem
2334 2641 2410 2665 sunt

1349 2674 1540 2707 communia
1563 2683 1666 2707 terrae
1686 2683 1718 2707 et
1734 2683 1848 2718 aquae,
1865 2683 1943 2707 sunt
1959 2674 2075 2708 calida:
2098 2673 2173 2719 quia
2189 2675 2265 2709 talia
2288 2688 2409 2720 coagu-

1347 2717 1456 2751 lantur
1471 2730 1489 2751 a
1505 2718 1611 2751 calido
1628 2727 1798 2763 separante
1815 2718 2000 2759 humidum,
2011 2719 2219 2760 terminando
2236 2719 2409 2754 humidum

1348 2774 1424 2795 cum
1441 2762 1568 2806 reliquo
1592 2763 1695 2803 sicco3
1719 2772 1751 2796 et
1766 2762 1840 2796 ideo
1865 2762 1940 2796 talia
1957 2763 2101 2807 quandiu
2119 2765 2258 2796 retinent
2274 2765 2409 2797 mixtam

1346 2815 1498 2839 naturam
1522 2817 1540 2839 a
1563 2807 1793 2850 generantibus
1813 2806 1896 2847 data,
1919 2816 1995 2840 sunt
2019 2807 2130 2840 calida.
2149 2808 2313 2852 Corrupta
2329 2820 2407 2842 vero

1347 2860 1380 2884 et
1402 2850 1572 2895 perdentia
1588 2860 1738 2884 naturam
1763 2860 1840 2884 sunt
1855 2850 1971 2895 frigida
1995 2852 2108 2895 magis,
2125 2853 2315 2895 praesertim
2332 2865 2408 2885 cum

1347 2895 1494 2939 perditur
1516 2904 1631 2928 natura
1659 2895 1802 2928 nobilior
1825 2904 1856 2928 et
1879 2896 2055 2939 acquiritur
2085 2895 2190 2928 forma
2214 2896 2407 2940 ignobilior,

1347 2941 1431 2972 sicut
1455 2940 1489 2972 in
1509 2940 1648 2973 mortuis
1673 2939 1862 2973 hominibus
1886 2948 2033 2983 apparet;
2058 2949 2090 2973 et
2113 2951 2181 2972 non
2205 2941 2312 2973 solum
2336 2952 2407 2984 per-

1346 2984 1456 3017 dentia
1479 2993 1640 3024 naturam,
1657 2984 1714 3017 sed
1738 2985 1836 3017 etiam
1852 2993 1999 3028 separata
2022 2995 2040 3016 a
2063 2985 2197 3028 proprio
2214 2984 2290 3017 loco
2313 2994 2406 3017 natu-

1346 3028 1404 3061 rali
1428 3037 1505 3061 sunt
1529 3028 1706 3071 frigidiora,
1729 3029 1814 3060 sicut
1837 3039 1960 3068 semen,
1985 3029 2117 3072 sanguis
2142 3037 2174 3061 et
2197 3028 2257 3068 lac,
2274 3029 2406 3072 quando

1346 3081 1423 3105 sunt
1447 3081 1535 3105 extra
1559 3073 1691 3116 propria
1714 3071 1796 3105 loca.
1814 3072 1855 3104 Et
1878 3073 2038 3105 rationem
2063 3072 2160 3104 huius
2184 3072 2306 3112 reddit,
2331 3074 2407 3117 quia

1346 3116 1420 3149 talia
1444 3128 1503 3160 per
1526 3117 1772 3160 corruptionem
1796 3125 2004 3149 revertuntur
2024 3117 2057 3148 in
2081 3125 2231 3149 naturam
2254 3116 2406 3149 elementi

1346 3161 1634 3204 praedominantis,
1652 3160 1775 3193 scilicet
1797 3172 1900 3204 aquae
1923 3160 1975 3193 vel
1998 3169 2119 3200 terrae,
2143 3172 2226 3204 quae
2250 3162 2334 3193 sicut
2357 3161 2405 3194 di-

1346 3214 1435 3238 ctum
1460 3214 1518 3245 est,
1538 3214 1615 3237 sunt
1638 3204 1764 3248 frigida.
1780 3204 1860 3238 Non
1883 3213 1993 3237 autem
2018 3204 2210 3237 determinat
2239 3204 2278 3238 de
2301 3206 2405 3248 igneis

1345 3249 1398 3282 vel
1421 3250 1533 3289 aereis,
1554 3248 1759 3282 ostendendo
1783 3257 1893 3281 utrum
1918 3249 1983 3281 sint
2006 3248 2107 3281 calida
2123 3248 2175 3281 vel
2192 3248 2317 3292 frigida,
2334 3258 2405 3281 tum

1346 3295 1465 3338 primo,
1485 3294 1561 3337 quia
1585 3293 1650 3326 fere
1674 3294 1708 3325 in
1727 3292 1881 3326 omnibus
1905 3293 2013 3325 mixtis
2032 3292 2298 3336 praedominatur
2322 3304 2405 3337 aqua

1341 3338 1398 3371 'vel
1427 3347 1511 3370 terra
1535 3337 1717 3371 secundum
1748 3337 1952 3370 existentiam
1982 3337 2035 3369 vel
2066 3338 2301 3381 quantitatem:
2330 3337 2406 3370 licet

1346 3384 1379 3415 in
1403 3382 1565 3426 aliquibus
1590 3381 1856 3425 praedominetur
1879 3382 1962 3424 ignis
1987 3390 2042 3414 aut
2067 3392 2120 3414 aer
2143 3381 2325 3414 secundum
2341 3383 2406 3414 vir-

1345 3436 1469 3467 tutem;
1493 3435 1564 3459 tum
1589 3425 1746 3465 secundo,
1763 3426 1839 3470 quia
1862 3424 2070 3458 manifestum
2090 3434 2149 3465 est,
2189 3425 2257 3458 uod
2280 3425 2355 3458 talia
2372 3426 2405 3462 in

1369 3471 1464 3504 uibus
1482 3470 1748 3515 praedominatur
1764 3470 1847 3513 ignis
1863 3469 1916 3502 vel
1932 3481 1995 3510 aer,
2012 3478 2089 3502 sunt
2106 3437 2218 3508 calida,
2234 3481 2310 3502 cum
2326 3469 2405 3502 haec

1346 3484 1413 3549 duo
1430 3515 1589 3552 elementa
1613 3523 1761 3558 respectu
1779 3514 1918 3547 aliorum
1935 3515 2000 3547 sint
2023 3514 2140 3547 activa:
2166 3513 2306 3546 calidum
2326 3525 2404 3546 vero

1346 3570 1396 3594 est
1411 3561 1551 3593 maxime
1569 3560 1726 3599 activum;
1743 3567 1877 3602 propter
1899 3558 1989 3603 quod
2011 3559 2109 3591 etiam
2125 3559 2220 3601 ignea
2242 3566 2317 3590 sunt
2338 3569 2405 3590 ma-

1345 3606 1394 3649 gis
1419 3604 1520 3638 calida
1545 3615 1643 3648 quam
1668 3615 1768 3636 aerea.
