2782 4134
10 3491 14 3494 ,
27 3467 64 3491 OE.
77 3469 118 3491 lib.
129 3469 147 3497 1,
162 3470 215 3492 lect.

28 3510 36 3523 ,
49 3501 72 3517 n.
82 3502 99 3518 1.

0 3650 5 3666 ,ι
29 3626 92 3650 1.τοί.
107 3634 156 3657 seq.

0 3673 5 3712 ρ,

0 3714 3 3727 ρ

0 3776 5 3805 1

619 375 776 457 DE
844 375 1277 461 CAELO
1350 379 1504 462 ET
1575 380 2058 465 MUNDO

1134 564 1408 630 LIBER
1455 568 1542 631 111

1040 860 1341 916 LECTIO
1379 863 1641 919 PRIMA

480 1006 813 1038 PRAEMITTITUR
836 1005 1192 1038 RECAPITULATIO
1215 1006 1588 1039 PRAECEDENTIUM
1612 1026 1631 1031 -
1656 1009 1935 1041 OSTENDITUR
1958 1012 2015 1042 DE
2040 1013 2196 1050 QUIBUS

1125 1060 1297 1091 RESTAT
1319 1060 1548 1092 DICENDUM

237 1179 314 1224 Περὶ
365 1178 398 1211 ὲν
425 1176 481 1211 οὖν
507 1178 570 1210 τοῦ
597 1176 733 1219 πρώτου
760 1176 905 1221 οὐρανοῦ
929 1178 989 1209 καὶ
1014 1177 1081 1209 τῶν
1106 1177 1232 1220 μερῶν,
1260 1176 1313 1208 ἔτι

305 1218 344 1256 δε
369 1224 444 1267 περὶ
467 1223 536 1255 τῶν
563 1219 596 1255 ἐν
622 1222 718 1263 αὐτῷ
743 1221 952 1266 φαινομένων
980 1220 1126 1266 ἄστρων,
1151 1221 1187 1253 ἐκ.
1213 1223 1312 1253 τίνων

306 1281 345 1301 τε
372 1268 556 1300 συνεστᾶσι
586 1269 645 1299 καὶ
671 1266 739 1299 ποῖ’
769 1265 865 1299 ἄττα
898 1265 961 1303 τήν
987 1265 1081 1310 φύσιν
1107 1266 1203 1306 ἐστί,
1231 1265 1312 1310 πρός

305 1308 345 1346 δὲ
370 1312 508 1350 τούτοις
536 1311 590 1344 ὅτι
617 1309 771 1358 ἀγένητα
795 1312 854 1343 καὶ
873 1309 1047 1354 ἄφθαρτα,
1065 1305 1313 1355 διεληλύθαμεν

363 1356 371 1367 Ι

306 1369 483 1412 προτῚΞρο-Υ.
546 1399 554 1410 Ι
747 1399 756 1411 Ι
883 1399 890 1410 Ἰ
952 1398 959 1408 7
1006 1400 1014 1410 ἱ
1153 1399 1162 1410 0
1306 1399 1313 1410 1

233 1402 331 1434 Ἐπεὶ
355 1398 393 1434 δε
418 1414 485 1434 των
511 1412 606 1445 φύσει
629 1401 820 1446 λεγομενων
845 1411 893 1432 τα
917 1411 977 1444 μεν
1003 1410 1095 1432 εστιν
1127 1401 1241 1431 ουσίαν.
1266 1412 1314 1432 τα

305 1441 334 1482 δ’
365 1446 449 1493 ἔργα
472 1447 532 1478 καὶ
557 1443 650 1482 πάθη
684 1443 820 1477 τούτων
848 1442 954 1490 (λέγω
978 1442 1008 1475 δ’
1038 1441 1153 1482 οὐσίας
1179 1444 1240 1487 μὲν
1265 1444 1314 1477 τοί

306 1503 345 1524 τε
368 1492 467 1524 οἱπλόἱ
482 1490 646 1534 σώματα,
665 1489 733 1521 οἷον
754 1489 819 1533 πῦρ
843 1490 902 1520 καὶ
918 1489 983 1534 γῆν
999 1490 1059 1520 καὶ
1077 1488 1126 1521 τοὶ
1140 1488 1312 1534 σύστοιχα

305 1535 464 1576 τούτοις,
489 1537 548 1567 καὶ
579 1533 643 1566 ὅσα
668 1535 705 1566 ἐκ
738 1532 894 1574 τούτων,
921 1533 990 1565 οἷον
1016 1533 1077 1566 τόν
1103 1545 1141 1566 τε
1170 1533 1312 1565 σύνολον

306 1580 450 1623 οὐρανὸν
474 1582 533 1612 καὶ
559 1579 608 1612 τοὶ
630 1578 733 1623 μόρια
759 1578 884 1619 αὐτοῦ,
902 1579 962 1610 καὶ
987 1577 1090 1611 πάλιν
1112 1577 1160 1611 τοί
1178 1590 1216 1611 τε
1238 1579 1313 1621 ζῷα

304 1626 365 1657 καὶ
390 1626 439 1658 τοὶ
461 1624 554 1668 φυτοὶ
583 1624 642 1655 καὶ
674 1622 722 1656 τοὶ
745 1621 847 1667 μόρια
879 1622 1037 1663 τούτων,
1065 1621 1158 1660 ποίθη
1185 1619 1223 1655 δὲ
1253 1624 1313 1655 καὶ

307 1670 390 1715 ἔργα
415 1668 478 1707 τσίς
504 1681 543 1701 τε
567 1667 714 1706 κινήσεις
740 1667 803 1705 τοὶς
831 1666 965 1700 τούτων
991 1666 1140 1700 ἑκοίστου
1165 1670 1223 1700 καὶ
1245 1668 1312 1700 τῶν

307 1714 432 1755 ἄλλων,
458 1713 543 1745 ὅσων
570 1712 663 1745 ἐστὶν
690 1714 789 1745 αἴτια
815 1712 934 1745 ταῦτα
957 1712 1054 1745 κατὰ
1079 1712 1144 1749 τήν
1169 1707 1313 1755 δύναμιν

306 1760 372 1796 τήν
398 1759 545 1799 ἑαυτῶν,
573 1757 625 1790 ἔτι
649 1752 688 1789 δὲ
714 1757 777 1794 τοὶς
805 1756 1002 1795 ἀλλοιώσεις
1025 1758 1085 1789 καὶ
1109 1757 1173 1795 τοὶς
1190 1758 1236 1795 εἰς
1255 1757 1313 1789 ἄλ-

303 1806 395 1842 ληλα
420 1802 671 1848 μεταβάσεις),
697 1802 839 1846 φανερὸν
866 1800 920 1834 ὅτι
946 1801 1010 1838 τήν
1036 1803 1200 1839 πλείστην
1232 1814 1314 1846 συμ-

306 1849 415 1891 βαίνει
440 1848 504 1885 τῆς
530 1848 605 1890 περὶ
629 1845 757 1891 φύσεως
789 1848 941 1891 ἱστορίας
968 1847 1043 1891 περὶ
1075 1846 1244 1889 σωμάτων
1270 1844 1314 1878 εἶ-

305 1905 378 1927 ναι·
406 1893 518 1925 πᾶσαι
542 1891 607 1938 γάρ
634 1893 669 1923 αἱ
692 1893 828 1936 φυσικαὶ
847 1891 959 1923 οὐσίαι
978 1890 999 1928 ἦ
1016 1890 1165 1935 σώματα
1184 1890 1205 1928 'n'
1223 1892 1315 1935 μετοὶ

305 1937 476 1982 σωμάτων
507 1939 688 1983 γίγνονται
719 1937 778 1968 καὶ
809 1934 971 1981 μεγεθῶν.
1008 1937 1119 1969 Τοῦτο
1146 1932 1182 1968 δὲ
1207 1931 1313 1973 δῆλον

306 1983 343 2016 ἔκ
369 1995 408 2016 τε
433 1982 497 2015 τοῦ
521 1977 696 2026 διωρίσθαι
722 1981 770 2014 τοὶ
787 1981 873 2013 ποῖαί
892 1981 965 2013 ἐστι
983 1980 1092 2025 φύσει,
1110 1983 1169 2013 καὶ
1189 1982 1225 2013 ἐκ.
1250 1982 1313 2019 τῆς

304 2026 382 2060 καθ’
411 2026 547 2059 ἕκαστα
571 2025 723 2067 θεωρίας.

236 2073 313 2116 Περὶ
337 2072 396 2117 μὲν
423 2070 480 2104 οὖν
506 2072 570 2104 τοῦ
595 2070 734 2115 πρώτου
764 2071 831 2103 τῶν
864 2072 1043 2115 στοιχείων
1070 2071 1230 2115 εἴρηται,
1255 2072 1314 2102 καὶ

305 2116 403 2150 ποῖόν
430 2128 464 2150 τι
494 2116 559 2153 τήν
592 2115 709 2160 φύσιν,
735 2116 793 2147 καὶ
820 2113 874 2147 ὅτι
901 2114 1073 2159 ἄφθαρτον
1104 2116 1163 2147 καὶ
1194 2114 1315 2161 ἀγένη-

305 2173 383 2196 τον·
408 2161 532 2193 λοιπόν
558 2155 596 2192 δὲ
622 2162 695 2204 περὶ
722 2163 795 2192 τοῖν
821 2153 914 2191 δυοῖν
939 2159 1058 2192 εἰπεῖν.

1367 1179 1384 1198 *
1399 1179 1447 1209 De
1471 1179 1576 1219 primo
1600 1180 1732 1221 quidem
1747 1181 1843 1222 igitur
1865 1184 1952 1214 caelo
1977 1191 2007 1215 et
2025 1185 2180 1225 partibus;
2200 1186 2304 1218 adhuc
2328 1193 2435 1218 autem

1435 1224 1474 1254 de
1497 1223 1530 1254 in
1557 1224 1627 1264 ipso
1659 1225 1729 1256 latis
1753 1227 1859 1265 astris,
1883 1237 1920 1258 ex
1942 1229 2058 1269 quibus
2089 1237 2251 1268 constant,
2275 1238 2306 1262 et
2329 1232 2436 1272 qualia

1433 1269 1592 1308 quaedam
1615 1276 1727 1300 natura
1750 1278 1839 1309 sunt,
1863 1273 1966 1303 adhuc
1989 1280 2096 1304 autem
2119 1274 2275 1315 quoniam
2296 1275 2436 1316 ingenita

1435 1319 1466 1343 et
1487 1312 1756 1354 incorruptibilia,
1780 1317 2038 1355 pertransivimus
2061 1318 2159 1358 prius.
2366 1328 2369 1331 '

1367 1401 1533 1439 Quoniam
1556 1409 1664 1433 autem
1693 1413 1810 1434 eorum
1833 1414 1914 1445 quae
1937 1412 2048 1436 natura
2072 1407 2236 1446 dicuntur,
2265 1408 2342 1439 haec
2365 1408 2436 1449 qui—

1435 1446 1509 1476 dem
1532 1454 1607 1477 sunt
1629 1447 1839 1487 substantiae,
1865 1449 1940 1480 haec
1963 1457 2069 1481 autem
2088 1452 2287 1491 operationes
2314 1459 2344 1483 et
2366 1463 2436 1493 pas-

1433 1490 1540 1521 siones
1563 1491 1681 1522 horum
1700 1490 1786 1534 (dico
1803 1500 1910 1523 autem
1927 1495 2114 1526 substantias
2133 1496 2264 1536 quidem
2283 1497 2437 1537 simplicia

1435 1545 1580 1576 corpora,
1594 1543 1671 1576 puta
1682 1536 1789 1576 ignem
1802 1545 1833 1568 et
1846 1545 1960 1568 terram
1971 1545 2001 1569 et
2017 1539 2212 1571 coelementa
2222 1541 2283 1580 his,
2294 1548 2324 1572 et
2341 1552 2436 1582 quae-

1435 1590 1575 1621 cumque
1591 1590 1628 1611 ex
1643 1580 1707 1619 his;
1723 1588 1801 1621 puta
1820 1582 1915 1612 etiam
1930 1590 2035 1613 totum
2046 1585 2169 1615 caelum
2188 1592 2219 1615 et
2233 1592 2335 1625 partes
2351 1586 2436 1625 eius;

1435 1632 1466 1656 et
1481 1624 1597 1656 iterum
1612 1625 1761 1656 animalia
1777 1633 1807 1656 et
1823 1627 1944 1667 plantas
1960 1634 1990 1658 et
2004 1635 2106 1667 partes
2123 1628 2254 1660 horum:
2275 1630 2437 1670 passiones

1435 1676 1542 1700 autem
1556 1676 1586 1700 et
1598 1680 1705 1710 opera,
1722 1677 1829 1701 motus
1840 1671 1959 1702 horum
1975 1672 2237 1714 uniuscuiusque,
2254 1681 2285 1704 et
2300 1674 2437 1705 aliorum

1434 1724 1716 1756 quorumcumque
1733 1721 1807 1745 sunt
1819 1725 1913 1746 causa
1929 1715 1987 1746 ista
2003 1717 2169 1756 elementa,
2186 1719 2363 1749 secundum
2377 1719 2437 1749 vir-

1434 1765 1538 1790 tutem
1563 1759 1728 1799 ipsorum,
1753 1759 1857 1790 adhuc
1884 1767 1992 1791 autem
2022 1761 2219 1792 alterationes
2242 1769 2273 1793 et
2302 1763 2438 1794 invicem

1434 1802 1745 1846 transmutationes),
1768 1804 1973 1835 manifestum
1996 1805 2071 1846 quia
2096 1806 2135 1836 de
2159 1814 2270 1837 natura
2289 1807 2438 1838 historiae

1435 1848 1608 1888 plurimam
1632 1848 1745 1879 accidit
1773 1849 1811 1879 de
1835 1849 2022 1889 corporibus
2042 1860 2118 1881 esse.
2139 1850 2260 1882 Omnes
2276 1851 2361 1882 enim
2384 1862 2438 1882 na-

1435 1893 1551 1924 turales
1573 1893 1764 1924 substantiae
1782 1900 1837 1924 aut
1859 1903 2003 1934 corpora,
2014 1901 2069 1925 aut
2092 1905 2166 1925 cum
2184 1896 2369 1936 corporibus
2386 1907 2438 1936 ge-

1435 1944 1585 1968 nerantur
1608 1944 1639 1968 et
1670 1937 1952 1978 magnitudinibus.
1977 1939 2048 1969 Hoc
2075 1946 2181 1970 autem
2206 1941 2313 1980 palam
2339 1951 2376 1971 ex
2399 1951 2437 1971 eo

1436 1983 1526 2024 quod
1542 1982 1788 2013 determinatum
1805 1989 1851 2013 est
1867 1993 1948 2023 quae
1972 1990 2047 2014 sunt
2062 1990 2184 2023 natura,
2202 1991 2232 2015 et
2247 1995 2284 2015 ex
2299 1995 2335 2015 ea
2357 1995 2439 2026 quae

1434 2037 1491 2067 per
1510 2026 1634 2067 singula
1658 2027 1937 2067 contemplatione.

1369 2072 1416 2102 De
1433 2072 1538 2112 primo
1555 2071 1687 2112 quidem
1710 2072 1806 2111 igitur
1829 2072 2062 2103 elementorum
2078 2072 2199 2103 dictum
2218 2080 2274 2111 est,
2299 2081 2330 2104 et
2346 2074 2439 2115 quale

1435 2116 1514 2157 quid
1538 2116 1716 2147 secundum
1739 2123 1896 2151 naturam,
1917 2123 1947 2147 et
1970 2117 2126 2157 quoniam
2148 2117 2385 2159 incorruptibile
2410 2125 2441 2149 et

1435 2161 1624 2201 ingenitum.
1649 2160 1825 2202 Reliquum
1848 2168 1956 2192 autem
1980 2161 2018 2192 de
2043 2162 2169 2192 duobus
2194 2162 2304 2194 dicere.

230 2204 324 2251 Ἀμα
348 2201 388 2238 δὲ
411 2205 631 2250 συμβήσεται
656 2206 730 2247 περὶ
756 2203 891 2237 τούτων
915 2204 1054 2258 λέγουισι
1078 2205 1137 2236 καὶ
1163 2205 1316 2260 περὶνγε-
1369 2205 1473 2236 Simul
1496 2212 1605 2236 autem
1628 2205 1748 2236 accidet
1772 2205 1810 2236 de
1834 2206 1882 2236 his
1907 2205 2099 2244 dicentibus,
2124 2214 2155 2237 et
2178 2207 2216 2237 de
2239 2207 2440 2247 generatione

305 2249 425 2288 νέσεως
457 2252 515 2282 καὶ
541 2248 663 2294 φθορᾶς
689 2244 958 2292 διασκέψασθαι·
984 2259 1113 2296 γενεσις
1137 2249 1202 2295 γάρ
1233 2260 1314 2285 ητοι

305 2295 348 2328 τὸ
380 2294 549 2339 παράπαν
579 2295 640 2326 οὐκ.
672 2294 786 2334 ἔστιν,
821 2291 841 2329 ἦ
872 2292 974 2337 μόνον
1008 2293 1041 2326 ὲν
1074 2293 1212 2331 τούτοις
1244 2297 1315 2331 τοῖς

305 2341 489 2385 στοιχείοις
512 2340 571 2371 καὶ
597 2342 668 2376 τοῖς
687 2339 724 2370 ἐκ
746 2337 882 2371 τούτων
905 2339 1010 2370 ἐστίν.
1039 2336 1130 2371 Αὐτὸ
1147 2333 1187 2370 δὲ
1207 2338 1315 2371 τοῦτο

306 2385 443 2430 πρῶτον
467 2386 546 2422 ἴσως
571 2382 771 2428 θεωρητέον,
790 2382 935 2427 πότερον
962 2383 1053 2415 ἔστιν
1079 2381 1101 2419 ἦ
1128 2380 1188 2414 οὖν.
1206 2383 1312 2415 ἔστιν.

290 2481 431 2509 SYNOPsls
449 2496 483 2501 —
505 2489 529 2508 1.
543 2481 757 2517 Argumentum
779 2479 844 2508 libri
859 2485 887 2507 et
908 2479 1010 2508 divisio
1025 2486 1128 2508 textus.
1144 2496 1163 2501 -
1178 2487 1206 2508 2.
1222 2481 1313 2508 Reca-

237 2520 372 2559 pitulatio
394 2529 497 2548 eorum
521 2529 595 2557 quae
617 2519 694 2548 dicta
715 2526 782 2548 sunt
803 2519 833 2547 in
853 2519 1102 2556 praecedentibus.
1117 2536 1138 2540 —
1152 2520 1312 2555 Quomodo

237 2561 455 2598 intelligendum
471 2561 553 2597 quod
567 2559 672 2588 dicitur
685 2560 721 2588 de
739 2560 840 2598 primo
855 2560 936 2589 caelo
951 2565 980 2588 et
995 2560 1146 2598 partibu55
1165 2569 1218 2596 per
1231 2560 1313 2597 quod

237 2601 347 2630 scilicet
367 2599 545 2638 significatur
566 2609 627 2628 non
648 2606 743 2628 totum
769 2599 936 2628 universum
958 2606 985 2628 et
1006 2609 1131 2636 corpora
1152 2609 1227 2637 quae
1249 2609 1313 2628 mo-

237 2647 342 2671 ventur
363 2647 447 2669 motu
467 2647 547 2669 recto
569 2646 597 2668 et
611 2639 757 2675 circulari3
779 2649 833 2668 nec
847 2639 941 2676 prima
963 2641 1086 2676 sphaera
1107 2646 1134 2668 et
1156 2640 1245 2676 ipsius
1260 2650 1314 2677 po-

238 2681 352 2710 sitionis
373 2680 567 2714 differentiae3
589 2681 639 2708 sed
661 2686 756 2708 toturn
778 2689 884 2716 corpus
911 2681 992 2717 quod
1014 2680 1189 2708 circulariter
1209 2681 1314 2715 fertur,

239 2727 268 2750 et
288 2720 419 2749 diversae
440 2721 579 2756 sphaerae
593 2729 668 2756 quae
689 2726 757 2748 sunt
771 2727 866 2756 partes
888 2719 988 2756 ipsius.
1003 2736 1023 2742 -
1037 2721 1204 2748 Secundum
1221 2720 1314 2748 diver-

239 2770 286 2790 sas
307 2760 462 2797 opiniones
482 2760 638 2788 Alexandri
659 2766 686 2788 et
708 2760 847 2797 Simplicii
869 2761 906 2788 de
927 2760 1058 2788 subiecto
1078 2760 1164 2797 primi
1179 2760 1244 2788 libri
1265 2761 1312 2796 (cf.

239 2802 396 2836 Prooem.),
413 2799 612 2836 recapitulatio
633 2800 705 2828 haec
727 2809 756 2828 se
778 2800 905 2828 extendit
919 2801 964 2828 vel
982 2800 1077 2828 solum
1093 2801 1131 2828 ad
1152 2801 1313 2828 secundum

239 2840 356 2875 librum,
370 2840 415 2868 vel
437 2839 524 2868 etiam
538 2840 576 2868 ad
590 2839 727 2876 primum.
743 2857 763 2860 —
778 2840 804 2867 3.
821 2839 986 2868 Subdivisio
1000 2846 1102 2868 textus.
1117 2857 1138 2861 —
1151 2841 1229 2868 Tota
1243 2850 1315 2868 con-

239 2880 376 2909 sideratio
397 2879 535 2908 naturalis
557 2878 759 2916 philosophiae
780 2886 823 2908 est
844 2879 919 2908 circa
940 2889 1073 2916 corpora.
1095 2881 1182 2908 Prob.
1203 2881 1314 2908 Omnes

240 2920 418 2949 substantiae
438 2920 584 2948 naturales
606 2926 673 2948 sunt
694 2929 833 2956 corpora3
855 2920 935 2956 atqui
957 2920 1152 2948 consideratio
1175 2920 1315 2949 naturalis

239 2960 442 2998 philosophiae
464 2967 507 2988 est
528 2961 564 2988 de
590 2959 756 2988 substantiis
784 2960 963 2988 naturalibus
985 2966 1013 2988 et
1035 2969 1135 2988 earum
1157 2960 1313 2989 accidenti-

239 3001 309 3036 bus3
332 3009 410 3037 ergo.
429 3016 449 3021 —
462 2999 671 3036 4.,Explicatur
690 2999 788 3028 minor
801 2999 999 3036 praecedentis
1015 3000 1182 3037 syllogismi.
1205 3001 1314 3028 Secun-

241 3041 312 3068 dum
334 3046 468 3068 naturam
489 3049 551 3068 esse
573 3039 708 3068 dicuntur
729 3046 757 3068 et
778 3040 955 3068 substantiae
980 3041 1142 3075 naturales,
1164 3047 1192 3068 et
1213 3050 1313 3069 earum

241 3080 426 3117 operationes
447 3086 475 3108 et
495 3079 655 3116 passiones.
678 3080 861 3108 Substantiae
875 3081 1020 3108 naturales
1035 3087 1115 3108 sunt:
1137 3082 1166 3116 a)
1181 3081 1315 3118 Corpora

241 3119 383 3156 simplicia
411 3129 485 3156 quae
510 3126 578 3147 sunt
606 3120 764 3154 elementa;
792 3121 830 3148 ad
852 3130 926 3157 quae
954 3120 1099 3157 pertinent
1127 3130 1162 3149 ea
1183 3130 1257 3157 quae
1281 3130 1314 3149 ex

241 3160 391 3188 elementis
420 3166 647 3196 componuntur.
677 3160 705 3195 b)
735 3160 868 3196 Corpora
898 3160 1041 3197 simplicia
1067 3170 1129 3189 non
1155 3161 1313 3196 elementa,

555 3260 767 3301 postquam
801 3253 1058 3303 Philosophus
1087 3254 1314 3291 determina-

520 3306 642 3370 uffvit
663 3306 709 3343 de
731 3307 956 3355 corporibus
985 3319 1084 3356 quae
1109 3315 1316 3344 moventur

522 3360 568 3408 Q
588 3367 697 3396 motu
713 3359 892 3407 circulari,
908 3360 970 3397 hic
989 3361 1162 3409 procedit
1181 3361 1230 3396 ad
1250 3360 1314 3396 de·

517 3406 526 3413 ‘
556 3423 559 3426 “
588 3412 872 3450 terminandum
893 3414 940 3450 de
967 3413 1190 3462 corporibus
1215 3425 1313 3461 quae

587 3474 794 3503 moventur
812 3474 922 3504 motu
942 3475 1044 3503 recto
1067 3468 1098 3502 ²³.
1121 3467 1169 3502 Et
1187 3465 1313 3514 primo

563 3522 574 3541 ¹*
586 3519 792 3567 praemittit
810 3519 1069 3568 prooemium,
1090 3518 1128 3554 in
1149 3530 1228 3565 quo
1252 3530 1314 3553 ex-

243 3570 357 3620 plicat
371 3583 482 3608 suam
498 3571 764 3619 intentionem3
785 3573 955 3610 secundo
970 3570 1213 3620 prosequitur
1227 3582 1314 3618 pro-

243 3624 424 3673 positum,
433 3624 483 3662 ibi
491 3626 619 3662 :Prius
626 3626 773 3674 quidem
786 3626 902 3675 igitur
905 3625 1209 3672 philosophantes
1217 3624 1236 3643 ’³
1244 3629 1312 3658 etc.

1436 2257 1468 2281 et
1483 2249 1689 2290 corruptione
1711 2249 1879 2291 inquirere.
1897 2250 2093 2281 *Generatio
2118 2250 2204 2281 enim
2227 2258 2282 2282 aut
2305 2252 2438 2282 omnino

1436 2304 1503 2324 non
1527 2301 1583 2333 est,
1600 2301 1656 2325 aut
1678 2295 1786 2325 solum
1804 2294 1836 2325 in
1861 2295 1909 2325 his
1926 2295 2088 2326 elementis
2105 2302 2135 2326 et
2154 2295 2202 2326 his
2219 2306 2300 2337 quae
2324 2307 2360 2327 ex
2379 2296 2439 2335 his,

1438 2346 1493 2370 est.
1523 2339 1633 2379 Ipsum
1657 2346 1765 2370 autem
1793 2339 1935 2380 primum
1958 2340 2021 2370 hoc
2051 2339 2132 2370 forte
2156 2340 2439 2381 considerandum,

1437 2390 1548 2414 utrum
1572 2390 1619 2414 est
1634 2390 1690 2414 aut
1712 2393 1778 2414 non
1803 2391 1859 2414 est.

1366 2479 1474 2509 scilicet
1484 2486 1580 2508 totum
1594 2480 1706 2508 caelum
1722 2487 1749 2508 et
1763 2487 1859 2518 partes
1874 2480 1943 2509 eius.
1959 2482 1985 2516 c)
2001 2480 2089 2509 Mixta
2103 2481 2239 2509 animata.
2251 2498 2271 2502 —
2286 2481 2440 2518 Operatio-

1366 2529 1418 2548 nes
1439 2520 1553 2548 illarum
1575 2520 1800 2549 substantiarum
1816 2527 1900 2549 sunt:
1915 2523 1944 2556 a)
1959 2527 2057 2549 motus
2071 2521 2192 2556 locales3
2213 2521 2240 2556 b)
2256 2521 2439 2550 alterationes

1367 2567 1395 2589 et
1419 2560 1677 2589 transmutationes
1698 2561 1728 2588 in
1749 2560 1887 2596 invicem,
1913 2570 1987 2598 quae
2009 2567 2076 2588 sunt
2097 2562 2257 2589 secundum
2278 2561 2440 2598 generatio-

1367 2610 1436 2628 nem
1457 2607 1486 2628 et
1506 2600 1734 2637 corruptionem.
1749 2617 1769 2622 —-
1782 2601 1903 2629 Infertur
1921 2601 2070 2629 conclusio
2091 2601 2211 2629 rationis
2232 2610 2319 2637 supra
2341 2603 2380 2637 (n.
2401 2602 2439 2637 3.)

1367 2640 1489 2677 positae.
1504 2657 1524 2661 —-
1541 2641 1566 2669 5.
1583 2642 1670 2669 Prob.
1693 2640 1788 2669 maior
1808 2640 1938 2669 eiusdem
1960 2641 2089 2676 rationis,
2112 2641 2192 2677 quod
2215 2641 2322 2669 seilicet
2336 2650 2441 2669 omnes

1367 2680 1547 2709 substantiae
1568 2681 1712 2709 naturales
1733 2687 1801 2709 sunt
1815 2690 1947 2717 corpora,
1963 2687 2012 2708 aut
2025 2687 2199 2718 generantur
2220 2690 2286 2709 cum
2309 2681 2440 2717 corpori-

1367 2722 1431 2748 bus.
1447 2722 1475 2756 a)
1491 2722 1533 2748 Ex
1548 2720 1582 2749 iis
1597 2730 1672 2758 quae
1686 2720 1744 2749 iarn
1760 2720 1869 2749 dixerat
1883 2730 1963 2748 num.
1979 2730 2084 2757 praec„
2100 2727 2128 2748 et
2142 2730 2216 2757 quae
2237 2720 2266 2748 in
2281 2722 2304 2748 11
2315 2721 2437 2759 Physic.

1369 2761 1577 2796 manifestavit,
1600 2762 1681 2798 quod
1702 2770 1808 2797 nempe
1829 2761 1990 2789 secundum
2009 2767 2142 2788 naturam
2162 2767 2228 2788 sunt
2243 2770 2317 2797 quae
2331 2762 2439 2789 habent

1368 2800 1399 2829 in
1413 2810 1443 2829 se
1458 2800 1632 2837 principium
1653 2807 1751 2829 motus
1765 2807 1793 2828 et
1808 2800 1927 2838 quietis;
1951 2801 2023 2828 haec
2037 2807 2133 2828 autern
2149 2807 2216 2829 sunt
2229 2801 2291 2828 sola
2305 2810 2437 2836 corpora.

1368 2841 1396 2876 b)
1412 2842 1453 2868 Ex
1468 2840 1636 2869 inductione
1658 2841 1838 2877 singulorum
1854 2850 1928 2877 quae
1942 2841 2094 2868 traduntur
2114 2840 2144 2868 in
2161 2840 2284 2868 naturali
2305 2840 2437 2868 scientia:

1368 2882 1440 2909 haec
1461 2881 1538 2909 enim
1561 2887 1628 2909 sunt
1649 2890 1773 2917 corpora
1793 2881 1838 2908 vel
1858 2890 1924 2908 cum
1946 2879 2126 2916 corporibus.
2141 2896 2161 2901 —
2176 2881 2202 2907 6.
2220 2880 2353 2907 Ostendit
2368 2880 2438 2916 quid

1368 2927 1456 2949 restet
1477 2921 1642 2949 dicendum.
1665 2923 1693 2956 a)
1710 2921 1816 2955 Quoad
1838 2920 2020 2948 substantias.
2043 2920 2117 2947 Cum
2139 2919 2197 2947 iam
2219 2919 2380 2947 tractaverit
2401 2920 2437 2947 de

1368 2970 1491 2997 corpore
1507 2962 1587 2997 quod
1609 2967 1742 2989 movetur
1763 2960 1843 2988 circa
1865 2960 2000 2993 medium,
2016 2968 2121 2995 nempe
2136 2960 2172 2986 de
2187 2959 2276 2993 caelo,
2291 2959 2436 2995 reliquum

1369 3007 1411 3029 est
1425 3007 1547 3029 tractare
1562 3001 1597 3028 de
1613 3000 1783 3036 corporibus
1799 3009 1873 3036 quae
1888 3005 2041 3027 moventur
2055 3007 2072 3026 α
2087 2998 2182 3026 medio
2197 3004 2224 3026 et
2238 2999 2277 3025 ad
2291 2999 2436 3026 medium:

1369 3042 1405 3069 de
1426 3047 1502 3068 terra
1523 3040 1601 3068 enirn
1629 3040 1760 3077 quamvis
1781 3040 1839 3067 iarn
1868 3038 2012 3073 tractavit,
2038 3047 2098 3066 non
2126 3044 2224 3066 tamen
2245 3038 2436 3066 consideravit

1368 3090 1433 3109 eam
1449 3087 1591 3117 quantum
1612 3081 1650 3108 ad
1672 3089 1754 3108 suarn
1776 3086 1918 3113 naturam,
1942 3079 1992 3106 sed
2014 3084 2155 3114 quantum
2176 3078 2214 3105 ad
2235 3077 2434 3105 habitudinem

1369 3121 1432 3149 eius
1446 3121 1483 3148 ad
1498 3121 1619 3148 caelum.
1631 3136 1650 3140 —
1663 3129 1689 3155 7.
1702 3120 1729 3154 b)
1743 3119 1847 3153 Quoad
1860 3118 2043 3154 operationes
2059 3124 2086 3144 et
2100 3117 2258 3153 passiones.
2271 3117 2353 3145 Circa
2365 3118 2436 3146 haec

1369 3167 1456 3188 restat
1476 3160 1632 3188 dicendum
1655 3160 1690 3187 de
1711 3158 1896 3195 generatione
1918 3164 1945 3185 et
1966 3156 2160 3193 corruptione.

1371 3253 1481 3289 Circa
1508 3253 1677 3300 primum
1706 3251 1783 3287 duo
1813 3250 1917 3286 facit:
1946 3249 2070 3298 primo
2100 3249 2294 3286 continuat
2321 3262 2361 3286 se
2386 3250 2436 3287 ad

1369 3304 1646 3354 praecedentia,
1678 3303 1882 3340 ostendens
1910 3303 1957 3339 de
1986 3302 2125 3351 quibus
2149 3301 2225 3338 iam
2246 3315 2361 3351 supra
2381 3303 2436 3340 di-

1371 3366 1473 3394 ctum
1489 3358 1549 3402 sit;
1567 3356 1736 3393 secundo
1753 3355 1950 3392 ostendit*
1965 3355 2013 3391 de
2028 3355 2166 3403 quibus
2182 3363 2294 3392 restat
2309 3356 2435 3393 dicen-

1371 3412 1475 3456 dum,
1492 3410 1560 3446 ibi:
1581 3409 1768 3451 Quoniam
1783 3414 1907 3444 autem
1924 3420 2055 3445 eorum
2072 3420 2169 3456 quae
2183 3414 2320 3445 natura
2332 3411 2351 3428 ὕ
2363 3416 2433 3446 etc.

1424 3475 1458 3499 2.
1489 3462 1589 3499 Dicit
1608 3474 1696 3509 ergo
1725 3461 1851 3509 primo
1880 3473 1920 3497 se
1948 3462 1986 3497 in
2013 3461 2328 3510 praecedentibus
2346 3474 2435 3510 per-

1369 3516 1583 3552 transivisse
1612 3516 1647 3561 ἢ,
1682 3514 1778 3551 idest
1811 3514 1976 3551 breviter
2003 3522 2198 3561 tractasse,
2233 3516 2278 3551 de
2304 3516 2434 3564 primo

1371 3568 1474 3605 caelo
1495 3573 1531 3603 et
1546 3568 1731 3616 partibus,
1752 3567 1890 3603 scilicet
1910 3567 2001 3604 eius.
2022 3589 2046 3596 -
2067 3569 2278 3605 Possumus
2307 3576 2434 3605 autem

1369 3634 1439 3669 per
1459 3621 1630 3669 primum
1655 3620 1800 3657 caelum
1829 3620 2033 3669 intelligere
2053 3629 2176 3658 totum
2195 3621 2433 3670 universum,

2462 1195 2471 1205 '
2483 1193 2541 1222 Cap.
2551 1200 2567 1217 1.
2577 1194 2645 1217 Text.
2656 1201 2674 1217 ι.

2465 2261 2477 2272 ι

2491 2260 2558 2283 Text.
2573 2267 2595 2283 2.

2464 3369 2472 3378 ·
2481 3368 2585 3390 ostendit
2593 3375 2641 3390 om.
2652 3375 2674 3390 Ρ.

2461 3422 2472 3432 ·
2486 3421 2557 3443 Num.
2571 3427 2592 3449 3.

2462 3529 2470 3537 '¹
2490 3527 2631 3549 transivisse
2644 3533 2673 3548 PB

2461 3560 2497 3575 sc.
