2782 4134
0 1150 3 1155 -
0 1017 9 1143 —WW
0 925 7 1009 Ὗς..-

1106 266 1217 302 CAP.
1247 265 1334 312 XII,
1365 264 1516 302 LECT.
1547 264 1652 301 XVII
2408 267 2476 303 185

878 490 1176 546 LECTIO
1214 491 1895 548 DECIMASEPTIMA

454 643 784 700 PROl’ONUNTUR
806 643 926 674 DUAE
949 642 1273 674 DUBITATIONES
1297 644 1339 673 IN
1365 643 1528 674 ORDINE
1552 645 1610 675 AD
1635 645 1691 675 EA
1716 645 1835 683 QUAE
1859 645 2177 676 DETERMINATA
2200 645 2313 676 SUNT

1260 701 1317 730 DE
1342 700 1515 732 STELLIS

289 845 386 875 Δυοῖν
412 836 440 873 δ’
464 841 623 884 ἀπορίαιν
649 839 781 879 οὔσαιν,
806 841 879 883 περὶ
905 839 948 870 ὧν
975 838 1113 877 εἰκότως
1142 839 1180 871 ἂν
1208 840 1365 871 ὁστισοῦν

359 885 563 931 ἀπορήσειε,
591 882 773 928 πειρατέον
800 883 840 916 λέ
867 895 912 915 ειν
939 883 981 916 τὸ
1006 883 1221 928 φαινόμενον,
1249 879 1366 922 αἰδοῦς

359 930 458 972 ἀξίαν
479 927 566 962 εἶναι
590 929 794 972 νομίζοντας
812 940 878 965 την
896 927 1082 972 προθυμίαν
1101 929 1231 973 μᾶλλον
1249 927 1270 965 ἦ
1289 927 1367 972 θρα-

357 987 448 1016 σους,
467 977 497 1007 εἴ
513 986 565 1012 τις
590 970 649 1005 δια
675 973 715 1006 τὸ
741 975 938 1018 φιλοσοφίας
964 969 1063 1018 διψῆν
1089 975 1148 1005 καὶ
1173 974 1292 1018 μικράς
1314 971 1366 1005 εύ-

358 1022 478 1066 πορίας
498 1019 622 1065 ἀγαπᾷ
640 1020 713 1062 περὶ
731 1019 774 1049 ὠν
793 1018 857 1056 τάς
875 1021 1042 1064 μεγίστας
1066 1018 1186 1064 ἔχομεν
1207 1019 1365 1061 ἀπορίας.

278 1105 384 1139 Ἔστι
401 1100 439 1136 δὲ
457 1104 591 1136 πολλῶν
611 1102 717 1135 ὄντων
735 1101 903 1134 τοιούτων
922 1103 986 1148 οὐχ
1003 1100 1131 1139 ἥκιστα
1149 1101 1365 1145 θαυμαστόν,

357 1145 419 1182 8ιά
442 1150 521 1181 τίνα
546 1148 625 1180 ποτ’
655 1147 772 1180 αἰτίαν
799 1147 859 1179 οὐκ
887 1147 940 1180 ἀεὶ
965 1147 1014 1179 τοὶ
1038 1148 1153 1179 πλεῖον
1186 1145 1367 1193 ἀπέχοντα

359 1192 585 1238 τῇςρπρῶτης
610 1192 712 1237 φορᾶς
737 1195 883 1224 κινεῖται
915 1193 1049 1229 πλείους
1081 1191 1249 1233 κινήσεις,
1278 1191 1369 1224 ἀλλά

359 1238 409 1271 τά.
432 1236 566 1283 μεταξύ
592 1239 771 1275 πλείστας.
807 1236 957 1283 Εὗλογον
983 1237 1048 1283 γάρ
1077 1235 1115 1268 ἄν
1134 1232 1262 1277 δόξειεν
1280 1234 1367 1268 εἶναι

360 1284 423 1316 τοῦ
449 1282 585 1327 πρώτου
603 1281 763 1326 σώματος
781 1283 860 1326 μίαν
885 1280 1081 1326 κινουμένου
1099 1281 1203 1325 φοράν
1223 1281 1264 1313 τὸ
1283 1282 1369 1319 πλη-

359 1330 546 1360 σιαίτατον
579 1327 768 1372 ἐλαχίστας
799 1325 962 1358 κινεῖσθαι
994 1324 1160 1366 κινήσεις,
1196 1325 1264 1357 οἷον
1289 1321 1366 1368 δύο,

360 1372 402 1406 τό
427 1367 456 1404 δ’
477 1371 639 1418 ἐχόμενον
666 1375 754 1414 τρεῖς
780 1370 803 1407 ἦ
827 1381 907 1403 τινα
934 1371 1039 1408 ἀλλην
1066 1370 1235 1407 τοιαύτην
1253 1370 1364 1411 τοίξιν.

358 1418 427 1449 Νῦν
451 1413 490 1448 δὲ
514 1416 691 1460 συμβαίνει
723 1415 946 1448 τούναντίον·
974 1414 1142 1452 ἐλάττους
1173 1415 1239 1460 γάρ
1273 1414 1366 1453 ἥλιος

358 1463 417 1494 καὶ
448 1460 573 1497 σελήνη
605 1460 783 1492 κινοῦνται
814 1459 962 1498 κινήσεις
989 1459 1010 1496 ἦ
1039 1461 1106 1493 τῶν
1138 1460 1366 1503 πλανωμένων

363 1505 496 1552 ἄστρων
514 1505 606 1537 ἔνια·
633 1506 751 1536 καίτοι
768 1504 979 1548 πορρώτερον
1001 1505 1064 1537 τοῦ
1081 1503 1185 1549 μέσου
1205 1506 1263 1537 καὶ
1284 1507 1370 1542 πλη-

361 1553 534 1594 σιαίτερον
558 1550 621 1583 τοῦ
647 1547 784 1593 πρώτου
810 1549 972 1594 σώματός
997 1550 1078 1581 εἰσιν
1105 1549 1232 1581 αὐτῶν.

294 1596 404 1634 Δῆλον
429 1591 467 1628 δέ
492 1593 599 1628 τοῦτο
632 1595 706 1638 περὶ
740 1592 835 1626 ἐνίων
866 1596 924 1626 καὶ
950 1595 995 1636 τῇ
1024 1593 1095 1636 ὄψει
1119 1592 1276 1640 γέγονεν·
1303 1592 1368 1630 τήν

387 1640 426 1686 ἀρ
450 1638 595 1676 σελήνην
621 1637 818 1683 ἑωροίκαμεν
842 1633 1029 1696 διχότομον
1051 1638 1110 1683 μὲν
1131 1637 1247 1680 οὖσαν,
1268 1639 1371 1671 ύπελ-

359 1652 486 1718 ἔοῦσαν
512 1680 551 1716 δὲ
569 1683 627 1717 τὸν
648 1682 778 1726 ἀστέρα
802 1684 862 1716 τὸν
897 1685 1009 1726 Αρεος,
1029 1685 1088 1715 καὶ
1107 1681 1369 1728 ἀποκρυφθέντα

361 1730 422 1776 μὲν
445 1729 543 1763 κατά
565 1728 608 1762 τὸ
632 1727 741 1773 μέλαν
775 1726 907 1770 αὐτῆς,
934 1727 1120 1770 ἐξελθόντα
1145 1723 1183 1760 δὲ
1206 1728 1303 1762 κατοὶ
1328 1729 1370 1762 τό

362 1775 467 1820 φανὸν
491 1776 550 1806 καὶ
573 1772 748 1818 λαμπρόν.

288 1821 432 1865 Ὁμοίως
456 1814 495 1852 δὲ
518 1821 576 1851 καὶ
606 1819 681 1861 περὶ
707 1817 786 1855 τούς
822 1818 944 1856 ἄλλους
979 1816 1125 1860 ἀστέρας
1157 1817 1313 1864 λέγουσιν
1341 1821 1370 1851 οἱ

363 1863 476 1897 ποίλαι
502 1862 731 1908 τετηρηκότες
757 1862 794 1901 ὲκ
812 1865 981 1896 πλείστων
1001 1863 1086 1895 ἑτῶν
1105 1862 1287 1908 Αἰγύπτιοι
1311 1866 1371 1896 καί

362 1908 591 1950 Βαβυλώνιοι,
627 1907 706 1951 παρ’
734 1906 776 1938 ὧν
810 1907 939 1945 πολλάς
973 1909 1106 1945 πίστεις
1141 1909 1263 1952 ἔχομεν
1296 1911 1370 1953 περὶ

365 1953 515 1987 ἐκοίστου
540 1954 608 1986 τῶν
635 1952 782 1996 ἄστρων.

295 1997 410 2032 Τοῦτό
436 2011 474 2032 τε
498 1993 542 2034 δή
567 1993 705 2034 δικαίως
734 1995 935 2041 ἀπορήσειεν
964 1997 1004 2031 ἀν
1031 2009 1096 2038 τις,
1122 1999 1182 2030 καὶ
1206 1993 1266 2030 διά
1291 2001 1371 2031 τίνα

365 2044 444 2076 ποτ’
467 2043 584 2076 αἰτίαν
612 2043 644 2075 ἐν
670 2041 730 2087 μὲν
756 2042 802 2084 τῇ
828 2041 948 2086 πρώτῃ
973 2043 1059 2087 φορᾷ
1084 2042 1253 2075 τοσοῦτόν
1279 2043 1371 2076 ἐστιν

366 2088 499 2134 ἄστρων
525 2086 654 2126 πλῆθος
679 2085 766 2120 ὥστε
792 2086 859 2120 τῶν
887 2086 1128 2132 ἀναριθμήτων
1154 2085 1239 2120 εἶναι
1261 2083 1372 2120 δοκεῖν

364 2133 428 2170 τήν
455 2133 571 2165 πᾶσαν
597 2131 712 2174 τάξιν,
739 2132 806 2165 τῶν
831 2127 860 2163 δ’
888 2131 999 2164 ἀλλων
1026 2133 1058 2165 ἓν
1083 2134 1182 2177 χωρὶς
1210 2130 1371 2175 ἕκαστον,

364 2173 427 2210 δύο
449 2172 478 2208 δ’
500 2175 521 2215 ἦ
540 2179 644 2210 πλείω
671 2176 708 2209 ού
734 2179 896 2221 φαίνεται
922 2177 957 2209 ἐν
983 2177 1030 2220 τῇ
1057 2177 1150 2220 αὐτῇ
1169 2171 1373 2222 ἐνδεδεμένα

293 1239 358 1252 1,(

391 2234 406 2255 ο
430 2235 464 2255 α.

296 2233 386 2310 Περί,
403 2234 447 2303 ἔτι
480 2266 614 2300 τούτων
645 2267 760 2310 ζητεῖν
793 2266 852 2310 μὲν
885 2267 998 2304 καλῶς
1032 2267 1103 2311 ἔχει
1133 2268 1192 2299 καὶ
1218 2266 1284 2303 τήν
1317 2268 1374 2300 ἐπὶ

367 2315 483 2345 πλεῖον
508 2310 654 2353 σύνεσιν,
679 2313 803 2356 καίπερ
829 2311 947 2356 μικροὶς
973 2311 1118 2356 ἔχοντας
1139 2309 1289 2356 ἀφορμάς
1314 2314 1374 2344 καὶ

368 2356 544 2394 τοσαύτην
572 2355 767 2389 ἀπόστασιν
787 2356 985 2410 ἀπέχοντας
1002 2357 1070 2389 τῶν
1090 2358 1164 2401 περὶ
1182 2356 1277 2389 αὐτοὶ
1294 2369 1376 2402 συμ-

367 2400 576 2479 ξαινόντων·
605 2400 693 2444 ὅμως
717 2399 746 2432 δ’
769 2401 805 2434 ἐκ
831 2413 897 2434 των
924 2401 1093 2435 τοιούτων
1119 2400 1296 2446 θεωροῦσιν
1320 2400 1372 2434 ού-

391 2446 424 2480 ἐν
451 2446 575 2494 ἄλογον
604 2445 642 2479 ἂν
667 2441 795 2486 δόξειεν
822 2443 909 2478 εἶναι
934 2446 975 2479 τὰ
1000 2447 1055 2478 νῦν
1082 2444 1327 2492 ἀπορούμενον.

363 2545 514 2573 Smopsrs.
527 2561 562 2566 —
583 2554 607 2572 1.
622 2545 835 2582 Argumentum
857 2550 885 2573 et
906 2544 1008 2574 divisio
1029 2545 1375 2582 texms.-Pr0mptitudo

301 2585 430 2614 hominis
451 2585 489 2613 ad
509 2584 755 2613 considerandum
781 2582 914 2613 difficiles
936 2585 1135 2622 quaestiones,
1165 2585 1256 2623 magis
1278 2586 1374 2623 impu-

302 2626 392 2654 tanda
417 2632 460 2654 est
484 2625 675 2654 verecundiae
696 2634 785 2662 quam
806 2625 1051 2662 praesumptioni;
1073 2626 1192 2663 quando
1219 2626 1326 2655 scilicet
1347 2627 1377 2655 in

302 2666 390 2694 rebus
411 2666 447 2693 de
469 2665 575 2702 quibus
602 2665 743 2693 habemus
771 2665 912 2694 maximas
940 2666 1153 2701 dubitationes,
1176 2675 1210 2695 ex
1231 2666 1375 2695 desiderio

304 2704 414 2734 sciendi
427 2704 532 2742 aliquis
546 2704 637 2742 diligit
650 2705 777 2733 rationes
792 2705 879 2733 etiam
900 2715 1004 2742 pamm
1024 2704 1210 2735 sufficientes
1223 2723 1244 2726 —
1259 2714 1286 2735 2.
1302 2708 1377 2735 Sub-

305 2745 408 2774 divisio
433 2751 538 2774 textus.
560 2762 580 2767 -
599 2745 671 2774 Tria
694 2746 978 2785 praeconsideranda
1002 2748 1039 2775 ad
1061 2746 1238 2775 intellectum
1265 2747 1377 2784 primae

305 2785 503 2814 dubitationis.
525 2786 553 2821 a)
575 2784 665 2813 Primi
686 2785 826 2822 astrologi
851 2786 928 2815 hunc
949 2787 1130 2823 planetarum
1152 2787 1285 2815 ordinem
1308 2787 1378 2816 assi-

305 2831 443 2864 gnarunt:
465 2834 581 2862 nempe,
601 2834 769 2862 supremum
784 2826 930 2862 planetam
947 2833 1109 2856 statuerunt
1122 2827 1290 2863 Saturnum,
1312 2835 1380 2865 post

306 2874 395 2903 quem
406 2872 568 2902 posuerunt
581 2866 688 2901 Iovem,
703 2865 788 2894 tertio
802 2866 868 2894 loco
882 2868 1015 2903 Martem,
1030 2873 1135 2905 quarto
1150 2867 1258 2903 Solem,
1274 2869 1377 2905 quinto

305 2907 461 2940 Venerem,
484 2912 564 2934 sexto
586 2905 772 2941 Mercurium,
795 2906 918 2943 septimo
941 2907 1064 2936 Lunam.
1087 2907 1144 2936 Sed
1162 2907 1301 2945 astrologi
1314 2909 1379 2937 Ari-

306 2945 417 2974 stotelis
437 2945 538 2974 coaevi
566 2946 644 2974 hunc
664 2945 798 2974 ordinem
819 2946 1010 2976 immutarunt
1038 2953 1180 2985 quantum
1202 2949 1240 2976 ad
1262 2948 1378 2984 Solem,

306 2991 450 3022 ponentes
472 2985 568 3022 ipsum
597 2985 765 3015 immediate
791 2995 879 3024 supra
900 2988 1029 3023 Lunam;
1057 2995 1085 3016 et
1106 2989 1182 3016 hanc
1203 2988 1390 3025 positionem.

308 3025 477 3054 Aristoteles
499 3025 636 3063 sequitur.
659 3027 847 3056 Ptolomaeus
860 3034 968 3064 tamen,
991 3037 1079 3065 quam
1092 3027 1268 3065 posteriores
1289 3029 1379 3058 secuti

307 3071 384 3101 sunt,
405 3065 532 3094 ostendit
553 3066 644 3103 magis
663 3075 762 3095 veram
776 3076 839 3095 esse
853 3068 1041 3105 antiquorum
1057 3068 1237 3106 opinionem.
1254 3069 1282 3104 b)
1297 3070 1378 3098 Ano-

308 3104 415 3134 malias'
430 3115 481 3133 seu
503 3105 733 3144 irregularitates,
756 3117 832 3145 quae
853 3107 929 3137 circa
950 3115 1063 3137 motum
1086 3109 1269 3146 planetarum
1290 3119 1378 3146 appa-

308 3151 381 3181 rent,
403 3146 558 3181 Eudoxus,
580 3147 619 3174 ad
639 3145 805 3176 instantiam
827 3148 972 3185 Platonis,
1002 3156 1123 3178 conatus
1145 3155 1188 3178 est
1209 3150 1246 3178 ad
1267 3156 1378 3178 rectum

308 3185 442 3214 ordinem
463 3186 610 3222 reducere,
631 3186 807 3224 assignando
828 3188 951 3224 planetis
972 3188 1102 3218 diversos
1118 3196 1232 3218 motus:
1255 3190 1336 3227 quod
1351 3196 1379 3217 et

307 3225 484 3263 posteriores
505 3226 645 3264 astrologi
666 3226 860 3256 diversimode
880 3228 974 3258 facere
995 3230 1093 3258 conati
1114 3236 1190 3258 sunt.
1206 3231 1266 3258 Has
1280 3236 1378 3258 autern

308 3265 525 3302 suppositiones
539 3276 601 3295 non
622 3273 665 3294 est
685 3267 880 3296 necessarium
902 3278 964 3297 esse
985 3278 1082 3298 veras:
1105 3269 1175 3307 quia
1195 3270 1260 3298 licet
1278 3279 1330 3306 per
1344 3278 1379 3297 ea

296 3306 486 3334 *salvarentur
506 3306 675 3343 apparentia
695 3307 771 3336 circa
792 3308 896 3344 stellas,
917 3309 991 3338 forte
1011 3315 1109 3338 tamen
1128 3309 1274 3346 praedicta
1289 3318 1378 3345 appa-

307 3345 401 3374 rentia
419 3346 566 3375 salvantur
586 3346 673 3375 etiam
687 3357 740 3384 per
753 3347 843 3376 alium
858 3349 991 3385 modum,
1006 3351 1140 3378 nondum
1159 3351 1195 3377 ab
1210 3348 1378 3377 hominibus

309 3386 562 3422 comprehensum.
588 3387 759 3416 Aristoteles
779 3394 878 3416 tamen
898 3389 988 3417 utitur
1009 3389 1176 3418 huiusmodi
1203 3387 1378 3425 suppositio-

308 3425 403 3461 nibus,
425 3425 456 3453 in
476 3426 579 3455 ordine
599 3428 637 3455 ad
658 3433 756 3456 motus
776 3428 968 3465 planetarum,
989 3435 1128 3466 tanquam
1151 3428 1233 3456 veris.
1255 3430 1281 3463 c)
1302 3427 1378 3462 Quia

307 3474 378 3493 vero
399 3465 475 3494 circa
495 3466 587 3495 solem
609 3474 638 3495 et
658 3468 758 3496 lunam
779 3478 841 3497 non
862 3475 1002 3506 apparent
1016 3475 1059 3497 tot
1073 3468 1314 3505 irregularitatum
1328 3476 1378 3504 ge-

308 3514 392 3540 nera,
413 3505 487 3534 sicut
507 3506 583 3535 circa
603 3507 676 3536 alios
697 3508 842 3545 planetas,
864 3507 931 3537 ideo
953 3509 1091 3536 Eudoxus
1112 3507 1268 3543 unicuique
1290 3515 1377 3542 supe-

307 3544 420 3574 riorum
441 3545 622 3582 planetarum
636 3547 792 3585 assignavit
806 3555 932 3585 quatuor
946 3554 1053 3582 motus,
1068 3547 1228 3575 secundum
1250 3552 1376 3582 quatuor

309 3585 446 3622 sphaeras
473 3587 620 3615 volventes
649 3597 755 3624 corpus
776 3588 891 3623 stellae;
921 3587 975 3615 soli
997 3593 1094 3615 autem
1122 3592 1150 3614 et
1177 3586 1278 3620 lunae,
1302 3594 1376 3621 quos

307 3626 437 3661 ponebat
458 3635 520 3654 esse
542 3626 659 3656 infimos
680 3628 823 3664 planetas,
844 3634 902 3655 tres
925 3633 1021 3654 motus
1042 3632 1155 3654 tantum
1175 3624 1283 3660 tribuit,
1305 3624 1376 3652 assi-

452 3684 521 3717 opp.
541 3685 571 3710 D.
591 3685 705 3709 TnonAE
724 3685 756 3709 T.
776 3686 815 3709 111.

1419 842 1436 860 *
1459 842 1592 873 Duabus
1616 850 1723 873 autem
1747 845 1995 876 dubitationibus
2012 845 2147 884 entibus,
2172 845 2210 876 de
2235 843 2350 887 quibus
2374 846 2487 877 merito

1487 887 1599 927 utique
1627 887 1759 928 quilibet
1783 889 1954 928 dubitabit,
1979 890 2168 920 tentandum
2200 890 2300 920 dicere
2329 891 2419 931 quod
2441 891 2488 921 vi-

1488 931 1597 969 detur;
1623 932 1755 972 dignum
1780 943 1846 963 esse
1870 941 2049 973 reputantes
2072 934 2360 975 promptitudinem
2388 935 2488 976 magis

1487 975 1639 1016 imputari
1662 978 1869 1008 verecundiae
1894 988 1991 1018 quarn
2015 979 2177 1017 audaciae,
2203 979 2228 1009 si
2252 979 2334 1020 quis,
2359 987 2489 1020 propter

1487 1020 1727 1061 philosophiam
1755 1028 1845 1059 stare,
1876 1029 1906 1052 et
1938 1033 2047 1062 parvas
2076 1023 2276 1054 sufficientias
2309 1024 2420 1064 diligit,
2450 1025 2488 1055 de

1488 1065 1606 1106 quibus
1630 1065 1782 1095 maximas
1807 1066 1959 1097 habemus
1984 1067 2205 1099 dubitationes.

1420 1109 1536 1140 Adhuc
1560 1116 1680 1148 autem,
1697 1110 1806 1140 multis
1824 1111 2025 1141 existentibus
2050 1111 2174 1151 talibus,
2199 1123 2265 1143 non
2281 1112 2412 1143 minime
2430 1112 2487 1142 mi-

1488 1154 1585 1184 rabile
1610 1160 1740 1194 propter
1758 1164 1857 1195 quarn
1880 1155 2011 1195 quidem
2034 1165 2161 1186 causam
2185 1167 2251 1187 non
2274 1167 2398 1198 semper
2416 1157 2489 1197 plus

1488 1198 1635 1229 distantia
1659 1208 1676 1228 a
1700 1198 1803 1239 prima
1825 1199 1943 1230 latione
1970 1207 2138 1230 moventur
2160 1201 2304 1241 pluribus
2327 1202 2487 1240 motibus,

1489 1243 1543 1273 sed
1566 1242 1752 1273 intermedia
1775 1243 1931 1283 plurimis.
1958 1244 2155 1275 Rationabile
2172 1246 2256 1276 enim
2278 1246 2388 1287 utique
2403 1246 2489 1276 vide-

1489 1287 1573 1318 bitur
1596 1297 1674 1325 esse,
1699 1287 1811 1328 primo
1822 1298 1955 1328 corpore
1976 1299 2039 1319 una
2055 1289 2118 1319 lato
2134 1290 2263 1328 latione,
2287 1291 2490 1331 propinquis-

1490 1331 1608 1362 simum
1625 1331 1766 1362 minimis
1782 1332 1904 1363 moveri
1920 1333 2071 1371 motibus,
2089 1341 2164 1374 puta
2185 1335 2327 1372 duobus;
2344 1335 2489 1366 habitum

1489 1383 1597 1407 autem
1620 1376 1731 1415 tribus,
1755 1384 1810 1407 aut
1826 1377 1934 1417 aliquo
1959 1377 2021 1407 alio
2045 1377 2098 1408 tali
2122 1378 2241 1409 ordine.
2265 1380 2359 1410 Nunc
2383 1387 2490 1410 autem

1489 1420 1601 1452 accidit
1624 1421 1836 1451 contrarium:
1861 1421 2064 1462 paucioribus
2088 1423 2172 1453 enirn
2196 1424 2243 1453 sol
2268 1431 2298 1454 et
2320 1424 2396 1454 luna
2419 1434 2489 1454 mo-

1489 1472 1603 1496 ventur
1626 1465 1766 1496 motibus
1794 1476 1893 1506 quam
1917 1466 2120 1497 erraticorum
2143 1474 2299 1498 astrorum
2322 1469 2490 1508 quaedam,

1490 1510 1636 1551 quamvis
1651 1510 1779 1550 longius
1801 1520 1819 1540 a
1840 1511 1947 1541 medio
1972 1518 2003 1541 et
2018 1511 2229 1552 propinquius
2244 1513 2348 1552 primo
2365 1513 2490 1553 corpori

1490 1562 1552 1585 smt
1574 1565 1662 1594 lpsls.

1423 1599 1533 1630 Palam
1556 1606 1664 1630 autem
1688 1599 1749 1630 hoc
1781 1600 1820 1630 de
1850 1600 2042 1641 quibusdam
2073 1601 2168 1631 etiam
2191 1601 2259 1632 visu
2292 1601 2411 1632 factum
2435 1608 2491 1632 est.

1491 1644 1618 1674 Lunam
1634 1643 1720 1674 enim
1739 1644 1888 1683 vidimus,
1914 1645 2132 1675 dichotomam
2151 1645 2281 1686 quidem
2297 1646 2491 1684 existentem,

1492 1688 1723 1719 subintrantem
1747 1695 1854 1719 autem
1878 1696 2036 1720 astrorum
2059 1690 2214 1728 Martem,
2245 1697 2274 1721 et
2298 1691 2492 1721 occultatum

1491 1733 1624 1774 quidem
1647 1734 1826 1764 secundum
1849 1734 1977 1774 nigrum
1999 1734 2109 1774 ipsius,
2135 1742 2301 1766 exeuntem
2324 1742 2431 1766 autem
2447 1745 2492 1765 se-

1493 1778 1636 1808 cundum
1660 1778 1782 1809 clarum
1806 1785 1836 1809 et
1858 1778 2012 1810 lucidum.

1426 1822 1575 1854 Similiter
1598 1829 1706 1853 autem
1729 1830 1760 1853 et
1789 1823 1827 1853 de
1857 1823 1924 1853 aliis
1953 1823 2041 1854 astris
2071 1824 2180 1854 dicunt
2208 1824 2264 1864 qui
2292 1824 2415 1855 dudum
2438 1824 2494 1854 ob-

1493 1874 1695 1898 servaverunt
1710 1877 1747 1898 ex
1771 1867 1915 1908 pluribus
1939 1868 2029 1898 annis
2052 1868 2200 1909 Aegyptii
2221 1875 2251 1899 et
2266 1868 2452 1909 Babylonii;
2476 1879 2494 1898 a

1493 1912 1610 1953 quibus
1646 1912 1763 1943 multas
1801 1912 1999 1943 credulitates
2034 1913 2187 1943 habemus
2224 1913 2261 1943 de
2294 1922 2494 1955 unoquoque

1494 1963 1662 1988 astrorum.

1426 2002 1443 2021 *
1461 2002 1502 2033 Et
1525 2001 1587 2032 hoc
1610 2001 1718 2042 itaque
1741 2002 1854 2032 merito
1880 2002 2067 2033 dubitaverit
2090 2002 2200 2042 utique
2223 2002 2347 2043 aliquis,
2372 2009 2402 2033 et
2425 2012 2497 2042 pro-

1495 2052 1563 2087 pter
1587 2056 1686 2087 quam
1710 2056 1839 2077 causam
1862 2047 1896 2077 in
1919 2047 2022 2087 prima
2044 2047 2174 2088 quidem
2202 2047 2320 2077 latione
2343 2054 2428 2077 tanta
2452 2053 2498 2077 est

1495 2097 1654 2122 astrorum
1682 2091 1876 2130 multitudo,
1908 2098 1944 2122 ut
1972 2091 2244 2122 arithmeticorum
2267 2102 2334 2122 esse
2356 2091 2498 2122 videatur

1495 2135 1601 2166 omnis
1617 2136 1715 2174 ordo;
1740 2135 1774 2166 in
1790 2136 1858 2166 aliis
1875 2143 1983 2167 autem
1999 2146 2102 2166 unum
2118 2137 2225 2167 solum
2241 2136 2412 2176 singulare,
2432 2137 2497 2166 duo

1495 2187 1603 2211 autem
1629 2187 1684 2211 aut
1706 2180 1798 2221 plura
1822 2191 1889 2211 non
1912 2180 2058 2211 videntur
2082 2181 2114 2211 in
2135 2181 2245 2211 eadem
2260 2180 2353 2211 infixa
2370 2181 2496 2211 latione.

1428 2270 1476 2301 De
1499 2269 1548 2300 his
1572 2270 1704 2311 quidem
1727 2269 1823 2309 igitur
1846 2279 1996 2310 quaerere
2019 2270 2099 2300 bene
2123 2279 2155 2300 se
2178 2269 2288 2307 habet,
2313 2276 2344 2300 et
2366 2270 2405 2300 ad
2429 2279 2498 2300 eam

1478 2335 1481 2338 ·
1494 2324 1577 2356 quae
1593 2314 1634 2345 ad
1650 2314 1722 2355 plus
1737 2314 1995 2354 intelligentiam;
2006 2321 2036 2345 et
2048 2314 2179 2354 quidem
2191 2314 2332 2345 modicas
2348 2314 2498 2344 habentes

1497 2369 1618 2397 causas,
1635 2366 1666 2390 et
1680 2365 1767 2390 tanta
1790 2359 1992 2399 elongatione
2016 2359 2165 2389 distantes
2184 2359 2222 2389 ab
2242 2358 2289 2389 his
2313 2368 2394 2401 quae
2419 2359 2499 2389 circa

1495 2403 1564 2444 ipsa
1587 2403 1810 2435 accidentibus.
1835 2404 1960 2434 Tamen
1980 2413 2017 2434 ex
2039 2403 2088 2434 his
2112 2403 2398 2443 contemplantibus
2421 2403 2500 2433 nihil

1497 2448 1710 2479 irrationabile
1734 2448 1844 2489 utique
1860 2448 2017 2479 videbitur
2037 2458 2103 2478 esse
2119 2448 2208 2489 quod
2225 2458 2309 2478 nunc
2326 2447 2495 2478 dubitatur.

1430 2546 1548 2583 gnando
1574 2545 1615 2573 eis
1637 2546 1732 2574 solum
1753 2551 1810 2573 tres
1838 2546 1990 2582 sphaeras,
2020 2545 2253 2582 proportionales
2281 2544 2371 2572 tribus
2397 2544 2498 2581 primis

1431 2586 1560 2622 sphaeris
1571 2585 1694 2614 aliorum
1706 2586 1923 2622 planetarum.-
1933 2586 1959 2614 3.
1969 2586 2136 2614 Secundum
2148 2586 2222 2613 hanc
2234 2594 2301 2622 ergo
2312 2584 2499 2621 positionem,

1431 2633 1530 2654 movet
1549 2626 1719 2654 Aristoteles
1742 2626 1873 2664 primam
1895 2626 2099 2654 dubitationem
2107 2636 2118 2660 ,·
2144 2625 2241 2653 dicens
2262 2635 2323 2653 non
2344 2625 2499 2652 minimum

1431 2666 1562 2695 mirabile
1583 2666 1683 2702 videri,
1698 2666 1779 2703 quod
1794 2666 1923 2703 pluribus
1944 2666 2072 2694 motibus
2094 2672 2274 2700 moveantur,
2297 2674 2358 2693 non
2379 2665 2498 2702 quidem

1431 2713 1508 2735 astra
1528 2706 1576 2735 illa
1597 2716 1672 2744 quae
1692 2707 1758 2743 plus
1779 2706 1886 2734 distant
1900 2716 1918 2734 a
1932 2715 2067 2742 suprema
2089 2706 2218 2742 sphaera,
2241 2706 2291 2733 sed
2313 2705 2403 2742 magis
2422 2711 2498 2733 astra

1431 2747 1611 2775 intermedia.
1638 2747 1714 2775 Cum
1736 2746 1814 2775 enirn
1835 2746 1929 2783 prima
1950 2746 2071 2782 sphaera
2098 2755 2158 2774 uno
2185 2752 2298 2774 tantum
2325 2751 2407 2773 motu
2433 2754 2498 2773 mo-

1431 2793 1540 2822 veatur,
1562 2786 1734 2815 rationabile
1755 2787 1868 2814 videtur
1888 2787 1981 2823 quod,
2005 2792 2114 2822 quanto
2135 2792 2211 2813 astra
2232 2791 2298 2812 sunt
2319 2785 2358 2812 illi
2379 2784 2498 2821 propin-

1433 2826 1552 2865 quiora,
1575 2833 1656 2855 tanto
1678 2826 1864 2863 paucioribus
1886 2826 1973 2854 motis
1994 2832 2182 2860 moveantur;
2206 2825 2287 2853 cuius
2308 2831 2405 2852 tamen
2426 2833 2497 2852 con-

1431 2867 1552 2896 trarium
1581 2866 1700 2902 accidit,
1722 2867 1881 2895 secundum
1907 2866 2083 2902 positionem
2104 2865 2226 2892 Eudoxi.
2247 2881 2267 2885 —
2287 2874 2314 2899 4.
2344 2864 2401 2891 Sed
2429 2863 2497 2900 quia

1433 2908 1594 2936 secundum
1615 2907 1746 2935 eiusdem
1767 2906 1880 2934 Eudoxi
1901 2905 2116 2942 suppositiones
2143 2914 2204 2932 non
2232 2910 2365 2940 poterant
2393 2903 2495 2931 salvari

1433 2947 1533 2976 omnia
1561 2956 1636 2984 quae
1664 2947 1739 2975 circa
1770 2946 1865 2974 stellas
1898 2951 2052 2982 apparent,
2082 2944 2237 2980 Calippus,
2266 2944 2303 2971 ad
2331 2943 2496 2971 instantiam

1432 2987 1604 3022 Aristotelis,
1627 2986 1749 3015 correxit
1770 2986 1837 3014 istas
1859 2985 2086 3022 suppositiones;
2109 2984 2244 3012 addendo
2266 2982 2386 3019 planetis
2402 2982 2451 3019 qui
2466 2982 2496 3010 in

1432 3027 1535 3056 ordine
1556 3027 1626 3055 situs
1647 3033 1715 3063 post
1735 3027 1832 3054 Iovem
1853 3025 1980 3059 veniunt,
2003 3024 2109 3052 scilicet
2129 3023 2223 3057 Marti,
2246 3022 2349 3050 Veneri
2372 3028 2400 3050 et
2420 3023 2496 3050 Mer-

1433 3067 1523 3102 curio,
1535 3067 1690 3103 unicuique
1704 3075 1793 3094 unam
1808 3066 1959 3102 sphaeram
1981 3070 2008 3091 et
2022 3073 2113 3091 unum
2135 3069 2262 3097 motum3
2277 3062 2338 3089 Soli
2356 3068 2453 3089 autem
2468 3068 2496 3089 et

1433 3109 1549 3142 Lunae,
1571 3106 1727 3143 unicuique
1749 3106 1831 3133 duos
1861 3104 1907 3132 Sic
1934 3110 2030 3132 autem
2054 3110 2135 3131 mota
2155 3101 2295 3130 dubitatio
2317 3102 2413 3130 locum
2435 3111 2496 3130 non

1433 3148 1566 3175 haberet:
1596 3146 1664 3183 quia
1691 3146 1850 3173 secundum
1879 3145 1935 3172 hoc
1962 3143 2124 3179 superiores
2151 3142 2282 3178 planetae
2310 3141 2495 3178 paucioribus

1433 3193 1619 3215 moverentur
1633 3185 1759 3214 motibus
1771 3194 1858 3221 quam
1874 3183 2030 3212 inferiores.
2041 3199 2061 3202 —
2077 3183 2103 3210 5.
2121 3181 2197 3216 Quia
2213 3187 2311 3209 tamen
2331 3191 2386 3209 nec
2407 3181 2495 3209 etiam

1432 3228 1489 3255 hoc
1511 3227 1601 3254 modo
1623 3231 1756 3262 poterant
1784 3223 1884 3252 omnia
1910 3222 2078 3259 apparentia
2103 3221 2179 3250 circa
2205 3221 2300 3249 stellas
2327 3221 2445 3257 salvari3
2468 3228 2496 3249 et

1433 3266 1562 3294 similiter
1575 3264 1782 3293 inconveniens
1796 3263 1945 3291 videbatur
1959 3263 2038 3299 quod
2052 3268 2131 3290 tanta
2142 3261 2296 3289 multitudo
2308 3262 2496 3297 sphaerarum

1433 3312 1616 3334 concurreret
1630 3305 1667 3332 ad
1681 3310 1777 3332 motus
1798 3303 1993 3339 planetarum;
2015 3301 2122 3330 idcirco
2144 3301 2325 3337 Hipparchus
2346 3307 2375 3329 et
2396 3301 2495 3329 Ptolo-

1432 3355 1532 3374 maeus
1553 3345 1715 3372 tribuerunt
1735 3342 1891 3379 unicuique
1912 3342 2043 3378 planetae
2057 3351 2146 3369 unam
2161 3341 2309 3378 propriam
2331 3341 2494 3377 sphaeram,

1432 3384 1622 3413 excentricam
1643 3391 1796 3419 supremae
1818 3382 1964 3418 sphaerae,
1979 3382 2133 3410 habentem
2148 3389 2253 3418 nempe
2268 3387 2398 3409 centrum
2417 3380 2496 3409 aliud

1432 3434 1520 3461 quam
1534 3430 1618 3451 terra.
1634 3423 1727 3458 Super
1741 3423 1792 3450 has
1807 3422 1987 3458 planetarum
2003 3422 2139 3458 sphaeras
2160 3427 2320 3457 posuerunt
2335 3421 2492 3457 epicyclos;

1431 3464 1471 3492 ita
1485 3464 1575 3500 quod,
1590 3468 1703 3499 praeter
1723 3468 1837 3490 motum
1859 3461 1995 3489 diurnum
2011 3461 2060 3498 qui
2075 3461 2105 3489 in
2118 3467 2181 3489 toto
2196 3461 2277 3489 caelo
2292 3467 2335 3489 est
2355 3470 2390 3489 ex
2411 3467 2494 3489 motu

1431 3503 1541 3540 primae
1567 3503 1720 3538 sphaerae,
1747 3501 1943 3538 superioribus
1970 3501 2093 3537 planetis
2120 3501 2312 3529 attribuerunt
2339 3507 2395 3528 tres
2423 3500 2495 3528 alios

1431 3550 1543 3576 motus;
1558 3551 1685 3578 quorum
1699 3541 1810 3578 primus
1825 3548 1868 3569 est
1883 3542 2043 3569 secundum
2059 3551 2146 3578 quem
2161 3550 2266 3577 corpus
2282 3541 2379 3569 stellae
2394 3540 2493 3569 circuit

1431 3582 1605 3619 epicyclum‚
1628 3581 1699 3609 alter
1719 3582 1878 3609 secundum
1894 3591 1981 3618 quem
2003 3588 2133 3610 centrum
2148 3580 2265 3617 epicycli
2279 3580 2379 3609 circuit
2392 3581 2495 3616 sphae-

1430 3632 1502 3658 ram,
1521 3621 1620 3650 tertius
1642 3622 1801 3649 secundum
1823 3630 1910 3658 quem
1932 3621 1994 3658 ipsa
2015 3622 2136 3658 sphaera
2150 3627 2282 3649 movetur
2295 3622 2331 3649 ab
2347 3620 2497 3649 occidente

2286 3688 2318 3711 24

2517 851 2593 900 ’σαψ
2606 857 2647 873 xn.
2658 851 2728 873 Text.

2532 885 2555 900 ο.

2525 2008 2534 2016 ·
2549 2005 2616 2027 Text.
2634 2005 2667 2027 61.
