<?xml version="1.0" encoding="UTF-8"?>
<!DOCTYPE html PUBLIC "-//W3C//DTD XHTML 1.0 Transitional//EN"
    "http://www.w3.org/TR/xhtml1/DTD/xhtml1-transitional.dtd">
<html xmlns="http://www.w3.org/1999/xhtml" xml:lang="en" lang="en">
 <head>
  <title>
</title>
<meta http-equiv="Content-Type" content="text/html;charset=utf-8" />
  <meta name='ocr-system' content='tesseract 3.04.00' />
  <meta name='ocr-capabilities' content='ocr_page ocr_carea ocr_par ocr_line ocrx_word'/>
</head>
<body>
  <div class='ocr_page' id='page_1' title='image "./operaomniaiussui03thom/operaomniaiussui03thom_0084.png"; bbox 0 0 2782 4134; ppageno 0'>
   <div class='ocr_carea' id='block_1_1' title="bbox 368 251 421 288">
    <p class='ocr_par' dir='ltr' id='par_1_1' title="bbox 368 251 421 288">
     <span class='ocr_line' id='line_1_1' title="bbox 368 251 421 288; baseline 0 -11"><span class='ocrx_word' id='word_1_1' title='bbox 368 251 421 288; x_wconf 88' lang='lat'>40</span> 
     </span>
    </p>
   </div>
   <div class='ocr_carea' id='block_1_2' title="bbox 1066 215 1831 266">
    <p class='ocr_par' dir='ltr' id='par_1_2' title="bbox 1066 215 1831 266">
     <span class='ocr_line' id='line_1_2' title="bbox 1066 215 1831 266; baseline -0.021 0"><span class='ocrx_word' id='word_1_2' title='bbox 1066 229 1137 266; x_wconf 92' lang='lat' dir='ltr'>DE</span> <span class='ocrx_word' id='word_1_3' title='bbox 1166 224 1341 263; x_wconf 92' lang='lat' dir='ltr'>CAELO</span> <span class='ocrx_word' id='word_1_4' title='bbox 1369 222 1440 259; x_wconf 94' lang='lat' dir='ltr'>ET</span> <span class='ocrx_word' id='word_1_5' title='bbox 1469 217 1663 257; x_wconf 92' lang='lat' dir='ltr'><strong>MUNDO</strong></span> <span class='ocrx_word' id='word_1_6' title='bbox 1693 216 1786 253; x_wconf 92' lang='lat' dir='ltr'><strong>LIB.</strong></span> <span class='ocrx_word' id='word_1_7' title='bbox 1817 215 1831 250; x_wconf 98' lang='grc' dir='ltr'>Ι</span> 
     </span>
    </p>
   </div>
   <div class='ocr_carea' id='block_1_3' title="bbox 1123 459 1776 523">
    <p class='ocr_par' dir='ltr' id='par_1_3' title="bbox 1123 459 1776 523">
     <span class='ocr_line' id='line_1_3' title="bbox 1123 459 1776 523; baseline -0.015 0"><span class='ocrx_word' id='word_1_8' title='bbox 1123 464 1422 523; x_wconf 91' lang='lat' dir='ltr'>LECTIO</span> <span class='ocrx_word' id='word_1_9' title='bbox 1459 459 1776 518; x_wconf 88' lang='lat' dir='ltr'><strong>DECIMA</strong></span> 
     </span>
    </p>
   </div>
   <div class='ocr_carea' id='block_1_4' title="bbox 507 616 2421 714">
    <p class='ocr_par' dir='ltr' id='par_1_4' title="bbox 507 616 2421 714">
     <span class='ocr_line' id='line_1_4' title="bbox 507 616 2421 673; baseline -0.015 0"><span class='ocrx_word' id='word_1_10' title='bbox 507 640 704 673; x_wconf 90' lang='lat' dir='ltr'>SECUNDA</span> <span class='ocrx_word' id='word_1_11' title='bbox 725 637 782 668; x_wconf 94' lang='lat' dir='ltr'>ET</span> <span class='ocrx_word' id='word_1_12' title='bbox 805 633 964 666; x_wconf 87' lang='lat' dir='ltr'><strong>TERTIA</strong></span> <span class='ocrx_word' id='word_1_13' title='bbox 987 629 1120 662; x_wconf 88' lang='lat' dir='ltr'>RATIO</span> <span class='ocrx_word' id='word_1_14' title='bbox 1143 629 1201 660; x_wconf 93' lang='lat' dir='ltr'>AD</span> <span class='ocrx_word' id='word_1_15' title='bbox 1224 624 1491 658; x_wconf 85' lang='lat' dir='ltr'><strong>PROBANDUM</strong></span> <span class='ocrx_word' id='word_1_16' title='bbox 1515 621 1683 673; x_wconf 72' lang='lat' dir='ltr'>CORPUS</span> <span class='ocrx_word' id='word_1_17' title='bbox 1706 618 1828 658; x_wconf 93' lang='lat' dir='ltr'><strong>QUOD</strong></span> <span class='ocrx_word' id='word_1_18' title='bbox 1854 616 2120 649; x_wconf 89' lang='lat' dir='ltr'>CIRCULARIT</span> <span class='ocrx_word' id='word_1_19' title='bbox 2121 616 2180 648; x_wconf 87' lang='lat' dir='ltr'>ER</span> <span class='ocrx_word' id='word_1_20' title='bbox 2202 616 2421 648; x_wconf 86' lang='lat' dir='ltr'>MOVETUR</span> 
     </span>
     <span class='ocr_line' id='line_1_5' title="bbox 1260 677 1725 714; baseline -0.015 1"><span class='ocrx_word' id='word_1_21' title='bbox 1260 683 1352 714; x_wconf 95' lang='lat' dir='ltr'>NON</span> <span class='ocrx_word' id='word_1_22' title='bbox 1375 681 1475 713; x_wconf 89' lang='lat' dir='ltr'>ESSE</span> <span class='ocrx_word' id='word_1_23' title='bbox 1499 677 1725 711; x_wconf 89' lang='lat' dir='ltr'>INFINITUM</span> 
     </span>
    </p>
   </div>
   <div class='ocr_carea' id='block_1_5' title="bbox 367 808 2697 876">
    <p class='ocr_par' dir='ltr' id='par_1_5' title="bbox 367 808 2697 876">
     <span class='ocr_line' id='line_1_6' title="bbox 367 808 2697 876; baseline -0.009 -7"><span class='ocrx_word' id='word_1_24' title='bbox 367 836 446 871; x_wconf 80' lang='grc' dir='ltr'>Ἔτι</span> <span class='ocrx_word' id='word_1_25' title='bbox 471 834 538 868; x_wconf 69' lang='grc' dir='ltr'>ἀπὸ</span> <span class='ocrx_word' id='word_1_26' title='bbox 562 828 810 876; x_wconf 79' lang='grc' dir='ltr'>πεπερασμένου</span> <span class='ocrx_word' id='word_1_27' title='bbox 834 826 953 872; x_wconf 84' lang='grc' dir='ltr'>χρόνου</span> <span class='ocrx_word' id='word_1_28' title='bbox 978 823 1036 856; x_wconf 70' lang='grc' dir='ltr'>ἐὰν</span> <span class='ocrx_word' id='word_1_29' title='bbox 1064 821 1185 868; x_wconf 80' lang='grc' dir='ltr'>ἀφέλῃς</span> <span class='ocrx_word' id='word_1_30' title='bbox 1211 818 1421 874; x_wconf 69' lang='grc' dir='ltr'>πεπερασμέ-</span> <span class='ocrx_word' id='word_1_31' title='bbox 1472 819 1490 838; x_wconf 72' lang='lat'>⁴¹</span> <span class='ocrx_word' id='word_1_32' title='bbox 1508 820 1664 858; x_wconf 89' lang='lat' dir='ltr'>Adhuc,a</span> <span class='ocrx_word' id='word_1_33' title='bbox 1681 819 1772 850; x_wconf 91' lang='lat' dir='ltr'>finito</span> <span class='ocrx_word' id='word_1_34' title='bbox 1791 825 1935 859; x_wconf 86' lang='lat' dir='ltr'>ternpore</span> <span class='ocrx_word' id='word_1_35' title='bbox 1945 817 1972 848; x_wconf 91' lang='lat' dir='ltr'>si</span> <span class='ocrx_word' id='word_1_36' title='bbox 1987 816 2249 852; x_wconf 68' lang='lat' dir='ltr'>auferasiinitum</span> <span class='ocrx_word' id='word_1_37' title='bbox 2263 808 2405 860; x_wconf 65' lang='lat' dir='ltr'>tempus,</span> <span class='ocrx_word' id='word_1_38' title='bbox 2419 829 2548 853; x_wconf 73' lang='lat' dir='ltr'>necesse</span> <span class='ocrx_word' id='word_1_39' title='bbox 2574 821 2661 871; x_wconf 49' lang='lat' dir='ltr'>:fg-2*</span> <span class='ocrx_word' id='word_1_40' title='bbox 2689 863 2697 872; x_wconf 36' lang='grc' dir='ltr'>ι</span> 
     </span>
    </p>
   </div>
   <div class='ocr_carea' id='block_1_6' title="bbox 363 864 1422 3004">
    <p class='ocr_par' dir='ltr' id='par_1_6' title="bbox 426 864 1420 1540">
     <span class='ocr_line' id='line_1_7' title="bbox 440 864 1420 922; baseline -0.018 -10"><span class='ocrx_word' id='word_1_41' title='bbox 440 891 493 912; x_wconf 91' lang='grc' dir='ltr'>νον</span> <span class='ocrx_word' id='word_1_42' title='bbox 528 877 655 922; x_wconf 85' lang='grc' dir='ltr'>ἀνάγκη</span> <span class='ocrx_word' id='word_1_43' title='bbox 679 876 736 906; x_wconf 85' lang='grc' dir='ltr'>καὶ</span> <span class='ocrx_word' id='word_1_44' title='bbox 762 872 821 904; x_wconf 78' lang='grc' dir='ltr'>τὸν</span> <span class='ocrx_word' id='word_1_45' title='bbox 841 869 961 903; x_wconf 76' lang='grc' dir='ltr'>λοιπὸν</span> <span class='ocrx_word' id='word_1_46' title='bbox 980 866 1065 900; x_wconf 82' lang='grc' dir='ltr'>εἶναι</span> <span class='ocrx_word' id='word_1_47' title='bbox 1086 875 1337 910; x_wconf 81' lang='grc' dir='ltr'>πεπερασμένον</span> <span class='ocrx_word' id='word_1_48' title='bbox 1361 864 1420 895; x_wconf 82' lang='grc' dir='ltr'>καὶ</span> 
     </span>
     <span class='ocr_line' id='line_1_8' title="bbox 440 903 1420 969; baseline -0.018 -14"><span class='ocrx_word' id='word_1_49' title='bbox 440 903 526 969; x_wconf 70' lang='grc' dir='ltr'>ἔχείν</span> <span class='ocrx_word' id='word_1_50' title='bbox 559 918 674 966; x_wconf 73' lang='grc' dir='ltr'>ἀρχήν.</span> <span class='ocrx_word' id='word_1_51' title='bbox 711 917 749 948; x_wconf 88' lang='grc' dir='ltr'>Εἰ</span> <span class='ocrx_word' id='word_1_52' title='bbox 774 913 801 949; x_wconf 79' lang='grc' dir='ltr'>δ’</span> <span class='ocrx_word' id='word_1_53' title='bbox 831 917 847 948; x_wconf 88' lang='grc' dir='ltr'><strong>ὀ</strong></span> <span class='ocrx_word' id='word_1_54' title='bbox 872 913 988 960; x_wconf 80' lang='grc' dir='ltr'>χρόνος</span> <span class='ocrx_word' id='word_1_55' title='bbox 1015 914 1030 944; x_wconf 82' lang='grc' dir='ltr'>ὁ</span> <span class='ocrx_word' id='word_1_56' title='bbox 1063 912 1126 949; x_wconf 81' lang='grc' dir='ltr'>τῆς</span> <span class='ocrx_word' id='word_1_57' title='bbox 1158 904 1319 951; x_wconf 80' lang='grc' dir='ltr'>βαδίσεως</span> <span class='ocrx_word' id='word_1_58' title='bbox 1350 907 1420 960; x_wconf 48' lang='grc' dir='ltr'>ἔχει</span> 
     </span>
     <span class='ocr_line' id='line_1_9' title="bbox 441 953 1419 1013; baseline -0.017 -14"><span class='ocrx_word' id='word_1_59' title='bbox 441 966 559 1013; x_wconf 73' lang='grc' dir='ltr'>ἀρχήν,</span> <span class='ocrx_word' id='word_1_60' title='bbox 586 966 674 997; x_wconf 83' lang='grc' dir='ltr'>ἔστιν</span> <span class='ocrx_word' id='word_1_61' title='bbox 701 961 786 1006; x_wconf 75' lang='grc' dir='ltr'>ἀρχὴ</span> <span class='ocrx_word' id='word_1_62' title='bbox 811 961 868 992; x_wconf 80' lang='grc' dir='ltr'>καὶ</span> <span class='ocrx_word' id='word_1_63' title='bbox 893 958 957 996; x_wconf 79' lang='grc' dir='ltr'>τῆς</span> <span class='ocrx_word' id='word_1_64' title='bbox 981 955 1152 996; x_wconf 76' lang='grc' dir='ltr'>κινήσεως,</span> <span class='ocrx_word' id='word_1_65' title='bbox 1172 953 1257 986; x_wconf 73' lang='grc' dir='ltr'>ὥστε</span> <span class='ocrx_word' id='word_1_66' title='bbox 1282 953 1339 984; x_wconf 82' lang='grc' dir='ltr'>καὶ</span> <span class='ocrx_word' id='word_1_67' title='bbox 1357 963 1419 1004; x_wconf 70' lang='grc' dir='ltr'>του</span> 
     </span>
     <span class='ocr_line' id='line_1_10' title="bbox 438 995 1419 1060; baseline -0.017 -16"><span class='ocrx_word' id='word_1_68' title='bbox 438 1010 592 1060; x_wconf 83' lang='grc' dir='ltr'>μεγέθους</span> <span class='ocrx_word' id='word_1_69' title='bbox 627 1008 642 1040; x_wconf 78' lang='grc' dir='ltr'><strong>ὃ</strong></span> <span class='ocrx_word' id='word_1_70' title='bbox 674 1003 862 1046; x_wconf 81' lang='grc' dir='ltr'>βεβάδικεν.</span> <span class='ocrx_word' id='word_1_71' title='bbox 897 1003 1036 1047; x_wconf 77' lang='grc' dir='ltr'>Ὁμοίως</span> <span class='ocrx_word' id='word_1_72' title='bbox 1067 995 1104 1031; x_wconf 75' lang='grc' dir='ltr'>δὲ</span> <span class='ocrx_word' id='word_1_73' title='bbox 1135 999 1240 1032; x_wconf 82' lang='grc' dir='ltr'>τοῦτο</span> <span class='ocrx_word' id='word_1_74' title='bbox 1271 999 1328 1051; x_wconf 75' lang='grc' dir='ltr'>καὶ</span> <span class='ocrx_word' id='word_1_75' title='bbox 1362 997 1419 1027; x_wconf 87' lang='grc' dir='ltr'>επὶ</span> 
     </span>
     <span class='ocr_line' id='line_1_11' title="bbox 437 1041 1416 1098; baseline -0.018 -10"><span class='ocrx_word' id='word_1_76' title='bbox 437 1057 502 1088; x_wconf 83' lang='grc' dir='ltr'>τῶν</span> <span class='ocrx_word' id='word_1_77' title='bbox 528 1054 646 1086; x_wconf 84' lang='grc' dir='ltr'>ἄλλων,</span> <span class='ocrx_word' id='word_1_78' title='bbox 677 1050 788 1082; x_wconf 71' lang='lat' dir='ltr'>&#39;Ee-rm</span> <span class='ocrx_word' id='word_1_79' title='bbox 813 1045 856 1085; x_wconf 78' lang='grc' dir='ltr'>δη</span> <span class='ocrx_word' id='word_1_80' title='bbox 881 1045 1021 1093; x_wconf 74' lang='grc' dir='ltr'>γραμμή</span> <span class='ocrx_word' id='word_1_81' title='bbox 1045 1044 1194 1097; x_wconf 73' lang='grc' dir='ltr'>ρῖπειρος,</span> <span class='ocrx_word' id='word_1_82' title='bbox 1222 1043 1268 1086; x_wconf 75' lang='grc' dir='ltr'>ἐφ’</span> <span class='ocrx_word' id='word_1_83' title='bbox 1285 1053 1311 1098; x_wconf 49' lang='grc' dir='ltr'>,ῃ</span> <span class='ocrx_word' id='word_1_84' title='bbox 1325 1041 1416 1096; x_wconf 47' lang='grc' dir='ltr'>ῥΓΕΙ,</span> 
     </span>
     <span class='ocr_line' id='line_1_12' title="bbox 439 1088 1419 1139; baseline -0.017 -7"><span class='ocrx_word' id='word_1_85' title='bbox 439 1101 494 1132; x_wconf 77' lang='grc' dir='ltr'>ἐπὶ</span> <span class='ocrx_word' id='word_1_86' title='bbox 518 1097 657 1139; x_wconf 83' lang='grc' dir='ltr'>θάτερα,</span> <span class='ocrx_word' id='word_1_87' title='bbox 684 1094 705 1138; x_wconf 78' lang='grc' dir='ltr'>ᾖ</span> <span class='ocrx_word' id='word_1_88' title='bbox 729 1094 770 1126; x_wconf 81' lang='grc' dir='ltr'>τὸ</span> <span class='ocrx_word' id='word_1_89' title='bbox 793 1095 835 1125; x_wconf 89' lang='grc' dir='ltr'>Ε·</span> <span class='ocrx_word' id='word_1_90' title='bbox 863 1093 882 1129; x_wconf 76' lang='grc' dir='ltr'>ἡ</span> <span class='ocrx_word' id='word_1_91' title='bbox 907 1088 938 1124; x_wconf 81' lang='grc' dir='ltr'>δ’</span> <span class='ocrx_word' id='word_1_92' title='bbox 958 1091 1006 1134; x_wconf 81' lang='grc' dir='ltr'>ἐφ’</span> <span class='ocrx_word' id='word_1_93' title='bbox 1035 1100 1055 1131; x_wconf 85' lang='grc' dir='ltr'>ῃ</span> <span class='ocrx_word' id='word_1_94' title='bbox 1083 1088 1130 1120; x_wconf 79' lang='grc' dir='ltr'>τοὶ</span> <span class='ocrx_word' id='word_1_95' title='bbox 1151 1088 1214 1127; x_wconf 92' lang='grc' dir='ltr'>ΒΒ,</span> <span class='ocrx_word' id='word_1_96' title='bbox 1240 1088 1283 1119; x_wconf 83' lang='grc' dir='ltr'>ἐπ</span> <span class='ocrx_word' id='word_1_97' title='bbox 1316 1095 1419 1130; x_wconf 86' lang='grc' dir='ltr'>αμφο-</span> 
     </span>
     <span class='ocr_line' id='line_1_13' title="bbox 438 1129 1417 1190; baseline -0.018 -14"><span class='ocrx_word' id='word_1_98' title='bbox 438 1155 518 1188; x_wconf 87' lang='grc' dir='ltr'>τερα</span> <span class='ocrx_word' id='word_1_99' title='bbox 543 1142 686 1184; x_wconf 78' lang='grc' dir='ltr'>ἄπειρος.</span> <span class='ocrx_word' id='word_1_100' title='bbox 722 1139 760 1170; x_wconf 84' lang='lat' dir='ltr'>Ei.</span> <span class='ocrx_word' id='word_1_101' title='bbox 783 1133 827 1174; x_wconf 72' lang='grc' dir='ltr'>δή</span> <span class='ocrx_word' id='word_1_102' title='bbox 851 1135 968 1190; x_wconf 63' lang='grc' dir='ltr'>γράψει</span> <span class='ocrx_word' id='word_1_103' title='bbox 992 1132 1113 1165; x_wconf 79' lang='grc' dir='ltr'>κύκλον</span> <span class='ocrx_word' id='word_1_104' title='bbox 1139 1133 1158 1168; x_wconf 79' lang='grc' dir='ltr'>ἡ</span> <span class='ocrx_word' id='word_1_105' title='bbox 1185 1131 1226 1165; x_wconf 73' lang='grc' dir='ltr'>τὸ</span> <span class='ocrx_word' id='word_1_106' title='bbox 1247 1131 1321 1164; x_wconf 77' lang='grc' dir='ltr'>ΑΓΕ</span> <span class='ocrx_word' id='word_1_107' title='bbox 1349 1129 1417 1162; x_wconf 74' lang='grc' dir='ltr'>ἀπὸ</span> 
     </span>
     <span class='ocr_line' id='line_1_14' title="bbox 437 1174 1417 1226; baseline -0.016 -6"><span class='ocrx_word' id='word_1_108' title='bbox 437 1188 498 1220; x_wconf 88' lang='grc' dir='ltr'>τοῦ</span> <span class='ocrx_word' id='word_1_109' title='bbox 528 1187 550 1217; x_wconf 86' lang='grc' dir='ltr'><strong>Γ</strong></span> <span class='ocrx_word' id='word_1_110' title='bbox 572 1183 652 1217; x_wconf 90' lang='grc' dir='ltr'>κέντ</span> <span class='ocrx_word' id='word_1_111' title='bbox 673 1195 729 1224; x_wconf 91' lang='grc' dir='ltr'>ου,</span> <span class='ocrx_word' id='word_1_112' title='bbox 763 1181 933 1226; x_wconf 82' lang='grc' dir='ltr'>τέμνουσα</span> <span class='ocrx_word' id='word_1_113' title='bbox 965 1190 1050 1212; x_wconf 89' lang='grc' dir='ltr'>ποτε</span> <span class='ocrx_word' id='word_1_114' title='bbox 1083 1175 1279 1213; x_wconf 79' lang='grc' dir='ltr'><strong>οἰσθήσεται</strong></span> <span class='ocrx_word' id='word_1_115' title='bbox 1309 1174 1417 1214; x_wconf 88' lang='grc' dir='ltr'>κύκλῳ</span> 
     </span>
     <span class='ocr_line' id='line_1_15' title="bbox 436 1219 1416 1272; baseline -0.014 -8"><span class='ocrx_word' id='word_1_116' title='bbox 436 1231 498 1267; x_wconf 68' lang='grc' dir='ltr'>τήν</span> <span class='ocrx_word' id='word_1_117' title='bbox 514 1231 563 1261; x_wconf 90' lang='lat' dir='ltr'>BB</span> <span class='ocrx_word' id='word_1_118' title='bbox 581 1230 601 1265; x_wconf 79' lang='grc' dir='ltr'>ἡ</span> <span class='ocrx_word' id='word_1_119' title='bbox 626 1239 666 1261; x_wconf 90' lang='grc' dir='ltr'>το</span> <span class='ocrx_word' id='word_1_120' title='bbox 688 1227 762 1258; x_wconf 79' lang='grc' dir='ltr'>ΑΓΕ</span> <span class='ocrx_word' id='word_1_121' title='bbox 788 1223 1038 1270; x_wconf 82' lang='grc' dir='ltr'>πεπερασμένον</span> <span class='ocrx_word' id='word_1_122' title='bbox 1063 1219 1199 1266; x_wconf 84' lang='grc' dir='ltr'>χρόνον·</span> <span class='ocrx_word' id='word_1_123' title='bbox 1228 1221 1244 1252; x_wconf 84' lang='grc' dir='ltr'>ὁ</span> <span class='ocrx_word' id='word_1_124' title='bbox 1268 1219 1332 1266; x_wconf 77' lang='grc' dir='ltr'>γάρ</span> <span class='ocrx_word' id='word_1_125' title='bbox 1350 1219 1416 1272; x_wconf 64' lang='grc' dir='ltr'>πόις</span> 
     </span>
     <span class='ocr_line' id='line_1_16' title="bbox 434 1265 1416 1320; baseline -0.013 -13"><span class='ocrx_word' id='word_1_126' title='bbox 434 1274 549 1320; x_wconf 82' lang='grc' dir='ltr'>χρόνος</span> <span class='ocrx_word' id='word_1_127' title='bbox 575 1271 607 1305; x_wconf 76' lang='grc' dir='ltr'>ἐν</span> <span class='ocrx_word' id='word_1_128' title='bbox 633 1271 695 1312; x_wconf 83' lang='grc' dir='ltr'>ὅσῳ</span> <span class='ocrx_word' id='word_1_129' title='bbox 719 1270 828 1311; x_wconf 84' lang='grc' dir='ltr'>κύκλῳ</span> <span class='ocrx_word' id='word_1_130' title='bbox 854 1267 979 1315; x_wconf 81' lang='grc' dir='ltr'>ἠνέχθη</span> <span class='ocrx_word' id='word_1_131' title='bbox 998 1268 1014 1299; x_wconf 85' lang='grc' dir='ltr'>ὀ</span> <span class='ocrx_word' id='word_1_132' title='bbox 1033 1265 1185 1311; x_wconf 76' lang='grc' dir='ltr'>οὐρανός,</span> <span class='ocrx_word' id='word_1_133' title='bbox 1205 1274 1416 1307; x_wconf 88' lang='grc' dir='ltr'>πεπερασμε-</span> 
     </span>
     <span class='ocr_line' id='line_1_17' title="bbox 433 1307 1415 1363; baseline -0.012 -12"><span class='ocrx_word' id='word_1_134' title='bbox 433 1330 497 1357; x_wconf 86' lang='grc' dir='ltr'>νος.</span> <span class='ocrx_word' id='word_1_135' title='bbox 531 1319 596 1349; x_wconf 77' lang='grc' dir='ltr'>Καὶ</span> <span class='ocrx_word' id='word_1_136' title='bbox 615 1318 631 1349; x_wconf 83' lang='grc' dir='ltr'>ὀ</span> <span class='ocrx_word' id='word_1_137' title='bbox 650 1316 854 1359; x_wconf 74' lang='grc' dir='ltr'>ἀφῃρημένος</span> <span class='ocrx_word' id='word_1_138' title='bbox 879 1314 956 1358; x_wconf 83' lang='grc' dir='ltr'>ἄρα,</span> <span class='ocrx_word' id='word_1_139' title='bbox 977 1312 1012 1344; x_wconf 86' lang='grc' dir='ltr'>ὃν</span> <span class='ocrx_word' id='word_1_140' title='bbox 1030 1313 1051 1348; x_wconf 77' lang='grc' dir='ltr'><strong><em>ἠ</em></strong></span> <span class='ocrx_word' id='word_1_141' title='bbox 1071 1309 1240 1354; x_wconf 80' lang='grc' dir='ltr'>τέμνουσα</span> <span class='ocrx_word' id='word_1_142' title='bbox 1265 1307 1415 1363; x_wconf 70' lang='grc' dir='ltr'>ἐφέρετο.</span> 
     </span>
     <span class='ocr_line' id='line_1_18' title="bbox 426 1352 1417 1405; baseline -0.013 -10"><span class='ocrx_word' id='word_1_143' title='bbox 426 1363 547 1395; x_wconf 83' lang='grc' dir='ltr'>Ἔσται</span> <span class='ocrx_word' id='word_1_144' title='bbox 573 1361 637 1405; x_wconf 76' lang='grc' dir='ltr'>ἄρα</span> <span class='ocrx_word' id='word_1_145' title='bbox 662 1372 712 1398; x_wconf 82' lang='grc' dir='ltr'>τις</span> <span class='ocrx_word' id='word_1_146' title='bbox 738 1360 824 1405; x_wconf 76' lang='grc' dir='ltr'>ἀρχή</span> <span class='ocrx_word' id='word_1_147' title='bbox 842 1358 862 1401; x_wconf 80' lang='grc' dir='ltr'>ᾖ</span> <span class='ocrx_word' id='word_1_148' title='bbox 879 1358 1010 1403; x_wconf 78' lang='grc' dir='ltr'>πρῶτον</span> <span class='ocrx_word' id='word_1_149' title='bbox 1029 1356 1050 1392; x_wconf 79' lang='grc' dir='ltr'>ἡ</span> <span class='ocrx_word' id='word_1_150' title='bbox 1068 1355 1115 1388; x_wconf 80' lang='grc' dir='ltr'>τα</span> <span class='ocrx_word' id='word_1_151' title='bbox 1130 1355 1205 1386; x_wconf 80' lang='grc' dir='ltr'>ΑΓΕ</span> <span class='ocrx_word' id='word_1_152' title='bbox 1224 1353 1287 1390; x_wconf 74' lang='grc' dir='ltr'>τήν</span> <span class='ocrx_word' id='word_1_153' title='bbox 1304 1364 1352 1385; x_wconf 84' lang='grc' dir='ltr'>τα</span> <span class='ocrx_word' id='word_1_154' title='bbox 1366 1352 1417 1383; x_wconf 89' lang='grc' dir='ltr'>ΒΒ</span> 
     </span>
     <span class='ocr_line' id='line_1_19' title="bbox 434 1397 1418 1451; baseline -0.012 -12"><span class='ocrx_word' id='word_1_155' title='bbox 434 1407 560 1451; x_wconf 84' lang='grc' dir='ltr'>ἔτεμεν.</span> <span class='ocrx_word' id='word_1_156' title='bbox 594 1405 683 1436; x_wconf 84' lang='grc' dir='ltr'>Ἀλλ’</span> <span class='ocrx_word' id='word_1_157' title='bbox 705 1399 886 1436; x_wconf 82' lang='grc' dir='ltr'>ἀδύνατον.</span> <span class='ocrx_word' id='word_1_158' title='bbox 917 1402 983 1434; x_wconf 81' lang='grc' dir='ltr'>Οὐκ</span> <span class='ocrx_word' id='word_1_159' title='bbox 1003 1400 1068 1444; x_wconf 90' lang='grc' dir='ltr'>α”ρα</span> <span class='ocrx_word' id='word_1_160' title='bbox 1093 1398 1166 1431; x_wconf 84' lang='grc' dir='ltr'>ἔστι</span> <span class='ocrx_word' id='word_1_161' title='bbox 1189 1397 1298 1439; x_wconf 81' lang='grc' dir='ltr'>κύκλῳ</span> <span class='ocrx_word' id='word_1_162' title='bbox 1316 1407 1418 1440; x_wconf 85' lang='grc' dir='ltr'>στρα-</span> 
     </span>
     <span class='ocr_line' id='line_1_20' title="bbox 433 1438 1417 1496; baseline -0.011 -13"><span class='ocrx_word' id='word_1_163' title='bbox 433 1452 534 1496; x_wconf 78' lang='grc' dir='ltr'>φῆναι</span> <span class='ocrx_word' id='word_1_164' title='bbox 565 1450 606 1482; x_wconf 84' lang='grc' dir='ltr'><em>τό</em></span> <span class='ocrx_word' id='word_1_165' title='bbox 640 1449 785 1492; x_wconf 83' lang='grc' dir='ltr'>ἄπειρον.</span> <span class='ocrx_word' id='word_1_166' title='bbox 816 1446 910 1480; x_wconf 62' lang='lat' dir='ltr'>“Qu-‘r&#39;</span> <span class='ocrx_word' id='word_1_167' title='bbox 940 1441 1017 1478; x_wconf 79' lang='grc' dir='ltr'>οὐδὲ</span> <span class='ocrx_word' id='word_1_168' title='bbox 1049 1444 1108 1476; x_wconf 74' lang='grc' dir='ltr'>τᾶν</span> <span class='ocrx_word' id='word_1_169' title='bbox 1139 1441 1285 1487; x_wconf 81' lang='grc' dir='ltr'>κόσμον,</span> <span class='ocrx_word' id='word_1_170' title='bbox 1318 1441 1347 1473; x_wconf 83' lang='grc' dir='ltr'>εἰ</span> <span class='ocrx_word' id='word_1_171' title='bbox 1377 1438 1417 1479; x_wconf 79' lang='grc' dir='ltr'>ἥν</span> 
     </span>
     <span class='ocr_line' id='line_1_21' title="bbox 436 1496 1310 1540; baseline -0.008 -12"><span class='ocrx_word' id='word_1_172' title='bbox 436 1496 579 1540; x_wconf 71' lang='grc' dir='ltr'>ἄπειρος.</span> <span class='ocrx_word' id='word_1_173' title='bbox 812 1504 815 1509; x_wconf 88' lang='grc'><em>·</em></span> <span class='ocrx_word' id='word_1_174' title='bbox 1303 1528 1310 1539; x_wconf 46' lang='lat' dir='ltr'><em>l</em></span> 
     </span>
    </p>

    <p class='ocr_par' dir='ltr' id='par_1_7' title="bbox 363 1525 1422 3004">
     <span class='ocr_line' id='line_1_22' title="bbox 363 1525 1416 1580; baseline -0.012 -6"><span class='ocrx_word' id='word_1_175' title='bbox 363 1541 439 1574; x_wconf 79' lang='grc' dir='ltr'>Ἔτι</span> <span class='ocrx_word' id='word_1_176' title='bbox 463 1536 500 1572; x_wconf 77' lang='grc' dir='ltr'>δὲ</span> <span class='ocrx_word' id='word_1_177' title='bbox 523 1541 580 1571; x_wconf 75' lang='grc' dir='ltr'>καὶΙ</span> <span class='ocrx_word' id='word_1_178' title='bbox 597 1536 632 1572; x_wconf 79' lang='grc' dir='ltr'>ἑκ</span> <span class='ocrx_word' id='word_1_179' title='bbox 649 1531 754 1570; x_wconf 74' lang='grc' dir='ltr'>τῶνδε</span> <span class='ocrx_word' id='word_1_180' title='bbox 778 1533 927 1580; x_wconf 85' lang='grc' dir='ltr'>φανερόν,</span> <span class='ocrx_word' id='word_1_181' title='bbox 948 1531 1000 1566; x_wconf 85' lang='grc' dir='ltr'>ὅτι</span> <span class='ocrx_word' id='word_1_182' title='bbox 1025 1531 1066 1564; x_wconf 76' lang='grc' dir='ltr'>τὸ</span> <span class='ocrx_word' id='word_1_183' title='bbox 1093 1532 1228 1576; x_wconf 77' lang='grc' dir='ltr'>ἄπειρον</span> <span class='ocrx_word' id='word_1_184' title='bbox 1248 1525 1416 1563; x_wconf 76' lang='grc' dir='ltr'>ἀδυνατον</span> 
     </span>
     <span class='ocr_line' id='line_1_23' title="bbox 434 1574 1415 1626; baseline -0.011 -9"><span class='ocrx_word' id='word_1_185' title='bbox 434 1583 618 1622; x_wconf 76' lang='grc' dir='ltr'>κινηθῆναι.</span> <span class='ocrx_word' id='word_1_186' title='bbox 645 1582 756 1614; x_wconf 86' lang='grc' dir='ltr'>Ἔστω</span> <span class='ocrx_word' id='word_1_187' title='bbox 780 1579 844 1626; x_wconf 71' lang='grc' dir='ltr'>γάρ</span> <span class='ocrx_word' id='word_1_188' title='bbox 862 1579 882 1616; x_wconf 80' lang='grc' dir='ltr'>ή</span> <span class='ocrx_word' id='word_1_189' title='bbox 900 1577 941 1611; x_wconf 78' lang='grc' dir='ltr'>τὸ</span> <span class='ocrx_word' id='word_1_190' title='bbox 958 1579 983 1609; x_wconf 81' lang='lat' dir='ltr'>A</span> <span class='ocrx_word' id='word_1_191' title='bbox 1000 1575 1160 1622; x_wconf 83' lang='grc' dir='ltr'>φερομένη</span> <span class='ocrx_word' id='word_1_192' title='bbox 1186 1574 1281 1620; x_wconf 79' lang='grc' dir='ltr'>παραὶ</span> <span class='ocrx_word' id='word_1_193' title='bbox 1297 1574 1360 1612; x_wconf 73' lang='grc' dir='ltr'>τήν</span> <span class='ocrx_word' id='word_1_194' title='bbox 1377 1575 1415 1616; x_wconf 87' lang='grc' dir='ltr'>Β,</span> 
     </span>
     <span class='ocr_line' id='line_1_24' title="bbox 436 1614 1416 1678; baseline -0.012 -16"><span class='ocrx_word' id='word_1_195' title='bbox 436 1626 668 1672; x_wconf 77' lang='grc' dir='ltr'>πεπερασμένη</span> <span class='ocrx_word' id='word_1_196' title='bbox 694 1625 789 1678; x_wconf 78' lang='grc' dir='ltr'>παρὰ</span> <span class='ocrx_word' id='word_1_197' title='bbox 812 1622 1079 1667; x_wconf 82' lang='grc' dir='ltr'>πεπερασμένην.</span> <span class='ocrx_word' id='word_1_198' title='bbox 1113 1620 1260 1667; x_wconf 84' lang='grc' dir='ltr'>Ἀνάγκη</span> <span class='ocrx_word' id='word_1_199' title='bbox 1278 1614 1321 1656; x_wconf 75' lang='grc' dir='ltr'>δή</span> <span class='ocrx_word' id='word_1_200' title='bbox 1345 1618 1416 1663; x_wconf 78' lang='grc' dir='ltr'>ἅμα</span> 
     </span>
     <span class='ocr_line' id='line_1_25' title="bbox 435 1662 1416 1710; baseline -0.011 -4"><span class='ocrx_word' id='word_1_201' title='bbox 435 1672 497 1710; x_wconf 77' lang='grc' dir='ltr'>τήν</span> <span class='ocrx_word' id='word_1_202' title='bbox 522 1685 560 1705; x_wconf 89' lang='grc' dir='ltr'>τε</span> <span class='ocrx_word' id='word_1_203' title='bbox 577 1674 603 1704; x_wconf 76' lang='grc' dir='ltr'><strong>Δ</strong></span> <span class='ocrx_word' id='word_1_204' title='bbox 620 1672 680 1709; x_wconf 78' lang='grc' dir='ltr'>τῆς</span> <span class='ocrx_word' id='word_1_205' title='bbox 697 1672 721 1702; x_wconf 91' lang='grc' dir='ltr'><strong><em>Β</em></strong></span> <span class='ocrx_word' id='word_1_206' title='bbox 739 1666 967 1703; x_wconf 88' lang='grc' dir='ltr'>απολελύσθαι</span> <span class='ocrx_word' id='word_1_207' title='bbox 990 1665 1135 1702; x_wconf 77' lang='grc' dir='ltr'>καὶ·τὴν</span> <span class='ocrx_word' id='word_1_208' title='bbox 1155 1667 1180 1697; x_wconf 87' lang='grc' dir='ltr'><strong><em>Β</em></strong></span> <span class='ocrx_word' id='word_1_209' title='bbox 1199 1666 1262 1704; x_wconf 79' lang='grc' dir='ltr'>τῆς</span> <span class='ocrx_word' id='word_1_210' title='bbox 1280 1666 1317 1696; x_wconf 83' lang='grc' dir='ltr'>Α·</span> <span class='ocrx_word' id='word_1_211' title='bbox 1341 1662 1416 1696; x_wconf 78' lang='grc' dir='ltr'>ὅσον</span> 
     </span>
     <span class='ocr_line' id='line_1_26' title="bbox 433 1707 1416 1763; baseline -0.01 -13"><span class='ocrx_word' id='word_1_212' title='bbox 433 1717 496 1763; x_wconf 80' lang='grc' dir='ltr'>γοὶρ</span> <span class='ocrx_word' id='word_1_213' title='bbox 528 1718 548 1754; x_wconf 79' lang='grc' dir='ltr'>ἡ</span> <span class='ocrx_word' id='word_1_214' title='bbox 580 1715 679 1759; x_wconf 89' lang='grc' dir='ltr'>ἑτέρα</span> <span class='ocrx_word' id='word_1_215' title='bbox 708 1712 880 1755; x_wconf 81' lang='grc' dir='ltr'>ἐπιβάλλει</span> <span class='ocrx_word' id='word_1_216' title='bbox 913 1713 975 1750; x_wconf 82' lang='grc' dir='ltr'>τῆς</span> <span class='ocrx_word' id='word_1_217' title='bbox 1007 1709 1144 1755; x_wconf 82' lang='grc' dir='ltr'>ἐτέρας,</span> <span class='ocrx_word' id='word_1_218' title='bbox 1176 1711 1235 1742; x_wconf 78' lang='grc' dir='ltr'>καὶ</span> <span class='ocrx_word' id='word_1_219' title='bbox 1264 1710 1284 1746; x_wconf 82' lang='grc' dir='ltr'>ἠ</span> <span class='ocrx_word' id='word_1_220' title='bbox 1315 1707 1416 1762; x_wconf 85' lang='grc' dir='ltr'>ἑτέρα</span> 
     </span>
     <span class='ocr_line' id='line_1_27' title="bbox 434 1754 1417 1802; baseline -0.01 -8"><span class='ocrx_word' id='word_1_221' title='bbox 434 1763 556 1799; x_wconf 78' lang='grc' dir='ltr'>ἐκείνης</span> <span class='ocrx_word' id='word_1_222' title='bbox 574 1761 749 1794; x_wconf 79' lang='grc' dir='ltr'>τοσοῦτον.</span> <span class='ocrx_word' id='word_1_223' title='bbox 777 1757 813 1789; x_wconf 85' lang='grc' dir='ltr'>Εἰ</span> <span class='ocrx_word' id='word_1_224' title='bbox 829 1757 888 1802; x_wconf 83' lang='grc' dir='ltr'>μὲν</span> <span class='ocrx_word' id='word_1_225' title='bbox 907 1754 962 1789; x_wconf 81' lang='grc' dir='ltr'>οὖν</span> <span class='ocrx_word' id='word_1_226' title='bbox 982 1754 1077 1799; x_wconf 77' lang='grc' dir='ltr'>ἄμφω</span> <span class='ocrx_word' id='word_1_227' title='bbox 1096 1758 1242 1788; x_wconf 83' lang='grc' dir='ltr'>κινοῖντο</span> <span class='ocrx_word' id='word_1_228' title='bbox 1258 1755 1302 1791; x_wconf 86' lang='grc' dir='ltr'>εἰς</span> <span class='ocrx_word' id='word_1_229' title='bbox 1321 1764 1417 1786; x_wconf 82' lang='grc' dir='ltr'>τουν-</span> 
     </span>
     <span class='ocr_line' id='line_1_28' title="bbox 435 1794 1415 1847; baseline -0.009 -8"><span class='ocrx_word' id='word_1_230' title='bbox 435 1808 562 1847; x_wconf 85' lang='grc' dir='ltr'>αντίον,</span> <span class='ocrx_word' id='word_1_231' title='bbox 581 1805 707 1839; x_wconf 77' lang='grc' dir='ltr'>θᾶττον</span> <span class='ocrx_word' id='word_1_232' title='bbox 735 1801 772 1835; x_wconf 75' lang='grc' dir='ltr'>ἂν</span> <span class='ocrx_word' id='word_1_233' title='bbox 799 1800 1018 1842; x_wconf 84' lang='grc' dir='ltr'>ἀπολύοιντο,</span> <span class='ocrx_word' id='word_1_234' title='bbox 1036 1799 1063 1831; x_wconf 80' lang='grc' dir='ltr'>εἰ</span> <span class='ocrx_word' id='word_1_235' title='bbox 1081 1794 1118 1831; x_wconf 76' lang='grc' dir='ltr'>δέ</span> <span class='ocrx_word' id='word_1_236' title='bbox 1136 1799 1231 1842; x_wconf 76' lang='grc' dir='ltr'>παραὶ</span> <span class='ocrx_word' id='word_1_237' title='bbox 1249 1798 1415 1843; x_wconf 86' lang='grc' dir='ltr'>μένουσαν</span> 
     </span>
     <span class='ocr_line' id='line_1_29' title="bbox 435 1841 1418 1895; baseline -0.009 -12"><span class='ocrx_word' id='word_1_238' title='bbox 435 1849 682 1895; x_wconf 82' lang='grc' dir='ltr'>παραφέροιτο,</span> <span class='ocrx_word' id='word_1_239' title='bbox 709 1842 924 1892; x_wconf 81' lang='grc' dir='ltr'>βραδύτερον,</span> <span class='ocrx_word' id='word_1_240' title='bbox 951 1845 997 1886; x_wconf 81' lang='grc' dir='ltr'>τῷ</span> <span class='ocrx_word' id='word_1_241' title='bbox 1025 1844 1117 1886; x_wconf 74' lang='grc' dir='ltr'>αὐτῷ</span> <span class='ocrx_word' id='word_1_242' title='bbox 1143 1843 1243 1889; x_wconf 87' lang='grc' dir='ltr'>τάχει</span> <span class='ocrx_word' id='word_1_243' title='bbox 1267 1841 1418 1887; x_wconf 82' lang='grc' dir='ltr'>κινουμέ-</span> 
     </span>
     <span class='ocr_line' id='line_1_30' title="bbox 436 1886 1415 1938; baseline -0.009 -11"><span class='ocrx_word' id='word_1_244' title='bbox 436 1907 492 1927; x_wconf 86' lang='grc' dir='ltr'>νου</span> <span class='ocrx_word' id='word_1_245' title='bbox 522 1896 583 1927; x_wconf 83' lang='grc' dir='ltr'>τοῦ</span> <span class='ocrx_word' id='word_1_246' title='bbox 615 1891 898 1938; x_wconf 86' lang='grc' dir='ltr'>παραφερομένου.</span> <span class='ocrx_word' id='word_1_247' title='bbox 933 1889 1023 1922; x_wconf 80' lang='grc' dir='ltr'>Ἀλλ’</span> <span class='ocrx_word' id='word_1_248' title='bbox 1054 1888 1159 1921; x_wconf 76' lang='grc' dir='ltr'>ἐκεῖνό</span> <span class='ocrx_word' id='word_1_249' title='bbox 1189 1901 1228 1935; x_wconf 87' lang='grc' dir='ltr'>γε</span> <span class='ocrx_word' id='word_1_250' title='bbox 1259 1886 1415 1933; x_wconf 89' lang='grc' dir='ltr'>φανερόν,</span> 
     </span>
     <span class='ocr_line' id='line_1_31' title="bbox 437 1930 1416 1980; baseline -0.009 -8"><span class='ocrx_word' id='word_1_251' title='bbox 437 1938 490 1972; x_wconf 81' lang='grc' dir='ltr'>ὅτι</span> <span class='ocrx_word' id='word_1_252' title='bbox 516 1934 683 1972; x_wconf 75' lang='grc' dir='ltr'>ἀδύνατον</span> <span class='ocrx_word' id='word_1_253' title='bbox 710 1937 772 1973; x_wconf 79' lang='grc' dir='ltr'>τήν</span> <span class='ocrx_word' id='word_1_254' title='bbox 799 1937 933 1980; x_wconf 84' lang='grc' dir='ltr'>ἄπειρον</span> <span class='ocrx_word' id='word_1_255' title='bbox 956 1930 1094 1966; x_wconf 82' lang='grc' dir='ltr'>διελθεῖν</span> <span class='ocrx_word' id='word_1_256' title='bbox 1120 1933 1152 1965; x_wconf 79' lang='grc' dir='ltr'>ὲν</span> <span class='ocrx_word' id='word_1_257' title='bbox 1178 1931 1416 1978; x_wconf 82' lang='grc' dir='ltr'>πεπερασμένῳ</span> 
     </span>
     <span class='ocr_line' id='line_1_32' title="bbox 434 1975 1416 2034; baseline -0.007 -18"><span class='ocrx_word' id='word_1_258' title='bbox 434 1983 550 2030; x_wconf 87' lang='grc' dir='ltr'>χρόνῳ.</span> <span class='ocrx_word' id='word_1_259' title='bbox 580 1982 635 2014; x_wconf 87' lang='grc' dir='ltr'>Ἐν</span> <span class='ocrx_word' id='word_1_260' title='bbox 663 1981 783 2024; x_wconf 84' lang='grc' dir='ltr'>ἀπείρῳ</span> <span class='ocrx_word' id='word_1_261' title='bbox 810 1980 891 2024; x_wconf 83' lang='grc' dir='ltr'>ἄρα·</span> <span class='ocrx_word' id='word_1_262' title='bbox 917 1975 1092 2011; x_wconf 77' lang='grc' dir='ltr'>δέδεικται</span> <span class='ocrx_word' id='word_1_263' title='bbox 1116 1977 1180 2034; x_wconf 66' lang='grc' dir='ltr'>γάρ</span> <span class='ocrx_word' id='word_1_264' title='bbox 1206 1978 1312 2010; x_wconf 80' lang='grc' dir='ltr'>τοῦτο</span> <span class='ocrx_word' id='word_1_265' title='bbox 1337 1989 1361 2009; x_wconf 88' lang='grc' dir='ltr'>π</span> <span class='ocrx_word' id='word_1_266' title='bbox 1384 1976 1416 2008; x_wconf 90' lang='grc' dir='ltr'>ο’-</span> 
     </span>
     <span class='ocr_line' id='line_1_33' title="bbox 436 2017 1416 2079; baseline -0.008 -18"><span class='ocrx_word' id='word_1_267' title='bbox 436 2039 530 2072; x_wconf 86' lang='grc' dir='ltr'>τερον</span> <span class='ocrx_word' id='word_1_268' title='bbox 555 2028 591 2060; x_wconf 82' lang='grc' dir='ltr'>ἐκ</span> <span class='ocrx_word' id='word_1_269' title='bbox 615 2030 684 2064; x_wconf 70' lang='grc' dir='ltr'>τοῖς</span> <span class='ocrx_word' id='word_1_270' title='bbox 710 2026 782 2079; x_wconf 80' lang='grc' dir='ltr'>περὶ</span> <span class='ocrx_word' id='word_1_271' title='bbox 813 2023 983 2062; x_wconf 76' lang='grc' dir='ltr'>κινήσεως.</span> <span class='ocrx_word' id='word_1_272' title='bbox 1021 2024 1173 2068; x_wconf 69' lang='grc' dir='ltr'>ᾼιαφερει</span> <span class='ocrx_word' id='word_1_273' title='bbox 1196 2017 1234 2054; x_wconf 80' lang='grc' dir='ltr'>δέ</span> <span class='ocrx_word' id='word_1_274' title='bbox 1257 2034 1295 2069; x_wconf 86' lang='grc' dir='ltr'>γε</span> <span class='ocrx_word' id='word_1_275' title='bbox 1321 2021 1358 2054; x_wconf 84' lang='grc' dir='ltr'>οὗ</span> <span class='ocrx_word' id='word_1_276' title='bbox 1383 2021 1416 2053; x_wconf 76' lang='grc' dir='ltr'>ἐν</span> 
     </span>
     <span class='ocr_line' id='line_1_34' title="bbox 437 2064 1415 2116; baseline -0.008 -11"><span class='ocrx_word' id='word_1_277' title='bbox 437 2071 457 2109; x_wconf 79' lang='grc' dir='ltr'><strong>ἣ</strong></span> <span class='ocrx_word' id='word_1_278' title='bbox 482 2072 545 2109; x_wconf 68' lang='grc' dir='ltr'>τὴν</span> <span class='ocrx_word' id='word_1_279' title='bbox 570 2082 820 2116; x_wconf 71' lang='grc' dir='ltr'>πεπερασμένην</span> <span class='ocrx_word' id='word_1_280' title='bbox 845 2067 1000 2114; x_wconf 84' lang='grc' dir='ltr'>φέρεσθαι</span> <span class='ocrx_word' id='word_1_281' title='bbox 1025 2068 1119 2110; x_wconf 68' lang='grc' dir='ltr'>παρὰ</span> <span class='ocrx_word' id='word_1_282' title='bbox 1143 2067 1206 2104; x_wconf 75' lang='grc' dir='ltr'>την</span> <span class='ocrx_word' id='word_1_283' title='bbox 1233 2067 1367 2112; x_wconf 80' lang='grc' dir='ltr'>ἄπειρον</span> <span class='ocrx_word' id='word_1_284' title='bbox 1393 2064 1415 2103; x_wconf 83' lang='grc' dir='ltr'>ἦ</span> 
     </span>
     <span class='ocr_line' id='line_1_35' title="bbox 435 2111 1412 2161; baseline -0.006 -12"><span class='ocrx_word' id='word_1_285' title='bbox 435 2116 500 2153; x_wconf 71' lang='grc' dir='ltr'>τήν</span> <span class='ocrx_word' id='word_1_286' title='bbox 533 2116 665 2161; x_wconf 81' lang='grc' dir='ltr'>ἄπειρον</span> <span class='ocrx_word' id='word_1_287' title='bbox 697 2114 774 2159; x_wconf 82' lang='grc' dir='ltr'>παρ’</span> <span class='ocrx_word' id='word_1_288' title='bbox 804 2115 944 2151; x_wconf 81' lang='grc' dir='ltr'>ἐκείνην·</span> <span class='ocrx_word' id='word_1_289' title='bbox 980 2111 1062 2146; x_wconf 80' lang='grc' dir='ltr'>ὅταν</span> <span class='ocrx_word' id='word_1_290' title='bbox 1094 2113 1158 2158; x_wconf 74' lang='grc' dir='ltr'>γάρ</span> <span class='ocrx_word' id='word_1_291' title='bbox 1195 2112 1300 2149; x_wconf 81' lang='grc' dir='ltr'>ἐκείνη</span> <span class='ocrx_word' id='word_1_292' title='bbox 1334 2111 1412 2155; x_wconf 87' lang='grc' dir='ltr'>παρ’</span> 
     </span>
     <span class='ocr_line' id='line_1_36' title="bbox 436 2155 1416 2203; baseline -0.006 -10"><span class='ocrx_word' id='word_1_293' title='bbox 436 2161 574 2202; x_wconf 77' lang='grc' dir='ltr'>ἐκείνην,</span> <span class='ocrx_word' id='word_1_294' title='bbox 594 2161 729 2197; x_wconf 80' lang='grc' dir='ltr'>κάκείνη</span> <span class='ocrx_word' id='word_1_295' title='bbox 755 2159 831 2203; x_wconf 80' lang='grc' dir='ltr'>παρ’</span> <span class='ocrx_word' id='word_1_296' title='bbox 853 2159 990 2200; x_wconf 76' lang='grc' dir='ltr'>ἐκείνην,</span> <span class='ocrx_word' id='word_1_297' title='bbox 1018 2158 1135 2201; x_wconf 82' lang='grc' dir='ltr'>ὁμοίως</span> <span class='ocrx_word' id='word_1_298' title='bbox 1158 2155 1333 2201; x_wconf 78' lang='grc' dir='ltr'>κινουμένη</span> <span class='ocrx_word' id='word_1_299' title='bbox 1358 2156 1416 2187; x_wconf 83' lang='grc' dir='ltr'>καὶ</span> 
     </span>
     <span class='ocr_line' id='line_1_37' title="bbox 438 2200 1417 2246; baseline -0.006 -9"><span class='ocrx_word' id='word_1_300' title='bbox 438 2206 609 2243; x_wconf 81' lang='grc' dir='ltr'>ἀκίνητος·</span> <span class='ocrx_word' id='word_1_301' title='bbox 636 2204 723 2241; x_wconf 77' lang='grc' dir='ltr'>πλήν</span> <span class='ocrx_word' id='word_1_302' title='bbox 753 2202 902 2245; x_wconf 83' lang='grc' dir='ltr'>θᾶττον,</span> <span class='ocrx_word' id='word_1_303' title='bbox 933 2201 989 2235; x_wconf 80' lang='grc' dir='ltr'>ὲαν</span> <span class='ocrx_word' id='word_1_304' title='bbox 1024 2203 1183 2235; x_wconf 84' lang='grc' dir='ltr'>κινῶνται</span> <span class='ocrx_word' id='word_1_305' title='bbox 1214 2200 1417 2246; x_wconf 81' lang='grc' dir='ltr'>ἀμφότεραι,</span> 
     </span>
     <span class='ocr_line' id='line_1_38' title="bbox 438 2245 1420 2286; baseline -0.007 -3"><span class='ocrx_word' id='word_1_306' title='bbox 438 2248 721 2286; x_wconf 79' lang='grc' dir='ltr'>ἀπολυθήσονται.</span> <span class='ocrx_word' id='word_1_307' title='bbox 758 2249 879 2280; x_wconf 85' lang='grc' dir='ltr'>Καίτοι</span> <span class='ocrx_word' id='word_1_308' title='bbox 900 2247 998 2280; x_wconf 79' lang='grc' dir='ltr'>ἐνίοτ’</span> <span class='ocrx_word' id='word_1_309' title='bbox 1021 2245 1113 2279; x_wconf 81' lang='grc' dir='ltr'>οὐθὲν</span> <span class='ocrx_word' id='word_1_310' title='bbox 1137 2246 1257 2278; x_wconf 85' lang='grc' dir='ltr'>κωλύει</span> <span class='ocrx_word' id='word_1_311' title='bbox 1282 2245 1346 2283; x_wconf 77' lang='grc' dir='ltr'>τήν</span> <span class='ocrx_word' id='word_1_312' title='bbox 1370 2257 1420 2277; x_wconf 89' lang='grc' dir='ltr'>κι-</span> 
     </span>
     <span class='ocr_line' id='line_1_39' title="bbox 436 2289 1418 2339; baseline -0.005 -13"><span class='ocrx_word' id='word_1_313' title='bbox 436 2293 591 2338; x_wconf 89' lang='grc' dir='ltr'>νουμένην</span> <span class='ocrx_word' id='word_1_314' title='bbox 625 2294 700 2339; x_wconf 82' lang='grc' dir='ltr'>παρ’</span> <span class='ocrx_word' id='word_1_315' title='bbox 728 2293 915 2336; x_wconf 79' lang='grc' dir='ltr'>ἠρεμοῦσαν</span> <span class='ocrx_word' id='word_1_316' title='bbox 946 2291 1073 2325; x_wconf 81' lang='grc' dir='ltr'>θᾶττον</span> <span class='ocrx_word' id='word_1_317' title='bbox 1106 2291 1280 2335; x_wconf 73' lang='grc' dir='ltr'>παρελθεῖν</span> <span class='ocrx_word' id='word_1_318' title='bbox 1307 2289 1328 2327; x_wconf 75' lang='grc' dir='ltr'>ἦ</span> <span class='ocrx_word' id='word_1_319' title='bbox 1355 2290 1418 2327; x_wconf 75' lang='grc' dir='ltr'>τήν</span> 
     </span>
     <span class='ocr_line' id='line_1_40' title="bbox 439 2335 1420 2383; baseline -0.006 -11"><span class='ocrx_word' id='word_1_320' title='bbox 439 2337 723 2383; x_wconf 81' lang='grc' dir='ltr'>ἀντικινουμένην,</span> <span class='ocrx_word' id='word_1_321' title='bbox 749 2337 806 2370; x_wconf 78' lang='grc' dir='ltr'>ἐάν</span> <span class='ocrx_word' id='word_1_322' title='bbox 831 2349 880 2375; x_wconf 89' lang='grc' dir='ltr'>τις</span> <span class='ocrx_word' id='word_1_323' title='bbox 910 2336 1036 2379; x_wconf 79' lang='grc' dir='ltr'>ποιήσῃ</span> <span class='ocrx_word' id='word_1_324' title='bbox 1062 2335 1124 2374; x_wconf 78' lang='grc' dir='ltr'>τάς</span> <span class='ocrx_word' id='word_1_325' title='bbox 1149 2336 1208 2381; x_wconf 84' lang='grc' dir='ltr'>μέν</span> <span class='ocrx_word' id='word_1_326' title='bbox 1234 2336 1420 2369; x_wconf 77' lang='grc' dir='ltr'>ἀντικινου-</span> 
     </span>
     <span class='ocr_line' id='line_1_41' title="bbox 436 2375 1420 2428; baseline -0.005 -12"><span class='ocrx_word' id='word_1_327' title='bbox 436 2382 536 2428; x_wconf 83' lang='grc' dir='ltr'>μένας</span> <span class='ocrx_word' id='word_1_328' title='bbox 563 2382 752 2428; x_wconf 79' lang='grc' dir='ltr'>ἀμφοτέρας</span> <span class='ocrx_word' id='word_1_329' title='bbox 776 2381 954 2426; x_wconf 86' lang='grc' dir='ltr'>φερομένας</span> <span class='ocrx_word' id='word_1_330' title='bbox 979 2375 1145 2426; x_wconf 78' lang='grc' dir='ltr'>βραδέως,</span> <span class='ocrx_word' id='word_1_331' title='bbox 1173 2380 1236 2417; x_wconf 74' lang='grc' dir='ltr'>την</span> <span class='ocrx_word' id='word_1_332' title='bbox 1261 2375 1300 2412; x_wconf 81' lang='grc' dir='ltr'>δὲ</span> <span class='ocrx_word' id='word_1_333' title='bbox 1324 2379 1420 2424; x_wconf 73' lang='grc' dir='ltr'>παρὰ,</span> 
     </span>
     <span class='ocr_line' id='line_1_42' title="bbox 437 2423 1414 2485; baseline -0.004 -25"><span class='ocrx_word' id='word_1_334' title='bbox 437 2427 499 2465; x_wconf 72' lang='grc' dir='ltr'>τὴν</span> <span class='ocrx_word' id='word_1_335' title='bbox 534 2426 720 2485; x_wconf 76' lang='grc' dir='ltr'>ἠρεμοῦσαν</span> <span class='ocrx_word' id='word_1_336' title='bbox 755 2428 866 2468; x_wconf 76' lang='grc' dir='ltr'>πολλῷ</span> <span class='ocrx_word' id='word_1_337' title='bbox 901 2427 1030 2458; x_wconf 81' lang='grc' dir='ltr'>ἐκείνων</span> <span class='ocrx_word' id='word_1_338' title='bbox 1061 2423 1191 2458; x_wconf 82' lang='grc' dir='ltr'>θᾶττον</span> <span class='ocrx_word' id='word_1_339' title='bbox 1221 2425 1414 2469; x_wconf 77' lang='grc' dir='ltr'>φερομένην.</span> 
     </span>
     <span class='ocr_line' id='line_1_43' title="bbox 435 2465 1419 2517; baseline -0.004 -13"><span class='ocrx_word' id='word_1_340' title='bbox 435 2467 538 2504; x_wconf 73' lang='grc' dir='ltr'>Οὐδὲν</span> <span class='ocrx_word' id='word_1_341' title='bbox 564 2484 618 2504; x_wconf 90' lang='grc' dir='ltr'>ουν</span> <span class='ocrx_word' id='word_1_342' title='bbox 650 2471 728 2516; x_wconf 75' lang='grc' dir='ltr'>πρὸς</span> <span class='ocrx_word' id='word_1_343' title='bbox 754 2470 812 2504; x_wconf 71' lang='grc' dir='ltr'>τόν</span> <span class='ocrx_word' id='word_1_344' title='bbox 835 2469 936 2517; x_wconf 84' lang='grc' dir='ltr'>λόγον</span> <span class='ocrx_word' id='word_1_345' title='bbox 962 2465 1121 2515; x_wconf 80' lang='grc' dir='ltr'>ἐμπόδιον</span> <span class='ocrx_word' id='word_1_346' title='bbox 1154 2469 1207 2502; x_wconf 72' lang='grc' dir='ltr'>ὅτι</span> <span class='ocrx_word' id='word_1_347' title='bbox 1237 2471 1316 2514; x_wconf 82' lang='grc' dir='ltr'>παρ’</span> <span class='ocrx_word' id='word_1_348' title='bbox 1345 2469 1419 2513; x_wconf 80' lang='grc' dir='ltr'>ἡρε-</span> 
     </span>
     <span class='ocr_line' id='line_1_44' title="bbox 438 2509 1422 2560; baseline -0.005 -12"><span class='ocrx_word' id='word_1_349' title='bbox 438 2516 584 2560; x_wconf 77' lang='grc' dir='ltr'>μοῦσαν,</span> <span class='ocrx_word' id='word_1_350' title='bbox 611 2514 744 2559; x_wconf 75' lang='grc' dir='ltr'>ἐπείπερ</span> <span class='ocrx_word' id='word_1_351' title='bbox 767 2515 960 2559; x_wconf 84' lang='grc' dir='ltr'>κινουμένην</span> <span class='ocrx_word' id='word_1_352' title='bbox 987 2509 1164 2560; x_wconf 78' lang='grc' dir='ltr'>ἐνδέχεται</span> <span class='ocrx_word' id='word_1_353' title='bbox 1189 2514 1252 2551; x_wconf 73' lang='grc' dir='ltr'>τήν</span> <span class='ocrx_word' id='word_1_354' title='bbox 1278 2515 1302 2544; x_wconf 82' lang='grc' dir='ltr'><strong>Α</strong></span> <span class='ocrx_word' id='word_1_355' title='bbox 1327 2514 1422 2557; x_wconf 73' lang='grc' dir='ltr'>παραὶ</span> 
     </span>
     <span class='ocr_line' id='line_1_45' title="bbox 437 2555 1420 2604; baseline -0.003 -13"><span class='ocrx_word' id='word_1_356' title='bbox 437 2559 628 2604; x_wconf 86' lang='grc' dir='ltr'>κινουμένην</span> <span class='ocrx_word' id='word_1_357' title='bbox 646 2560 708 2596; x_wconf 75' lang='grc' dir='ltr'>τήν</span> <span class='ocrx_word' id='word_1_358' title='bbox 724 2561 747 2590; x_wconf 92' lang='grc' dir='ltr'><strong><em>Β</em></strong></span> <span class='ocrx_word' id='word_1_359' title='bbox 765 2555 968 2604; x_wconf 77' lang='grc' dir='ltr'>βραδύτερον</span> <span class='ocrx_word' id='word_1_360' title='bbox 985 2557 1172 2601; x_wconf 77' lang='grc' dir='ltr'>παρελθεῖν.</span> <span class='ocrx_word' id='word_1_361' title='bbox 1195 2559 1231 2590; x_wconf 76' lang='grc' dir='ltr'>Εἰ</span> <span class='ocrx_word' id='word_1_362' title='bbox 1249 2556 1306 2591; x_wconf 79' lang='grc' dir='ltr'>οὖν</span> <span class='ocrx_word' id='word_1_363' title='bbox 1326 2558 1420 2591; x_wconf 81' lang='grc' dir='ltr'>ἄπει-</span> 
     </span>
     <span class='ocr_line' id='line_1_46' title="bbox 440 2602 1421 2650; baseline -0.001 -14"><span class='ocrx_word' id='word_1_364' title='bbox 440 2616 490 2648; x_wconf 90' lang='grc' dir='ltr'>ρος</span> <span class='ocrx_word' id='word_1_365' title='bbox 517 2606 533 2636; x_wconf 84' lang='grc' dir='ltr'>ὀ</span> <span class='ocrx_word' id='word_1_366' title='bbox 558 2603 672 2650; x_wconf 81' lang='grc' dir='ltr'>χρόνος</span> <span class='ocrx_word' id='word_1_367' title='bbox 708 2604 741 2636; x_wconf 84' lang='grc' dir='ltr'>ὃν</span> <span class='ocrx_word' id='word_1_368' title='bbox 774 2605 794 2640; x_wconf 82' lang='grc' dir='ltr'>’ἢ</span> <span class='ocrx_word' id='word_1_369' title='bbox 827 2602 1059 2647; x_wconf 87' lang='grc' dir='ltr'>πεπερασμένη</span> <span class='ocrx_word' id='word_1_370' title='bbox 1094 2604 1284 2636; x_wconf 80' lang='grc' dir='ltr'>ἀπολύεται</span> <span class='ocrx_word' id='word_1_371' title='bbox 1314 2615 1421 2636; x_wconf 84' lang='grc' dir='ltr'>κινου·</span> 
     </span>
     <span class='ocr_line' id='line_1_47' title="bbox 440 2646 1416 2692; baseline -0.001 -12"><span class='ocrx_word' id='word_1_372' title='bbox 440 2648 534 2691; x_wconf 81' lang='grc' dir='ltr'>μένη,</span> <span class='ocrx_word' id='word_1_373' title='bbox 552 2651 609 2681; x_wconf 83' lang='grc' dir='ltr'>καὶ</span> <span class='ocrx_word' id='word_1_374' title='bbox 630 2649 661 2680; x_wconf 81' lang='grc' dir='ltr'>ἑν</span> <span class='ocrx_word' id='word_1_375' title='bbox 683 2648 706 2689; x_wconf 72' lang='grc' dir='ltr'><em>ᾤ</em></span> <span class='ocrx_word' id='word_1_376' title='bbox 724 2649 744 2685; x_wconf 76' lang='grc' dir='ltr'>ἡ</span> <span class='ocrx_word' id='word_1_377' title='bbox 763 2647 895 2692; x_wconf 87' lang='grc' dir='ltr'>α”πειρος</span> <span class='ocrx_word' id='word_1_378' title='bbox 915 2648 976 2684; x_wconf 73' lang='grc' dir='ltr'>τήν</span> <span class='ocrx_word' id='word_1_379' title='bbox 995 2647 1246 2692; x_wconf 87' lang='grc' dir='ltr'>πεπερασμένην</span> <span class='ocrx_word' id='word_1_380' title='bbox 1269 2646 1416 2688; x_wconf 79' lang='grc' dir='ltr'>ἐκινήθη,</span> 
     </span>
     <span class='ocr_line' id='line_1_48' title="bbox 443 2688 1420 2738; baseline -0.002 -13"><span class='ocrx_word' id='word_1_381' title='bbox 443 2692 572 2738; x_wconf 78' lang='grc' dir='ltr'>ἀνάγκη</span> <span class='ocrx_word' id='word_1_382' title='bbox 604 2693 736 2737; x_wconf 80' lang='grc' dir='ltr'>ἄπειρον</span> <span class='ocrx_word' id='word_1_383' title='bbox 768 2689 864 2726; x_wconf 78' lang='grc' dir='ltr'>εἶναι.</span> <span class='ocrx_word' id='word_1_384' title='bbox 898 2688 1084 2725; x_wconf 73' lang='grc' dir='ltr'>Ἀδύνατον</span> <span class='ocrx_word' id='word_1_385' title='bbox 1119 2692 1182 2734; x_wconf 84' lang='grc' dir='ltr'>ἄρα</span> <span class='ocrx_word' id='word_1_386' title='bbox 1215 2693 1256 2726; x_wconf 70' lang='grc' dir='ltr'>τὸ</span> <span class='ocrx_word' id='word_1_387' title='bbox 1286 2692 1363 2726; x_wconf 80' lang='grc' dir='ltr'>ἄπει</span> <span class='ocrx_word' id='word_1_388' title='bbox 1386 2704 1420 2724; x_wconf 92' lang='grc' dir='ltr'>ον</span> 
     </span>
     <span class='ocr_line' id='line_1_49' title="bbox 440 2736 1419 2784; baseline 0.002 -16"><span class='ocrx_word' id='word_1_389' title='bbox 440 2736 598 2770; x_wconf 83' lang='grc' dir='ltr'>κινεῖσθαι</span> <span class='ocrx_word' id='word_1_390' title='bbox 629 2736 727 2774; x_wconf 85' lang='grc' dir='ltr'>ὅλως·</span> <span class='ocrx_word' id='word_1_391' title='bbox 754 2736 810 2769; x_wconf 79' lang='grc' dir='ltr'>ἐάν</span> <span class='ocrx_word' id='word_1_392' title='bbox 842 2737 904 2784; x_wconf 73' lang='grc' dir='ltr'>γάρ</span> <span class='ocrx_word' id='word_1_393' title='bbox 937 2739 994 2769; x_wconf 83' lang='grc' dir='ltr'>καὶ</span> <span class='ocrx_word' id='word_1_394' title='bbox 1026 2736 1254 2782; x_wconf 77' lang='grc' dir='ltr'>τούλάχιστον</span> <span class='ocrx_word' id='word_1_395' title='bbox 1284 2749 1356 2776; x_wconf 82' lang='grc' dir='ltr'>κινη</span> <span class='ocrx_word' id='word_1_396' title='bbox 1382 2738 1419 2780; x_wconf 73' lang='grc' dir='ltr'>ᾔ,</span> 
     </span>
     <span class='ocr_line' id='line_1_50' title="bbox 444 2780 1412 2828; baseline 0 -14"><span class='ocrx_word' id='word_1_397' title='bbox 444 2781 572 2828; x_wconf 81' lang='grc' dir='ltr'>ἀνάγκη</span> <span class='ocrx_word' id='word_1_398' title='bbox 600 2781 731 2826; x_wconf 83' lang='grc' dir='ltr'>ἄπειρον</span> <span class='ocrx_word' id='word_1_399' title='bbox 756 2781 926 2827; x_wconf 81' lang='grc' dir='ltr'>γίγνεσθαι</span> <span class='ocrx_word' id='word_1_400' title='bbox 954 2780 1083 2826; x_wconf 82' lang='grc' dir='ltr'>χρόνον.</span> <span class='ocrx_word' id='word_1_401' title='bbox 1118 2782 1226 2814; x_wconf 79' lang='grc' dir='ltr'>Ἀλλά</span> <span class='ocrx_word' id='word_1_402' title='bbox 1249 2782 1314 2825; x_wconf 72' lang='grc' dir='ltr'>μην</span> <span class='ocrx_word' id='word_1_403' title='bbox 1341 2781 1357 2814; x_wconf 78' lang='grc' dir='ltr'>ὅ</span> <span class='ocrx_word' id='word_1_404' title='bbox 1381 2782 1412 2827; x_wconf 86' lang='grc' dir='ltr'>γ’</span> 
     </span>
     <span class='ocr_line' id='line_1_51' title="bbox 443 2823 1420 2871; baseline 0.001 -14"><span class='ocrx_word' id='word_1_405' title='bbox 443 2823 577 2871; x_wconf 77' lang='grc' dir='ltr'>οὐρανὸς</span> <span class='ocrx_word' id='word_1_406' title='bbox 603 2825 813 2871; x_wconf 88' lang='grc' dir='ltr'>περιέρχεται</span> <span class='ocrx_word' id='word_1_407' title='bbox 845 2827 903 2858; x_wconf 85' lang='grc' dir='ltr'>καὶ</span> <span class='ocrx_word' id='word_1_408' title='bbox 927 2825 1109 2870; x_wconf 90' lang='grc' dir='ltr'>στρέφεται</span> <span class='ocrx_word' id='word_1_409' title='bbox 1141 2825 1221 2864; x_wconf 81' lang='grc' dir='ltr'>ὅλως</span> <span class='ocrx_word' id='word_1_410' title='bbox 1251 2826 1358 2868; x_wconf 86' lang='grc' dir='ltr'>κύκλῳ</span> <span class='ocrx_word' id='word_1_411' title='bbox 1388 2828 1420 2860; x_wconf 79' lang='grc' dir='ltr'>ἐν</span> 
     </span>
     <span class='ocr_line' id='line_1_52' title="bbox 442 2869 1421 2925; baseline 0.001 -23"><span class='ocrx_word' id='word_1_412' title='bbox 442 2869 677 2914; x_wconf 86' lang='grc' dir='ltr'>πεπερασμένῳ</span> <span class='ocrx_word' id='word_1_413' title='bbox 711 2869 835 2925; x_wconf 72' lang='grc' dir='ltr'>χρόνῳ,</span> <span class='ocrx_word' id='word_1_414' title='bbox 870 2869 956 2903; x_wconf 73' lang='grc' dir='ltr'>ὥστε</span> <span class='ocrx_word' id='word_1_415' title='bbox 993 2873 1147 2915; x_wconf 87' lang='grc' dir='ltr'>περίεισιν</span> <span class='ocrx_word' id='word_1_416' title='bbox 1183 2869 1320 2903; x_wconf 79' lang='grc' dir='ltr'>ἅπασαν</span> <span class='ocrx_word' id='word_1_417' title='bbox 1358 2872 1421 2909; x_wconf 72' lang='grc' dir='ltr'>τήν</span> 
     </span>
     <span class='ocr_line' id='line_1_53' title="bbox 442 2910 1422 2960; baseline 0.001 -13"><span class='ocrx_word' id='word_1_418' title='bbox 442 2914 556 2956; x_wconf 82' lang='grc' dir='ltr'>ἐντός,</span> <span class='ocrx_word' id='word_1_419' title='bbox 583 2916 650 2947; x_wconf 80' lang='grc' dir='ltr'>οἷον</span> <span class='ocrx_word' id='word_1_420' title='bbox 676 2926 738 2952; x_wconf 89' lang='grc' dir='ltr'>την</span> <span class='ocrx_word' id='word_1_421' title='bbox 764 2915 814 2945; x_wconf 79' lang='grc' dir='ltr'>ΑΒ</span> <span class='ocrx_word' id='word_1_422' title='bbox 839 2914 1103 2959; x_wconf 85' lang='grc' dir='ltr'>πεπερασμένην.</span> <span class='ocrx_word' id='word_1_423' title='bbox 1138 2910 1325 2949; x_wconf 77' lang='grc' dir='ltr'>Ἀδύνατον</span> <span class='ocrx_word' id='word_1_424' title='bbox 1357 2917 1422 2960; x_wconf 82' lang='grc' dir='ltr'>ἄρα</span> 
     </span>
     <span class='ocr_line' id='line_1_54' title="bbox 444 2955 894 3004; baseline -0.002 -13"><span class='ocrx_word' id='word_1_425' title='bbox 444 2958 575 3004; x_wconf 80' lang='grc' dir='ltr'>ἄπειρον</span> <span class='ocrx_word' id='word_1_426' title='bbox 601 2955 684 2991; x_wconf 79' lang='grc' dir='ltr'>εἶναι</span> <span class='ocrx_word' id='word_1_427' title='bbox 709 2958 749 2992; x_wconf 73' lang='grc' dir='ltr'>τό</span> <span class='ocrx_word' id='word_1_428' title='bbox 773 2957 894 3000; x_wconf 84' lang='grc' dir='ltr'>κύκλῳ.</span> 
     </span>
    </p>
   </div>
   <div class='ocr_carea' id='block_1_7' title="bbox 343 3055 1426 3604">
    <p class='ocr_par' dir='ltr' id='par_1_8' title="bbox 343 3055 1426 3604">
     <span class='ocr_line' id='line_1_55' title="bbox 429 3055 1420 3093; baseline 0.003 -10"><span class='ocrx_word' id='word_1_429' title='bbox 429 3055 572 3083; x_wconf 73' lang='lat' dir='ltr'>SYNOPS1s.</span> <span class='ocrx_word' id='word_1_430' title='bbox 596 3072 629 3076; x_wconf 90' lang='lat'><em>-</em></span> <span class='ocrx_word' id='word_1_431' title='bbox 657 3065 680 3084; x_wconf 86' lang='lat'>1.</span> <span class='ocrx_word' id='word_1_432' title='bbox 702 3055 842 3092; x_wconf 84' lang='lat' dir='ltr'>Principia</span> <span class='ocrx_word' id='word_1_433' title='bbox 863 3056 1005 3093; x_wconf 87' lang='lat' dir='ltr'>quaedam</span> <span class='ocrx_word' id='word_1_434' title='bbox 1031 3057 1067 3084; x_wconf 85' lang='lat' dir='ltr'>ad</span> <span class='ocrx_word' id='word_1_435' title='bbox 1091 3057 1245 3085; x_wconf 90' lang='lat' dir='ltr'>secundam</span> <span class='ocrx_word' id='word_1_436' title='bbox 1270 3057 1420 3087; x_wconf 90' lang='lat' dir='ltr'>rationem.</span> 
     </span>
     <span class='ocr_line' id='line_1_56' title="bbox 380 3092 1423 3135; baseline 0.005 -14"><span class='ocrx_word' id='word_1_437' title='bbox 380 3093 409 3122; x_wconf 90' lang='lat' dir='ltr'>Si</span> <span class='ocrx_word' id='word_1_438' title='bbox 422 3103 439 3122; x_wconf 86' lang='lat' dir='ltr'>a</span> <span class='ocrx_word' id='word_1_439' title='bbox 452 3092 578 3130; x_wconf 73' lang='lat' dir='ltr'>tempbre</span> <span class='ocrx_word' id='word_1_440' title='bbox 592 3095 671 3123; x_wconf 90' lang='lat' dir='ltr'>finito</span> <span class='ocrx_word' id='word_1_441' title='bbox 692 3097 873 3124; x_wconf 86' lang='lat' dir='ltr'>subtrahatur</span> <span class='ocrx_word' id='word_1_442' title='bbox 886 3102 999 3133; x_wconf 90' lang='lat' dir='ltr'>tempus</span> <span class='ocrx_word' id='word_1_443' title='bbox 1018 3096 1138 3131; x_wconf 89' lang='lat' dir='ltr'>finitum,</span> <span class='ocrx_word' id='word_1_444' title='bbox 1154 3096 1295 3134; x_wconf 90' lang='lat' dir='ltr'>reliquum</span> <span class='ocrx_word' id='word_1_445' title='bbox 1310 3105 1423 3135; x_wconf 83' lang='lat' dir='ltr'>oportet</span> 
     </span>
     <span class='ocr_line' id='line_1_57' title="bbox 381 3133 1423 3173; baseline 0.006 -13"><span class='ocrx_word' id='word_1_446' title='bbox 381 3142 440 3161; x_wconf 87' lang='lat' dir='ltr'>esse</span> <span class='ocrx_word' id='word_1_447' title='bbox 454 3133 573 3168; x_wconf 81' lang='lat' dir='ltr'>finitum,</span> <span class='ocrx_word' id='word_1_448' title='bbox 594 3141 621 3162; x_wconf 88' lang='lat' dir='ltr'>et</span> <span class='ocrx_word' id='word_1_449' title='bbox 634 3142 839 3172; x_wconf 85' lang='lat' dir='ltr'>consequenter</span> <span class='ocrx_word' id='word_1_450' title='bbox 859 3136 963 3164; x_wconf 84' lang='lat' dir='ltr'>habere</span> <span class='ocrx_word' id='word_1_451' title='bbox 984 3135 1165 3173; x_wconf 88' lang='lat' dir='ltr'>principium.</span> <span class='ocrx_word' id='word_1_452' title='bbox 1187 3136 1217 3164; x_wconf 90' lang='lat' dir='ltr'>Si</span> <span class='ocrx_word' id='word_1_453' title='bbox 1238 3143 1334 3166; x_wconf 83' lang='lat' dir='ltr'>autem</span> <span class='ocrx_word' id='word_1_454' title='bbox 1351 3144 1423 3166; x_wconf 87' lang='lat' dir='ltr'>tem·</span> 
     </span>
     <span class='ocr_line' id='line_1_58' title="bbox 381 3172 1424 3213; baseline 0.006 -14"><span class='ocrx_word' id='word_1_455' title='bbox 381 3181 434 3208; x_wconf 89' lang='lat' dir='ltr'>pus</span> <span class='ocrx_word' id='word_1_456' title='bbox 455 3172 489 3200; x_wconf 91' lang='lat' dir='ltr'>sit</span> <span class='ocrx_word' id='word_1_457' title='bbox 506 3172 624 3208; x_wconf 80' lang='lat' dir='ltr'>finitum,</span> <span class='ocrx_word' id='word_1_458' title='bbox 640 3180 666 3202; x_wconf 90' lang='lat' dir='ltr'>et</span> <span class='ocrx_word' id='word_1_459' title='bbox 681 3181 790 3203; x_wconf 90' lang='lat' dir='ltr'>motum</span> <span class='ocrx_word' id='word_1_460' title='bbox 805 3181 832 3203; x_wconf 91' lang='lat' dir='ltr'>et</span> <span class='ocrx_word' id='word_1_461' title='bbox 853 3175 958 3204; x_wconf 83' lang='lat' dir='ltr'>mobile</span> <span class='ocrx_word' id='word_1_462' title='bbox 979 3175 1060 3204; x_wconf 83' lang='lat' dir='ltr'>finita</span> <span class='ocrx_word' id='word_1_463' title='bbox 1074 3185 1135 3204; x_wconf 90' lang='lat' dir='ltr'>esse</span> <span class='ocrx_word' id='word_1_464' title='bbox 1152 3183 1274 3213; x_wconf 85' lang='lat' dir='ltr'>oportet.</span> <span class='ocrx_word' id='word_1_465' title='bbox 1290 3194 1308 3199; x_wconf 92' lang='lat'><em>-</em></span> <span class='ocrx_word' id='word_1_466' title='bbox 1323 3185 1349 3205; x_wconf 89' lang='lat'>2.</span> <span class='ocrx_word' id='word_1_467' title='bbox 1372 3178 1424 3206; x_wconf 78' lang='lat' dir='ltr'>Se-</span> 
     </span>
     <span class='ocr_line' id='line_1_59' title="bbox 343 3212 1423 3256; baseline 0.007 -18"><span class='ocrx_word' id='word_1_468' title='bbox 343 3228 347 3231; x_wconf 88' lang='lat'>·</span> <span class='ocrx_word' id='word_1_469' title='bbox 383 3212 576 3256; x_wconf 39' lang='lat' dir='ltr'>cunda-ratio.</span> <span class='ocrx_word' id='word_1_470' title='bbox 597 3213 641 3253; x_wconf 74' lang='lat' dir='ltr'>Ab</span> <span class='ocrx_word' id='word_1_471' title='bbox 655 3214 680 3241; x_wconf 85' lang='lat' dir='ltr'>A</span> <span class='ocrx_word' id='word_1_472' title='bbox 695 3221 790 3242; x_wconf 87' lang='lat' dir='ltr'>centro</span> <span class='ocrx_word' id='word_1_473' title='bbox 812 3215 939 3252; x_wconf 89' lang='lat' dir='ltr'>corporis</span> <span class='ocrx_word' id='word_1_474' title='bbox 960 3215 1074 3251; x_wconf 86' lang='lat' dir='ltr'>infiniti,</span> <span class='ocrx_word' id='word_1_475' title='bbox 1097 3217 1217 3244; x_wconf 89' lang='lat' dir='ltr'>ducatur</span> <span class='ocrx_word' id='word_1_476' title='bbox 1237 3216 1311 3245; x_wconf 84' lang='lat' dir='ltr'>linea</span> <span class='ocrx_word' id='word_1_477' title='bbox 1331 3218 1423 3253; x_wconf 79' lang='lat' dir='ltr'>AGE,</span> 
     </span>
     <span class='ocr_line' id='line_1_60' title="bbox 383 3251 1424 3295; baseline 0.008 -17"><span class='ocrx_word' id='word_1_478' title='bbox 383 3257 504 3295; x_wconf 74' lang='lat' dir='ltr'>quaesit</span> <span class='ocrx_word' id='word_1_479' title='bbox 517 3251 626 3280; x_wconf 86' lang='lat' dir='ltr'>infinita</span> <span class='ocrx_word' id='word_1_480' title='bbox 645 3261 678 3280; x_wconf 91' lang='lat' dir='ltr'>ex</span> <span class='ocrx_word' id='word_1_481' title='bbox 697 3260 775 3290; x_wconf 74' lang='lat' dir='ltr'>parte</span> <span class='ocrx_word' id='word_1_482' title='bbox 788 3255 821 3282; x_wconf 86' lang='lat' dir='ltr'>E.</span> <span class='ocrx_word' id='word_1_483' title='bbox 845 3255 1034 3292; x_wconf 85' lang='lat' dir='ltr'>Imaginemur</span> <span class='ocrx_word' id='word_1_484' title='bbox 1048 3255 1132 3284; x_wconf 88' lang='lat' dir='ltr'>etiam</span> <span class='ocrx_word' id='word_1_485' title='bbox 1150 3256 1179 3284; x_wconf 88' lang='lat' dir='ltr'>in</span> <span class='ocrx_word' id='word_1_486' title='bbox 1201 3256 1292 3293; x_wconf 87' lang='lat' dir='ltr'>spatio</span> <span class='ocrx_word' id='word_1_487' title='bbox 1314 3257 1343 3285; x_wconf 89' lang='lat' dir='ltr'>in</span> <span class='ocrx_word' id='word_1_488' title='bbox 1365 3267 1424 3294; x_wconf 89' lang='lat' dir='ltr'>quo</span> 
     </span>
     <span class='ocr_line' id='line_1_61' title="bbox 383 3290 1424 3334; baseline 0.009 -17"><span class='ocrx_word' id='word_1_489' title='bbox 383 3290 532 3318; x_wconf 82' lang='lat' dir='ltr'>revolvitur</span> <span class='ocrx_word' id='word_1_490' title='bbox 552 3300 655 3328; x_wconf 83' lang='lat' dir='ltr'>corpus</span> <span class='ocrx_word' id='word_1_491' title='bbox 676 3291 832 3329; x_wconf 84' lang='lat' dir='ltr'>infinitum,</span> <span class='ocrx_word' id='word_1_492' title='bbox 854 3294 937 3322; x_wconf 85' lang='lat' dir='ltr'>aliam</span> <span class='ocrx_word' id='word_1_493' title='bbox 951 3295 1055 3324; x_wconf 84' lang='lat' dir='ltr'>lineam</span> <span class='ocrx_word' id='word_1_494' title='bbox 1071 3295 1249 3324; x_wconf 86' lang='lat' dir='ltr'>immobilem</span> <span class='ocrx_word' id='word_1_495' title='bbox 1272 3297 1327 3332; x_wconf 83' lang='lat'>1313,</span> <span class='ocrx_word' id='word_1_496' title='bbox 1350 3306 1424 3334; x_wconf 86' lang='lat' dir='ltr'>quae</span> 
     </span>
     <span class='ocr_line' id='line_1_62' title="bbox 383 3333 1425 3373; baseline 0.01 -17"><span class='ocrx_word' id='word_1_497' title='bbox 383 3338 444 3357; x_wconf 87' lang='lat' dir='ltr'>non</span> <span class='ocrx_word' id='word_1_498' title='bbox 462 3335 584 3358; x_wconf 86' lang='lat' dir='ltr'>transeat</span> <span class='ocrx_word' id='word_1_499' title='bbox 603 3340 654 3367; x_wconf 89' lang='lat' dir='ltr'>per</span> <span class='ocrx_word' id='word_1_500' title='bbox 667 3338 802 3367; x_wconf 85' lang='lat' dir='ltr'>centrum,</span> <span class='ocrx_word' id='word_1_501' title='bbox 817 3339 844 3361; x_wconf 91' lang='lat' dir='ltr'>et</span> <span class='ocrx_word' id='word_1_502' title='bbox 858 3333 892 3361; x_wconf 85' lang='lat' dir='ltr'>sit</span> <span class='ocrx_word' id='word_1_503' title='bbox 911 3334 1020 3363; x_wconf 82' lang='lat' dir='ltr'>infinita</span> <span class='ocrx_word' id='word_1_504' title='bbox 1041 3345 1074 3363; x_wconf 90' lang='lat' dir='ltr'>ex</span> <span class='ocrx_word' id='word_1_505' title='bbox 1088 3342 1208 3373; x_wconf 86' lang='lat' dir='ltr'>utraque</span> <span class='ocrx_word' id='word_1_506' title='bbox 1226 3343 1313 3373; x_wconf 86' lang='lat' dir='ltr'>parte.</span> <span class='ocrx_word' id='word_1_507' title='bbox 1336 3337 1425 3365; x_wconf 85' lang='lat' dir='ltr'>Linea</span> 
     </span>
     <span class='ocr_line' id='line_1_63' title="bbox 385 3369 1424 3413; baseline 0.011 -18"><span class='ocrx_word' id='word_1_508' title='bbox 385 3369 469 3413; x_wconf 39' lang='lat' dir='ltr'>A.GE,</span> <span class='ocrx_word' id='word_1_509' title='bbox 485 3369 694 3413; x_wconf 30' lang='lat' dir='ltr'>dumttempore</span> <span class='ocrx_word' id='word_1_510' title='bbox 707 3371 786 3399; x_wconf 83' lang='lat' dir='ltr'>finito</span> <span class='ocrx_word' id='word_1_511' title='bbox 802 3373 875 3409; x_wconf 91' lang='lat' dir='ltr'>(quo</span> <span class='ocrx_word' id='word_1_512' title='bbox 890 3373 1023 3402; x_wconf 87' lang='lat' dir='ltr'>nimirum</span> <span class='ocrx_word' id='word_1_513' title='bbox 1039 3382 1168 3403; x_wconf 87' lang='lat' dir='ltr'>movetur</span> <span class='ocrx_word' id='word_1_514' title='bbox 1182 3382 1274 3404; x_wconf 91' lang='lat' dir='ltr'>totum</span> <span class='ocrx_word' id='word_1_515' title='bbox 1296 3377 1424 3413; x_wconf 77' lang='lat' dir='ltr'>caelum)</span> 
     </span>
     <span class='ocr_line' id='line_1_64' title="bbox 385 3408 1423 3452; baseline 0.012 -18"><span class='ocrx_word' id='word_1_516' title='bbox 385 3408 610 3452; x_wconf 72' lang='lat' dir='ltr'>circumvolvitur</span> <span class='ocrx_word' id='word_1_517' title='bbox 630 3411 786 3438; x_wconf 90' lang='lat' dir='ltr'>secundum</span> <span class='ocrx_word' id='word_1_518' title='bbox 807 3418 916 3440; x_wconf 88' lang='lat' dir='ltr'>motum</span> <span class='ocrx_word' id='word_1_519' title='bbox 936 3413 1022 3442; x_wconf 91' lang='lat' dir='ltr'>totius</span> <span class='ocrx_word' id='word_1_520' title='bbox 1043 3415 1185 3452; x_wconf 87' lang='lat' dir='ltr'>corporis,</span> <span class='ocrx_word' id='word_1_521' title='bbox 1207 3416 1313 3444; x_wconf 84' lang='lat' dir='ltr'>secabit</span> <span class='ocrx_word' id='word_1_522' title='bbox 1333 3423 1423 3445; x_wconf 86' lang='lat' dir='ltr'>totam</span> 
     </span>
     <span class='ocr_line' id='line_1_65' title="bbox 385 3447 1426 3493; baseline 0.011 -19"><span class='ocrx_word' id='word_1_523' title='bbox 385 3447 489 3491; x_wconf 79' lang='lat' dir='ltr'>lineam</span> <span class='ocrx_word' id='word_1_524' title='bbox 503 3447 562 3492; x_wconf 33' lang='lat' dir='ltr'><strong>BB&#39;:</strong></span> <span class='ocrx_word' id='word_1_525' title='bbox 585 3457 651 3493; x_wconf 67' lang='lat' dir='ltr'>ergo</span> <span class='ocrx_word' id='word_1_526' title='bbox 672 3450 776 3478; x_wconf 86' lang='lat' dir='ltr'>secabit</span> <span class='ocrx_word' id='word_1_527' title='bbox 790 3459 852 3479; x_wconf 88' lang='lat' dir='ltr'>eam</span> <span class='ocrx_word' id='word_1_528' title='bbox 867 3457 993 3488; x_wconf 88' lang='lat' dir='ltr'>tempore</span> <span class='ocrx_word' id='word_1_529' title='bbox 1014 3453 1104 3490; x_wconf 86' lang='lat' dir='ltr'>finito,</span> <span class='ocrx_word' id='word_1_530' title='bbox 1125 3455 1204 3483; x_wconf 89' lang='lat' dir='ltr'>cuius</span> <span class='ocrx_word' id='word_1_531' title='bbox 1221 3456 1359 3493; x_wconf 84' lang='lat' dir='ltr'>temporis</span> <span class='ocrx_word' id='word_1_532' title='bbox 1374 3456 1426 3484; x_wconf 85' lang='lat' dir='ltr'>erit</span> 
     </span>
     <span class='ocr_line' id='line_1_66' title="bbox 385 3486 1425 3532; baseline 0.012 -19"><span class='ocrx_word' id='word_1_533' title='bbox 385 3486 502 3531; x_wconf 71' lang='lat' dir='ltr'>aliquod</span> <span class='ocrx_word' id='word_1_534' title='bbox 515 3495 696 3531; x_wconf 78' lang='lat' dir='ltr'>principium,</span> <span class='ocrx_word' id='word_1_535' title='bbox 717 3488 746 3516; x_wconf 91' lang='lat' dir='ltr'>in</span> <span class='ocrx_word' id='word_1_536' title='bbox 767 3499 825 3526; x_wconf 89' lang='lat' dir='ltr'>quo</span> <span class='ocrx_word' id='word_1_537' title='bbox 846 3490 941 3527; x_wconf 86' lang='lat' dir='ltr'>incipit</span> <span class='ocrx_word' id='word_1_538' title='bbox 962 3501 1073 3522; x_wconf 83' lang='lat' dir='ltr'>secare:</span> <span class='ocrx_word' id='word_1_539' title='bbox 1096 3503 1162 3532; x_wconf 85' lang='lat' dir='ltr'>ergo</span> <span class='ocrx_word' id='word_1_540' title='bbox 1182 3501 1209 3522; x_wconf 89' lang='lat' dir='ltr'>et</span> <span class='ocrx_word' id='word_1_541' title='bbox 1223 3495 1252 3523; x_wconf 89' lang='lat' dir='ltr'>in</span> <span class='ocrx_word' id='word_1_542' title='bbox 1273 3495 1348 3524; x_wconf 84' lang='lat' dir='ltr'>linea</span> <span class='ocrx_word' id='word_1_543' title='bbox 1363 3495 1425 3524; x_wconf 84' lang='lat' dir='ltr'>infi-</span> 
     </span>
     <span class='ocr_line' id='line_1_67' title="bbox 385 3526 1426 3572; baseline 0.012 -19"><span class='ocrx_word' id='word_1_544' title='bbox 385 3532 453 3571; x_wconf 46' lang='lat' dir='ltr'>nita.</span> <span class='ocrx_word' id='word_1_545' title='bbox 465 3531 516 3554; x_wconf 85' lang='lat' dir='ltr'>erit</span> <span class='ocrx_word' id='word_1_546' title='bbox 536 3526 651 3572; x_wconf 74' lang='lat' dir='ltr'>aliquod</span> <span class='ocrx_word' id='word_1_547' title='bbox 671 3527 849 3565; x_wconf 86' lang='lat' dir='ltr'>principium,</span> <span class='ocrx_word' id='word_1_548' title='bbox 861 3531 939 3567; x_wconf 92' lang='lat' dir='ltr'>quod</span> <span class='ocrx_word' id='word_1_549' title='bbox 953 3538 993 3559; x_wconf 89' lang='lat' dir='ltr'>est</span> <span class='ocrx_word' id='word_1_550' title='bbox 1007 3533 1170 3562; x_wconf 82' lang='lat' dir='ltr'>absurdum.</span> <span class='ocrx_word' id='word_1_551' title='bbox 1192 3535 1258 3563; x_wconf 89' lang='lat' dir='ltr'>Non</span> <span class='ocrx_word' id='word_1_552' title='bbox 1273 3545 1340 3572; x_wconf 84' lang='lat' dir='ltr'>ergo</span> <span class='ocrx_word' id='word_1_553' title='bbox 1356 3545 1426 3564; x_wconf 92' lang='lat' dir='ltr'>con-</span> 
     </span>
     <span class='ocr_line' id='line_1_68' title="bbox 385 3566 1426 3604; baseline 0.012 -12"><span class='ocrx_word' id='word_1_554' title='bbox 385 3571 468 3602; x_wconf 78' lang='lat' dir='ltr'>tingit</span> <span class='ocrx_word' id='word_1_555' title='bbox 488 3574 591 3602; x_wconf 86' lang='lat' dir='ltr'>corpus</span> <span class='ocrx_word' id='word_1_556' title='bbox 612 3566 752 3595; x_wconf 83' lang='lat' dir='ltr'>infinitum</span> <span class='ocrx_word' id='word_1_557' title='bbox 777 3569 884 3597; x_wconf 89' lang='lat' dir='ltr'>moveri</span> <span class='ocrx_word' id='word_1_558' title='bbox 905 3570 1082 3601; x_wconf 86' lang='lat' dir='ltr'>circulariter.</span> <span class='ocrx_word' id='word_1_559' title='bbox 1103 3573 1241 3603; x_wconf 89' lang='lat' dir='ltr'>Videmus</span> <span class='ocrx_word' id='word_1_560' title='bbox 1262 3582 1356 3604; x_wconf 87' lang='lat' dir='ltr'>autem</span> <span class='ocrx_word' id='word_1_561' title='bbox 1379 3575 1426 3604; x_wconf 84' lang='lat' dir='ltr'>fir-</span> 
     </span>
    </p>
   </div>
   <div class='ocr_carea' id='block_1_8' title="bbox 1469 861 2553 1803">
    <p class='ocr_par' dir='ltr' id='par_1_9' title="bbox 1469 861 2553 1803">
     <span class='ocr_line' id='line_1_69' title="bbox 1540 861 2549 905; baseline 0.002 -10"><span class='ocrx_word' id='word_1_562' title='bbox 1540 871 1586 895; x_wconf 90' lang='lat' dir='ltr'>est</span> <span class='ocrx_word' id='word_1_563' title='bbox 1613 864 1774 905; x_wconf 89' lang='lat' dir='ltr'>reliquum</span> <span class='ocrx_word' id='word_1_564' title='bbox 1803 872 1870 894; x_wconf 90' lang='lat' dir='ltr'>esse</span> <span class='ocrx_word' id='word_1_565' title='bbox 1904 861 2032 894; x_wconf 85' lang='lat' dir='ltr'>finitum</span> <span class='ocrx_word' id='word_1_566' title='bbox 2069 869 2100 895; x_wconf 83' lang='lat' dir='ltr'>et</span> <span class='ocrx_word' id='word_1_567' title='bbox 2130 863 2247 895; x_wconf 80' lang='lat' dir='ltr'>habere</span> <span class='ocrx_word' id='word_1_568' title='bbox 2277 863 2482 905; x_wconf 73' lang='lat' dir='ltr'>principium.</span> <span class='ocrx_word' id='word_1_569' title='bbox 2513 863 2549 897; x_wconf 88' lang='lat' dir='ltr'>Si</span> 
     </span>
     <span class='ocr_line' id='line_1_70' title="bbox 1539 906 2550 950; baseline 0.001 -11"><span class='ocrx_word' id='word_1_570' title='bbox 1539 915 1646 939; x_wconf 88' lang='lat' dir='ltr'>autem</span> <span class='ocrx_word' id='word_1_571' title='bbox 1656 915 1783 949; x_wconf 91' lang='lat' dir='ltr'>tempus</span> <span class='ocrx_word' id='word_1_572' title='bbox 1801 907 1942 938; x_wconf 85' lang='lat' dir='ltr'>incessus</span> <span class='ocrx_word' id='word_1_573' title='bbox 1956 906 2052 938; x_wconf 80' lang='lat' dir='ltr'>habet</span> <span class='ocrx_word' id='word_1_574' title='bbox 2063 906 2271 949; x_wconf 65' lang='lat' dir='ltr'>principium,</span> <span class='ocrx_word' id='word_1_575' title='bbox 2289 914 2338 942; x_wconf 80' lang='lat' dir='ltr'>est</span> <span class='ocrx_word' id='word_1_576' title='bbox 2351 908 2550 950; x_wconf 84' lang='lat' dir='ltr'>principium</span> 
     </span>
     <span class='ocr_line' id='line_1_71' title="bbox 1539 950 2548 995; baseline 0.001 -11"><span class='ocrx_word' id='word_1_577' title='bbox 1539 960 1570 984; x_wconf 92' lang='lat' dir='ltr'>et</span> <span class='ocrx_word' id='word_1_578' title='bbox 1592 959 1719 984; x_wconf 88' lang='lat' dir='ltr'>motus:</span> <span class='ocrx_word' id='word_1_579' title='bbox 1744 962 1842 994; x_wconf 88' lang='lat' dir='ltr'>quare</span> <span class='ocrx_word' id='word_1_580' title='bbox 1866 958 1897 982; x_wconf 89' lang='lat' dir='ltr'>et</span> <span class='ocrx_word' id='word_1_581' title='bbox 1912 950 2141 992; x_wconf 78' lang='lat' dir='ltr'>magnitudinis</span> <span class='ocrx_word' id='word_1_582' title='bbox 2164 962 2247 993; x_wconf 79' lang='lat' dir='ltr'>quae</span> <span class='ocrx_word' id='word_1_583' title='bbox 2263 956 2354 995; x_wconf 75' lang='lat' dir='ltr'>mpta</span> <span class='ocrx_word' id='word_1_584' title='bbox 2376 959 2432 985; x_wconf 87' lang='lat' dir='ltr'>est.</span> <span class='ocrx_word' id='word_1_585' title='bbox 2453 952 2548 993; x_wconf 82' lang='lat' dir='ltr'>Simi-</span> 
     </span>
     <span class='ocr_line' id='line_1_72' title="bbox 1537 995 2548 1038; baseline 0.001 -10"><span class='ocrx_word' id='word_1_586' title='bbox 1537 997 1607 1028; x_wconf 90' lang='lat' dir='ltr'>liter</span> <span class='ocrx_word' id='word_1_587' title='bbox 1629 1004 1737 1028; x_wconf 82' lang='lat' dir='ltr'>autem</span> <span class='ocrx_word' id='word_1_588' title='bbox 1759 996 1822 1027; x_wconf 88' lang='lat' dir='ltr'>hoc</span> <span class='ocrx_word' id='word_1_589' title='bbox 1845 1002 1877 1027; x_wconf 88' lang='lat' dir='ltr'>et</span> <span class='ocrx_word' id='word_1_590' title='bbox 1898 995 1931 1027; x_wconf 86' lang='lat' dir='ltr'>in</span> <span class='ocrx_word' id='word_1_591' title='bbox 1955 995 2034 1027; x_wconf 82' lang='lat' dir='ltr'>aliis.</span> <span class='ocrx_word' id='word_1_592' title='bbox 2059 995 2108 1028; x_wconf 90' lang='lat' dir='ltr'>Sit</span> <span class='ocrx_word' id='word_1_593' title='bbox 2128 995 2237 1038; x_wconf 73' lang='lat' dir='ltr'>itaque</span> <span class='ocrx_word' id='word_1_594' title='bbox 2257 995 2548 1034; x_wconf 62' lang='lat' dir='ltr'>liucainfinim³in</span> 
     </span>
     <span class='ocr_line' id='line_1_73' title="bbox 1538 1040 2551 1083; baseline 0.002 -11"><span class='ocrx_word' id='word_1_595' title='bbox 1538 1051 1602 1083; x_wconf 86' lang='lat' dir='ltr'>qua</span> <span class='ocrx_word' id='word_1_596' title='bbox 1624 1041 1712 1072; x_wconf 90' lang='lat' dir='ltr'>AGE</span> <span class='ocrx_word' id='word_1_597' title='bbox 1735 1041 1776 1071; x_wconf 88' lang='lat' dir='ltr'>ad</span> <span class='ocrx_word' id='word_1_598' title='bbox 1799 1040 1931 1072; x_wconf 84' lang='lat' dir='ltr'>alteram</span> <span class='ocrx_word' id='word_1_599' title='bbox 1958 1047 2083 1082; x_wconf 77' lang='lat' dir='ltr'>partem</span> <span class='ocrx_word' id='word_1_600' title='bbox 2109 1050 2193 1083; x_wconf 82' lang='lat' dir='ltr'>quae</span> <span class='ocrx_word' id='word_1_601' title='bbox 2215 1041 2262 1080; x_wconf 81' lang='lat' dir='ltr'>E;</span> <span class='ocrx_word' id='word_1_602' title='bbox 2284 1041 2319 1072; x_wconf 89' lang='lat' dir='ltr'>in</span> <span class='ocrx_word' id='word_1_603' title='bbox 2345 1047 2412 1083; x_wconf 80' lang='lat' dir='ltr'>qua</span> <span class='ocrx_word' id='word_1_604' title='bbox 2438 1044 2551 1077; x_wconf 73' lang='lat' dir='ltr'>autem</span> 
     </span>
     <span class='ocr_line' id='line_1_74' title="bbox 1536 1084 2549 1127; baseline 0.002 -9"><span class='ocrx_word' id='word_1_605' title='bbox 1536 1086 1589 1118; x_wconf 93' lang='grc' dir='ltr'>ΒΒ</span> <span class='ocrx_word' id='word_1_606' title='bbox 1606 1086 1645 1116; x_wconf 82' lang='lat' dir='ltr'>ad</span> <span class='ocrx_word' id='word_1_607' title='bbox 1659 1092 1829 1126; x_wconf 80' lang='lat' dir='ltr'>utramque</span> <span class='ocrx_word' id='word_1_608' title='bbox 1844 1091 1970 1126; x_wconf 87' lang='lat' dir='ltr'>partem</span> <span class='ocrx_word' id='word_1_609' title='bbox 1986 1084 2121 1118; x_wconf 82' lang='lat' dir='ltr'>infinita.</span> <span class='ocrx_word' id='word_1_610' title='bbox 2145 1085 2182 1119; x_wconf 77' lang='lat' dir='ltr'>Si</span> <span class='ocrx_word' id='word_1_611' title='bbox 2194 1085 2306 1127; x_wconf 69' lang='lat' dir='ltr'>imque</span> <span class='ocrx_word' id='word_1_612' title='bbox 2318 1085 2550 1120; x_wconf 73' lang='lat' dir='ltr'>sexibetcinm-</span> 
     </span>
     <span class='ocr_line' id='line_1_75' title="bbox 1537 1129 2550 1173; baseline 0 -11"><span class='ocrx_word' id='word_1_613' title='bbox 1537 1131 1606 1162; x_wconf 92' lang='lat' dir='ltr'>lum</span> <span class='ocrx_word' id='word_1_614' title='bbox 1618 1140 1700 1172; x_wconf 82' lang='lat' dir='ltr'>quae</span> <span class='ocrx_word' id='word_1_615' title='bbox 1711 1129 1800 1162; x_wconf 81' lang='lat' dir='ltr'>AGE</span> <span class='ocrx_word' id='word_1_616' title='bbox 1819 1140 1838 1160; x_wconf 85' lang='lat' dir='ltr'>a</span> <span class='ocrx_word' id='word_1_617' title='bbox 1853 1129 1883 1162; x_wconf 95' lang='lat' dir='ltr'>G</span> <span class='ocrx_word' id='word_1_618' title='bbox 1901 1129 2204 1172; x_wconf 52' lang='lat' dir='ltr'>[ceutrobincidens</span> <span class='ocrx_word' id='word_1_619' title='bbox 2221 1130 2550 1173; x_wconf 63' lang='lat' dir='ltr'>quandoqueiemu</span> 
     </span>
     <span class='ocr_line' id='line_1_76' title="bbox 1538 1170 2549 1217; baseline 0 -11"><span class='ocrx_word' id='word_1_620' title='bbox 1538 1175 1656 1206; x_wconf 89' lang='lat' dir='ltr'>circum</span> <span class='ocrx_word' id='word_1_621' title='bbox 1668 1184 1725 1216; x_wconf 90' lang='lat' dir='ltr'>per</span> <span class='ocrx_word' id='word_1_622' title='bbox 1740 1184 1811 1205; x_wconf 88' lang='lat' dir='ltr'>eam</span> <span class='ocrx_word' id='word_1_623' title='bbox 1823 1173 1906 1216; x_wconf 77' lang='lat' dir='ltr'>quae</span> <span class='ocrx_word' id='word_1_624' title='bbox 1920 1172 1986 1214; x_wconf 81' lang='grc' dir='ltr'>ΒΒ,</span> <span class='ocrx_word' id='word_1_625' title='bbox 2002 1173 2092 1209; x_wconf 82' lang='lat' dir='ltr'>AGE</span> <span class='ocrx_word' id='word_1_626' title='bbox 2110 1173 2144 1206; x_wconf 86' lang='lat' dir='ltr'>in</span> <span class='ocrx_word' id='word_1_627' title='bbox 2157 1181 2309 1217; x_wconf 64' lang='lat' dir='ltr'>,tempore</span> <span class='ocrx_word' id='word_1_628' title='bbox 2324 1173 2427 1217; x_wconf 68' lang='grc' dir='ltr'>ὓμίῐο,</span> <span class='ocrx_word' id='word_1_629' title='bbox 2443 1208 2446 1214; x_wconf 73' lang='grc'>,</span> <span class='ocrx_word' id='word_1_630' title='bbox 2545 1170 2549 1175; x_wconf 71' lang='grc'><strong>’</strong></span> 
     </span>
     <span class='ocr_line' id='line_1_77' title="bbox 1538 1212 2548 1261; baseline 0.001 -10"><span class='ocrx_word' id='word_1_631' title='bbox 1538 1220 1624 1251; x_wconf 89' lang='lat' dir='ltr'>enim</span> <span class='ocrx_word' id='word_1_632' title='bbox 1646 1226 1774 1260; x_wconf 85' lang='lat' dir='ltr'>tempus</span> <span class='ocrx_word' id='word_1_633' title='bbox 1797 1218 1830 1250; x_wconf 91' lang='lat' dir='ltr'>in</span> <span class='ocrx_word' id='word_1_634' title='bbox 1849 1225 1972 1261; x_wconf 86' lang='lat' dir='ltr'>quanto</span> <span class='ocrx_word' id='word_1_635' title='bbox 1996 1218 2116 1250; x_wconf 88' lang='lat' dir='ltr'>circulo</span> <span class='ocrx_word' id='word_1_636' title='bbox 2134 1219 2238 1251; x_wconf 85' lang='lat' dir='ltr'>latum</span> <span class='ocrx_word' id='word_1_637' title='bbox 2252 1212 2452 1261; x_wconf 62' lang='lat' dir='ltr'>est‘eaelum,</span> <span class='ocrx_word' id='word_1_638' title='bbox 2466 1214 2481 1220; x_wconf 71' lang='grc'><em>”</em></span> <span class='ocrx_word' id='word_1_639' title='bbox 2516 1223 2518 1225; x_wconf 74' lang='grc'><strong><em>’</em></strong></span> <span class='ocrx_word' id='word_1_640' title='bbox 2534 1237 2548 1244; x_wconf 92' lang='grc'>-</span> 
     </span>
     <span class='ocr_line' id='line_1_78' title="bbox 1537 1258 2549 1306; baseline 0 -10"><span class='ocrx_word' id='word_1_641' title='bbox 1537 1271 1608 1296; x_wconf 89' lang='lat' dir='ltr'>tum</span> <span class='ocrx_word' id='word_1_642' title='bbox 1631 1270 1691 1295; x_wconf 89' lang='lat' dir='ltr'>est:</span> <span class='ocrx_word' id='word_1_643' title='bbox 1717 1270 1748 1295; x_wconf 90' lang='lat' dir='ltr'>et</span> <span class='ocrx_word' id='word_1_644' title='bbox 1770 1263 1915 1295; x_wconf 84' lang='lat' dir='ltr'>ablatum</span> <span class='ocrx_word' id='word_1_645' title='bbox 1927 1261 2025 1304; x_wconf 82' lang='lat' dir='ltr'>igitur</span> <span class='ocrx_word' id='word_1_646' title='bbox 2046 1273 2114 1306; x_wconf 90' lang='lat' dir='ltr'>quo</span> <span class='ocrx_word' id='word_1_647' title='bbox 2136 1258 2482 1305; x_wconf 51' lang='lat' dir='ltr'>intuens-ferebamus</span> <span class='ocrx_word' id='word_1_648' title='bbox 2547 1260 2549 1262; x_wconf 63' lang='grc'><strong>’</strong></span> 
     </span>
     <span class='ocr_line' id='line_1_79' title="bbox 1536 1306 2552 1351; baseline 0.002 -12"><span class='ocrx_word' id='word_1_649' title='bbox 1536 1309 1632 1350; x_wconf 89' lang='lat' dir='ltr'>igitur</span> <span class='ocrx_word' id='word_1_650' title='bbox 1661 1307 1794 1350; x_wconf 83' lang='lat' dir='ltr'>aliquod</span> <span class='ocrx_word' id='word_1_651' title='bbox 1825 1308 2040 1351; x_wconf 86' lang='lat' dir='ltr'>principium,</span> <span class='ocrx_word' id='word_1_652' title='bbox 2069 1319 2136 1350; x_wconf 92' lang='lat' dir='ltr'>quo</span> <span class='ocrx_word' id='word_1_653' title='bbox 2168 1307 2312 1350; x_wconf 88' lang='lat' dir='ltr'>primum</span> <span class='ocrx_word' id='word_1_654' title='bbox 2343 1318 2427 1351; x_wconf 81' lang='lat' dir='ltr'>quae</span> <span class='ocrx_word' id='word_1_655' title='bbox 2440 1306 2552 1345; x_wconf 51' lang='lat' dir='ltr'>“⁴⁸OE</span> 
     </span>
     <span class='ocr_line' id='line_1_80' title="bbox 1537 1351 2549 1395; baseline 0.001 -11"><span class='ocrx_word' id='word_1_656' title='bbox 1537 1364 1608 1385; x_wconf 85' lang='lat' dir='ltr'>eam</span> <span class='ocrx_word' id='word_1_657' title='bbox 1636 1363 1719 1394; x_wconf 87' lang='lat' dir='ltr'>quae</span> <span class='ocrx_word' id='word_1_658' title='bbox 1740 1352 1794 1385; x_wconf 87' lang='lat' dir='ltr'>BB</span> <span class='ocrx_word' id='word_1_659' title='bbox 1817 1352 1937 1386; x_wconf 80' lang='lat' dir='ltr'>incidit.</span> <span class='ocrx_word' id='word_1_660' title='bbox 1961 1353 2025 1386; x_wconf 80' lang='lat' dir='ltr'>sed</span> <span class='ocrx_word' id='word_1_661' title='bbox 2054 1352 2266 1395; x_wconf 78' lang='lat' dir='ltr'>impossibile.</span> <span class='ocrx_word' id='word_1_662' title='bbox 2287 1352 2364 1387; x_wconf 78' lang='lat' dir='ltr'>Non</span> <span class='ocrx_word' id='word_1_663' title='bbox 2385 1351 2549 1395; x_wconf 45' lang='lat' dir='ltr'>affigit</span> 
     </span>
     <span class='ocr_line' id='line_1_81' title="bbox 1535 1396 2552 1441; baseline 0.001 -12"><span class='ocrx_word' id='word_1_664' title='bbox 1535 1398 1632 1439; x_wconf 83' lang='lat' dir='ltr'>igitur</span> <span class='ocrx_word' id='word_1_665' title='bbox 1655 1397 1862 1430; x_wconf 83' lang='lat' dir='ltr'>circumvolvi</span> <span class='ocrx_word' id='word_1_666' title='bbox 1884 1397 2058 1432; x_wconf 83' lang='lat' dir='ltr'>infinitum.</span> <span class='ocrx_word' id='word_1_667' title='bbox 2076 1398 2184 1436; x_wconf 76' lang='lat' dir='ltr'>Quare</span> <span class='ocrx_word' id='word_1_668' title='bbox 2200 1407 2307 1440; x_wconf 80' lang='lat' dir='ltr'>neque</span> <span class='ocrx_word' id='word_1_669' title='bbox 2322 1396 2552 1441; x_wconf 56' lang='grc' dir='ltr'>ωυιιᾲψῄςςῄ</span> 
     </span>
     <span class='ocr_line' id='line_1_82' title="bbox 1538 1442 2553 1505; baseline 0.004 -31"><span class='ocrx_word' id='word_1_670' title='bbox 1538 1449 1603 1474; x_wconf 83' lang='lat' dir='ltr'>erat</span> <span class='ocrx_word' id='word_1_671' title='bbox 1624 1442 1779 1474; x_wconf 74' lang='lat' dir='ltr'>infinitus.</span> <span class='ocrx_word' id='word_1_672' title='bbox 2243 1462 2245 1464; x_wconf 97' lang='lat'>·</span> <span class='ocrx_word' id='word_1_673' title='bbox 2503 1470 2553 1505; x_wconf 45' lang='lat' dir='ltr'>“q</span> 
     </span>
     <span class='ocr_line' id='line_1_83' title="bbox 1469 1517 2551 1579; baseline 0 -16"><span class='ocrx_word' id='word_1_674' title='bbox 1469 1533 1487 1552; x_wconf 83' lang='grc'>*</span> <span class='ocrx_word' id='word_1_675' title='bbox 1501 1531 1618 1563; x_wconf 87' lang='lat' dir='ltr'>Adhuc</span> <span class='ocrx_word' id='word_1_676' title='bbox 1641 1537 1750 1563; x_wconf 88' lang='lat' dir='ltr'>autem</span> <span class='ocrx_word' id='word_1_677' title='bbox 1772 1538 1804 1564; x_wconf 85' lang='lat' dir='ltr'>et</span> <span class='ocrx_word' id='word_1_678' title='bbox 1826 1541 1864 1563; x_wconf 74' lang='lat' dir='ltr'>ex</span> <span class='ocrx_word' id='word_1_679' title='bbox 1886 1531 1936 1563; x_wconf 80' lang='lat' dir='ltr'>his</span> <span class='ocrx_word' id='word_1_680' title='bbox 1958 1517 2281 1574; x_wconf 52' lang='lat' dir='ltr'>manifestum’qiibd</span> <span class='ocrx_word' id='word_1_681' title='bbox 2299 1523 2478 1579; x_wconf 63' lang='grc' dir='ltr'>ωβιιιωίιί’</span> <span class='ocrx_word' id='word_1_682' title='bbox 2512 1527 2514 1530; x_wconf 66' lang='grc'>’</span> <span class='ocrx_word' id='word_1_683' title='bbox 2544 1521 2551 1537; x_wconf 62' lang='grc'>’</span> 
     </span>
     <span class='ocr_line' id='line_1_84' title="bbox 1536 1575 2535 1618; baseline 0.001 -11"><span class='ocrx_word' id='word_1_684' title='bbox 1536 1576 1688 1618; x_wconf 81' lang='lat' dir='ltr'>possibile</span> <span class='ocrx_word' id='word_1_685' title='bbox 1711 1583 1759 1608; x_wconf 79' lang='lat' dir='ltr'>est</span> <span class='ocrx_word' id='word_1_686' title='bbox 1779 1576 1914 1608; x_wconf 76' lang='lat' dir='ltr'>moveri.</span> <span class='ocrx_word' id='word_1_687' title='bbox 1936 1575 1987 1608; x_wconf 85' lang='lat' dir='ltr'>Sit</span> <span class='ocrx_word' id='word_1_688' title='bbox 2008 1576 2095 1608; x_wconf 85' lang='lat' dir='ltr'>enim</span> <span class='ocrx_word' id='word_1_689' title='bbox 2113 1578 2257 1618; x_wconf 48' lang='lat' dir='ltr'>quaem*</span> <span class='ocrx_word' id='word_1_690' title='bbox 2272 1575 2471 1613; x_wconf 58' lang='lat' dir='ltr'>Iunium</span> <span class='ocrx_word' id='word_1_691' title='bbox 2533 1612 2535 1615; x_wconf 22' lang='lat'>⁸</span> 
     </span>
     <span class='ocr_line' id='line_1_85' title="bbox 1536 1617 2550 1663; baseline 0.002 -10"><span class='ocrx_word' id='word_1_692' title='bbox 1536 1631 1619 1663; x_wconf 83' lang='lat' dir='ltr'>quae</span> <span class='ocrx_word' id='word_1_693' title='bbox 1636 1621 1675 1660; x_wconf 85' lang='grc' dir='ltr'>Β,</span> <span class='ocrx_word' id='word_1_694' title='bbox 1694 1620 1786 1661; x_wconf 63' lang='lat' dir='ltr'>finita</span> <span class='ocrx_word' id='word_1_695' title='bbox 1801 1617 1889 1654; x_wconf 62' lang='lat' dir='ltr'>iuxta</span> <span class='ocrx_word' id='word_1_696' title='bbox 1905 1620 2040 1657; x_wconf 76' lang='lat' dir='ltr'>finitam.</span> <span class='ocrx_word' id='word_1_697' title='bbox 2055 1621 2192 1653; x_wconf 70' lang='lat' dir='ltr'>Necesse</span> <span class='ocrx_word' id='word_1_698' title='bbox 2206 1620 2305 1662; x_wconf 64' lang='lat' dir='ltr'>igitur</span> <span class='ocrx_word' id='word_1_699' title='bbox 2318 1620 2416 1654; x_wconf 72' lang='lat' dir='ltr'>simul</span> <span class='ocrx_word' id='word_1_700' title='bbox 2429 1617 2550 1655; x_wconf 56' lang='lat' dir='ltr'>effi</span> 
     </span>
     <span class='ocr_line' id='line_1_86' title="bbox 1536 1664 2551 1709; baseline 0.001 -12"><span class='ocrx_word' id='word_1_701' title='bbox 1536 1675 1618 1708; x_wconf 87' lang='lat' dir='ltr'>quae</span> <span class='ocrx_word' id='word_1_702' title='bbox 1640 1668 1672 1697; x_wconf 88' lang='lat' dir='ltr'>A</span> <span class='ocrx_word' id='word_1_703' title='bbox 1694 1666 1735 1697; x_wconf 81' lang='lat' dir='ltr'>ab</span> <span class='ocrx_word' id='word_1_704' title='bbox 1758 1675 1903 1709; x_wconf 77' lang='lat' dir='ltr'>eaquae</span> <span class='ocrx_word' id='word_1_705' title='bbox 1923 1664 1951 1698; x_wconf 88' lang='lat' dir='ltr'>B</span> <span class='ocrx_word' id='word_1_706' title='bbox 1973 1665 2119 1706; x_wconf 74' lang='lat' dir='ltr'>absolvi,</span> <span class='ocrx_word' id='word_1_707' title='bbox 2142 1672 2174 1697; x_wconf 92' lang='lat' dir='ltr'>et</span> <span class='ocrx_word' id='word_1_708' title='bbox 2196 1675 2271 1700; x_wconf 81' lang='lat' dir='ltr'>eam</span> <span class='ocrx_word' id='word_1_709' title='bbox 2290 1675 2377 1708; x_wconf 67' lang='lat' dir='ltr'>quae,</span> <span class='ocrx_word' id='word_1_710' title='bbox 2397 1664 2424 1698; x_wconf 91' lang='lat' dir='ltr'>B</span> <span class='ocrx_word' id='word_1_711' title='bbox 2443 1665 2551 1708; x_wconf 50' lang='lat' dir='ltr'>&amp;hm</span> 
     </span>
     <span class='ocr_line' id='line_1_87' title="bbox 1536 1709 2548 1756; baseline 0 -15"><span class='ocrx_word' id='word_1_712' title='bbox 1536 1721 1619 1752; x_wconf 88' lang='lat' dir='ltr'>quae</span> <span class='ocrx_word' id='word_1_713' title='bbox 1642 1712 1691 1742; x_wconf 86' lang='lat' dir='ltr'>A:</span> <span class='ocrx_word' id='word_1_714' title='bbox 1708 1717 1870 1753; x_wconf 82' lang='lat' dir='ltr'>quantum</span> <span class='ocrx_word' id='word_1_715' title='bbox 1891 1709 1978 1745; x_wconf 82' lang='lat' dir='ltr'>enim</span> <span class='ocrx_word' id='word_1_716' title='bbox 1993 1710 2091 1742; x_wconf 86' lang='lat' dir='ltr'>altera</span> <span class='ocrx_word' id='word_1_717' title='bbox 2114 1709 2271 1752; x_wconf 79' lang='lat' dir='ltr'>acceperit</span> <span class='ocrx_word' id='word_1_718' title='bbox 2284 1709 2446 1756; x_wconf 47' lang='lat' dir='ltr'>alterius„</span> <span class='ocrx_word' id='word_1_719' title='bbox 2533 1727 2548 1734; x_wconf 95' lang='lat'>-</span> 
     </span>
     <span class='ocr_line' id='line_1_88' title="bbox 1536 1750 2550 1803; baseline -0.001 -16"><span class='ocrx_word' id='word_1_720' title='bbox 1536 1762 1601 1787; x_wconf 85' lang='lat' dir='ltr'>tera</span> <span class='ocrx_word' id='word_1_721' title='bbox 1624 1754 1709 1786; x_wconf 87' lang='lat' dir='ltr'>illius</span> <span class='ocrx_word' id='word_1_722' title='bbox 1732 1761 1868 1788; x_wconf 80' lang='lat' dir='ltr'>tantum.</span> <span class='ocrx_word' id='word_1_723' title='bbox 1892 1754 2082 1798; x_wconf 73' lang='lat' dir='ltr'>Siquidem</span> <span class='ocrx_word' id='word_1_724' title='bbox 2102 1754 2199 1803; x_wconf 75' lang='lat' dir='ltr'>igitur</span> <span class='ocrx_word' id='word_1_725' title='bbox 2223 1754 2336 1797; x_wconf 77' lang='lat' dir='ltr'>ambae</span> <span class='ocrx_word' id='word_1_726' title='bbox 2359 1763 2416 1789; x_wconf 80' lang='lat' dir='ltr'>mo</span> <span class='ocrx_word' id='word_1_727' title='bbox 2454 1757 2459 1761; x_wconf 72' lang='grc'>“</span> <span class='ocrx_word' id='word_1_728' title='bbox 2541 1750 2550 1760; x_wconf 68' lang='lat'><strong><em>¹</em></strong></span> 
     </span>
    </p>
   </div>
   <div class='ocr_carea' id='block_1_9' title="bbox 1536 1791 2604 1842">
    <p class='ocr_par' dir='ltr' id='par_1_10' title="bbox 1536 1791 2604 1842">
     <span class='ocr_line' id='line_1_89' title="bbox 1536 1791 2604 1842; baseline 0.001 -11"><span class='ocrx_word' id='word_1_729' title='bbox 1536 1799 1570 1831; x_wconf 85' lang='lat' dir='ltr'>in</span> <span class='ocrx_word' id='word_1_730' title='bbox 1594 1799 1799 1839; x_wconf 82' lang='lat' dir='ltr'>contrarium,</span> <span class='ocrx_word' id='word_1_731' title='bbox 1822 1799 1965 1831; x_wconf 73' lang='lat' dir='ltr'>velocius</span> <span class='ocrx_word' id='word_1_732' title='bbox 1988 1798 2102 1842; x_wconf 80' lang='lat' dir='ltr'>utique</span> <span class='ocrx_word' id='word_1_733' title='bbox 2125 1796 2367 1841; x_wconf 70' lang='lat' dir='ltr'>disiungentur:</span> <span class='ocrx_word' id='word_1_734' title='bbox 2390 1793 2419 1831; x_wconf 67' lang='grc' dir='ltr'>εἷ</span> <span class='ocrx_word' id='word_1_735' title='bbox 2439 1791 2554 1838; x_wconf 57' lang='lat' dir='ltr'>mad&amp;</span> <span class='ocrx_word' id='word_1_736' title='bbox 2596 1801 2604 1811; x_wconf 79' lang='lat'>⁸</span> 
     </span>
    </p>
   </div>
   <div class='ocr_carea' id='block_1_10' title="bbox 1535 1843 2553 2870">
    <p class='ocr_par' dir='ltr' id='par_1_11' title="bbox 1535 1843 2553 2870">
     <span class='ocr_line' id='line_1_90' title="bbox 1535 1843 2553 1884; baseline 0.001 -8"><span class='ocrx_word' id='word_1_737' title='bbox 1535 1845 1624 1876; x_wconf 78' lang='lat' dir='ltr'>iuxta</span> <span class='ocrx_word' id='word_1_738' title='bbox 1645 1851 1831 1876; x_wconf 76' lang='lat' dir='ltr'>manentem</span> <span class='ocrx_word' id='word_1_739' title='bbox 1845 1843 1975 1883; x_wconf 68' lang='lat' dir='ltr'>feratur,</span> <span class='ocrx_word' id='word_1_740' title='bbox 1998 1844 2131 1884; x_wconf 72' lang='lat' dir='ltr'>tardius,</span> <span class='ocrx_word' id='word_1_741' title='bbox 2147 1844 2261 1876; x_wconf 73' lang='lat' dir='ltr'>eadem</span> <span class='ocrx_word' id='word_1_742' title='bbox 2284 1843 2553 1880; x_wconf 60' lang='lat' dir='ltr'>celeriffl‘ffiffl</span> 
     </span>
     <span class='ocr_line' id='line_1_91' title="bbox 1537 1886 2553 1931; baseline 0.001 -10"><span class='ocrx_word' id='word_1_743' title='bbox 1537 1900 1574 1922; x_wconf 87' lang='lat' dir='ltr'>ea</span> <span class='ocrx_word' id='word_1_744' title='bbox 1596 1899 1681 1931; x_wconf 84' lang='lat' dir='ltr'>quae</span> <span class='ocrx_word' id='word_1_745' title='bbox 1703 1889 1790 1930; x_wconf 75' lang='lat' dir='ltr'>iuxta</span> <span class='ocrx_word' id='word_1_746' title='bbox 1813 1888 1921 1921; x_wconf 88' lang='lat' dir='ltr'>fertur.</span> <span class='ocrx_word' id='word_1_747' title='bbox 1945 1889 1963 1911; x_wconf 81' lang='lat'>&#39;⁸‘</span> <span class='ocrx_word' id='word_1_748' title='bbox 1977 1889 2040 1922; x_wconf 85' lang='lat' dir='ltr'>Sed</span> <span class='ocrx_word' id='word_1_749' title='bbox 2062 1888 2151 1922; x_wconf 81' lang='lat' dir='ltr'>illud</span> <span class='ocrx_word' id='word_1_750' title='bbox 2164 1886 2553 1931; x_wconf 34' lang='lat' dir='ltr'>quidemrmmlfeffinmy</span> 
     </span>
     <span class='ocr_line' id='line_1_92' title="bbox 1537 1931 2553 2020; baseline 0.001 -54"><span class='ocrx_word' id='word_1_751' title='bbox 1537 1934 1629 1976; x_wconf 92' lang='lat' dir='ltr'>quod</span> <span class='ocrx_word' id='word_1_752' title='bbox 1641 1933 1840 1976; x_wconf 85' lang='lat' dir='ltr'>impossibile</span> <span class='ocrx_word' id='word_1_753' title='bbox 1853 1933 2011 1967; x_wconf 72' lang='lat' dir='ltr'>infinitam</span> <span class='ocrx_word' id='word_1_754' title='bbox 2026 1933 2216 1976; x_wconf 64' lang='lat' dir='ltr'>pertransire</span> <span class='ocrx_word' id='word_1_755' title='bbox 2227 1933 2264 1966; x_wconf 80' lang='lat' dir='ltr'>in</span> <span class='ocrx_word' id='word_1_756' title='bbox 2286 1940 2435 1976; x_wconf 66' lang='lat' dir='ltr'>tempore</span> <span class='ocrx_word' id='word_1_757' title='bbox 2445 1931 2553 2020; x_wconf 44' lang='lat' dir='ltr'>stum</span> 
     </span>
     <span class='ocr_line' id='line_1_93' title="bbox 1538 1977 2551 2021; baseline -0.001 -11"><span class='ocrx_word' id='word_1_758' title='bbox 1538 1979 1574 2011; x_wconf 91' lang='lat' dir='ltr'>In</span> <span class='ocrx_word' id='word_1_759' title='bbox 1597 1977 1723 2010; x_wconf 89' lang='lat' dir='ltr'>infinito</span> <span class='ocrx_word' id='word_1_760' title='bbox 1746 1978 1857 2021; x_wconf 81' lang='lat' dir='ltr'>igitur:</span> <span class='ocrx_word' id='word_1_761' title='bbox 1875 1985 2042 2018; x_wconf 77' lang='lat' dir='ltr'>ostensum</span> <span class='ocrx_word' id='word_1_762' title='bbox 2064 1978 2152 2011; x_wconf 86' lang='lat' dir='ltr'>enim</span> <span class='ocrx_word' id='word_1_763' title='bbox 2175 1985 2223 2011; x_wconf 83' lang='lat' dir='ltr'>est</span> <span class='ocrx_word' id='word_1_764' title='bbox 2243 1977 2308 2012; x_wconf 81' lang='lat' dir='ltr'>hoc</span> <span class='ocrx_word' id='word_1_765' title='bbox 2329 1977 2420 2020; x_wconf 74' lang='lat' dir='ltr'>prius</span> <span class='ocrx_word' id='word_1_766' title='bbox 2479 1994 2496 2019; x_wconf 58' lang='lat'>‚-</span> <span class='ocrx_word' id='word_1_767' title='bbox 2523 1977 2551 2018; x_wconf 22' lang='lat' dir='ltr'>&#39;k</span> 
     </span>
     <span class='ocr_line' id='line_1_94' title="bbox 1538 2018 2551 2066; baseline 0 -12"><span class='ocrx_word' id='word_1_768' title='bbox 1538 2032 1621 2066; x_wconf 89' lang='lat' dir='ltr'>quae</span> <span class='ocrx_word' id='word_1_769' title='bbox 1640 2024 1679 2054; x_wconf 92' lang='lat' dir='ltr'>de</span> <span class='ocrx_word' id='word_1_770' title='bbox 1699 2030 1802 2055; x_wconf 87' lang='lat' dir='ltr'>motu.</span> <span class='ocrx_word' id='word_1_771' title='bbox 1819 2022 1931 2055; x_wconf 84' lang='lat' dir='ltr'>Differt</span> <span class='ocrx_word' id='word_1_772' title='bbox 1945 2030 2054 2055; x_wconf 90' lang='lat' dir='ltr'>autem</span> <span class='ocrx_word' id='word_1_773' title='bbox 2073 2021 2154 2054; x_wconf 88' lang='lat' dir='ltr'>nihil</span> <span class='ocrx_word' id='word_1_774' title='bbox 2168 2029 2224 2055; x_wconf 88' lang='lat' dir='ltr'>aut</span> <span class='ocrx_word' id='word_1_775' title='bbox 2237 2018 2362 2055; x_wconf 82' lang='lat' dir='ltr'>finitam</span> <span class='ocrx_word' id='word_1_776' title='bbox 2376 2021 2448 2064; x_wconf 81' lang='lat' dir='ltr'>fem</span> <span class='ocrx_word' id='word_1_777' title='bbox 2462 2022 2551 2062; x_wconf 62' lang='lat' dir='ltr'>luxti</span> 
     </span>
     <span class='ocr_line' id='line_1_95' title="bbox 1537 2060 2552 2109; baseline 0 -10"><span class='ocrx_word' id='word_1_778' title='bbox 1537 2068 1706 2107; x_wconf 82' lang='lat' dir='ltr'>infinitam,</span> <span class='ocrx_word' id='word_1_779' title='bbox 1723 2075 1779 2100; x_wconf 86' lang='lat' dir='ltr'>aut</span> <span class='ocrx_word' id='word_1_780' title='bbox 1795 2067 1953 2100; x_wconf 85' lang='lat' dir='ltr'>infinitam</span> <span class='ocrx_word' id='word_1_781' title='bbox 1976 2068 2063 2100; x_wconf 85' lang='lat' dir='ltr'>iuxta</span> <span class='ocrx_word' id='word_1_782' title='bbox 2085 2067 2189 2099; x_wconf 84' lang='lat' dir='ltr'>illam:</span> <span class='ocrx_word' id='word_1_783' title='bbox 2214 2077 2292 2099; x_wconf 85' lang='lat' dir='ltr'>cum</span> <span class='ocrx_word' id='word_1_784' title='bbox 2306 2063 2394 2105; x_wconf 72' lang='lat' dir='ltr'>enim</span> <span class='ocrx_word' id='word_1_785' title='bbox 2405 2060 2552 2109; x_wconf 52' lang='lat' dir='ltr'>llu‘p&#39;erae</span> 
     </span>
     <span class='ocr_line' id='line_1_96' title="bbox 1538 2110 2551 2152; baseline 0 -8"><span class='ocrx_word' id='word_1_786' title='bbox 1538 2119 1681 2144; x_wconf 82' lang='lat' dir='ltr'>mutetur</span> <span class='ocrx_word' id='word_1_787' title='bbox 1694 2113 1781 2144; x_wconf 82' lang='lat' dir='ltr'>iuxta</span> <span class='ocrx_word' id='word_1_788' title='bbox 1795 2112 1895 2152; x_wconf 84' lang='lat' dir='ltr'>illam,</span> <span class='ocrx_word' id='word_1_789' title='bbox 1907 2112 2052 2144; x_wconf 69' lang='lat' dir='ltr'>similiter</span> <span class='ocrx_word' id='word_1_790' title='bbox 2065 2119 2156 2144; x_wconf 77' lang='lat' dir='ltr'>mota</span> <span class='ocrx_word' id='word_1_791' title='bbox 2172 2118 2205 2144; x_wconf 80' lang='lat' dir='ltr'>et</span> <span class='ocrx_word' id='word_1_792' title='bbox 2217 2121 2287 2143; x_wconf 85' lang='lat' dir='ltr'>non</span> <span class='ocrx_word' id='word_1_793' title='bbox 2305 2118 2406 2144; x_wconf 70' lang='lat' dir='ltr'>mota.</span> <span class='ocrx_word' id='word_1_794' title='bbox 2426 2110 2551 2146; x_wconf 60' lang='lat' dir='ltr'>Vtrim-</span> 
     </span>
     <span class='ocr_line' id='line_1_97' title="bbox 1538 2155 2553 2196; baseline 0 -6"><span class='ocrx_word' id='word_1_795' title='bbox 1538 2165 1646 2190; x_wconf 83' lang='lat' dir='ltr'>tamen</span> <span class='ocrx_word' id='word_1_796' title='bbox 1662 2157 1688 2189; x_wconf 86' lang='lat' dir='ltr'>si</span> <span class='ocrx_word' id='word_1_797' title='bbox 1704 2157 1791 2189; x_wconf 83' lang='lat' dir='ltr'>iuxta</span> <span class='ocrx_word' id='word_1_798' title='bbox 1809 2164 2000 2189; x_wconf 84' lang='lat' dir='ltr'>moveantur</span> <span class='ocrx_word' id='word_1_799' title='bbox 2023 2157 2146 2196; x_wconf 78' lang='lat' dir='ltr'>ambae,</span> <span class='ocrx_word' id='word_1_800' title='bbox 2161 2156 2306 2190; x_wconf 73' lang='lat' dir='ltr'>&#39;velocius</span> <span class='ocrx_word' id='word_1_801' title='bbox 2324 2155 2553 2195; x_wconf 60' lang='lat' dir='ltr'>absolvflhr:</span> 
     </span>
     <span class='ocr_line' id='line_1_98' title="bbox 1539 2200 2553 2246; baseline 0.001 -13"><span class='ocrx_word' id='word_1_802' title='bbox 1539 2202 1687 2244; x_wconf 82' lang='lat' dir='ltr'>quamvis</span> <span class='ocrx_word' id='word_1_803' title='bbox 1716 2202 1891 2244; x_wconf 81' lang='lat' dir='ltr'>aliquando</span> <span class='ocrx_word' id='word_1_804' title='bbox 1914 2201 1994 2234; x_wconf 85' lang='lat' dir='ltr'>nihil</span> <span class='ocrx_word' id='word_1_805' title='bbox 2020 2201 2169 2244; x_wconf 72' lang='lat' dir='ltr'>prohibet</span> <span class='ocrx_word' id='word_1_806' title='bbox 2192 2208 2322 2246; x_wconf 58' lang='lat' dir='ltr'>motam</span> <span class='ocrx_word' id='word_1_807' title='bbox 2343 2201 2433 2234; x_wconf 72' lang='lat' dir='ltr'>ium</span> <span class='ocrx_word' id='word_1_808' title='bbox 2460 2200 2553 2244; x_wconf 61' lang='grc' dir='ltr'>φιρ-</span> 
     </span>
     <span class='ocr_line' id='line_1_99' title="bbox 1539 2244 2551 2293; baseline 0 -14"><span class='ocrx_word' id='word_1_809' title='bbox 1539 2253 1680 2279; x_wconf 87' lang='lat' dir='ltr'>scentem</span> <span class='ocrx_word' id='word_1_810' title='bbox 1709 2246 1852 2279; x_wconf 86' lang='lat' dir='ltr'>velocius</span> <span class='ocrx_word' id='word_1_811' title='bbox 1880 2246 2069 2288; x_wconf 86' lang='lat' dir='ltr'>pertransire</span> <span class='ocrx_word' id='word_1_812' title='bbox 2099 2256 2199 2288; x_wconf 77' lang='lat' dir='ltr'>quam</span> <span class='ocrx_word' id='word_1_813' title='bbox 2216 2244 2551 2293; x_wconf 51' lang='lat' dir='ltr'>¹contra-motum„ruffi.</span> 
     </span>
     <span class='ocr_line' id='line_1_100' title="bbox 1539 2289 2550 2367; baseline -0.001 -44"><span class='ocrx_word' id='word_1_814' title='bbox 1539 2291 1612 2334; x_wconf 82' lang='lat' dir='ltr'>quis</span> <span class='ocrx_word' id='word_1_815' title='bbox 1628 2290 1736 2323; x_wconf 81' lang='lat' dir='ltr'>fecerit</span> <span class='ocrx_word' id='word_1_816' title='bbox 1753 2297 1984 2324; x_wconf 76' lang='lat' dir='ltr'>contra-motas</span> <span class='ocrx_word' id='word_1_817' title='bbox 2002 2290 2135 2334; x_wconf 87' lang='lat' dir='ltr'>quidem</span> <span class='ocrx_word' id='word_1_818' title='bbox 2151 2290 2261 2334; x_wconf 83' lang='lat' dir='ltr'>ambas</span> <span class='ocrx_word' id='word_1_819' title='bbox 2276 2290 2356 2323; x_wconf 78' lang='lat' dir='ltr'>latas</span> <span class='ocrx_word' id='word_1_820' title='bbox 2367 2289 2464 2367; x_wconf 44' lang='lat' dir='ltr'>lenta</span> <span class='ocrx_word' id='word_1_821' title='bbox 2477 2292 2550 2331; x_wconf 68' lang='lat' dir='ltr'>eam</span> 
     </span>
     <span class='ocr_line' id='line_1_101' title="bbox 1541 2332 2446 2378; baseline -0.002 -10"><span class='ocrx_word' id='word_1_822' title='bbox 1541 2343 1649 2368; x_wconf 86' lang='lat' dir='ltr'>autem</span> <span class='ocrx_word' id='word_1_823' title='bbox 1671 2345 1754 2378; x_wconf 85' lang='lat' dir='ltr'>quae</span> <span class='ocrx_word' id='word_1_824' title='bbox 1776 2335 1864 2368; x_wconf 82' lang='lat' dir='ltr'>iuxta</span> <span class='ocrx_word' id='word_1_825' title='bbox 1882 2335 2042 2378; x_wconf 79' lang='lat' dir='ltr'>quietam,</span> <span class='ocrx_word' id='word_1_826' title='bbox 2066 2334 2173 2367; x_wconf 89' lang='lat' dir='ltr'>multo</span> <span class='ocrx_word' id='word_1_827' title='bbox 2195 2332 2256 2366; x_wconf 79' lang='lat' dir='ltr'>illis</span> <span class='ocrx_word' id='word_1_828' title='bbox 2278 2333 2422 2366; x_wconf 70' lang='lat' dir='ltr'>velocius</span> <span class='ocrx_word' id='word_1_829' title='bbox 2442 2368 2446 2373; x_wconf 70' lang='grc'>,</span> 
     </span>
     <span class='ocr_line' id='line_1_102' title="bbox 1539 2376 2550 2422; baseline -0.001 -10"><span class='ocrx_word' id='word_1_830' title='bbox 1539 2381 1676 2413; x_wconf 85' lang='lat' dir='ltr'>Nullum</span> <span class='ocrx_word' id='word_1_831' title='bbox 1699 2380 1795 2422; x_wconf 79' lang='lat' dir='ltr'>igitur</span> <span class='ocrx_word' id='word_1_832' title='bbox 1817 2380 1858 2412; x_wconf 80' lang='lat' dir='ltr'>ad</span> <span class='ocrx_word' id='word_1_833' title='bbox 1881 2380 2039 2412; x_wconf 77' lang='lat' dir='ltr'>rationem</span> <span class='ocrx_word' id='word_1_834' title='bbox 2065 2379 2335 2422; x_wconf 78' lang='lat' dir='ltr'>impedimentum</span> <span class='ocrx_word' id='word_1_835' title='bbox 2358 2378 2435 2421; x_wconf 52' lang='lat' dir='ltr'>qu&amp;</span> <span class='ocrx_word' id='word_1_836' title='bbox 2459 2376 2550 2411; x_wconf 74' lang='lat' dir='ltr'>{uxta</span> 
     </span>
     <span class='ocr_line' id='line_1_103' title="bbox 1539 2423 2551 2468; baseline -0.002 -10"><span class='ocrx_word' id='word_1_837' title='bbox 1539 2426 1699 2468; x_wconf 78' lang='lat' dir='ltr'>quietam3</span> <span class='ocrx_word' id='word_1_838' title='bbox 1722 2425 1880 2468; x_wconf 86' lang='lat' dir='ltr'>quoniam</span> <span class='ocrx_word' id='word_1_839' title='bbox 1895 2425 2027 2468; x_wconf 80' lang='lat' dir='ltr'>quidem</span> <span class='ocrx_word' id='word_1_840' title='bbox 2043 2431 2168 2457; x_wconf 82' lang='lat' dir='ltr'>motam</span> <span class='ocrx_word' id='word_1_841' title='bbox 2190 2423 2347 2465; x_wconf 80' lang='lat' dir='ltr'>contingit</span> <span class='ocrx_word' id='word_1_842' title='bbox 2370 2433 2449 2457; x_wconf 78' lang='lat' dir='ltr'>eam.</span> <span class='ocrx_word' id='word_1_843' title='bbox 2463 2433 2551 2467; x_wconf 72' lang='lat' dir='ltr'>que</span> 
     </span>
     <span class='ocr_line' id='line_1_104' title="bbox 1539 2467 2552 2513; baseline -0.002 -10"><span class='ocrx_word' id='word_1_844' title='bbox 1539 2474 1580 2510; x_wconf 84' lang='lat' dir='ltr'>A,</span> <span class='ocrx_word' id='word_1_845' title='bbox 1595 2471 1682 2502; x_wconf 67' lang='lat' dir='ltr'>iuxta</span> <span class='ocrx_word' id='word_1_846' title='bbox 1694 2477 1818 2503; x_wconf 80' lang='lat' dir='ltr'>motam</span> <span class='ocrx_word' id='word_1_847' title='bbox 1833 2480 1905 2502; x_wconf 76' lang='lat' dir='ltr'>eam</span> <span class='ocrx_word' id='word_1_848' title='bbox 1916 2479 2000 2513; x_wconf 81' lang='lat' dir='ltr'>quae</span> <span class='ocrx_word' id='word_1_849' title='bbox 2014 2469 2041 2501; x_wconf 90' lang='lat' dir='ltr'>B</span> <span class='ocrx_word' id='word_1_850' title='bbox 2057 2469 2176 2501; x_wconf 75' lang='lat' dir='ltr'>tardius</span> <span class='ocrx_word' id='word_1_851' title='bbox 2192 2468 2390 2511; x_wconf 67' lang='lat' dir='ltr'>pau-amite.</span> <span class='ocrx_word' id='word_1_852' title='bbox 2403 2467 2438 2503; x_wconf 83' lang='lat' dir='ltr'>Si</span> <span class='ocrx_word' id='word_1_853' title='bbox 2452 2467 2552 2510; x_wconf 68' lang='lat' dir='ltr'>igitur</span> 
     </span>
     <span class='ocr_line' id='line_1_105' title="bbox 1539 2512 2549 2559; baseline -0.001 -13"><span class='ocrx_word' id='word_1_854' title='bbox 1539 2515 1701 2547; x_wconf 87' lang='lat' dir='ltr'>infinitum</span> <span class='ocrx_word' id='word_1_855' title='bbox 1724 2521 1853 2557; x_wconf 84' lang='lat' dir='ltr'>tempus</span> <span class='ocrx_word' id='word_1_856' title='bbox 1869 2524 1936 2557; x_wconf 87' lang='lat' dir='ltr'>quo</span> <span class='ocrx_word' id='word_1_857' title='bbox 1952 2513 2041 2546; x_wconf 81' lang='lat' dir='ltr'>finita</span> <span class='ocrx_word' id='word_1_858' title='bbox 2063 2513 2239 2547; x_wconf 73' lang='lat' dir='ltr'>absolvitur</span> <span class='ocrx_word' id='word_1_859' title='bbox 2254 2519 2358 2553; x_wconf 78' lang='lat' dir='ltr'>mota,</span> <span class='ocrx_word' id='word_1_860' title='bbox 2383 2519 2415 2546; x_wconf 85' lang='lat' dir='ltr'>et</span> <span class='ocrx_word' id='word_1_861' title='bbox 2428 2512 2464 2549; x_wconf 81' lang='lat' dir='ltr'>in</span> <span class='ocrx_word' id='word_1_862' title='bbox 2474 2521 2549 2559; x_wconf 69' lang='lat' dir='ltr'>quo</span> 
     </span>
     <span class='ocr_line' id='line_1_106' title="bbox 1540 2555 2549 2601; baseline -0.002 -10"><span class='ocrx_word' id='word_1_863' title='bbox 1540 2559 1662 2592; x_wconf 81' lang='lat' dir='ltr'>infinita</span> <span class='ocrx_word' id='word_1_864' title='bbox 1678 2569 1734 2601; x_wconf 86' lang='lat' dir='ltr'>per</span> <span class='ocrx_word' id='word_1_865' title='bbox 1756 2555 1879 2591; x_wconf 85' lang='lat' dir='ltr'>finitam</span> <span class='ocrx_word' id='word_1_866' title='bbox 1903 2559 2108 2598; x_wconf 83' lang='lat' dir='ltr'>movebatur,</span> <span class='ocrx_word' id='word_1_867' title='bbox 2132 2567 2261 2590; x_wconf 86' lang='lat' dir='ltr'>neeesse</span> <span class='ocrx_word' id='word_1_868' title='bbox 2283 2556 2446 2589; x_wconf 83' lang='lat' dir='ltr'>infinitum</span> <span class='ocrx_word' id='word_1_869' title='bbox 2469 2566 2549 2590; x_wconf 68' lang='lat' dir='ltr'>ene.</span> 
     </span>
     <span class='ocr_line' id='line_1_107' title="bbox 1541 2601 2550 2646; baseline -0.002 -10"><span class='ocrx_word' id='word_1_870' title='bbox 1541 2604 1740 2646; x_wconf 86' lang='lat' dir='ltr'>Impossibile</span> <span class='ocrx_word' id='word_1_871' title='bbox 1769 2604 1866 2645; x_wconf 83' lang='lat' dir='ltr'>igitur</span> <span class='ocrx_word' id='word_1_872' title='bbox 1894 2603 2058 2636; x_wconf 84' lang='lat' dir='ltr'>infinitum</span> <span class='ocrx_word' id='word_1_873' title='bbox 2090 2613 2146 2645; x_wconf 91' lang='lat' dir='ltr'>per</span> <span class='ocrx_word' id='word_1_874' title='bbox 2168 2602 2330 2634; x_wconf 86' lang='lat' dir='ltr'>infinitum</span> <span class='ocrx_word' id='word_1_875' title='bbox 2354 2601 2477 2634; x_wconf 80' lang='lat' dir='ltr'>moveri</span> <span class='ocrx_word' id='word_1_876' title='bbox 2500 2607 2550 2634; x_wconf 82' lang='lat' dir='ltr'>to-</span> 
     </span>
     <span class='ocr_line' id='line_1_108' title="bbox 1541 2645 2551 2691; baseline -0.003 -10"><span class='ocrx_word' id='word_1_877' title='bbox 1541 2657 1625 2682; x_wconf 84' lang='lat' dir='ltr'>tum:</span> <span class='ocrx_word' id='word_1_878' title='bbox 1651 2650 1676 2681; x_wconf 93' lang='lat' dir='ltr'>si</span> <span class='ocrx_word' id='word_1_879' title='bbox 1700 2649 1786 2680; x_wconf 89' lang='lat' dir='ltr'>enim</span> <span class='ocrx_word' id='word_1_880' title='bbox 1810 2655 1841 2681; x_wconf 91' lang='lat' dir='ltr'>et</span> <span class='ocrx_word' id='word_1_881' title='bbox 1863 2659 1920 2691; x_wconf 89' lang='lat' dir='ltr'>per</span> <span class='ocrx_word' id='word_1_882' title='bbox 1938 2648 2112 2680; x_wconf 88' lang='lat' dir='ltr'>minimum</span> <span class='ocrx_word' id='word_1_883' title='bbox 2134 2654 2314 2687; x_wconf 79' lang='lat' dir='ltr'>moveatur,</span> <span class='ocrx_word' id='word_1_884' title='bbox 2329 2656 2457 2679; x_wconf 81' lang='lat' dir='ltr'>necesse</span> <span class='ocrx_word' id='word_1_885' title='bbox 2479 2645 2551 2678; x_wconf 84' lang='lat' dir='ltr'>infi-</span> 
     </span>
     <span class='ocr_line' id='line_1_109' title="bbox 1541 2689 2551 2738; baseline -0.004 -12"><span class='ocrx_word' id='word_1_886' title='bbox 1541 2695 1646 2726; x_wconf 88' lang='lat' dir='ltr'>nitum</span> <span class='ocrx_word' id='word_1_887' title='bbox 1662 2693 1728 2726; x_wconf 87' lang='lat' dir='ltr'>fieri</span> <span class='ocrx_word' id='word_1_888' title='bbox 1744 2701 1882 2735; x_wconf 80' lang='lat' dir='ltr'>tempus.</span> <span class='ocrx_word' id='word_1_889' title='bbox 1903 2693 1966 2726; x_wconf 88' lang='lat' dir='ltr'>Sed</span> <span class='ocrx_word' id='word_1_890' title='bbox 1981 2699 2090 2724; x_wconf 86' lang='lat' dir='ltr'>tamen</span> <span class='ocrx_word' id='word_1_891' title='bbox 2105 2692 2229 2724; x_wconf 81' lang='lat' dir='ltr'>caelum</span> <span class='ocrx_word' id='word_1_892' title='bbox 2244 2690 2356 2724; x_wconf 86' lang='lat' dir='ltr'>circuit</span> <span class='ocrx_word' id='word_1_893' title='bbox 2373 2696 2405 2723; x_wconf 80' lang='lat' dir='ltr'>et</span> <span class='ocrx_word' id='word_1_894' title='bbox 2419 2689 2551 2738; x_wconf 66' lang='lat' dir='ltr'>vertitur</span> 
     </span>
     <span class='ocr_line' id='line_1_110' title="bbox 1541 2730 2552 2779; baseline -0.003 -8"><span class='ocrx_word' id='word_1_895' title='bbox 1541 2746 1648 2771; x_wconf 90' lang='lat' dir='ltr'>totum</span> <span class='ocrx_word' id='word_1_896' title='bbox 1667 2739 1703 2770; x_wconf 84' lang='lat' dir='ltr'>&#39;in</span> <span class='ocrx_word' id='word_1_897' title='bbox 1727 2738 1895 2770; x_wconf 86' lang='lat' dir='ltr'>circuitum</span> <span class='ocrx_word' id='word_1_898' title='bbox 1918 2737 1950 2769; x_wconf 88' lang='lat' dir='ltr'>in</span> <span class='ocrx_word' id='word_1_899' title='bbox 1974 2744 2120 2779; x_wconf 87' lang='lat' dir='ltr'>tempore</span> <span class='ocrx_word' id='word_1_900' title='bbox 2142 2735 2246 2769; x_wconf 83' lang='lat' dir='ltr'>finito.</span> <span class='ocrx_word' id='word_1_901' title='bbox 2276 2737 2384 2776; x_wconf 79' lang='lat' dir='ltr'>Quare</span> <span class='ocrx_word' id='word_1_902' title='bbox 2407 2730 2552 2769; x_wconf 62' lang='lat' dir='ltr'>confidet</span> 
     </span>
     <span class='ocr_line' id='line_1_111' title="bbox 1542 2778 2551 2825; baseline -0.004 -10"><span class='ocrx_word' id='word_1_903' title='bbox 1542 2791 1643 2815; x_wconf 87' lang='lat' dir='ltr'>totam</span> <span class='ocrx_word' id='word_1_904' title='bbox 1666 2783 1774 2815; x_wconf 91' lang='lat' dir='ltr'>circuli</span> <span class='ocrx_word' id='word_1_905' title='bbox 1799 2793 1881 2825; x_wconf 87' lang='lat' dir='ltr'>quae</span> <span class='ocrx_word' id='word_1_906' title='bbox 1903 2783 2008 2822; x_wconf 88' lang='lat' dir='ltr'>intus,</span> <span class='ocrx_word' id='word_1_907' title='bbox 2032 2789 2111 2824; x_wconf 84' lang='lat' dir='ltr'>puta</span> <span class='ocrx_word' id='word_1_908' title='bbox 2134 2791 2206 2813; x_wconf 82' lang='lat' dir='ltr'>eam</span> <span class='ocrx_word' id='word_1_909' title='bbox 2221 2791 2305 2823; x_wconf 83' lang='lat' dir='ltr'>quae</span> <span class='ocrx_word' id='word_1_910' title='bbox 2319 2780 2392 2820; x_wconf 79' lang='lat' dir='ltr'>AB,</span> <span class='ocrx_word' id='word_1_911' title='bbox 2415 2778 2551 2811; x_wconf 79' lang='lat' dir='ltr'>finitam.</span> 
     </span>
     <span class='ocr_line' id='line_1_112' title="bbox 1543 2824 2475 2870; baseline -0.003 -11"><span class='ocrx_word' id='word_1_912' title='bbox 1543 2827 1741 2870; x_wconf 89' lang='lat' dir='ltr'>Impossibile</span> <span class='ocrx_word' id='word_1_913' title='bbox 1764 2827 1860 2869; x_wconf 82' lang='lat' dir='ltr'>igitur</span> <span class='ocrx_word' id='word_1_914' title='bbox 1883 2827 2044 2860; x_wconf 87' lang='lat' dir='ltr'>infinitum</span> <span class='ocrx_word' id='word_1_915' title='bbox 2068 2836 2136 2858; x_wconf 82' lang='lat' dir='ltr'>esse</span> <span class='ocrx_word' id='word_1_916' title='bbox 2158 2826 2250 2869; x_wconf 91' lang='lat' dir='ltr'>quod</span> <span class='ocrx_word' id='word_1_917' title='bbox 2272 2825 2306 2856; x_wconf 89' lang='lat' dir='ltr'>in</span> <span class='ocrx_word' id='word_1_918' title='bbox 2330 2824 2475 2857; x_wconf 85' lang='lat' dir='ltr'>circuitu.</span> 
     </span>
    </p>
   </div>
   <div class='ocr_carea' id='block_1_11' title="bbox 1474 3054 2553 3616">
    <p class='ocr_par' dir='ltr' id='par_1_12' title="bbox 1474 3054 2553 3616">
     <span class='ocr_line' id='line_1_113' title="bbox 1475 3054 2552 3095; baseline -0.003 -9"><span class='ocrx_word' id='word_1_919' title='bbox 1475 3066 1654 3088; x_wconf 84' lang='lat' dir='ltr'>mamentum</span> <span class='ocrx_word' id='word_1_920' title='bbox 1668 3059 1716 3088; x_wconf 89' lang='lat' dir='ltr'>tali</span> <span class='ocrx_word' id='word_1_921' title='bbox 1737 3059 1829 3088; x_wconf 89' lang='lat' dir='ltr'>modo</span> <span class='ocrx_word' id='word_1_922' title='bbox 1845 3057 1969 3087; x_wconf 85' lang='lat' dir='ltr'>moveri:</span> <span class='ocrx_word' id='word_1_923' title='bbox 1992 3066 2054 3086; x_wconf 89' lang='lat' dir='ltr'>non</span> <span class='ocrx_word' id='word_1_924' title='bbox 2069 3063 2112 3086; x_wconf 87' lang='lat' dir='ltr'>est</span> <span class='ocrx_word' id='word_1_925' title='bbox 2126 3066 2196 3095; x_wconf 83' lang='lat' dir='ltr'>ergo</span> <span class='ocrx_word' id='word_1_926' title='bbox 2211 3055 2368 3085; x_wconf 82' lang='lat' dir='ltr'>infinitum.</span> <span class='ocrx_word' id='word_1_927' title='bbox 2383 3071 2404 3078; x_wconf 93' lang='lat'>-</span> <span class='ocrx_word' id='word_1_928' title='bbox 2420 3054 2446 3084; x_wconf 79' lang='lat'>³.</span> <span class='ocrx_word' id='word_1_929' title='bbox 2463 3055 2552 3084; x_wconf 67' lang='lat' dir='ltr'>pne-</span> 
     </span>
     <span class='ocr_line' id='line_1_114' title="bbox 1474 3094 2552 3131; baseline -0.005 -3"><span class='ocrx_word' id='word_1_930' title='bbox 1474 3099 1608 3128; x_wconf 86' lang='lat' dir='ltr'>notiones</span> <span class='ocrx_word' id='word_1_931' title='bbox 1629 3100 1667 3128; x_wconf 88' lang='lat' dir='ltr'>ad</span> <span class='ocrx_word' id='word_1_932' title='bbox 1688 3099 1802 3128; x_wconf 80' lang='lat' dir='ltr'>tertiam</span> <span class='ocrx_word' id='word_1_933' title='bbox 1819 3098 1972 3128; x_wconf 86' lang='lat' dir='ltr'>rationem.</span> <span class='ocrx_word' id='word_1_934' title='bbox 1995 3097 2026 3126; x_wconf 89' lang='lat' dir='ltr'>Si</span> <span class='ocrx_word' id='word_1_935' title='bbox 2041 3097 2098 3126; x_wconf 90' lang='lat' dir='ltr'>sint</span> <span class='ocrx_word' id='word_1_936' title='bbox 2112 3098 2187 3126; x_wconf 77' lang='lat' dir='ltr'>duae</span> <span class='ocrx_word' id='word_1_937' title='bbox 2205 3096 2298 3125; x_wconf 88' lang='lat' dir='ltr'>lineae</span> <span class='ocrx_word' id='word_1_938' title='bbox 2320 3095 2418 3124; x_wconf 80' lang='lat' dir='ltr'>finitae</span> <span class='ocrx_word' id='word_1_939' title='bbox 2432 3095 2459 3124; x_wconf 75' lang='lat' dir='ltr'>A</span> <span class='ocrx_word' id='word_1_940' title='bbox 2473 3101 2502 3124; x_wconf 87' lang='lat' dir='ltr'>et</span> <span class='ocrx_word' id='word_1_941' title='bbox 2516 3094 2552 3131; x_wconf 81' lang='lat' dir='ltr'>B,</span> 
     </span>
     <span class='ocr_line' id='line_1_115' title="bbox 1476 3134 2550 3176; baseline -0.005 -8"><span class='ocrx_word' id='word_1_942' title='bbox 1476 3145 1503 3167; x_wconf 92' lang='lat' dir='ltr'>et</span> <span class='ocrx_word' id='word_1_943' title='bbox 1516 3140 1542 3167; x_wconf 76' lang='lat' dir='ltr'>A</span> <span class='ocrx_word' id='word_1_944' title='bbox 1564 3139 1670 3168; x_wconf 87' lang='lat' dir='ltr'>feratur</span> <span class='ocrx_word' id='word_1_945' title='bbox 1690 3140 1768 3168; x_wconf 76' lang='lat' dir='ltr'>iuxta</span> <span class='ocrx_word' id='word_1_946' title='bbox 1790 3140 1813 3167; x_wconf 90' lang='lat' dir='ltr'>B</span> <span class='ocrx_word' id='word_1_947' title='bbox 1834 3138 2041 3176; x_wconf 81' lang='lat' dir='ltr'>quiescentem,</span> <span class='ocrx_word' id='word_1_948' title='bbox 2064 3138 2150 3166; x_wconf 92' lang='lat' dir='ltr'>simul</span> <span class='ocrx_word' id='word_1_949' title='bbox 2172 3136 2247 3166; x_wconf 88' lang='lat' dir='ltr'>linea</span> <span class='ocrx_word' id='word_1_950' title='bbox 2268 3142 2363 3171; x_wconf 81' lang='lat' dir='ltr'>mota,</span> <span class='ocrx_word' id='word_1_951' title='bbox 2386 3143 2492 3172; x_wconf 85' lang='lat' dir='ltr'>nempe</span> <span class='ocrx_word' id='word_1_952' title='bbox 2512 3134 2550 3171; x_wconf 77' lang='lat' dir='ltr'>A,</span> 
     </span>
     <span class='ocr_line' id='line_1_116' title="bbox 1475 3174 2552 3217; baseline -0.005 -9"><span class='ocrx_word' id='word_1_953' title='bbox 1475 3179 1652 3215; x_wconf 78' lang='lat' dir='ltr'>separabitur</span> <span class='ocrx_word' id='word_1_954' title='bbox 1665 3189 1682 3208; x_wconf 88' lang='lat' dir='ltr'>a</span> <span class='ocrx_word' id='word_1_955' title='bbox 1696 3179 1772 3208; x_wconf 80' lang='lat' dir='ltr'>linea</span> <span class='ocrx_word' id='word_1_956' title='bbox 1787 3178 1963 3217; x_wconf 84' lang='lat' dir='ltr'>quiescente,</span> <span class='ocrx_word' id='word_1_957' title='bbox 1978 3187 2029 3207; x_wconf 94' lang='lat' dir='ltr'>seu</span> <span class='ocrx_word' id='word_1_958' title='bbox 2044 3179 2076 3214; x_wconf 89' lang='lat' dir='ltr'>B,</span> <span class='ocrx_word' id='word_1_959' title='bbox 2093 3184 2121 3206; x_wconf 93' lang='lat' dir='ltr'>et</span> <span class='ocrx_word' id='word_1_960' title='bbox 2135 3186 2152 3206; x_wconf 89' lang='lat' dir='ltr'>e</span> <span class='ocrx_word' id='word_1_961' title='bbox 2166 3185 2318 3206; x_wconf 82' lang='lat' dir='ltr'>converso.</span> <span class='ocrx_word' id='word_1_962' title='bbox 2334 3175 2393 3204; x_wconf 86' lang='lat' dir='ltr'>Sed</span> <span class='ocrx_word' id='word_1_963' title='bbox 2406 3174 2431 3203; x_wconf 78' lang='lat' dir='ltr'>si</span> <span class='ocrx_word' id='word_1_964' title='bbox 2444 3174 2552 3203; x_wconf 77' lang='lat' dir='ltr'>ambae</span> 
     </span>
     <span class='ocr_line' id='line_1_117' title="bbox 1477 3212 2550 3259; baseline -0.005 -12"><span class='ocrx_word' id='word_1_965' title='bbox 1477 3226 1646 3248; x_wconf 82' lang='lat' dir='ltr'>moveantur</span> <span class='ocrx_word' id='word_1_966' title='bbox 1662 3229 1721 3249; x_wconf 84' lang='lat' dir='ltr'>una</span> <span class='ocrx_word' id='word_1_967' title='bbox 1743 3226 1845 3248; x_wconf 88' lang='lat' dir='ltr'>contra</span> <span class='ocrx_word' id='word_1_968' title='bbox 1865 3218 1963 3255; x_wconf 81' lang='lat' dir='ltr'>aliam,</span> <span class='ocrx_word' id='word_1_969' title='bbox 1986 3218 2069 3248; x_wconf 87' lang='lat' dir='ltr'>citius</span> <span class='ocrx_word' id='word_1_970' title='bbox 2091 3217 2311 3256; x_wconf 77' lang='lat' dir='ltr'>separabuntur,</span> <span class='ocrx_word' id='word_1_971' title='bbox 2333 3214 2498 3259; x_wconf 71' lang='lat' dir='ltr'>dummodo</span> <span class='ocrx_word' id='word_1_972' title='bbox 2512 3212 2550 3242; x_wconf 81' lang='lat' dir='ltr'>sit</span> 
     </span>
     <span class='ocr_line' id='line_1_118' title="bbox 1476 3257 2551 3295; baseline -0.004 -9"><span class='ocrx_word' id='word_1_973' title='bbox 1476 3259 1602 3295; x_wconf 83' lang='lat' dir='ltr'>aequalis</span> <span class='ocrx_word' id='word_1_974' title='bbox 1613 3259 1750 3289; x_wconf 87' lang='lat' dir='ltr'>velocitas</span> <span class='ocrx_word' id='word_1_975' title='bbox 1762 3260 1885 3289; x_wconf 86' lang='lat' dir='ltr'>duarum</span> <span class='ocrx_word' id='word_1_976' title='bbox 1898 3265 2001 3288; x_wconf 86' lang='lat' dir='ltr'>contra</span> <span class='ocrx_word' id='word_1_977' title='bbox 2007 3268 2038 3287; x_wconf 87' lang='lat' dir='ltr'>se</span> <span class='ocrx_word' id='word_1_978' title='bbox 2046 3257 2170 3287; x_wconf 88' lang='lat' dir='ltr'>invicem</span> <span class='ocrx_word' id='word_1_979' title='bbox 2182 3262 2339 3291; x_wconf 79' lang='lat' dir='ltr'>motarum,</span> <span class='ocrx_word' id='word_1_980' title='bbox 2347 3261 2376 3284; x_wconf 92' lang='lat' dir='ltr'>et</span> <span class='ocrx_word' id='word_1_981' title='bbox 2385 3263 2473 3283; x_wconf 80' lang='lat' dir='ltr'>umus</span> <span class='ocrx_word' id='word_1_982' title='bbox 2484 3262 2551 3283; x_wconf 87' lang='lat' dir='ltr'>mo-</span> 
     </span>
     <span class='ocr_line' id='line_1_119' title="bbox 1476 3294 2549 3340; baseline -0.004 -14"><span class='ocrx_word' id='word_1_983' title='bbox 1476 3304 1521 3327; x_wconf 85' lang='lat' dir='ltr'>tae</span> <span class='ocrx_word' id='word_1_984' title='bbox 1533 3306 1633 3328; x_wconf 89' lang='lat' dir='ltr'>contra</span> <span class='ocrx_word' id='word_1_985' title='bbox 1646 3300 1731 3328; x_wconf 83' lang='lat' dir='ltr'>aliam</span> <span class='ocrx_word' id='word_1_986' title='bbox 1746 3306 1881 3328; x_wconf 79' lang='lat' dir='ltr'>stantem.</span> <span class='ocrx_word' id='word_1_987' title='bbox 1894 3300 1936 3328; x_wconf 84' lang='lat' dir='ltr'>Ex</span> <span class='ocrx_word' id='word_1_988' title='bbox 1950 3299 2008 3328; x_wconf 87' lang='lat' dir='ltr'>hoc</span> <span class='ocrx_word' id='word_1_989' title='bbox 2022 3305 2120 3328; x_wconf 85' lang='lat' dir='ltr'>autem</span> <span class='ocrx_word' id='word_1_990' title='bbox 2135 3303 2214 3335; x_wconf 86' lang='lat' dir='ltr'>patet</span> <span class='ocrx_word' id='word_1_991' title='bbox 2228 3296 2309 3334; x_wconf 89' lang='lat' dir='ltr'>quod</span> <span class='ocrx_word' id='word_1_992' title='bbox 2323 3294 2402 3324; x_wconf 90' lang='lat' dir='ltr'>idem</span> <span class='ocrx_word' id='word_1_993' title='bbox 2415 3300 2461 3340; x_wconf 67' lang='lat' dir='ltr'>est</span> <span class='ocrx_word' id='word_1_994' title='bbox 2474 3300 2549 3323; x_wconf 86' lang='lat' dir='ltr'>tem-</span> 
     </span>
     <span class='ocr_line' id='line_1_120' title="bbox 1477 3334 2552 3380; baseline -0.003 -14"><span class='ocrx_word' id='word_1_995' title='bbox 1477 3347 1530 3374; x_wconf 90' lang='lat' dir='ltr'>pus</span> <span class='ocrx_word' id='word_1_996' title='bbox 1545 3348 1603 3376; x_wconf 91' lang='lat' dir='ltr'>quo</span> <span class='ocrx_word' id='word_1_997' title='bbox 1617 3349 1675 3368; x_wconf 83' lang='lat' dir='ltr'>una</span> <span class='ocrx_word' id='word_1_998' title='bbox 1692 3340 1768 3369; x_wconf 84' lang='lat' dir='ltr'>linea</span> <span class='ocrx_word' id='word_1_999' title='bbox 1782 3339 1937 3377; x_wconf 79' lang='lat' dir='ltr'>pertransit</span> <span class='ocrx_word' id='word_1_1000' title='bbox 1950 3339 2046 3375; x_wconf 81' lang='lat' dir='ltr'>aliam,</span> <span class='ocrx_word' id='word_1_1001' title='bbox 2058 3344 2087 3368; x_wconf 92' lang='lat' dir='ltr'>et</span> <span class='ocrx_word' id='word_1_1002' title='bbox 2100 3346 2161 3376; x_wconf 88' lang='lat' dir='ltr'>quo</span> <span class='ocrx_word' id='word_1_1003' title='bbox 2177 3336 2234 3366; x_wconf 82' lang='lat' dir='ltr'>alia</span> <span class='ocrx_word' id='word_1_1004' title='bbox 2247 3334 2401 3374; x_wconf 76' lang='lat' dir='ltr'>pertransit</span> <span class='ocrx_word' id='word_1_1005' title='bbox 2414 3343 2519 3380; x_wconf 74' lang='lat' dir='ltr'>ipsam.</span> <span class='ocrx_word' id='word_1_1006' title='bbox 2532 3350 2552 3356; x_wconf 96' lang='lat'><em>-</em></span> 
     </span>
     <span class='ocr_line' id='line_1_121' title="bbox 1477 3374 2550 3420; baseline -0.002 -15"><span class='ocrx_word' id='word_1_1007' title='bbox 1477 3378 1654 3414; x_wconf 86' lang='lat' dir='ltr'>Impossibile</span> <span class='ocrx_word' id='word_1_1008' title='bbox 1665 3387 1707 3408; x_wconf 90' lang='lat' dir='ltr'>est</span> <span class='ocrx_word' id='word_1_1009' title='bbox 1722 3380 1827 3408; x_wconf 85' lang='lat' dir='ltr'>lineam</span> <span class='ocrx_word' id='word_1_1010' title='bbox 1840 3379 1952 3408; x_wconf 82' lang='lat' dir='ltr'>finitam</span> <span class='ocrx_word' id='word_1_1011' title='bbox 1966 3386 2099 3416; x_wconf 84' lang='lat' dir='ltr'>tempore</span> <span class='ocrx_word' id='word_1_1012' title='bbox 2113 3376 2196 3406; x_wconf 84' lang='lat' dir='ltr'>finito</span> <span class='ocrx_word' id='word_1_1013' title='bbox 2207 3375 2380 3414; x_wconf 85' lang='lat' dir='ltr'>pertransire</span> <span class='ocrx_word' id='word_1_1014' title='bbox 2396 3374 2550 3420; x_wconf 75' lang='lat' dir='ltr'>infimtam.</span> 
     </span>
     <span class='ocr_line' id='line_1_122' title="bbox 1477 3414 2552 3454; baseline -0.002 -9"><span class='ocrx_word' id='word_1_1015' title='bbox 1477 3418 1552 3446; x_wconf 89' lang='lat' dir='ltr'>Nihil</span> <span class='ocrx_word' id='word_1_1016' title='bbox 1573 3426 1669 3448; x_wconf 86' lang='lat' dir='ltr'>autem</span> <span class='ocrx_word' id='word_1_1017' title='bbox 1690 3419 1785 3448; x_wconf 81' lang='lat' dir='ltr'>differt</span> <span class='ocrx_word' id='word_1_1018' title='bbox 1805 3429 1842 3448; x_wconf 88' lang='lat' dir='ltr'>an</span> <span class='ocrx_word' id='word_1_1019' title='bbox 1864 3419 1941 3448; x_wconf 83' lang='lat' dir='ltr'>linea</span> <span class='ocrx_word' id='word_1_1020' title='bbox 1962 3418 2045 3448; x_wconf 79' lang='lat' dir='ltr'>finita</span> <span class='ocrx_word' id='word_1_1021' title='bbox 2057 3418 2165 3447; x_wconf 80' lang='lat' dir='ltr'>feratur</span> <span class='ocrx_word' id='word_1_1022' title='bbox 2177 3426 2266 3454; x_wconf 87' lang='lat' dir='ltr'>super</span> <span class='ocrx_word' id='word_1_1023' title='bbox 2279 3415 2433 3451; x_wconf 81' lang='lat' dir='ltr'>infinitam,</span> <span class='ocrx_word' id='word_1_1024' title='bbox 2447 3414 2493 3444; x_wconf 85' lang='lat' dir='ltr'>vel</span> <span class='ocrx_word' id='word_1_1025' title='bbox 2514 3419 2552 3443; x_wconf 77' lang='lat' dir='ltr'>sit</span> 
     </span>
     <span class='ocr_line' id='line_1_123' title="bbox 1478 3454 2551 3497; baseline -0.002 -12"><span class='ocrx_word' id='word_1_1026' title='bbox 1478 3467 1493 3485; x_wconf 90' lang='lat' dir='ltr'>e</span> <span class='ocrx_word' id='word_1_1027' title='bbox 1515 3467 1662 3487; x_wconf 89' lang='lat' dir='ltr'>converso.</span> <span class='ocrx_word' id='word_1_1028' title='bbox 1685 3475 1704 3481; x_wconf 84' lang='lat'>-·</span> <span class='ocrx_word' id='word_1_1029' title='bbox 1725 3460 1801 3488; x_wconf 90' lang='lat' dir='ltr'>Cum</span> <span class='ocrx_word' id='word_1_1030' title='bbox 1822 3459 1894 3488; x_wconf 81' lang='lat' dir='ltr'>nihil</span> <span class='ocrx_word' id='word_1_1031' title='bbox 1916 3459 2070 3497; x_wconf 84' lang='lat' dir='ltr'>prohibeat</span> <span class='ocrx_word' id='word_1_1032' title='bbox 2090 3457 2197 3486; x_wconf 80' lang='lat' dir='ltr'>lineam</span> <span class='ocrx_word' id='word_1_1033' title='bbox 2220 3466 2295 3494; x_wconf 82' lang='lat' dir='ltr'>quae</span> <span class='ocrx_word' id='word_1_1034' title='bbox 2317 3461 2451 3485; x_wconf 82' lang='lat' dir='ltr'>movetur</span> <span class='ocrx_word' id='word_1_1035' title='bbox 2470 3454 2551 3483; x_wconf 80' lang='lat' dir='ltr'>ium</span> 
     </span>
     <span class='ocr_line' id='line_1_124' title="bbox 1478 3496 2551 3537; baseline -0.003 -11"><span class='ocrx_word' id='word_1_1036' title='bbox 1478 3497 1680 3534; x_wconf 86' lang='lat' dir='ltr'>quiescentem,</span> <span class='ocrx_word' id='word_1_1037' title='bbox 1696 3499 1822 3528; x_wconf 86' lang='lat' dir='ltr'>velocius</span> <span class='ocrx_word' id='word_1_1038' title='bbox 1846 3499 2020 3537; x_wconf 82' lang='lat' dir='ltr'>pertransire</span> <span class='ocrx_word' id='word_1_1039' title='bbox 2042 3507 2108 3527; x_wconf 80' lang='lat' dir='ltr'>eam</span> <span class='ocrx_word' id='word_1_1040' title='bbox 2131 3506 2220 3535; x_wconf 89' lang='lat' dir='ltr'>quam</span> <span class='ocrx_word' id='word_1_1041' title='bbox 2244 3496 2267 3525; x_wconf 86' lang='lat' dir='ltr'>si</span> <span class='ocrx_word' id='word_1_1042' title='bbox 2292 3501 2458 3525; x_wconf 76' lang='lat' dir='ltr'>moveretur</span> <span class='ocrx_word' id='word_1_1043' title='bbox 2471 3499 2551 3523; x_wconf 77' lang='lat' dir='ltr'>iuxta</span> 
     </span>
     <span class='ocr_line' id='line_1_125' title="bbox 1478 3534 2550 3575; baseline -0.003 -10"><span class='ocrx_word' id='word_1_1044' title='bbox 1478 3537 1582 3566; x_wconf 83' lang='lat' dir='ltr'>lineam</span> <span class='ocrx_word' id='word_1_1045' title='bbox 1597 3538 1626 3566; x_wconf 90' lang='lat' dir='ltr'>in</span> <span class='ocrx_word' id='word_1_1046' title='bbox 1641 3539 1817 3568; x_wconf 81' lang='lat' dir='ltr'>eontrarium</span> <span class='ocrx_word' id='word_1_1047' title='bbox 1833 3546 1954 3575; x_wconf 86' lang='lat' dir='ltr'>motam,</span> <span class='ocrx_word' id='word_1_1048' title='bbox 1970 3547 2031 3568; x_wconf 87' lang='lat' dir='ltr'>non</span> <span class='ocrx_word' id='word_1_1049' title='bbox 2046 3537 2130 3567; x_wconf 84' lang='lat' dir='ltr'>refert</span> <span class='ocrx_word' id='word_1_1050' title='bbox 2144 3538 2182 3566; x_wconf 87' lang='lat' dir='ltr'>ad</span> <span class='ocrx_word' id='word_1_1051' title='bbox 2202 3542 2384 3575; x_wconf 85' lang='lat' dir='ltr'>praesentem</span> <span class='ocrx_word' id='word_1_1052' title='bbox 2405 3534 2550 3564; x_wconf 77' lang='lat' dir='ltr'>rationem</span> 
     </span>
     <span class='ocr_line' id='line_1_126' title="bbox 1478 3573 2553 3616; baseline -0.004 -10"><span class='ocrx_word' id='word_1_1053' title='bbox 1478 3578 1558 3614; x_wconf 91' lang='lat' dir='ltr'>quod</span> <span class='ocrx_word' id='word_1_1054' title='bbox 1571 3578 1646 3607; x_wconf 82' lang='lat' dir='ltr'>linea</span> <span class='ocrx_word' id='word_1_1055' title='bbox 1660 3578 1771 3608; x_wconf 85' lang='lat' dir='ltr'>infinita</span> <span class='ocrx_word' id='word_1_1056' title='bbox 1792 3586 1943 3608; x_wconf 82' lang='lat' dir='ltr'>moveatur</span> <span class='ocrx_word' id='word_1_1057' title='bbox 1964 3578 2043 3608; x_wconf 85' lang='lat' dir='ltr'>iuxta</span> <span class='ocrx_word' id='word_1_1058' title='bbox 2057 3577 2169 3607; x_wconf 85' lang='lat' dir='ltr'>finitam</span> <span class='ocrx_word' id='word_1_1059' title='bbox 2183 3577 2392 3616; x_wconf 86' lang='lat' dir='ltr'>quiescentem,</span> <span class='ocrx_word' id='word_1_1060' title='bbox 2413 3574 2458 3605; x_wconf 88' lang='lat' dir='ltr'>vel</span> <span class='ocrx_word' id='word_1_1061' title='bbox 2472 3573 2553 3603; x_wconf 79' lang='lat' dir='ltr'>iuxta</span> 
     </span>
    </p>
   </div>
   <div class='ocr_carea' id='block_1_12' title="bbox 2661 0 2782 2866">
    <p class='ocr_par' dir='ltr' id='par_1_13' title="bbox 2661 0 2782 2866">
     <span class='ocr_line' id='line_1_127' title="bbox 2661 0 2782 2866; baseline 0 -1956"><span class='ocrx_word' id='word_1_1062' title='bbox 2661 0 2782 2866; x_wconf 95' lang='lat' dir='ltr'>   </span> 
     </span>
    </p>
   </div>
   <div class='ocr_carea' id='block_1_13' title="bbox 2575 1876 2722 1915">
    <p class='ocr_par' dir='ltr' id='par_1_14' title="bbox 2575 1876 2722 1915">
     <span class='ocr_line' id='line_1_128' title="bbox 2575 1876 2722 1915; baseline 0 -5"><span class='ocrx_word' id='word_1_1063' title='bbox 2575 1887 2586 1901; x_wconf 63' lang='grc' dir='ltr'>ν</span> <span class='ocrx_word' id='word_1_1064' title='bbox 2599 1876 2722 1915; x_wconf 49' lang='lat' dir='ltr'>renes.</span> 
     </span>
    </p>
   </div>
   <div class='ocr_carea' id='block_1_14' title="bbox 2574 1502 2767 1556">
    <p class='ocr_par' dir='ltr' id='par_1_15' title="bbox 2574 1502 2767 1556">
     <span class='ocr_line' id='line_1_129' title="bbox 2574 1502 2767 1556; baseline 0 0"><span class='ocrx_word' id='word_1_1065' title='bbox 2574 1525 2680 1556; x_wconf 57' lang='lat' dir='ltr'>⁸1⁶ae</span> <span class='ocrx_word' id='word_1_1066' title='bbox 2711 1502 2731 1556; x_wconf 33' lang='lat'>,⁷</span> <span class='ocrx_word' id='word_1_1067' title='bbox 2764 1512 2767 1514; x_wconf 76' lang='grc'><strong>’</strong></span> 
     </span>
    </p>
   </div>
  </div>
 </body>
</html>
