2782 4134
129 684 140 694 ¹·
154 682 223 704 Num.
239 688 270 708 14·

120 1419 131 1429 ⁸
146 1417 180 1439 cf.
196 1418 220 1439 S.
242 1417 285 1439 Th.
304 1418 326 1439 in

120 1444 172 1465 VIII
192 1444 326 1471 Phyxia-or„

118 1471 168 1492 lect.
183 1476 228 1497 xvi,
243 1476 266 1491 n.
280 1476 300 1497 3.

117 1844 126 1851 ⁹
141 1844 163 1863 et
176 1848 223 1864 om.
231 1848 272 1864 1²51.

117 2474 125 2482 ·
137 2473 206 2494 etiam
220 2479 266 2495 om.
276 2480 320 2501 ppt.

147 2841 178 2888 qli*
198 2857 204 2863 .
216 2847 289 2890 lle’ctn'i
298 2848 324 2869 2;

118 2893 201 2942 §.Ciliz
209 2900 324 2943 ¹103;.²;.⁵³

213 2962 220 2976 ι

119 3112 129 3122 ⁸
148 3117 197 3143 qum
216 3118 326 3142 acuepcr,

121 3143 180 3159 emm
193 3145 214 3160 ν.

372 286 440 322 136

418 375 454 411 4.
475 362 622 400 Deinde
643 373 730 397 cum
750 359 851 397 dicit:
874 356 1169 405 Unumquodque
1188 359 1241 390 est
1258 362 1417 400 quorum

365 422 419 454 est
443 427 534 464 opus
563 420 650 461 etc.,
680 412 840 460 assignat
868 422 1020 447 causam
1049 406 1339 464 praedictorum.
1370 402 1419 438 Et

365 469 488 518 primo
510 467 671 514 assignat
689 477 773 502 eam
792 476 861 512 per
887 463 990 499 viam
1015 466 1309 507 composuioms,
1325 466 1417 513 pro-

367 521 535 558 cedendo
570 531 591 556 a
622 518 745 567 primo
779 516 827 553 ad
859 515 1031 551 ultimum
1067 510 1169 559 quod
1204 515 1414 557 quaerltur;

365 573 532 610 secundo
563 584 631 620 per
663 570 765 607 viam
803 565 1054 611 resolutionis,
1088 559 1415 619 procedendo‘ab

364 626 495 662 ultimo
531 623 634 673 quod
668 620 855 669 quaeritur
885 629 1004 666 usque
1039 616 1086 652 ad
1118 614 1306 663 primum,
1342 613 1414 649 ibi:

363 679 478 715 Nunc
505 682 626 713 autem
654 679 794 711 tantum
822 671 1057 718 manifestum
1086 673 1139 704 est
1158 668 1177 688 ²⁸
1205 673 1273 703 etc.

417 730 525 766 Circa
543 728 707 777 primum
734 724 840 773 ponit
858 723 970 759 talem
991 720 1185 758 rationem.
1208 719 1247 756 Si
1268 719 1416 755 caelum

364 790 418 819 est
435 780 627 831 quoddam
655 789 789 825 corpus
810 775 994 820 divinum,
1015 785 1170 810 necesse
1191 779 1246 809 est
1264 779 1414 808 motum

364 835 442 871 eius
461 845 540 870 esse
569 830 836 879 sempiternum
861 835 897 864 et
915 827 1155 872 circularem3
1186 825 1216 862 si
1245 831 1372 861 motus
1401 824 1415 849 ζ

363 887 440 923 eius
468 893 523 922 est
540 883 786 931 sempiternus
806 887 841 917 et
861 879 1059 927 circularis,
1079 890 1234 915 necesse
1261 884 1316 914 est
1343 884 1415 913 ter-

362 951 441 975 ram
470 949 566 982 esse;
596 936 625 972 si
657 942 752 971 terra
781 941 851 980 est,
881 945 1036 970 necesse
1065 939 1120 968 est
1150 931 1277 979 ignem
1312 942 1412 975 esse;

361 991 390 1027 si
418 989 510 1038 ignis
530 996 585 1025 est
603 995 638 1024 et
655 995 764 1033 terra,
786 993 841 1023 est
859 998 1013 1022 necesse
1042 984 1153 1021 etiam
1183 984 1308 1032 aliqua
1332 994 1413 1018 cor-

312 1064 314 1066 *
358 1055 452 1092 pora
479 1040 698 1079 intermedia
726 1051 828 1085 esse;
864 1038 895 1075 si
922 1046 1049 1075 autem
1078 1044 1164 1075 sunt
1191 1035 1412 1073 huiusmodi

360 1106 527 1143 corpora,
548 1104 701 1130 necesse
721 1099 776 1128 est
794 1091 1076 1139 generationem
1098 1102 1196 1135 esse;
1226 1089 1256 1126 si
1284 1096 1413 1148 autern

359 1146 546 1195 generatio
567 1153 632 1192 est,
654 1156 807 1181 necesse
838 1151 893 1181 est
910 1145 1036 1193 plures
1068 1150 1194 1180 motus
1221 1148 1236 1165 '¹
1261 1154 1342 1194 esse
1375 1154 1414 1178 m

359 1199 472 1236 caelo.
503 1199 615 1246 Ergo,
644 1197 674 1234 si
703 1197 850 1234 caelum
878 1204 934 1233 est
961 1209 1098 1245 corpus
1125 1202 1353 1245 perpetuum
1378 1201 1414 1231 et

357 1251 538 1298 divinum,
559 1262 713 1287 necesse
742 1257 797 1286 est
824 1250 950 1299 plures
969 1257 1096 1286 motus
1117 1261 1198 1286 esse
1227 1248 1265 1285 in
1294 1248 1412 1296 caelo,

355 1312 391 1341 et
415 1317 484 1353 per
512 1298 748 1351 consequens
777 1302 885 1352 plura
914 1314 1075 1351 corpora
1103 1301 1268 1338 mobilia.

411 1358 442 1394 5.
473 1355 625 1404 Singula
659 1354 769 1403 igitur
795 1367 864 1404 per
904 1355 1077 1393 ordinem
1116 1354 1346 1391 manifestat:
1378 1361 1413 1390 et

352 1409 474 1458 primo
501 1409 677 1457 primum.
708 1407 816 1445 Circa
838 1409 941 1456 quod
970 1407 1289 1445 considerandum
1319 1414 1375 1443 est
1393 1407 1413 1427 '³‘

353 1462 457 1511 quod
485 1461 666 1498 Platonici
683 1461 878 1510 ponebant
904 1473 1024 1498 unum
1045 1462 1171 1498 Deum
1200 1471 1409 1507 summum,

353 1515 417 1563 qui
437 1522 492 1551 est
518 1514 599 1564 ipsa
618 1514 778 1551 essentia
797 1513 971 1551 bonitatis
991 1521 1028 1550 et
1047 1513 1215 1560 unitatis,
1237 1513 1307 1550 sub
1333 1525 1410 1561 quo

351 1568 544 1617 ponebant
582 1567 754 1604 ordinem
787 1566 1025 1616 superiorum
1060 1566 1316 1603 intellectuum
1354 1578 1410 1602 se-

351 1628 582 1671 paratorum,
603 1620 666 1670 qui
685 1620 788 1669 apud
807 1632 877 1657 nos
907 1627 1186 1657 consueverunt
1205 1619 1410 1669 intelligen-

351 1674 423 1710 tiae
447 1673 593 1712 vocari:
623 1680 659 1709 et
677 1673 747 1709 sub
766 1673 841 1710 hoc
869 1672 1001 1710 ordine
1020 1673 1216 1721 ponebant
1235 1671 1409 1710 ordinem

351 1726 583 1773 animarum,
613 1726 683 1762 sub
721 1738 796 1774 quo
835 1725 966 1763 ordine
1001 1725 1198 1775 ponebant
1235 1725 1410 1763 ordinem

351 1791 565 1828 corporum.
597 1778 782 1815 Dicebant
811 1790 898 1825 ergo
937 1779 1040 1827 quod
1069 1778 1164 1816 inter
1200 1778 1408 1816 intellectus

350 1838 551 1881 separatos,
567 1830 778 1880 superiores
794 1839 830 1868 et
846 1832 865 1852 ’²‘
879 1831 991 1880 primi
1011 1831 1185 1871 dicuntur
1202 1831 1410 1869 intellectus

353 1885 486 1931 divini,
516 1892 669 1934 propter
706 1883 986 1922 similitudinem
1015 1893 1052 1922 et
1087 1884 1410 1935 propinquitatem

351 1938 399 1975 ad
427 1938 569 1984 Deum;
599 1937 658 1974 alii
685 1949 777 1974 vero
806 1949 884 1974 non
913 1946 1000 1975 sunt
1029 1937 1158 1985 divini,
1180 1946 1336 1988 propter
1357 1938 1410 1976 di-

352 1989 523 2028 stantiam
538 1990 587 2027 ad
605 1991 747 2036 Deum;
768 1989 863 2027 sicut
892 1990 1004 2028 etiarn
1039 1991 1255 2028 animarum
1279 2004 1409 2041 supre-

352 2055 436 2080 mae
465 2051 550 2080 sunt
568 2043 824 2092 intellectivae,
846 2043 1002 2081 infimae
1022 2051 1151 2082 autem
1171 2057 1250 2082 non
1270 2044 1409 2082 intelle-

352 2096 482 2143 cfivae,
494 2097 559 2134 sed
574 2095 814 2134 irrationales.
827 2096 1044 2146 Corporum
1059 2105 1187 2134 autem
1203 2109 1383 2147 suprema
1397 2095 1410 2119 ⁰

352 2157 388 2186 et
414 2149 598 2187 nobiliora
617 2149 791 2187 dicebant
819 2162 901 2187 esse
921 2149 1098 2198 animata,
1119 2150 1191 2188 alia
1217 2163 1311 2188 vero
1331 2151 1409 2189 ina-

351 2202 501 2240 nimata.
523 2203 666 2240 Rursus
695 2202 869 2240 dicebant
888 2203 994 2251 quod
1023 2216 1226 2253 supremae
1246 2203 1407 2252 animae,

350 2263 503 2305 propter
529 2256 603 2293 hoc
629 2255 733 2304 quod
762 2256 977 2305 dependent
1005 2269 1051 2293 ex
1079 2256 1328 2305 intelligentiis
1354 2257 1407 2295 di-

350 2308 457 2356 vinis,
478 2315 563 2346 sunt
582 2308 727 2346 animae
749 2309 915 2356 divinae3
942 2317 978 2347 et
996 2309 1134 2347 iterum
1163 2322 1326 2359 corpora
1348 2323 1408 2348 su-

349 2374 492 2411 prema,
503 2369 656 2411 propter
670 2362 744 2399 hoc
763 2362 867 2410 quod
882 2370 968 2400 sunt
988 2362 1188 2401 coniuncta
1207 2363 1408 2401 animabus

350 2414 495 2462 divinis,
517 2422 604 2452 sunt
631 2427 791 2464 corpora
819 2415 958 2453 divina.

402 2468 488 2505 Hoc
505 2467 614 2516 igitur
627 2467 745 2505 modo
761 2468 873 2506 etiam
889 2469 908 2490 ·⁴·‘
925 2468 1143 2506 Aristoteles
1157 2469 1219 2506 hic
1232 2469 1408 2518 loquitur,

351 2521 478 2558 dicens
497 2521 601 2569 quod
619 2522 921 2570 unumquodque
949 2521 1055 2570 quod
1072 2522 1188 2559 habet
1213 2522 1408 2572 propriam

351 2574 621 2623 operationem,
635 2581 688 2611 est
701 2582 855 2623 propter
870 2587 979 2611 suam
995 2574 1276 2624 operationem:
1293 2588 1407 2624 quae-

351 2626 440 2664 libet
467 2627 568 2664 enim
605 2639 663 2664 res
692 2627 831 2676 appetit
867 2640 976 2665 suam
1003 2628 1276 2677 perfectionem
1313 2629 1408 2667 sicut

353 2691 464 2716 suum
491 2680 628 2727 finem,
658 2680 826 2729 operatio
855 2688 982 2718 autem
1010 2688 1066 2718 est
1083 2681 1216 2719 ultima
1244 2681 1295 2719 rei
1322 2695 1406 2732 per-

353 2732 462 2769 fectio
478 2733 553 2779 (vel
572 2732 703 2770 saltem
718 2733 844 2782 ipsum
864 2741 1074 2783 operatum,
1091 2734 1129 2772 in
1143 2735 1201 2772 his
1215 2734 1254 2772 in
1269 2735 1407 2784 quibus

353 2792 408 2822 est
435 2785 587 2834 aliquod
616 2798 712 2834 opus
739 2794 887 2835 praeter
915 2787 1188 2836 operationem,
1214 2796 1254 2826 ut
1274 2788 1407 2826 dicitur

350 2838 389 2890 in
408 2839 421 2874 I
441 2839 558 2876 Ethic.
581 2839 634 2885 *);
656 2838 796 2876 dictum
825 2847 879 2877 est
907 2840 1008 2877 enim
1028 2840 1066 2877 in
1088 2842 1118 2877 11
1139 2842 1184 2878 de
1206 2842 1349 2880 Anima
1363 2843 1405 2864 ²³*

352 2891 455 2940 quod
474 2892 597 2929 forma
617 2899 671 2929 est
694 2900 797 2930 actus
824 2893 981 2942 primus,
1002 2893 1170 2942 operatio
1200 2902 1327 2932 autem
1353 2904 1407 2934 est

353 2951 455 2981 actus
483 2945 687 2992 secundus,
716 2953 896 2995 tanquam
924 2947 1103 2995 perfectio
1129 2955 1164 2984 et
1183 2947 1268 2985 finis
1287 2956 1295 2969 ²
1315 2961 1406 2998 ope-

353 2997 476 3034 rantis.
497 2998 545 3035 Et
562 2998 637 3035 hoc
652 3006 706 3036 est
719 3011 855 3036 verum
870 2999 999 3037 tamin
1015 3000 1273 3050 corporalibus
1288 3014 1406 3050 quam

352 3050 390 3086 in
417 3050 682 3099 spiritualibus,
707 3059 798 3100 puta
817 3052 854 3089 in
875 3052 1062 3090 habitibus
1082 3053 1249 3100 animae;
1276 3062 1311 3091 et
1330 3063 1406 3092 tam

353 3102 390 3139 in
414 3103 642 3141 naturalibus
662 3116 777 3152 quam
792 3105 829 3142 in
845 3105 1110 3144 artificialibus.
1126 3106 1225 3144 Dicit
1243 3115 1371 3145 tamen
1389 3110 1407 3130 *

354 3167 511 3203 quorum
531 3168 622 3205 opus
641 3163 703 3203 est,
727 3166 880 3207 propter
900 3171 944 3195 ea
963 3171 1059 3207 quae
1084 3167 1169 3196 sunt
1193 3168 1323 3198 contra
1342 3174 1406 3198 na-

354 3214 488 3256 turam,
513 3208 606 3246 sicut
633 3218 718 3247 sunt
745 3218 928 3258 monstra;
959 3224 1124 3260 quorum
1153 3225 1231 3250 non
1259 3221 1315 3250 est
1343 3214 1407 3251 ali-

355 3260 458 3308 quod
486 3273 581 3310 opus
609 3262 830 3311 inquantum
857 3264 1088 3312 huiusmodi,
1119 3265 1185 3303 sed
1213 3266 1406 3314 patiuntur

409 3388 434 3422 ζ)
446 3389 469 3414 si
479 3393 572 3415 motus.
582 3404 600 3409 —
612 3395 637 3416 et
650 3391 673 3416 si
686 3395 770 3417 motus
782 3393 816 3423 1³3
830 3394 890 3418 item
905 3394 970 3419 infra
983 3399 1010 3420 et
1021 3396 1044 3420 si
1058 3399 1145 3427 tem-a,-
1164 3404 1215 3421 non
1230 3402 1316 3422 tamen
1330 3397 1406 3423 habet

357 3426 383 3463 et
400 3423 423 3448 si
441 3424 522 3457 igni„
540 3426 579 3450 ed.
599 3425 662 3450 1516
681 3425 756 3451 habet
774 3431 799 3452 et
817 3429 840 3452 si
858 3432 939 3454 terra.
957 3443 976 3448 -
994 3431 1044 3455 Pro
1062 3431 1086 3456 si
1104 3431 1173 3465 ignis
1195 3435 1235 3457 est
1252 3435 1278 3457 et
1296 3436 1370 3458 terra

358 3459 513 3499 intermedia
531 3467 596 3489 esse,
621 3461 644 3486 si
662 3461 730 3494 ignis
749 3465 774 3487 et
797 3466 869 3488 terra
887 3467 926 3489 est
944 3472 1046 3491 necesse
1063 3469 1102 3491 est
1119 3467 1175 3492 alia
1192 3474 1307 3499 cor-pora
1325 3467 1407 3493 inter-

359 3493 444 3518 medza
458 3500 511 3518 esse
523 3495 657 3525 ABCDE13
676 3496 743 3522 idem
757 3497 786 3527 F,
799 3499 897 3523 omisso
911 3500 991 3525 altero
1003 3504 1057 3531 est,-
1075 3502 1099 3526 G
1113 3509 1161 3535 pro
1174 3508 1276 3528 necesse
1289 3506 1329 3528 est
1347 3503 1407 3536 legit

358 3527 467 3552 absurde
486 3529 571 3561 ignem
590 3536 651 3559 esse,
671 3531 703 3556 de
722 3537 805 3556 cetero
823 3532 880 3558 facit
898 3541 956 3559 curn
975 3533 1008 3560 Α.

410 3562 437 3596 η)
451 3563 543 3594 plures
561 3567 654 3590 motus.
666 3579 686 3584 -
699 3566 836 3592 dissimiles
855 3572 939 3594 motus
952 3570 979 3598 Ρ,
994 3571 1143 3603 corrigendo
1162 3572 1297 3598 lectionem
1311 3573 1408 3599 similes

359 3600 452 3627 motus,
468 3605 545 3630 quam
563 3598 656 3624 habent
673 3601 742 3632 BD{;
762 3601 792 3626 cf.
807 3602 890 3627 statim
910 3603 935 3628 in
954 3606 1117 3631 conclusione
1132 3607 1224 3638 plures
1242 3611 1336 3633 motus.

1054 277 1125 315 DE
1154 274 1329 312 CAELO
1358 271 1428 308 ET
1458 268 1652 306 MUNDO
1683 267 1776 303 LIB.
1807 266 1838 301 II

1475 346 1664 383 defectum
1694 343 1912 393 operativae
1932 342 2095 390 virtutis,
2123 350 2165 379 ut
2191 349 2296 392 patet
2323 344 2361 381 in
2388 343 2447 380 his
2475 343 2541 393 qui

1473 405 1679 435 nascuntur
1704 396 1827 434 claudi
1853 397 1916 434 vel
1947 396 2065 442 caeci;
2094 408 2175 432 non
2194 396 2296 434 enim
2317 396 2540 434 claudicatio

1473 458 1528 488 est
1541 450 1627 487 finis
1642 450 1805 487 intentus
1816 462 1838 486 a
1848 457 1994 496 natura,
2010 456 2167 498 propter
2181 461 2297 498 quem
2313 449 2424 486 faciat
2437 449 2542 487 nasci

1473 503 1612 540 animal
1629 503 1648 524 “³
1664 502 1855 549 claudum,
1873 502 1940 539 sed
1959 503 2034 539 hoc
2049 501 2184 539 accidit
2201 509 2351 551 praeter
2368 502 2542 539 intentio-
2564 514 2573 523 ·

1472 569 1562 594 nem
1582 563 1737 593 naturae
1762 568 1808 593 ex
1833 555 1980 593 defectu
1999 554 2228 592 naturalium
2250 554 2538 604 principiorum.

1526 609 1663 646 Subdit
1699 616 1827 646 autern
1861 609 1967 658 quod
2002 609 2168 656 operatio
2197 608 2273 645 Dei
2299 613 2353 644 est
2385 608 2540 645 immor-

1471 663 1604 699 talitas.
1635 662 1822 699 Nominat
1857 669 1984 699 autem
2016 662 2078 698 hic
2114 662 2257 707 Deum,
2296 672 2376 698 non
2413 661 2540 711 solum

1469 715 1636 765 primam
1665 727 1820 752 causam
1849 715 2024 752 omnium
2053 727 2192 762 rerum,
2213 714 2293 762 sed,
2322 726 2432 751 more
2456 714 2541 751 Pla-

1470 768 1687 806 tonicorum
1717 776 1752 805 et
1780 768 1942 805 aliorum
1970 767 2179 816 gentilium,
2200 767 2331 805 omnia
2360 779 2458 816 quae
2485 766 2539 804 di-

1471 829 1606 858 cuntur
1632 822 1780 868 divina,
1810 821 2023 858 secundum
2055 833 2205 858 morem
2233 819 2484 871 praedictum.
2514 840 2538 848 -

1471 874 1549 911 Sed
1575 874 1727 912 videtur
1755 874 1862 923 quod
1889 874 2153 912 immortalitas
2172 886 2253 912 non
2280 874 2326 911 sit
2353 872 2538 923 operatio,

1469 927 1538 964 sed
1556 926 1682 975 potius
1702 927 1914 964 differentia
1931 928 1995 964 vel
2007 927 2307 976 impassibilitas,
2322 927 2420 968 sicut
2437 938 2540 964 mor-

1469 980 1541 1016 tale
1571 987 1627 1016 est
1654 979 1864 1017 differentia
1890 981 1954 1018 vel
1971 980 2112 1029 passio.
2133 980 2351 1018 Dicendum
2374 987 2430 1017 est
2450 991 2539 1028 ergo

1469 1033 1574 1081 quod
1611 1032 1874 1070 immortalitas
1917 1032 2039 1080 signat
2080 1033 2199 1071 vitam
2223 1033 2538 1076 indeficientem:

1468 1085 1599 1123 vivere
1628 1093 1757 1122 autem
1785 1098 1865 1123 non
1888 1086 2015 1123 solum
2034 1085 2208 1131 nominat
2234 1086 2361 1136 ipsum
2381 1098 2464 1124 esse
2482 1085 2540 1123 vi-

1467 1138 1603 1186 ventis,
1628 1138 1696 1175 sed
1725 1138 1839 1175 etiam
1868 1138 2133 1187 operationem
2161 1138 2279 1187 vitae,
2309 1139 2405 1177 sicut
2433 1139 2539 1176 intel—

1467 1191 1581 1240 ligere
1602 1198 1658 1228 est
1675 1191 1874 1240 quoddam
1888 1190 2033 1239 vivere,
2051 1198 2087 1228 et
2105 1191 2243 1240 sentire
2263 1199 2307 1230 et-
2317 1191 2392 1230 alia
2409 1191 2540 1231 huius-

1469 1245 1587 1291 modi,
1607 1252 1649 1281 ut
1666 1251 1769 1293 patet
1787 1244 1826 1281 in
1846 1245 1878 1281 11
1898 1244 1945 1281 de
1957 1244 2099 1282 Anima
2116 1246 2135 1266 ·“·
2156 1252 2192 1282 et
2211 1244 2250 1282 in
2270 1246 2324 1282 IX
2342 1245 2462 1284 Ethic.
2484 1239 2537 1282 ³⁶.
2565 1253 2582 1286 ⁸.

1469 1299 1518 1335 Et
1545 1298 1595 1335 ad
1622 1298 1697 1334 hoc
1726 1296 2020 1346 exprimendum
2048 1297 2252 1346 subiungit,
2277 1299 2372 1335 haec
2397 1303 2538 1345 autem,
2565 1294 2592 1319 ’⁶'

1468 1351 1606 1388 scilicet
1634 1349 1910 1397 immortalitas,
1929 1355 1983 1387 est
2009 1350 2085 1387 vita
2109 1350 2356 1400 sempiterna:
2383 1356 2540 1401 propter

1468 1404 1574 1452 quod
1594 1403 1707 1441 etiam
1723 1416 1802 1441 non
1817 1403 1906 1441 dicit
1921 1405 1941 1425 ²⁴
1956 1403 2149 1452 quod'Dei
2167 1403 2340 1454 operatio
2355 1403 2403 1441 sit
2415 1403 2539 1442 incor-
2567 1417 2577 1427 ·

1468 1457 1701 1506 ruptibilitas,
1726 1468 1825 1506 quae
1849 1456 2030 1506 importat
2053 1457 2179 1495 solum
2199 1457 2539 1507 sempiternitatem

1466 1510 1583 1559 ipsius
1622 1522 1716 1558 esse,
1745 1509 1815 1548 sed
1843 1509 1932 1548 dicit
1960 1511 1980 1532 *
2009 1510 2283 1558 immortalitas,
2303 1518 2346 1548 ut
2372 1509 2540 1552 includat
2565 1523 2576 1536 ⁸

1466 1563 1804 1612 sempiternitatem
1852 1563 2095 1612 operationis.
2129 1584 2154 1591 -
2191 1563 2301 1602 Unde
2348 1563 2541 1603 concludit

1466 1616 1584 1665 quod,
1604 1617 1635 1654 si
1654 1616 1796 1665 aliquid
1816 1616 2018 1654 mobilium
2038 1616 2184 1654 dicatur
2200 1618 2306 1655 Deus
2324 1617 2540 1657 secundum

1466 1670 1627 1708 modum
1653 1669 1904 1720 praedictum,
1925 1669 2032 1720 quod
2059 1677 2188 1708 motus
2217 1669 2298 1708 eius
2325 1670 2372 1708 sit
2397 1670 2538 1721 sempi-

1466 1731 1610 1769 ternus;
1640 1723 1738 1761 sicut
1757 1730 1795 1760 et
1821 1723 1853 1760 si
1872 1735 1949 1772 qua
1969 1722 2179 1761 substantia
2196 1722 2404 1762 immobilis
2431 1722 2539 1770 Deus

1466 1776 1612 1824 dicitur,
1629 1776 1709 1814 eius
1724 1775 1896 1826 operatio
1915 1784 1972 1815 est
1991 1776 2222 1826 sempiterna
2244 1777 2391 1826 absque
2409 1784 2537 1826 πωπω

1465 1829 1633 1879 alioquin
1650 1830 1819 1868 *frustra
1838 1837 1936 1868 esset
1948 1829 2030 1867 talis
2049 1841 2109 1867 res
2128 1829 2360 1880 sempiterna
2373 1842 2454 1869 non
2469 1830 2538 1871 ha-

1465 1883 1559 1920 bens
1596 1882 1860 1933 operationem
1898 1883 2192 1933 sempiternam,
2224 1890 2382 1933 propter
2418 1895 2536 1934 quam

1464 1948 1719 1986 unaquaeque
1748 1948 1807 1974 res
1837 1943 1903 1974 est.
2464 1937 2486 1941 ”’

1519 1989 1620 2037 Quia
1649 2002 1738 2038 ergo
1769 1990 1919 2027 caelum
1943 1995 1998 2026 est
2017 1990 2091 2027 tale
2110 1989 2217 2038 quod
2235 1988 2451 2029 secundum
2469 2001 2536 2029 an·

1464 2042 1590 2091 tiquos
1609 2043 1714 2080 Deus
1742 2042 1950 2091 dicebatur,
1970 2054 2050 2080 non
2078 2041 2167 2092 quia
2188 2042 2236 2080 sit
2260 2042 2342 2092 ipse
2362 2054 2537 2082 summus

1465 2096 1582 2143 Deus,
1599 2096 1666 2133 sed
1686 2095 1775 2146 quia
1795 2107 1933 2145 corpus
1953 2095 2035 2133 eius
2054 2102 2110 2133 est
2128 2094 2326 2146 quoddam
2346 2095 2534 2143 divinum,

1463 2156 1619 2198 propter
1637 2149 1712 2186 hoc
1726 2149 1832 2198 quod
1847 2155 1904 2186 est
1917 2148 2128 2198 ingenitum
2148 2156 2185 2186 et
2203 2147 2485 2199 incorruptibile
2501 2149 2535 2197 *,
2563 2155 2574 2166 ”

1463 2209 1504 2238 ut
1523 2214 1638 2252 supra
1651 2202 1672 2223 *
1691 2210 1887 2239 ostensum
1908 2209 1979 2249 est;
2009 2201 2097 2240 inde
2117 2210 2175 2239 est
2193 2201 2301 2251 quod
2317 2202 2436 2240 habet
2453 2203 2536 2240 eor·
2561 2211 2574 2223 ·
2634 2227 2642 2234 -

1462 2267 1535 2304 pus
1555 2255 1747 2303 circulare,
1768 2253 1816 2292 ad
1835 2255 1911 2292 hoc
1926 2254 2032 2304 quod
2049 2253 2170 2305 possit
2188 2267 2342 2305 semper
2362 2261 2398 2294 et
2417 2252 2535 2295 circu-

1462 2308 1588 2346 lariter
1601 2314 1615 2329 ¹
1629 2307 1790 2346 moveri.
1801 2307 2011 2346 ostensum
2026 2316 2083 2346 est
2097 2308 2200 2347 enim
2210 2308 2250 2346 in
2259 2308 2536 2358 V111R1ysic.*
2565 2346 2574 2357 ,

1464 2362 1567 2411 quod
1595 2362 1699 2399 solus
1736 2368 1865 2399 motus
1902 2360 2092 2399 circularis
2118 2369 2245 2412 potest
2281 2374 2364 2400 esse
2400 2374 2535 2413 perpe·

1462 2422 1567 2452 tuus:
1597 2427 1688 2452 nam
1717 2426 1833 2464 super
1859 2414 1999 2452 lineam
2027 2422 2171 2453 rectam
2198 2414 2387 2453 infinitam
2410 2414 2535 2456 nullm

1464 2476 1519 2505 est
1547 2475 1695 2516 motus,
1733 2475 1775 2506 ut
1803 2467 1916 2505 etiam
1955 2467 1993 2505 in
2024 2467 2152 2518 primo
2176 2468 2197 2490 ⁸*
2221 2469 2431 2518 probatum
2457 2467 2534 2519 est;
2567 2482 2575 2492 ·

1463 2534 1576 2571 super
1604 2521 1746 2559 lineam
1783 2528 1913 2559 autem
1945 2529 2090 2559 rectam
2117 2521 2265 2559 finitam
2294 2534 2374 2560 non
2409 2529 2535 2575 potest

1463 2587 1546 2612 esse
1574 2582 1701 2612 motus
1737 2573 1905 2612 infinitus
1937 2573 2007 2612 nisi
2035 2587 2106 2625 per
2133 2573 2405 2622 reflexionem,
2434 2587 2534 2626 quae

1463 2628 1620 2676 quidem
1640 2640 1719 2666 non
1738 2635 1864 2678 potest
1883 2639 1966 2666 esse
1986 2627 2068 2666 sine
2086 2628 2376 2678 interpolatione
2389 2629 2411 2651 *
2429 2629 2534 2680 quie·
2563 2641 2572 2651 ·

1461 2681 1527 2729 tis,
1556 2689 1599 2719 ut
1624 2682 1808 2732 probatur
1835 2681 1874 2719 in
1900 2681 1988 2719 VIII
2016 2681 2166 2730 Pizysic.
2184 2682 2205 2703 *
2576 2683 2584 2691 '

1515 2736 1564 2772 Et
1593 2742 1649 2772 est
1676 2733 1950 2773 attendendum
1977 2735 2084 2784 quod
2111 2734 2333 2773 Aristoteles
2357 2735 2419 2773 hic
2443 2746 2534 2787 pro-

1462 2789 1526 2826 bat
1545 2788 1882 2838 sempiternitatem
1901 2795 2029 2826 motus
2050 2787 2142 2826 caeli
2169 2800 2214 2826 ex
2234 2787 2532 2838 sempiternitate

1462 2841 1631 2891 corporis
1647 2841 1744 2889 eius;
1766 2853 1842 2892 qua
1855 2841 1920 2880 via
1933 2853 2014 2880 non
2028 2840 2097 2879 fuit
2114 2853 2206 2879 usus
2219 2841 2259 2879 in
2267 2841 2355 2879 VIII
2365 2841 2531 2891 Hysia„

1461 2895 1550 2944 quia
1570 2895 1745 2933 nondum
1773 2895 2005 2944 probaverat
2023 2893 2362 2944 sempiternitatem
2383 2893 2476 2933 caeli
2495 2894 2529 2935 ⁶.
2560 2905 2569 2916 ·

1462 2948 1539 2986 Sed
1567 2948 1656 2998 quia
1684 2948 1733 2986 ad
1753 2955 1902 2986 motum
1931 2947 2024 2986 caeli
2044 2960 2085 2986 se
2103 2948 2220 2986 habet
2246 2947 2374 2998 ipsum
2392 2960 2532 2999 corpus

1462 3002 1620 3039 caeleste
1652 3010 1694 3039 ut
1727 3001 1886 3039 materia
1915 3008 1952 3039 et
1979 3000 2194 3039 subiectum
2210 3030 2220 3049 ,
2251 3001 2424 3051 primum
2463 3013 2530 3051 au·

1461 3063 1537 3092 tem
1557 3067 1733 3101 movens,
1750 3053 1890 3092 scilicet
1903 3055 2021 3102 Deus,
2034 3053 2130 3092 sicut
2144 3066 2260 3103 agens
2278 3055 2300 3076 '¹‘
2323 3054 2430 3104 quod
2444 3053 2531 3105 facit
2557 3065 2569 3077 ⁸

1461 3108 1586 3157 ipsum
1607 3120 1689 3146 esse
1717 3107 1757 3145 in
1785 3115 1887 3154 actu;
1917 3119 1963 3144 ex
1982 3115 2087 3157 parte
2117 3107 2209 3145 caeli
2227 3107 2382 3158 probari
2405 3114 2530 3158 potest

1461 3162 1565 3210 quod
1585 3161 1630 3198 sit
1648 3168 1785 3210 potens
1813 3173 1966 3210 semper
1984 3161 2145 3209 moveri,
2169 3162 2188 3183 ²⁸
2209 3173 2255 3198 ex
2273 3168 2380 3210 parte
2400 3168 2529 3199 autem
2558 3171 2567 3180 ·

1460 3214 1664 3252 voluntatis
1679 3213 1830 3252 divinae
1847 3214 2038 3264 dependet
2052 3214 2157 3264 quod
2172 3221 2377 3252 moveatur
2389 3213 2429 3252 in
2443 3221 2530 3252 actu

1459 3267 1521 3305 vel
1550 3279 1702 3317 semper
1728 3267 1791 3305 vel
1819 3279 1899 3305 non
1926 3275 2100 3317 semper:

1513 3398 1538 3433 0)
1554 3400 1701 3432 Corporum
1716 3403 1805 3424 autem
1821 3406 1955 3432 suprema.
1967 3413 1985 3418 -
2001 3399 2123 3432 Corpora
2136 3398 2218 3424 etiam
2232 3405 2358 3431 suprema
2370 3397 2429 3431 1³03
2447 3399 2529 3427 etim

1460 3441 1508 3466 pro
1526 3437 1615 3460 autem
1635 3435 1723 3467 legunt
1742 3435 1834 3466 BCG1;
1854 3435 1940 3468 quoad
1957 3441 2108 3467 corporum,
2124 3433 2156 3459 cf.
2169 3433 2318 3460 immediate
2332 3441 2412 3467 supra
2425 3435 2528 3461 anbu-

1461 3477 1521 3494 rum
1539 3476 1569 3495 su
1590 3477 1688 3496 remae.

1515 3505 1534 3537 ι)
1553 3477 1680 3538 &ququam
1695 3505 1826 3540 perfectio
1845 3509 1871 3531 er
1882 3505 1958 3540 finis.
1969 3519 1988 3525 -
2002 3508 2130 3538 tanquam
2149 3505 2271 3537 operatio
2289 3505 2325 3531 sit
2335 3504 2404 3538 fines
2422 3504 2452 3535 P.
2468 3504 2529 3538 qul·

1461 3540 1544 3569 codd.¹
1560 3547 1612 3566 exc.
1627 3540 1708 3571 AsGl,
1724 3541 1855 3575 perfectio
1875 3541 1900 3566 in
1919 3541 2040 3574 operatio
2059 3545 2239 3573 corrumpunt.

1516 3574 1541 3608 κ)
1555 3582 1659 3607 semper
1672 3579 1698 3601 et
1711 3576 1886 3602 circulariter.
1899 3590 1918 3596 -
1929 3582 2034 3609 semper
2045 3578 2072 3602 et
2084 3583 2138 3602 om.
2148 3576 2184 3608 Α;
2199 3579 2226 3602 et
2237 3583 2291 3602 om.
2304 3580 2353 3602 cet.
2365 3589 2384 3596 -
2397 3574 2455 3601 nn.
2469 3582 2527 3609 neq.

1463 3617 1510 3641 pro
1529 3611 1606 3641 solus,
1626 3611 1710 3636 solum
1731 3611 1759 3636 Ρ.

2594 513 2686 535 animal
2699 519 2747 535 om.
2758 519 2782 536 ιν.

2564 1816 2782 1872 ’ὧι-σιμοί
