2782 4134
314 283 390 329 234

1004 281 1075 317 DE
1106 279 1281 316 CAELO
1311 279 1382 315 ET
1411 277 1606 315 MUNDO
1636 277 1731 314 LIB.
1763 278 1812 314 111

1075 504 1374 560 LECTIO
1413 503 1730 561 TERTIA

476 710 479 712 ‚
520 669 641 707 QUOD
667 666 871 699 CORPORA
894 666 951 696 EX
975 664 1304 696 SUPERFICIEBUS
1327 664 1420 696 NON
1444 664 1754 704 GENERANTUR,
1778 666 2014 698 PROBATUR
2036 666 2298 698 RATIONIBUS

1026 722 1359 753 MATHEMATICIS
1383 722 1441 753 ET
1466 723 1771 754 NATURALIBUS

307 868 380 911 Περὶ
406 866 465 910 μὲν
498 863 553 896 οὖν
586 864 652 896 τῶν
685 862 794 894 ἄλλων
829 860 940 907 ἕτερος
969 862 1057 895 ἔστω
1090 861 1211 908 λόγος·
1239 866 1310 899 τοῖς
1335 856 1372 893 δὲ

374 912 498 943 τοῦτον
525 908 584 941 τόν
610 906 736 950 τρόπον
759 906 896 953 λέγουσι
920 909 979 938 καὶ
1005 906 1124 938 πάντα
1150 906 1196 939 τοὶ
1222 906 1370 950 σώματα

373 955 564 986 συνιστᾶσιν
591 951 625 992 ἒξ
651 946 821 983 ἐπιπέδων
848 949 911 983 ὅσα
933 952 993 994 μέν
1013 951 1102 983 ἄλλα
1123 951 1299 994 συμβαίνει
1317 950 1372 982 λε’·

371 1011 440 1045 γειν
459 999 648 1029 ὑπεναντία
667 1000 736 1033 τοῖς
755 994 968 1040 μαθήμασιν,
982 996 1149 1033 ἐπιπολῆς
1164 995 1254 1028 ἔστιν
1272 991 1368 1027 ἰδεῖν·

370 1045 485 1075 καίτοι
515 1037 645 1073 δίκαιον
671 1038 710 1078 ἦν
738 1039 758 1077 ἦ
783 1040 830 1085 μή
855 1044 956 1072 κινεῖν
983 1039 1003 1077 ἦ
1029 1039 1244 1084 πιστοτέροις
1277 1039 1372 1073 αὐτοὶ

370 1087 483 1133 λόγοις
507 1090 606 1117 κινεῖν
632 1087 699 1118 τῶν
725 1084 928 1117 ύποθέσεων.

297 1133 444 1165 Ἔπειτα
475 1126 579 1167 δῆλον
606 1129 661 1162 ὅτι
686 1131 749 1162 τοῦ
776 1130 888 1162 αὐτοῦ
919 1128 1022 1175 λόγου
1056 1126 1129 1160 ἐστὶ
1163 1129 1286 1173 στερεοὶ
1309 1129 1369 1172 μὲν

371 1176 405 1217 ἐξ
439 1170 607 1208 ἐπιπέδων
641 1174 856 1221 συγκεῖσθαι,
884 1168 1032 1206 ἐπίπεδα
1064 1169 1094 1204 δ’
1122 1174 1158 1205 ἐκ
1183 1175 1367 1219 γραμμῶν,

369 1219 502 1258 ταύτας
519 1215 550 1251 δ’
571 1219 607 1251 ἐκ
627 1220 796 1266 στιγμῶν·
823 1218 913 1251 οὕτω
935 1214 963 1250 δ’
987 1217 1138 1262 ἑχόντων
1157 1220 1218 1251 οὐκ
1237 1218 1368 1265 ἀνάγκη

369 1265 410 1298 τὸ
436 1265 498 1302 τῆς
523 1265 680 1310 γραμμῆς
705 1263 802 1308 μέρος
827 1263 987 1310 γραμμήν
1012 1259 1110 1295 εἶναι.
1137 1265 1212 1308 Περὶ
1233 1258 1270 1295 δὲ
1291 1264 1371 1296 τού-

367 1321 434 1343 των
461 1308 671 1341 ἐπέσκεπται
696 1309 859 1353 πρότερον
885 1308 917 1341 ἐν
945 1311 1016 1345 τοῖς
1035 1310 1107 1352 περὶ
1132 1308 1292 1346 κινήσεως
1314 1308 1372 1340 λό-

367 1366 451 1401 γοις,
480 1354 534 1387 ὃτι
561 1351 619 1385 οὐκ
645 1353 735 1386 ἔστιν
764 1347 945 1396 ἀδιαίρετα
971 1351 1075 1396 μήκη.

293 1399 380 1432 ’Ὀσα
404 1394 441 1430 δὲ
467 1400 538 1443 περὶ
565 1399 630 1430 τῶν
656 1398 797 1442 φυσικῶν
823 1397 991 1441 σωμάτων
1016 1392 1175 1429 ἀδύνατα
1193 1396 1369 1441 συμβαίνει

365 1443 475 1489 λέγειν
502 1447 572 1480 τοῖς
599 1443 732 1474 ποιοῦσι
759 1442 821 1480 τάς
849 1441 997 1486 ἀτόμους
1029 1441 1210 1487 γραμμάς,
1238 1442 1292 1473 ἐπὶ
1319 1453 1370 1486 μι-

365 1490 442 1531 κρὸν
467 1487 686 1531 θεωρήσωμεν
717 1488 775 1518 καὶ
807 1487 881 1518 νῦν·
909 1487 956 1519 τά
980 1486 1039 1531 μὲν
1065 1487 1129 1532 γάρ
1155 1487 1206 1519 ἐπ’
1237 1484 1368 1518 ἐκείνων

369 1529 527 1566 ἀδύνατα
560 1533 792 1576 συμβαίνοντα
824 1533 881 1563 καὶ
908 1535 979 1569 τοῖς
1004 1535 1150 1575 φυσικοῖς
1186 1530 1371 1567 ἀκολουθή-

367 1590 433 1619 σει,
462 1578 510 1609 τά
534 1571 571 1609 δέ
595 1576 731 1612 τούτοις
759 1575 809 1608 ἐπ’
833 1575 963 1607 ἐκείνων
991 1574 1055 1621 οὐχ
1082 1575 1224 1609 ἅπαντα
1249 1571 1308 1607 διά
1327 1574 1368 1607 τὸ

366 1623 414 1656 τά
437 1622 495 1666 μὲν
523 1622 556 1663 ἐξ
584 1621 787 1666 ἀφαιρέσεως
812 1620 973 1667 λέγεσθαι
994 1622 1041 1654 τά
1061 1619 1302 1665 μαθηματικά,
1322 1619 1370 1653 τά

365 1663 402 1699 δὲ
427 1667 550 1710 φυσικά
574 1667 611 1698 ἐκ
637 1663 857 1708 προσθέσεως.

299 1711 414 1744 Πολλοὶ
438 1707 465 1743 δ’
489 1711 581 1743 ἐστὶν
601 1710 623 1742 οἳ
639 1714 710 1747 τοῖς
738 1704 943 1753 ἀδιαιρέτοις
966 1709 1030 1755 οὐχ
1051 1709 1160 1742 οἷόντε
1187 1708 1366 1764 ὑπάρξειν,

367 1760 438 1794 τοῖς
462 1751 500 1787 δέ
525 1759 672 1798 φυσικοῖς
701 1753 903 1799 ἀναγκαῖον,
931 1754 998 1786 οἷον
1025 1756 1054 1785 εἴ
1079 1757 1112 1785 τί
1138 1754 1230 1786 ἐστιν
1259 1754 1368 1786 ἀὸιαί-

366 1812 479 1846 ρετον·
508 1801 540 1832 ἐν
567 1795 748 1843 ἀδιαιρέτῳ
773 1799 837 1844 γάρ
862 1794 1032 1844 διαιρετὸν
1061 1794 1234 1831 ἀδύνατον
1261 1798 1367 1842 ὑπάρ-

365 1857 459 1891 χειν,
494 1845 540 1877 τά
572 1844 610 1876 δὲ
642 1843 734 1880 πάθη
767 1839 927 1887 διαιρεταὶ
959 1843 1077 1876 πάντα
1106 1838 1227 1888 διχῶς·
1255 1842 1275 1879 ἦ
1301 1843 1366 1889 γάρ

364 1890 442 1922 κατ’
472 1885 558 1927 εἶδος
585 1887 605 1926 ἦ
629 1888 726 1926 κατ-ἀ
749 1887 973 1932 συμβεβηκός,
999 1888 1078 1920 κατ’
1100 1885 1187 1926 εἶδος
1212 1887 1272 1932 μὲν
1298 1889 1366 1920 οἷον

365 1934 547 1979 χρώματος
573 1933 614 1965 τό
637 1933 755 1964 λευκὸν
781 1933 839 1964 καὶ
865 1932 906 1963 το“
932 1933 1054 1976 μέλαν,
1080 1933 1177 1964 κατά
1200 1932 1369 1976 συμβεβη-

366 1979 422 2016 κὸς
447 1975 498 2020 δέ,
521 1977 559 2010 ἂν
586 1978 609 2019 ᾧ
635 1977 780 2022 ὑπάρχει
807 1975 827 2019 ᾗ
853 1971 1038 2021 διαιρετόν,
1064 1976 1152 2008 ὥστε
1181 1976 1244 2009 ὅσα
1272 1978 1368 2009 ἁπλᾶ

366 2025 431 2056 τῶν
457 2022 692 2067 παθημάτων,
725 2021 829 2054 πάντ’
860 2023 932 2054 ἐστὶ
964 2017 1124 2066 διαιρεταὶ
1153 2022 1279 2054 τοῦτον
1306 2022 1365 2054 τὸν

366 2067 504 2111 τρόπον.
531 2067 587 2099 Διὸ
605 2067 646 2099 τὸ
666 2062 836 2099 ἀδύνατον
862 2066 894 2098 ἐν
918 2070 987 2104 τοῖς
1014 2065 1184 2104 τοιούτοις
1207 2067 1368 2098 ἐπισκεπ-

365 2111 455 2144 τέον.

297 2158 335 2189 Εἰ
359 2152 402 2193 δή
428 2157 494 2189 τῶν
522 2150 700 2188 ἀδυνάτων
728 2156 800 2187 ἐστὶ
827 2154 991 2199 ἑκατέρου
1017 2154 1134 2199 μέρους
1151 2150 1254 2198 μηδὲν
1274 2154 1366 2200 ἔχον-

364 2212 422 2239 τος
449 2199 548 2244 βάρος
575 2201 622 2232 τά
649 2201 744 2244 ἀμφω
772 2199 859 2245 ἔχειν
877 2199 991 2244 βάρος,
1011 2200 1059 2232 τά
1082 2195 1110 2230 δ’
1134 2198 1285 2236 αἰσθητοὶ
1304 2199 1367 2231 σώ-

363 2257 461 2289 ματα
487 2244 507 2281 ἦ
534 2244 654 2277 πάντα
679 2243 699 2281 ἦ
726 2245 798 2276 ἔνια
830 2243 931 2285 βάρος
966 2245 1055 2289 ἔχει,
1088 2244 1155 2275 οἷον
1181 2245 1201 2280 ἡ
1228 2245 1273 2290 γῆ
1304 2245 1364 2276 καὶ

363 2290 404 2322 τό
431 2285 537 2332 ὕδωρ,
565 2291 605 2327 ὠς
631 2287 693 2320 κᾶν
721 2289 822 2320 αὐτοὶ
852 2293 967 2332 φαῖεν,
999 2289 1027 2320 εἱ
1052 2288 1072 2324 ἡ
1099 2289 1228 2334 στιγμή
1285 2284 1364 2326 ηδὲν

364 2335 432 2380 ἔχει
459 2334 580 2377 βάρος,
606 2329 710 2369 δῆλον
743 2332 797 2365 ὅτι
825 2329 892 2365 οὐδ’
929 2336 963 2365 αἰ
991 2335 1167 2379 γραμμαί,
1195 2334 1222 2365 εἱ
1252 2300 1290 2366 διε
1316 2333 1365 2376 μή

364 2380 487 2420 αὗται,
515 2373 594 2410 οὐδὲ
619 2378 667 2410 τά
691 2372 858 2410 ἐπίπεδα·
885 2377 963 2410 ὥστ’
995 2373 1072 2410 οὐδὲ
1103 2379 1168 2410 τῶν
1194 2378 1364 2423 σωμάτων

365 2423 472 2456 οὐθέν.
1327 2454 1333 2460 ,

289 2469 398 2501 Ἀλλά
422 2468 487 2512 μήν
515 2466 568 2499 ὅτι
587 2467 650 2503 τήν
669 2466 817 2512 στιγμήν
836 2467 900 2512 οὐχ
926 2466 1036 2499 οἷόντε
1059 2466 1159 2511 βάρος
1182 2466 1284 2512 ἔχειν,
1304 2478 1367 2511 φα-

362 2513 468 2555 νερόν.
494 2512 539 2544 T&
556 2512 615 2555 μὲν
633 2511 697 2557 γάρ
723 2511 809 2555 βαριὶ
834 2510 928 2543 ἅπαν
952 2513 1010 2543 καὶ
1033 2511 1160 2554 βαρύτε
1184 2523 1218 2543 ον
1243 2513 1302 2544 καὶ
1323 2510 1365 2543 τὸ

361 2559 484 2601 κοῦφον
509 2558 568 2588 καὶ
592 2556 795 2600 κουφότερον
822 2551 1001 2601 ἐνδέχεταί
1027 2567 1116 2594 τινος
1139 2568 1236 2588 ειναι.
1265 2555 1310 2587 Τὸ
1327 2550 1365 2587 δὲ

363 2601 547 2646 βαρύτερον
574 2599 595 2637 ἦ
626 2600 829 2644 κουφότερον
862 2602 939 2637 ἴσως
973 2600 1033 2632 οὐκ
1068 2600 1199 2646 ἀνάγκη
1233 2599 1318 2645 βαρύ
1344 2598 1366 2636 ἦ

338 2648 485 2690 ,κοῦφον
510 2642 610 2685 εἶναι,
630 2644 738 2689 ὥσπερ
763 2646 822 2675 καὶ
848 2645 889 2676 τὸ
915 2644 974 2688 μὲν
1000 2644 1090 2690 μέγα
1116 2646 1243 2689 μεῖζον,
1266 2645 1307 2677 τὸ
1328 2639 1365 2676 δέ

363 2691 474 2733 μεῖζον
503 2690 539 2721 ού
566 2688 703 2727 πάντως
730 2688 837 2734 μέγα·
866 2689 981 2721 πολλόὶ
1004 2690 1069 2735 γάρ
1097 2687 1188 2721 ἐστιν
1218 2690 1238 2721 οἳ
1262 2701 1319 2733 μικ
1345 2689 1366 2722 ά

364 2735 449 2767 ὄντα
477 2735 591 2772 ἀπλῶς
618 2732 703 2778 ὅμως
729 2735 830 2778 μείζω
855 2734 954 2766 τινῶν
982 2733 1103 2779 ἑτέρων
1130 2735 1235 2767 ἐστίν.
1263 2735 1301 2765 Ei.
1321 2701 1365 2771 δή

364 2781 380 2811 ὃ
407 2778 445 2812 ἂν
480 2778 566 2822 βαρύ
600 2777 635 2810 ὂν
669 2778 855 2823 βαρύτερον
883 2776 926 2820 ᾗ,
963 2777 1094 2825 ἀνάγκη
1127 2778 1222 2823 βάρει
1252 2781 1364 2823 μεῖζον

363 2821 468 2865 εἶναι,
501 2825 560 2855 καὶ
587 2822 627 2854 τὸ
654 2823 738 2867 βαρύ
773 2823 866 2855 άπαν
900 2820 1069 2868 διαιρετόν
1098 2823 1136 2855 ἂν
1162 2825 1225 2860 εἴη.
1262 2824 1302 2858 Ἡ
1328 2821 1365 2857 δὲ

363 2868 492 2915 στιγμή
520 2863 711 2911 ἀδιαίρετον
739 2867 933 2900 ὑπόκειται.

290 2914 368 2946 Ἔτι
393 2914 420 2945 εἰ
446 2912 487 2944 τὸ
512 2912 570 2957 μὲν
603 2913 689 2955 βαρύ
716 2912 840 2944 πυκνόν
871 2923 925 2952 τι,
953 2911 993 2944 τὸ
1018 2907 1056 2943 δὲ
1087 2913 1211 2955 κοῦφον
1242 2912 1362 2956 μανόν,

364 2958 437 2990 ἔστι
469 2954 506 2989 δὲ
539 2956 660 2988 πυκνὸν
698 2958 807 3000 μανοῧ
840 2952 998 3000 διαφέρον
1036 2957 1083 2997 τῷ
1117 2957 1150 2988 ἑν
1183 2958 1241 2998 ἴσῳ
1277 2957 1364 3003 ὄγκῳ

365 3004 479 3034 πλεῖον
506 3000 721 3046 ἐνυπάρχειν.
755 3002 791 3032 Εἰ
818 2999 873 3033 οὖν
900 3001 972 3032 ἐστὶ
999 3001 1129 3047 στιγμή
1156 3001 1276 3055 βαρεῖα
1306 3005 1364 3034 καὶ

363 3046 489 3090 κούφη,
522 3046 620 3078 ἔσται
652 3048 709 3077 καὶ
736 3045 844 3082 πυκνή
877 3047 933 3077 καὶ
967 3045 1071 3088 μανή.
1105 3044 1213 3078 Ἀλλα
1238 3046 1278 3078 τὸ
1305 3047 1363 3091 μέν

365 3091 487 3123 πυκνόν
513 3086 696 3133 διαιρετόν,
724 3091 743 3126 ἡ
770 3087 807 3122 δέ
833 3089 961 3135 στιγμή
990 3085 1193 3135 ἀδιαίρετος.

299 3136 335 3166 Εἰ
361 3132 397 3167 δὲ
423 3136 489 3167 πᾶν
516 3135 556 3167 τὸ
581 3135 665 3177 βαρύ
687 3133 707 3171 ἦ
726 3135 880 3177 μαλακὸν
900 3134 921 3171 ἥ
938 3134 1080 3179 σκληρὸν
1103 3132 1235 3181 ἀνάγκη
1263 3132 1362 3176 εἶναι,

364 3174 477 3224 ῥᾴδιον
499 3180 534 3211 ὲκ
560 3179 691 3211 τούτων
712 3179 884 3212 ἀδύνατόν
903 3191 936 3212 τι
954 3183 1172 3225 συναγαγεῖν.
1200 3179 1364 3212 Μαλακὸν

366 3224 424 3267 μὲν
449 3223 512 3269 γάρ
546 3223 586 3255 τὸ
613 3224 656 3261 εἰς
690 3225 795 3256 ἑαυτό
829 3226 986 3265 ὑπεῖκον,
1020 3223 1162 3268 σκληρὸν
1187 3219 1227 3255 δέ
1251 3224 1291 3257 τὸ
1316 3224 1364 3268 μή

368 3269 516 3299 ύπεῖκον.
548 3268 592 3299 Τό
617 3263 654 3300 δὲ
681 3269 815 3300 ύπεῖκον
842 3264 1029 3311 διαιρετόν.

295 3309 403 3343 Ἀλλὰ.
426 3312 491 3355 μην
517 3307 585 3343 οὐδ’
615 3313 651 3344 ἐκ
677 3313 722 3355 μή
749 3312 895 3358 ἑχόντων
921 3312 1021 3358 βάρος
1049 3313 1147 3345 ἔσται
1173 3311 1287 3356 βάρος.
1320 3313 1365 3344 Τό

368 3368 405 3388 τε
430 3355 492 3401 γάρ
519 3356 573 3387 ἐπὶ
600 3356 711 3388 πόσων
731 3357 944 3401 συμβήσεται
963 3358 1069 3389 τοῦτο
1094 3359 1152 3389 καὶ
1171 3357 1226 3389 ἐπὶ
1245 3359 1362 3399 ποίων,

370 3400 437 3436 πῶς
462 3394 621 3442 διοριοῧσι
647 3401 691 3444 μή
717 3401 914 3445 βουλόμενοι
940 3401 1130 3442 πλάττειν;

302 3446 359 3474 καὶ
384 3443 412 3474 εἱ
437 3444 503 3474 πᾶν
530 3445 640 3486 μεῖζον
666 3445 767 3487 βάρος
793 3445 912 3490 βάρους
940 3446 1047 3491 βάρει,
1066 3445 1281 3489 συμβήσεται
1305 3448 1363 3478 καὶ

371 3486 514 3519 ἕκαστον
541 3490 605 3520 τῶν
634 3489 759 3533 ἀμερῶν
785 3490 884 3534 βάρος
913 3490 1018 3535 ἔχειν·
1046 3491 1072 3522 εἱ
1093 3491 1157 3536 γάρ
1181 3493 1214 3522 αἱ
1236 3490 1366 3523 τέττα-

370 3543 419 3572 ρες
445 3534 587 3576 στιγμαὶ
614 3532 712 3576 βάρος
741 3534 865 3578 ἔχουσι,
890 3535 930 3566 τὸ
955 3531 984 3565 δ’
1006 3535 1041 3566 ἑκ
1068 3535 1229 3567 πλειόνων
1249 3533 1269 3571 ἦ
1288 3531 1364 3567 τοδὶ

371 3575 488 3618 βαρέος
520 3577 615 3613 ὄντος
648 3577 852 3618 βαρύτερον,
887 3579 927 3611 τὸ
959 3575 996 3610 δὲ
1028 3579 1147 3621 βαρέος
1180 3579 1364 3623 βαρύτερον

373 3618 503 3666 ἀνάγκη
531 3620 617 3664 βαρύ
639 3617 738 3662 εἶναι,
757 3621 866 3665 ὥσπερ
891 3623 949 3653 καὶ
969 3623 1008 3654 τό
1026 3624 1146 3655 λευκοῦ
1166 3623 1364 3668 λευκότερον

1426 864 1444 882 ⁴*
1463 865 1510 895 De
1534 864 1602 895 aliis
1620 864 1752 905 quidem
1775 865 1872 905 igitur
1889 865 1965 896 alter
1989 866 2028 897 sit
2051 874 2171 897 sermo:
2190 866 2365 898 dicentibus
2389 873 2497 898 autem

1491 909 1553 939 hoc
1577 910 1689 947 modo,
1705 916 1736 940 et
1759 910 1868 940 omnia
1889 920 2023 950 corpora
2039 911 2303 942 constituentibus
2328 921 2365 942 ex
2388 922 2496 952 super-

1491 953 1631 992 ficiebus,
1649 964 1872 995 quaecumque
1891 954 2022 995 quidem
2037 955 2098 985 alia
2117 956 2228 987 accidit
2248 956 2350 986 dicere
2374 963 2497 987 contra-

1492 998 1537 1028 ria
1554 998 1739 1038 disciplinis,
1756 1005 1945 1039 promptum
1960 998 2075 1030 videre.
2100 1000 2142 1030 Et
2157 1000 2289 1041 quidem
2305 1000 2428 1032 iustum
2442 1007 2497 1032 aut

1493 1053 1558 1073 non
1576 1053 1716 1082 movere,
1733 1049 1787 1074 aut
1807 1043 2056 1074 credibilioribus
2076 1044 2145 1084 ipsa
2166 1044 2340 1076 rationibus
2367 1055 2496 1076 movere

1492 1098 1591 1128 quam
1614 1087 1862 1128 suppositiones.

1424 1132 1441 1151 *
1460 1132 1583 1163 Deinde
1606 1132 1711 1172 palam
1736 1132 1811 1173 quia
1843 1131 1987 1162 eiusdem
2011 1132 2141 1163 rationis
2165 1139 2212 1164 est
2234 1133 2336 1164 solida
2366 1133 2497 1175 quidem

2524 872 2671 927 :faces-p.
2686 879 2705 896 ι.

2524 1140 2534 1149 ·
2548 1139 2617 1161 Text.
2632 1145 2652 1168 5.

1492 1187 1529 1207 ex
1552 1175 1777 1217 superficiebus
1801 1177 1965 1217 componi,
1990 1176 2170 1217 superficies
2195 1185 2302 1208 autern
2325 1187 2362 1208 ex
2385 1178 2496 1217 lineis,
2526 1197 2533 1208 .

1491 1221 1548 1251 has
1571 1228 1679 1252 autem
1703 1231 1739 1251 ex
1763 1221 1900 1261 punctis.
1925 1221 1975 1252 Sic
1991 1228 2099 1252 autem
2121 1221 2328 1260 habentibus,
2353 1232 2419 1252 non
2443 1232 2497 1253 ne-

1493 1275 1577 1296 cesse
1600 1265 1700 1296 lineae
1728 1264 1853 1306 'partem
1876 1265 1992 1296 lineam
2017 1276 2093 1297 esse.
2118 1266 2167 1297 De
2190 1266 2239 1296 his
2262 1273 2371 1297 autem
2394 1266 2497 1297 consi-

1492 1311 1637 1341 deratum
1656 1317 1702 1341 est
1716 1310 1804 1350 prius
1818 1310 1851 1341 in
1874 1311 1923 1341 his
1939 1311 1995 1352 qui
2011 1311 2050 1340 de
2069 1317 2161 1341 motu
2185 1310 2401 1350 sermonibus,
2421 1310 2498 1352 quin

1491 1366 1559 1386 non
1582 1362 1656 1386 sunt
1678 1355 1882 1386 indivisibiles
1904 1355 2130 1396 longitudines.

1424 1401 1441 1420 *
1461 1402 1693 1441 Quaecumque
1715 1407 1823 1430 autern
1847 1401 1887 1430 de
1910 1400 2106 1431 naturalibus
2138 1399 2325 1441 corporibus
2349 1399 2496 1441 impossi-

1491 1446 1567 1477 bilia
1596 1445 1708 1476 accidit
1738 1445 1840 1475 dicere
1864 1444 2050 1476 facientibus
2081 1444 2287 1475 indivisibiles
2310 1444 2431 1484 lineas,
2455 1445 2497 1476 ad

2522 1403 2534 1415 '
2547 1403 2618 1427 Text.
2631 1404 2656 1427 6.

1491 1491 1656 1521 modicum
1681 1489 1916 1520 consideremus
1942 1497 1972 1520 et
1997 1500 2093 1520 nunc.
2119 1489 2331 1530 Impossibilia
2354 1489 2440 1520 enim
2461 1488 2496 1520 in
2527 1487 2533 1489 s

1491 1536 1552 1566 illis
1569 1534 1750 1573 accidentia,
1762 1541 1793 1565 et
1807 1534 2003 1565 naturalibus
2019 1540 2268 1575 consequentur;
2289 1543 2372 1574 quae
2387 1540 2496 1565 autem

1490 1581 1522 1611 in
1546 1580 1606 1618 his,
1633 1580 1665 1610 in
1688 1579 1750 1610 illis
1774 1589 1840 1609 non
1863 1579 1991 1616 omnia3
2016 1585 2145 1619 propter
2167 1579 2230 1610 hoc
2253 1578 2386 1619 quidem
2405 1578 2496 1620 quod

1491 1635 1528 1656 ex
1553 1625 1710 1655 ablatione
1735 1623 1884 1654 dicuntur
1907 1623 2148 1662 mathematica,
2174 1622 2305 1664 physica
2327 1630 2435 1654 autem
2458 1632 2496 1654 ex

1491 1669 1703 1710 appositione.

1423 1714 1440 1733 *
1456 1715 1557 1745 Multa
1581 1721 1688 1744 autem
1708 1719 1782 1743 sunt
1808 1722 1890 1753 quae
1909 1711 2151 1743 indivisibilibus
2167 1721 2233 1742 non
2257 1711 2409 1752 possibile
2432 1711 2495 1743 exi-

1491 1766 1581 1796 stere,
1607 1757 1802 1789 naturalibus
1819 1764 1926 1787 autem
1945 1757 2175 1794 necessarium3
2200 1764 2279 1797 puta
2294 1756 2319 1787 si
2343 1756 2422 1798 quid
2445 1763 2493 1788 est

1489 1802 1688 1833 indivisibile.
1706 1802 1742 1832 In
1758 1801 1939 1832 indivisibili
1962 1801 2047 1831 enim
2063 1801 2217 1832 divisibile
2236 1801 2433 1842 impossibile
2448 1807 2496 1832 est

1490 1848 1636 1878 existere:
1662 1846 1825 1887 passiones
1849 1853 1957 1876 autern
1980 1845 2150 1876 divisibiles
2174 1855 2288 1876 omnes
2317 1844 2494 1886 dupliciter.

1490 1896 1556 1923 Aut
1578 1891 1663 1923 enim
1687 1891 1865 1922 secundum
1888 1890 2038 1931 speciem,
2061 1896 2116 1920 aut
2139 1890 2318 1921 secundum
2340 1889 2496 1921 accidens.

1490 1937 1674 1968 Secundum
1705 1935 1844 1975 speciem
1874 1934 2023 1975 quidem,
2048 1941 2126 1975 puta
2155 1933 2270 1965 coloris
2301 1934 2411 1965 album
2441 1939 2498 1965 aut

1489 1981 1633 2021 nigrum:
1655 1980 1832 2011 secundum
1855 1979 1999 2010 accidens
2019 1986 2137 2017 autem,
2151 1978 2176 2009 si
2194 1978 2243 2009 cui
2268 1978 2378 2010 existat
2398 1978 2439 2010 sit
2452 1977 2497 2009 di-

1488 2025 1618 2056 visibile.
1642 2025 1748 2062 Quare
1768 2034 1990 2065 quaecumque
2009 2023 2164 2063 simplicia
2178 2023 2367 2064 passionum
2389 2022 2497 2055 omnia

1484 2078 1559 2102 sunt
1577 2069 1742 2100 divisibilia
1758 2069 1820 2100 hoc
1839 2068 1949 2099 modo.
1965 2068 1982 2087 *
1994 2069 2126 2109 Propter
2141 2068 2231 2109 quod
2249 2067 2447 2109 impossibile
2461 2067 2497 2100 in

1488 2115 1603 2146 talibus
1627 2113 1904 2154 considerandum.

1423 2160 1454 2192 Si
1477 2160 1584 2201 itaque
1608 2158 1857 2199 impossibilium
1881 2165 1944 2196 est,
1965 2163 2103 2198 utroque
2126 2157 2248 2188 nullam
2271 2156 2406 2188 habente
2429 2166 2496 2198 gra-

1488 2205 1629 2241 vitatem,
1645 2203 1741 2233 ambo
1761 2202 1875 2233 habere
1891 2201 2091 2242 gravitatem;
2113 2201 2271 2232 sensibilia
2294 2208 2403 2232 autem
2426 2211 2496 2233 cor-

1489 2259 1568 2289 pora
1585 2247 1694 2278 omnia
1718 2254 1774 2278 aut
1793 2247 1951 2287 quaedam
1974 2246 2158 2287 gravitatem
2173 2246 2301 2284 habent,
2322 2252 2400 2286 puta
2415 2253 2496 2277 terra

1488 2300 1519 2324 et
1541 2303 1635 2334 aqua,
1660 2299 1696 2322 ut
1719 2298 1750 2322 et
1773 2291 1892 2332 utiquo
1909 2290 1969 2332 ipsi
1993 2291 2115 2328 dicent;
2141 2290 2165 2321 si
2182 2289 2314 2332 quidem
2337 2297 2496 2332 punctum

1488 2338 1611 2368 nullam
1634 2337 1729 2367 habet
1751 2336 1947 2376 gravitatem,
1969 2335 2077 2376 palam
2100 2335 2176 2376 quia
2198 2345 2303 2376 neque
2325 2335 2437 2367 lineae.
2461 2334 2496 2367 Si

1487 2389 1593 2413 autem
1611 2391 1677 2412 non
1700 2381 1770 2420 hae,
1787 2390 1891 2421 neque
1914 2379 2106 2420 superficies.
2131 2380 2238 2418 Quare
2254 2389 2359 2421 neque
2381 2389 2496 2420 corpo-

1488 2437 1560 2457 rum
1585 2426 1699 2457 ullum.

1420 2472 1437 2490 *
1454 2471 1515 2502 Sed
1540 2478 1570 2501 et
1593 2470 1682 2511 quod
1701 2475 1858 2510 punctum
1881 2477 1948 2499 non
1971 2468 2122 2508 possibile
2145 2467 2330 2508 gravitatem
2360 2467 2476 2499 habere
2484 2489 2494 2507 ,

1488 2514 1704 2546 manifestum.
1722 2513 1824 2544 Grave
1844 2512 1930 2542 enim
1947 2522 2043 2542 omne
2060 2519 2090 2543 et
2106 2511 2243 2552 gravius,
2260 2519 2291 2543 et
2305 2512 2374 2542 leve
2392 2511 2494 2543 levius

1489 2557 1644 2599 contingit
1674 2557 1782 2598 aliquo
1807 2564 1892 2587 esse:
1918 2556 2044 2596 gravius
2073 2563 2181 2587 autem
2204 2562 2259 2587 aut
2287 2556 2388 2587 levius
2411 2555 2493 2587 forte

1488 2614 1554 2634 non
1579 2612 1705 2633 necesse
1724 2611 1818 2641 grave
1842 2608 1897 2632 aut
1918 2601 1987 2632 leve
2004 2611 2082 2632 esse.
2102 2600 2389 2638 Quemadmodum
2409 2600 2495 2632 enim

1489 2657 1643 2688 magnum
1675 2646 1793 2684 maius,
1819 2645 1921 2676 maius
1945 2653 2053 2677 autern
2077 2656 2143 2676 non
2167 2655 2292 2686 semper
2319 2651 2492 2685 magnum:

1489 2693 1590 2723 multa
1614 2691 1699 2722 enim
1724 2697 1798 2721 sunt
1821 2700 1914 2731 quae,
1938 2700 2035 2730 parva
2058 2690 2142 2721 entia
2165 2689 2364 2730 simpliciter,
2387 2696 2494 2720 tamen

1489 2736 1609 2767 maiora
1633 2735 1700 2766 aliis
1717 2742 1801 2765 sunt.
1827 2735 1858 2766 Si
1876 2735 1982 2775 itaque
1998 2735 2227 2775 quodcumque
2243 2743 2338 2774 grave
2354 2743 2409 2764 ens
2425 2743 2493 2774 gra-

1488 2781 1557 2812 vius
1582 2780 1641 2818 sit,
1666 2789 1792 2810 necesse
1815 2779 1963 2819 gravitate
1988 2779 2091 2809 maius
2116 2789 2194 2818 esse,
2219 2786 2250 2810 et
2272 2788 2365 2819 grave
2396 2787 2494 2809 omne

1489 2825 1642 2856 divisibile
1663 2824 1775 2865 utique
1798 2823 1869 2854 erit:
1894 2830 2051 2864 punctum
2075 2830 2182 2854 autem
2205 2822 2395 2854 indivisibile
2418 2831 2493 2863 sup—

1489 2869 1628 2910 ponitur.

1420 2914 1437 2932 ⁴³
1456 2915 1580 2952 Adhuc,
1598 2914 1623 2944 si
1647 2923 1740 2954 grave
1764 2913 1895 2954 quidem
1918 2913 2069 2953 spissum,
2084 2912 2153 2943 leve
2169 2919 2276 2942 autem
2299 2918 2422 2950 rarum;
2446 2917 2494 2942 est

1489 2967 1596 2990 autem
1628 2958 1767 2999 spissum
1798 2967 1816 2987 a
1846 2967 1916 2988 raro
1941 2957 2086 2988 differens
2119 2967 2158 2987 eo
2187 2956 2277 2998 quod
2306 2955 2339 2986 in
2367 2955 2494 2997 aequali

1488 3004 1574 3034 mole
1603 3003 1695 3043 plura
1725 3002 1867 3033 existant.
1895 3001 1927 3032 Si
1949 3001 2045 3042 igitur
2069 3008 2114 3032 est
2143 3008 2301 3042 punctum
2323 3010 2437 3040 grave,
2461 3006 2493 3031 et

1487 3048 1555 3078 leve
1580 3054 1639 3078 est:
1665 3054 1695 3077 et
1719 3047 1743 3077 si
1769 3046 1924 3084 densum,
1950 3053 1980 3077 et
2003 3056 2120 3077 rarum.
2153 3046 2214 3076 Sed
2238 3045 2328 3086 quod
2360 3044 2492 3088 quidem

1488 3092 1638 3132 spissum,
1656 3098 1686 3122 et
1710 3091 1881 3121 divisibile:
1903 3098 2060 3131 punctum
2085 3097 2191 3121 autern
2215 3089 2413 3120 indivisibile.

1420 3136 1438 3155 ¹³*
1461 3137 1493 3168 Si
1517 3143 1625 3167 autem
1640 3145 1737 3166 omne
1753 3145 1845 3175 grave
1870 3135 1967 3165 molle
1988 3142 2043 3165 aut
2066 3135 2183 3166 durum
2208 3144 2333 3166 necesse
2350 3140 2396 3164 est
2412 3142 2490 3172 esse,

1488 3181 1577 3211 facile
1601 3190 1638 3211 ex
1662 3179 1709 3210 his
1733 3179 1929 3220 impossibile
1953 3179 2085 3220 aliquod
2109 3179 2273 3210 deducere.
2300 3178 2398 3209 Molle
2421 3177 2491 3219 qui-

1488 3226 1560 3256 dem
1578 3225 1663 3255 enim
1681 3225 1770 3265 quod
1785 3224 1818 3254 in
1835 3224 1976 3264 seipsum
1993 3224 2121 3255 cedens:
2139 3223 2228 3264 quod
2241 3229 2350 3254 autem
2366 3222 2490 3261 cedens,

1487 3269 1650 3300 divisibile.

1420 3315 1436 3333 *
1456 3314 1517 3345 Sed
1534 3314 1638 3344 adhuc
1654 3323 1757 3354 neque
1774 3323 1810 3343 ex
1827 3323 1892 3343 non
1909 3313 2097 3344 habentibus
2113 3312 2296 3353 gravitatem
2319 3311 2377 3342 erit
2390 3310 2491 3352 gravi-

1487 3366 1543 3389 tas.
1573 3359 1607 3388 In
1631 3358 1757 3399 quantis
1782 3358 1866 3388 enim
1890 3357 2008 3388 accidet
2031 3358 2110 3395 hoc,
2135 3363 2165 3388 et
2189 3357 2221 3387 in
2252 3355 2379 3398 quantis
2403 3365 2490 3394 non,

1487 3403 1656 3443 quomodo
1680 3402 1946 3440 determinabunt‚
1971 3412 2036 3432 non
2060 3401 2201 3432 volentes
2225 3397 2364 3440 fingere?

1421 3448 1460 3478 Et
1484 3447 1509 3477 si
1534 3447 1638 3477 omnis
1662 3446 1795 3487 gravitas
1819 3446 1921 3477 maior
1943 3446 2110 3487 gravitate,
2134 3445 2283 3486 gravitate
2308 3444 2410 3475 maior
2433 3450 2490 3482 est,

1489 3492 1607 3522 accidet
1631 3498 1660 3522 et
1683 3491 1942 3532 unumquodque
1964 3490 2205 3531 impartibilium
2229 3489 2412 3530 gravitatem
2436 3487 2490 3518 ha-

1486 3537 1569 3567 bere.
1594 3535 1626 3566 Si
1646 3535 1731 3566 enim
1756 3542 1894 3576 quatuor
1917 3542 2034 3575 puncta
2057 3534 2241 3575 gravitatem
2258 3534 2384 3571 habent,
2401 3531 2490 3573 quod

1487 3588 1594 3611 autem
1619 3591 1655 3610 ex
1687 3580 1830 3620 pluribus
1857 3579 1967 3618 fuerit,
1995 3579 2109 3610 eodem
2133 3578 2219 3618 gravi
2252 3585 2323 3609 ente
2353 3575 2490 3617 gravius.

1488 3625 1586 3662 Quod
1610 3632 1717 3655 autem
1740 3624 1826 3664 gravi
1849 3623 1985 3665 gravius,
2004 3633 2129 3654 necesse
2153 3632 2246 3663 grave
2269 3631 2351 3660 esse,
2376 3630 2489 3662 quem-

2521 1719 2531 1728 '
2547 1717 2617 1740 Text.
2633 1723 2657 1746 7.

2523 2073 2617 2098 *Text
2632 2075 2656 2098 8.

2520 2473 2531 2485 ⁸
2545 2472 2614 2496 Text.
2630 2479 2653 2503 9.

2519 2916 2529 2926 ·
2545 2915 2615 2939 Text.
2631 2921 2666 2938 ιο.

2517 3139 2528 3151 ’
2542 3138 2611 3162 Τηι.
2625 3144 2652 3161 ιι.

2517 3319 2529 3330 “
2543 3318 2612 3341 Text.
2626 3323 2657 3341 ιι.
