2782 4134
385 301 460 337 290

888 288 959 324 DE
989 285 1376 324 GENERATIONE
1406 285 1476 321 ET
1506 283 1890 321 CORRUPTIONE
1920 284 2014 320 LIB.
2045 284 2060 320 Ι

1140 535 1442 591 LECTIO
1481 535 1821 592 OCTAVA

382 694 474 731 QUA
490 693 547 723 DE
564 691 715 729 CAUSA,
733 690 775 720 IN
792 688 860 719 HIS
880 687 998 725 QUAE
1019 686 1318 718 GENERANTUR
1333 687 1390 718 EX
1409 687 1601 726 INVICEM,
1618 688 1893 726 QUANDOQUE
1912 689 1993 720 EST
2013 688 2265 720 GENERATIO
2285 688 2567 728 SIMPLICITER,

678 744 929 777 CORRUPTIO
953 744 1108 775 AUTEM
1134 743 1372 776 SECUNDUM
1396 744 1521 784 QU1D3
1545 745 1822 784 QUANDOQUE
1844 746 1963 778 VERO
1986 746 2014 777 E
2038 746 2271 778 CONVERSO

380 882 444 914 Διά,
468 883 501 913 τι
525 874 563 910 δέ
588 887 672 908 ποτε
707 873 755 906 τοὶ
787 872 847 916 μὲν
879 873 996 911 οἱπλῶς
1030 873 1182 919 γίνεσθαι
1211 873 1355 920 λέγεται
1385 877 1444 907 καὶ

448 920 633 969 φθείρεσθαι
659 919 707 951 τοὶ
730 913 759 948 δ’
782 917 846 962 οὐχ
872 918 1001 958 ἁπλῶς,
1021 917 1125 950 πάλιν
1150 918 1333 959 σκεπτέον,
1352 921 1442 963 εἴπερ

447 968 487 1002 aed
514 965 603 999 αὐτό
629 964 702 995 ἐστι
727 960 855 1007 γένεσις
880 962 940 1005 μέν
966 959 1063 995 τουδὶ
1081 962 1187 1007 φθοραὶ
1203 958 1240 995 δέ
1258 960 1367 1004 τουδί,
1385 965 1444 995 καὶ

446 1012 551 1057 φθοραὶ
574 1008 633 1055 μὲν
659 1004 754 1040 τουδὶ
787 1005 914 1051 γένεσις
944 1001 982 1038 δὲ
1012 1004 1126 1040 τουδί·
1153 1009 1251 1050 ζητεῖ
1273 1008 1338 1054 γάρ
1365 1020 1444 1040 τινα

446 1058 552 1089 τοῦτο
576 1052 691 1098 λόγον.
720 1051 871 1096 Λέγομεν
895 1050 960 1096 γάρ
979 1049 1032 1084 ὅτι
1049 1052 1220 1097 φθείρεται
1237 1053 1294 1084 νῦν
1314 1053 1442 1094 ἁπλῶς,

443 1103 500 1133 καὶ
527 1100 565 1132 οὐ
590 1099 690 1142 μόνον
721 1094 814 1131 roffi·
840 1097 898 1126 καὶ
929 1094 1019 1133 αὕτη
1051 1098 1112 1141 μὲν
1143 1096 1271 1143 γένεσις
1306 1098 1442 1138 ἁπλῶς,

447 1144 535 1181 αὕτη
561 1140 598 1175 δὲ
623 1142 741 1187 φθορά..
768 1133 847 1174 Τοδὶ
873 1134 911 1171 δὲ
935 1142 1069 1185 γίνεται
1095 1141 1155 1185 μέν
1182 1153 1229 1183 τι,
1256 1143 1390 1186 γίνεται
1411 1138 1440 1175 δ’

446 1190 560 1226 ἁπλῶς
587 1188 641 1220 οὗ·
669 1186 777 1232 φαμὲν
802 1183 867 1229 γάρ
893 1183 953 1216 τὸν
978 1185 1200 1228 μανθάνοντα
1217 1185 1369 1232 γίνεσθαι
1384 1186 1442 1231 μὲν

446 1231 681 1276 ἐπιστήμονα,
707 1230 859 1278 γίνεσθαι
884 1223 915 1259 δ’
947 1229 1060 1268 ἁπλῶς
1087 1231 1139 1262 οὔ.

376 1321 538 1365 Καθοίπερ
566 1319 622 1353 οὖν
647 1317 812 1355 πολλάκις
838 1312 1025 1360 διορίζομεν
1049 1317 1209 1364 λέγοντες
1234 1316 1288 1350 ὅτι
1314 1319 1362 1351 τοὶ
1385 1318 1444 1362 μὲν

444 1362 524 1400 τόδε
551 1378 585 1398 τι
610 1366 765 1408 σημαίνει
790 1361 838 1395 τοὶ
861 1355 889 1391 δ’
913 1361 964 1402 οὔ,
983 1357 1044 1394 διαὶ
1067 1364 1175 1395 τοῦτο
1200 1363 1376 1406 συμβαίνει
1403 1362 1443 1395 τὸ

443 1410 669 1455 ζητούμενον·
695 1404 846 1451 διαφέρει
870 1405 935 1451 γοὶρ
960 1407 1004 1444 εἰς
1033 1407 1055 1438 ἃ
1078 1406 1292 1451 μεταβάλλει
1322 1407 1363 1441 τὰ
1388 1419 1444 1452 με-

444 1455 640 1496 ταβάλλον·
667 1453 734 1485 οἷον
759 1455 837 1488 ἴσως
863 1452 883 1488 ’ἡ
909 1450 969 1494 μὲν
995 1451 1039 1489 εἰς
1059 1452 1121 1494 πῦρ
1142 1447 1218 1489 ὀδός
1238 1451 1366 1497 γένεσις
1383 1451 1442 1496 μὲν

445 1501 561 1542 οἱπλῆ,
588 1497 695 1543 φθοραὶ
718 1493 756 1528 δέ
782 1493 874 1533 τινός
904 1495 1017 1536 ἐστιν,
1052 1495 1120 1528 οἷον
1154 1497 1238 1542 γῆς,
1273 1497 1294 1533 ἡ
1320 1492 1357 1528 δὲ
1381 1497 1444 1543 γῆς

442 1544 570 1591 γένεσις
597 1546 646 1581 τὶς
672 1541 814 1589 γένεσις,
839 1540 968 1597 ἵένεσις
993 1535 1022 1571 δ’
1045 1541 1110 1586 οὐχ
1136 1540 1265 1580 ἁπλῶς,
1283 1540 1396 1587 φθοραὶ·
1411 1536 1440 1573 δ’

446 1590 575 1630 ἁπλῶς,
602 1589 671 1620 οἷον
697 1586 811 1630 πυρός,
831 1596 940 1627 ωσπερ
965 1580 1173 1629 Παρμενίδης
1197 1584 1291 1630 λέγει
1315 1585 1375 1618 δύο
1401 1586 1443 1619 τὸ

444 1633 479 1666 ὃν
503 1636 561 1666 καὶ
588 1633 629 1666 τὰ
654 1631 701 1675 μή
729 1630 764 1663 ὂν
789 1627 876 1662 εἶναι
897 1628 1047 1673 φάσκων,
1067 1631 1131 1674 πῦρ
1155 1632 1213 1662 καὶ
1231 1630 1309 1675 γῆν.
1336 1631 1382 1662 Τὸ
1399 1627 1443 1668 δή

444 1680 563 1711 ταῦτα
581 1677 602 1715 ἦ
623 1675 755 1710 τοιαῦθ’
777 1673 879 1720 ἕτερα
904 1673 1127 1707 ὑποτίθεσθαι
1151 1669 1300 1720 διαφέρει
1327 1671 1442 1708 οὐδέν·

445 1723 504 1755 τᾶν
530 1723 594 1779 γὰρ
620 1720 746 1764 τρόπον
771 1720 954 1772 ζητοῦμεν,
984 1719 1058 1764 ἀλλ”
1079 1719 1117 1751 οὗ
1143 1718 1183 1752 το
1210 1720 1443 1765 ὑποκείμενον.

439 1769 482 1799 Ἡ
506 1779 565 1812 μεν
592 1766 648 1799 οὖν
674 1766 718 1802 εἰς
745 1764 786 1796 τὸ
809 1763 855 1808 μή
876 1764 910 1795 ὸν
931 1764 1043 1801 οἱπλῶς
1067 1759 1142 1801 ὁδὸς
1169 1762 1274 1809 φθοραὶ
1293 1765 1401 1806 οἱπλῆ,
1421 1765 1442 1801 ’ἢ

443 1807 472 1844 δ’
493 1814 538 1851 εἰς
563 1812 604 1844 τὸ
633 1810 747 1847 ἁπλῶς
775 1806 809 1840 ὃν
834 1807 962 1854 γένεσις
986 1808 1092 1844 οἱπλῆ.
1119 1809 1174 1846 otc
1192 1807 1249 1840 οὖν
1266 1805 1442 1853 διώρισται

443 1859 513 1890 εἴτε
539 1858 615 1899 πυρὶ
639 1856 698 1887 καὶ
723 1853 768 1899 γῇ
794 1854 864 1884 εἴτε
891 1852 1010 1890 ἄλλοις
1028 1855 1110 1893 τισί,
1130 1852 1263 1886 τούτων
1284 1853 1384 1886 ἔσται
1402 1853 1443 1886 τὸ

471 1903 501 1934 ἐν
529 1902 564 1934 ὅν
590 1900 631 1934 τὸ
655 1895 694 1931 δὲ
723 1897 769 1941 μή
796 1897 846 1931 ἄν.
879 1896 965 1928 Ἕνα
989 1897 1049 1941 μὲν
1083 1894 1138 1929 οὖν
1169 1897 1296 1942 τρόπον
1329 1897 1442 1939 τούτῳ

443 1914 561 1980 διοίσει
585 1945 627 1978 τὸ
654 1944 767 1980 ἁπλῶς
799 1953 832 1974 τι
857 1940 1008 1988 γίνεσθαι
1032 1944 1090 1973 καὶ
1108 1940 1297 1987 φθείρεσθαι
1314 1944 1376 1976 τοῦ
1395 1943 1442 1988 μή

445 1993 581 2032 ἁπλῶς,

378 2078 480 2111 ἄλλον
504 2070 543 2106 δὲ
567 2073 612 2116 τῇ
639 2070 703 2113 ὕλῃ
729 2071 832 2102 ὁποία
857 2080 908 2107 τις
943 2068 982 2102 ἂν
1009 2067 1048 2113 ᾗ·
1075 2070 1113 2108 ἧς
1137 2070 1196 2113 μὲν
1221 2071 1286 2118 γάρ
1312 2073 1441 2116 μᾶλλον

444 2122 478 2152 αἱ
503 2115 660 2163 διαφοραὶ
688 2110 768 2147 τόδε
794 2126 828 2147 τι
852 2116 1072 2157 σημαίνουσι,
1130 2116 1231 2148 ἄλλον
1259 2116 1378 2158 οὐσία,
1405 2116 1444 2156 ἧς

443 2161 480 2197 δὲ
505 2163 674 2206 στέρησιν,
701 2160 748 2204 μή
775 2159 827 2200 ὅν,
857 2159 923 2191 οἷον
950 2158 991 2191 τὰ
1016 2159 1076 2203 μὲν
1123 2160 1221 2204 ερμόν
1248 2165 1443 2208 κατηγορία

443 2221 494 2246 τις
517 2210 575 2240 καὶ
601 2201 708 2246 εἶδος,
735 2204 756 2241 ’ἢ
782 2200 821 2236 δὲ
842 2202 1012 2249 ψυχρότης
1038 2203 1205 2249 στέρησις.
1243 2205 1442 2251 Διαφέρουσι

442 2250 480 2286 δὲ
503 2253 548 2299 γῆ
573 2252 633 2283 καὶ
659 2250 722 2294 πῦρ
747 2250 806 2280 καὶ
831 2248 980 2286 ταύταις
1006 2252 1083 2287 ταῖς
1108 2245 1296 2294 διαφοραῖς,

378 2346 475 2377 Δοκεῖ
498 2337 535 2373 δὲ
561 2340 690 2385 μᾶλλον
716 2341 787 2375 τοῖς
813 2338 951 2374 πῠλλῦῖς
977 2338 1026 2379 τῷ
1053 2338 1204 2380 αἰσθητῷ
1235 2341 1293 2371 καὶ
1318 2339 1365 2382 μή
1392 2339 1443 2371 αἰ-

443 2386 556 2427 σθητῷ
580 2379 767 2428 διαφέρειν·
795 2380 879 2414 ὅταν
906 2381 964 2426 μὲν
989 2382 1053 2428 γάρ
1079 2383 1122 2420 εἰς
1151 2382 1317 2420 αἰσθητήν
1336 2395 1443 2427 μετα-

443 2431 554 2473 βάλλη
588 2428 689 2468 ὕλην,
723 2425 873 2473 γίνεσθαί
907 2437 1026 2470 φασιν,
1066 2426 1151 2459 ὅταν
1175 2422 1205 2458 δ’
1234 2428 1277 2465 εἰς
1305 2425 1439 2471 ἀφανῆ,

443 2463 651 2520 φθείρεσθαι·
678 2471 719 2505 τὸ
743 2471 807 2517 γοίρ
835 2469 869 2502 ὃν
893 2471 952 2502 καὶ
969 2470 1011 2503 τό
1029 2471 1075 2514 μή
1102 2470 1137 2503 ὂν
1156 2472 1203 2513 τῷ
1222 2471 1442 2504 αἰσθάνεσθαι

443 2521 502 2552 καὶ
528 2519 574 2560 τῷ
626 2517 646 2553 ἦ
681 2513 902 2548 αἰσθάνεσθαι
935 2510 1155 2558 διορίζουσιν,
1181 2515 1289 2571 ὥσπερ
1316 2516 1357 2549 τὸ
1382 2515 1441 2561 μὲν

445 2566 632 2600 ὲπιστητον
658 2559 707 2602 ὄν,
727 2561 768 2593 τό
785 2555 814 2591 δ’
837 2559 1012 2614 ἄγνωστον
1037 2559 1084 2604 μή
1111 2560 1167 2592 ὄν·
1195 2561 1215 2597 ἡ
1235 2572 1300 2606 γαρ
1327 2559 1443 2598 αἵσθη·

445 2620 493 2646 σις
519 2605 711 2650 ἐπιστήμης
739 2605 809 2650 ἔχει
833 2598 988 2646 δυναμιν.

378 2652 538 2696 Καθάπερ
566 2649 622 2683 οὖν
649 2650 750 2681 αὐτοὶ
776 2649 822 2689 τῷ
852 2646 1071 2680 αἰσθάνεσθαι
1090 2646 1110 2684 ’ἢ
1128 2649 1176 2689 τῷ
1193 2643 1360 2681 δύνασθαι
1384 2650 1443 2681 καὶ

444 2698 506 2740 ζῆν
531 2697 589 2727 καὶ
614 2691 700 2726 εἶναι
725 2693 932 2736 νομίζουσιν,
960 2690 1049 2725 οὕτω
1074 2693 1133 2724 καὶ
1158 2693 1205 2725 τοὶ
1229 2705 1253 2725 π
1277 2692 1440 2739 οίγματα,

445 2740 572 2783 τρόπον
597 2739 678 2771 τινοί
707 2734 886 2775 διώκοντες
919 2735 1083 2778 τάληθές,
1111 2737 1199 2769 αὐτὸ
1224 2732 1262 2770 δε
1285 2737 1443 2784 λέγοντες

447 2785 507 2818 οὐκ
532 2782 665 2821 ἀληθές.

379 2831 562 2874 Συμβαίνει
586 2823 629 2864 δὴ
653 2826 751 2858 κατα
775 2822 879 2867 δόξαν
904 2827 962 2857 καὶ
986 2823 1065 2857 κατ’
1090 2825 1251 2862 ἀλήθειαν
1277 2827 1384 2864 ἄλλως
1403 2827 1444 2858 τὸ

445 2872 596 2921 γίνεσθαί
621 2884 659 2905 τε
694 2872 808 2909 ἁπλῶς
839 2873 897 2902 καὶ
923 2870 964 2902 τὸ
990 2868 1194 2914 φθείρεσθαι·
1221 2872 1354 2915 πνεῦμα
1378 2871 1443 2917 γοὶρ

444 2920 504 2951 καὶ
531 2917 594 2962 ἀήρ
618 2915 714 2948 κατοὶ
738 2914 796 2959 μὲν
830 2915 894 2951 τὴν
925 2913 1077 2952 αἴσθησιν
1110 2914 1219 2952 ἧττόν
1245 2916 1336 2948 ἐστιν
1371 2911 1446 2959 (διὸ

445 2965 504 2995 καὶ
531 2962 578 2994 τοὶ
601 2958 798 3005 φθειρόμενα
831 2960 946 2997 οἱπλῶς
973 2961 1016 3002 τῇ
1043 2960 1086 2996 εἰς
1113 2960 1233 2992 ταῦτα
1265 2961 1444 3004 μεταβολῇ

447 3006 633 3052 φθείρεσθαι
655 3004 695 3036 λε’
724 3015 825 3045 ουσιν,
844 3002 996 3051 γίνεσθαι
1021 2998 1052 3034 δ’
1075 3002 1161 3036 ὅταν
1187 3004 1231 3042 εἱς
1251 3005 1361 3038 ἁπτὸν
1386 3007 1445 3037 καὶ

447 3052 492 3090 εὶς
516 3052 580 3098 γῆν
605 3017 847 3106 peragam-9),
866 3048 962 3081 κατὰ
985 3044 1013 3080 δ’
1038 3047 1199 3085 ἀλήθειαν
1216 3050 1344 3093 μᾶλλον
1365 3045 1444 3082 τόδε

448 3108 481 3129 τι
505 3097 564 3128 καὶ
590 3089 676 3132 ειδος
702 3094 820 3127 ταῦτα
845 3094 909 3131 τῆς
933 3093 1009 3140 γῆς.

1298 2790 1302 2797 ι

381 3185 448 3216 Τοῦ
473 3185 531 3227 μὲν
559 3181 614 3216 οὖν
641 3180 726 3215 εἶναι
752 3182 815 3219 τήν
840 3182 899 3226 μὲν
920 3182 1033 3218 οἱπλῆν
1048 3180 1183 3235 χένεσιν
1201 3181 1322 3227 φθοράν
1342 3179 1446 3214 οὖσαν

448 3240 552 3269 τινος,
579 3227 642 3263 τήν
668 3223 706 3259 δὲ
730 3225 853 3271 φθοράν
880 3226 944 3262 τήν
972 3227 1086 3263 ἀπλην
1140 3225 1242 3258 ένεσιν
1270 3225 1372 3259 οὖσαν
1398 3239 1447 3260 τι-

450 3284 515 3314 νος,
536 3274 667 3316 εἴρηται
693 3271 733 3304 τὸ
760 3273 889 3304 αἴτιον·
916 3267 975 3302 διαὶ
998 3271 1063 3325 γοίρ
1090 3283 1129 3304 το
1152 3271 1215 3307 τήν
1235 3269 1315 3309 ὕλην
1332 3267 1449 3315 διαφέ-

450 3328 514 3360 ρειν
540 3316 561 3352 ἦ
587 3316 634 3356 τῷ
653 3313 768 3347 οὐσίαν
794 3312 879 3347 εἶναι
898 3313 917 3352 ἦ
937 3315 984 3355 τῷ
1007 3327 1068 3359 μη,
1088 3315 1108 3352 ἦ
1127 3316 1174 3357 τῷ
1202 3315 1265 3352 τήν
1284 3315 1342 3361 μὲν
1363 3317 1447 3360 μᾶλ-

448 3362 506 3392 λον
529 3360 591 3396 τήν
614 3356 652 3392 δὲ
673 3359 734 3402 μή,
754 3358 774 3396 ἦ
794 3360 840 3401 τῷ
859 3359 923 3396 τήν
941 3359 1000 3403 μὲν
1020 3361 1149 3403 μᾶλλον
1176 3359 1342 3398 αἰσθητήν
1361 3357 1447 3392 εἶναι

451 3405 515 3440 τήν
542 3404 621 3440 ὕλην
648 3403 682 3445 ἐξ
707 3405 745 3441 ἦς
770 3405 828 3436 καὶ
852 3404 896 3442 εἰς
923 3402 976 3442 ἥν,
999 3404 1062 3441 τήν
1088 3400 1132 3437 δὲ
1151 3403 1260 3442 ἦττον
1287 3402 1384 3437 εἶναι.

445 3547 592 3575 ΞῩΝοΡεῐε.
618 3564 651 3568 -
679 3557 702 3575 1.
724 3549 935 3585 Argumentum
957 3555 984 3577 et
1005 3549 1106 3577 divisio
1128 3555 1230 3578 textus.
1261 3550 1384 3586 Oportet
1405 3549 1447 3578 in-

385 3586 523 3623 vestigare
538 3596 634 3623 quare,
649 3593 710 3614 tum
725 3587 754 3614 in
769 3588 908 3624 generatis
921 3597 954 3616 ex
969 3588 1091 3617 invicem
1107 3595 1168 3617 tum
1180 3589 1209 3617 in
1221 3589 1292 3625 aliis,
1305 3590 1448 3626 quaedam

386 3626 520 3655 dicuntur
540 3626 668 3663 generari
690 3633 717 3654 et
738 3627 884 3663 eorrumpi
910 3627 1097 3665 simpliciter,
1120 3629 1262 3665 quaedam
1290 3630 1447 3657 secundum

1497 876 1515 895 *
1532 877 1666 917 Propter
1688 878 1767 918 quid
1789 886 1897 910 autem
1915 889 2002 910 nunc
2019 879 2097 911 haec
2113 880 2244 922 quidem
2259 881 2443 922 simpliciter
2460 881 2570 912 dicun-

1565 928 1617 951 tur
1639 922 1779 962 generari
1803 929 1834 954 et
1857 924 2030 964 corrumpi,
2054 924 2131 955 haec
2154 932 2263 956 autem
2285 936 2352 956 non
2376 926 2570 967 simpliciter,

1565 975 1674 996 rursus
1691 967 1909 1006 scrutandum,
1926 967 1952 998 si
1967 968 2054 998 idem
2069 975 2115 999 est
2129 969 2290 1010 generatio
2314 970 2446 1011 quidem
2460 970 2568 1010 huius,

1565 1009 1728 1050 corruptio
1757 1017 1864 1042 autern
1892 1011 2007 1051 huius,
2031 1019 2063 1043 et
2085 1013 2247 1054 corruptio
2271 1013 2367 1045 huius
2374 1039 2384 1054 ‚
2408 1014 2570 1056 generatio

1565 1060 1674 1084 autem
1700 1054 1815 1085 huius:
1847 1055 1972 1096 quaerit
1998 1063 2107 1087 autem
2136 1057 2199 1088 hoc
2225 1057 2366 1099 aliquam
2401 1059 2569 1091 rationem.

1565 1097 1711 1133 Dicimus
1726 1098 1812 1129 enim
1829 1100 1985 1140 quoniam
1999 1101 2215 1141 corrumpitur
2228 1111 2315 1133 nunc
2330 1102 2524 1143 simpliciter,
2539 1110 2571 1134 et

1566 1152 1633 1173 non
1656 1143 1763 1174 solum
1785 1143 1864 1182 hoc;
1887 1144 1968 1181 haec
1989 1151 2097 1175 autem
2120 1152 2167 1176 est
2189 1146 2349 1186 generatio
2374 1146 2569 1187 simpliciter,

1565 1186 1643 1217 haec
1666 1194 1774 1218 autem
1797 1194 1844 1218 est
1867 1188 2046 1229 corruptio;
2069 1189 2131 1220 hoc
2161 1196 2269 1220 autem
2291 1197 2458 1230 generatur
2480 1191 2570 1232 quid,

1565 1231 1750 1272 simpliciter
1773 1239 1881 1263 autem
1899 1242 1967 1263 non
1985 1240 2169 1274 generatur;
2194 1233 2329 1265 dicimus
2348 1234 2434 1265 enim
2449 1234 2571 1267 discen-

1565 1282 1631 1306 tem
1653 1274 1720 1306 fieri
1743 1276 1912 1316 scientem,
1936 1277 2076 1318 generari
2100 1284 2207 1308 autem
2230 1277 2413 1320 simpliciter
2435 1280 2512 1314 non'.

1499 1320 1785 1358 Quemadmodum
1812 1321 1899 1351 enim
1922 1321 2202 1353 determinavimus
2228 1322 2408 1362 multoties,
2431 1323 2570 1355 dicentes

1565 1364 1720 1405 quoniam
1735 1365 1798 1396 hoc
1819 1365 1951 1406 quidem
1973 1365 2127 1406 significat
2144 1366 2207 1397 hoc
2223 1366 2353 1408 aliquid,
2377 1367 2440 1399 hoc
2461 1374 2571 1400 autem

1564 1419 1643 1447 non,
1659 1416 1790 1450 propter
1804 1409 1867 1440 hoc
1884 1410 2039 1451 contingit
2054 1411 2143 1452 quod
2159 1411 2329 1452 quaeritur.
2354 1411 2466 1445 Differt
2482 1412 2570 1447 enim

1564 1453 1596 1484 in
1621 1454 1710 1494 quod
1733 1460 1961 1486 transmutatur
1983 1461 2213 1486 transmutans:
2238 1462 2318 1496 puta
2339 1455 2420 1488 forte
2435 1466 2518 1499 quae
2534 1455 2570 1489 in

1564 1497 1673 1538 ignem
1693 1497 1756 1538 via,
1779 1498 1939 1539 generatio
1968 1498 2168 1540 simpliciter,
2193 1499 2355 1541 corruptio
2383 1506 2493 1532 autem
2514 1498 2570 1542 ali-

1566 1542 1656 1573 cuius
1680 1548 1741 1582 est,
1765 1549 1842 1583 puta
1865 1549 1982 1582 terrae3
2010 1550 2110 1574 terrae
2137 1550 2245 1575 autem
2273 1544 2435 1586 generatio
2463 1543 2570 1587 aliqua

1564 1586 1736 1626 generatio,
1751 1587 1911 1627 generatio
1923 1594 2031 1618 autem
2043 1597 2110 1619 non
2122 1588 2267 1629 simplex,
2283 1589 2447 1630 corruptio
2460 1591 2570 1620 autem

1565 1631 1710 1672 simplex,
1734 1638 1813 1672 puta
1827 1631 1925 1672 ignis3
1948 1632 2227 1673 quemadmodum
2256 1633 2459 1664 Parmenides
2478 1632 2569 1674 ficit,

1565 1675 1631 1706 duo
1659 1675 1768 1716 ipsum
1799 1685 1854 1706 ens
1883 1683 1914 1707 et
1943 1686 2010 1707 non
2040 1687 2096 1708 ens
2123 1686 2191 1708 esse
2218 1677 2384 1719 inquiens,
2407 1677 2570 1719 ignemffet

1565 1726 1690 1751 terram.
1715 1720 1803 1750 Haec
1817 1720 1913 1760 igitur
1928 1727 1984 1751 aut
1997 1720 2072 1752 talia
2087 1721 2148 1752 alia
2159 1731 2341 1762 supponere
2355 1721 2435 1753 nihil
2449 1721 2568 1756 differt:

1564 1764 1703 1794 modum
1726 1764 1812 1794 enim
1835 1764 2035 1805 quaerimus,
2060 1764 2115 1797 sed
2138 1775 2206 1796 non
2228 1765 2418 1798 subiectum.
2442 1765 2479 1798 In
2501 1770 2569 1799 non

1564 1817 1620 1838 ens
1643 1807 1739 1848 igitur
1761 1807 1945 1848 simpliciter
1972 1808 2023 1839 via
2046 1816 2093 1840 est
2115 1809 2278 1850 corruptio
2307 1806 2570 1851 simpliciter‘fffii'n

1565 1851 1748 1892 simpliciter
1763 1859 1872 1883 autem
1885 1862 1953 1892 ens,
1977 1859 2024 1883 est
2045 1853 2205 1893 generatio
2229 1853 2570 1894 simpliciter-‘Qum

1564 1896 1660 1937 igitur
1673 1896 1920 1928 determinatum
1935 1903 1993 1936 est,
2009 1897 2074 1928 sive
2089 1897 2155 1938 igni
2170 1905 2201 1930 et
2215 1904 2315 1929 terrae
2329 1898 2396 1929 sive
2409 1897 2571 1940 aliqiihn

1564 1941 1649 1979 aliis,
1673 1941 1731 1972 erit
1753 1941 1815 1972 hoc
1838 1941 1970 1982 quidem
1993 1951 2066 1980 ens,
2093 1941 2156 1973 hoc
2178 1949 2286 1979 autem
2308 1952 2376 1974 non
2399 1942 2570 1980 eus-..Uno

1514 1984 1523 1992 “
1563 1985 1696 2027 quidem
1717 1985 1814 2026 igitur
1835 1986 1936 2017 modo
1959 1985 2061 2017 differt
2083 1985 2116 2017 in
2139 1986 2203 2018 hoe
2224 1986 2366 2028 generari
2388 1985 2572 2030 simplidter

1565 2037 1596 2061 et
1619 2030 1781 2071 corrumpi
1808 2040 1826 2060 a
1849 2039 1916 2061 non
1940 2029 2133 2071 simpliciter.
2537 2032 2556 2073 j.

1497 2074 1571 2106 Alio
1588 2082 1696 2106 autern
1708 2075 1820 2113 mode,
1833 2074 2077 2116 qualiscumque
2089 2075 2221 2116 quidem
2233 2074 2346 2117 utique
2361 2074 2420 2106 erit
2429 2072 2569 2118 matefi'a'.

1565 2119 1667 2151 Cuius
1691 2118 1777 2150 enim
1800 2119 1901 2159 magis
1924 2118 2115 2150 differentiae
2141 2119 2205 2150 hoc
2227 2119 2349 2161 aliquid
2375 2117 2570 2161 significum,
2590 2120 2601 2129 ”

1564 2164 1665 2204 magis
1688 2163 1882 2203 substantia3
1913 2163 2003 2195 cuius
2027 2170 2135 2195 autem
2157 2163 2384 2205 privationem,
2408 2171 2570 2203 norrun}

1563 2215 1643 2249 puta
1666 2208 1805 2240 calidum
1827 2208 2121 2249 praedicamentum
2138 2208 2270 2250 aliquod
2290 2215 2321 2240 et
2334 2208 2466 2250 species,
2514 2208 2522 2216 “
2546 2208 2554 2216 ”

1565 2253 1644 2284 ditas
1668 2259 1776 2284 autern
1798 2252 1943 2294 privatio.
1967 2252 2124 2284 Differunt
2151 2253 2238 2284 enim
2259 2253 2341 2294 ignis
2363 2259 2395 2285 et
2417 2259 2521 2294 terra„
2542 2251 2552 2260 ‘

1564 2297 1755 2328 differentiis.

1496 2342 1514 2361 *
1532 2341 1665 2374 Videtur
1688 2348 1796 2373 autem
1811 2341 1912 2382 magis
1935 2341 2044 2372 multis
2061 2341 2200 2372 sensibili
2216 2348 2247 2373 et
2261 2351 2328 2373 non
2351 2341 2490 2373 sensibili
2509 2341 2568 2372 dif-

1564 2386 1653 2418 ferre.
1685 2386 1824 2424 Quando
1849 2385 1935 2416 enim
1957 2385 1991 2416 in
2014 2386 2195 2416 sensibilem
2217 2393 2445 2418 transmutatur
2473 2391 2572 2418 mate-

1564 2430 1654 2469 riam,
1678 2430 1819 2470 generari
1841 2430 2008 2471 inquiunt;
2032 2429 2162 2471 quando
2181 2437 2288 2461 autem
2306 2430 2338 2461 in
2356 2439 2422 2461 non
2438 2429 2570 2462 manife—

1563 2481 1655 2513 stam,
1680 2474 1852 2514 corrumpi.
1876 2475 1942 2505 Ens
1965 2474 2052 2505 enim
2074 2480 2106 2505 et
2121 2483 2188 2505 non
2204 2483 2260 2514 ens
2274 2474 2310 2505 in
2324 2473 2439 2506 sentire
2453 2481 2486 2506 et
2501 2483 2570 2507 non

1565 2518 1678 2550 sentire
1702 2518 1923 2556 determinant,
1939 2518 2216 2559 quemadmodum
2231 2518 2364 2560 quidem
2379 2517 2487 2550 scibile
2501 2528 2571 2559 em,

1564 2563 1714 2603 ignotum
1741 2569 1850 2594 autem
1872 2572 1940 2594 non
1967 2570 2040 2594 ens:
2065 2573 2176 2594 sensus
2198 2562 2285 2594 euim
2306 2562 2454 2594 scientiae
2475 2563 2571 2595 habet

1564 2607 1724 2638 virtutem.

1499 2651 1785 2689 Quemadmodum
1801 2651 1896 2691 igitur
1914 2650 1958 2682 illi
1977 2650 2011 2681 in
2030 2650 2144 2682 sentire
2158 2651 2208 2682 vel
2222 2660 2317 2692 posse
2333 2650 2447 2683 sentire
2464 2650 2570 2683 vivere

1566 2702 1598 2727 et
1616 2706 1683 2727 esse
1699 2695 1888 2735 existimant,
1903 2695 1947 2726 ita
1961 2702 1992 2726 et
2010 2703 2077 2734 res;
2100 2695 2200 2726 modo
2222 2695 2366 2736 quodam
2379 2694 2569 2738 persequen-

1565 2747 1612 2772 tes
1633 2740 1807 2779 veritatem,
1831 2740 1865 2770 id
1887 2746 1995 2771 autem
2018 2739 2156 2771 dicentes
2179 2749 2246 2771 non
2267 2749 2391 2772 verum.

1501 2828 1667 2869 Contingit
1693 2828 1800 2870 itaque
1823 2828 2002 2859 secundum
2025 2828 2213 2869 opinionem
2235 2835 2267 2860 et
2289 2828 2467 2860 secundum
2489 2827 2569 2863 veri-

1565 2880 1663 2905 tatem
1687 2873 1774 2904 aliter
1789 2879 1821 2904 et
1835 2872 1976 2914 generari
1995 2872 2179 2914 simpliciter
2197 2879 2229 2905 et
2243 2872 2415 2913 corrumpi.
2435 2871 2569 2914 Spiritus

1565 2917 1697 2959 quidem
1721 2917 1808 2948 enim
1831 2924 1861 2948 et
1883 2927 1936 2949 aer
1957 2917 2136 2948 secundum
2157 2917 2290 2958 quidem
2313 2926 2444 2948 sensum
2461 2915 2570 2948 minus

1567 2969 1658 2993 sunt:
1683 2961 1755 2992 ideo
1775 2968 1806 2993 et
1819 2971 2043 3003 quaecumque
2058 2968 2308 3002 corrumpuntur
2326 2960 2520 3002 simpliciter,
2534 2960 2568 2992 in

1568 3006 1645 3038 haec
1662 3007 1926 3038 transmutatione
1946 3005 2107 3047 corrumpi
2127 3005 2290 3045 dicuntur;
2306 3004 2447 3046 generari
2462 3010 2571 3037 autem

1567 3051 1697 3092 quando
1721 3050 1754 3081 in
1770 3050 1891 3092 aliquid
1913 3049 2077 3092 tangibile,
2096 3057 2132 3081 ut
2146 3049 2180 3081 in
2196 3057 2327 3089 terram,
2347 3056 2498 3082 mutatur.
2515 3049 2569 3082 Se-

1538 3102 1540 3104 ·
1568 3096 1711 3127 cundum
1733 3094 1897 3126 veritatem
1919 3102 2038 3134 autem,
2058 3094 2159 3136 magis
2177 3094 2240 3126 hoc
2263 3094 2383 3136 aliquid
2405 3101 2436 3126 et
2449 3093 2570 3135 species

1568 3140 1644 3171 haec
1668 3149 1766 3181 quam
1788 3146 1878 3171 terra.

1501 3184 1518 3204 *
1541 3185 1618 3215 Esse
1634 3184 1766 3225 quidem
1779 3183 1875 3224 igitur
1890 3183 1971 3215 hanc
1985 3183 2162 3224 simplicem
2177 3182 2414 3224 generationem
2437 3181 2570 3214 alicuius

1569 3228 1808 3269 corruptionem
1836 3234 1960 3267 entem,
1991 3228 2229 3269 corruptionem
2256 3234 2365 3259 autem
2392 3226 2570 3268 simplicem

1568 3273 1804 3314 generationem
1827 3272 1959 3303 alicuius
1983 3272 2178 3311 existentem,
2202 3272 2283 3303 dicta
2306 3278 2353 3303 est
2376 3281 2479 3303 causa.
2495 3271 2570 3302 Pro·

1567 3324 1637 3358 pter
1660 3317 1824 3348 materiam
1848 3316 1933 3347 enirn
1957 3316 2123 3348 differunt:
2148 3323 2202 3348 aut
2225 3326 2264 3347 eo
2288 3315 2377 3358 quod
2396 3313 2570 3346 substantia

1508 3359 1510 3361 ’
1569 3368 1615 3392 est
1638 3369 1692 3393 aut
1715 3368 1797 3400 n0n;
1821 3367 1876 3392 aut
1899 3361 1988 3402 quod
2011 3361 2088 3392 haec
2104 3360 2214 3401 magis,
2230 3361 2306 3392 haec
2321 3369 2396 3391 vero
2413 3366 2494 3398 n0n;
2515 3365 2571 3390 aut

1569 3406 1658 3447 quod
1680 3406 1757 3436 haec
1781 3405 1912 3446 quidem
1935 3405 2035 3446 magis
2059 3405 2214 3436 sensibilis
2237 3412 2284 3436 est
2301 3403 2431 3436 materia
2454 3413 2491 3435 ex
2505 3412 2571 3445 qua

1570 3457 1600 3481 et
1623 3450 1655 3480 in
1679 3459 1777 3491 quam
1800 3456 1857 3488 est,
1881 3449 1958 3480 haec
1981 3460 2056 3481 vero
2083 3449 2189 3480 minus
2213 3456 2267 3480 est.

1503 3550 1581 3587 quid.
1601 3566 1620 3571 —
1641 3557 1668 3578 2.
1691 3550 1818 3578 Solvitur
1838 3549 1970 3587 quaestio
1992 3549 2022 3578 in
2044 3550 2097 3579 hac
2118 3549 2241 3578 lectione
2262 3550 2360 3587 quoad
2380 3554 2515 3586 generata
2535 3557 2570 3576 ex

1503 3589 1635 3618 invicem.
1652 3606 1671 3611 -
1693 3590 1794 3618 Primo
1815 3590 1900 3618 modo
1922 3589 2058 3618 differunt
2078 3589 2225 3627 generatio
2247 3596 2275 3618 et
2295 3588 2442 3625 corruptio
2460 3587 2569 3624 simpli-

1503 3629 1573 3657 citer
1594 3636 1621 3657 et
1642 3629 1788 3666 generatio
1811 3635 1838 3657 et
1859 3629 2006 3666 corruptio
2028 3630 2188 3657 secundum
2203 3628 2282 3666 quid,
2298 3637 2350 3665 per
2371 3628 2427 3657 hoc
2445 3627 2526 3665 quod
2539 3628 2569 3656 id

2596 2347 2690 2371 *Tm
2703 2353 2736 2376 ¹9·

2596 3190 2606 3200 '
2621 3188 2690 3212 Text.
2703 3194 2742 3212 so.
