2782 4134
379 290 450 326 152

1066 283 1137 319 DE
1167 279 1341 318 CAELO
1370 278 1440 314 ET
1469 274 1662 313 MUNDO
1692 273 1787 310 LIB.
1817 274 1848 309 II

1183 483 1398 541 LECT
1400 483 1482 539 10
1520 481 1741 537 NONA

499 646 618 678 DUAE
642 644 768 676 ALIAE
792 639 1005 674 RATIONES
1028 639 1086 669 AD
1110 635 1377 668 PROBANDUM
1402 634 1444 665 IN
1467 633 1596 665 MOTU
1620 633 1748 664 CAELI
1771 633 1865 665 NON
1888 634 1989 665 ESSE
2013 633 2434 666 IRREGULARITATEM

376 777 440 808 Καὶ
465 774 529 820 γάρ
561 773 588 804 εἱ
618 774 749 817 γίνεται
783 767 849 800 ἀνώ
878 768 976 806 αλος,
1012 764 1093 802 ἤτοι
1126 762 1184 800 ὅλη
1217 761 1430 806 μεταβάλλει

442 820 498 850 καὶ
525 817 584 849 ὁτὲ
607 815 665 859 μὲν
689 816 821 860 γίνεται
868 810 982 843 άττων
1010 809 1068 843 ὁτὲ
1091 804 1129 840 δὲ
1155 805 1347 852 βραδυτέρα
1366 804 1433 838 πά-

441 864 511 902 λιν,
538 859 558 897 ἦ
584 860 630 892 τά
653 857 733 902 μέρη
766 854 889 893 αὐτῆς.
928 853 980 886 Tot
1004 854 1063 896 μέν
1090 851 1146 885 οὖν
1178 852 1259 897 μέρη
1287 850 1339 884 ὅτι
1370 849 1430 882 οὐκ

443 907 534 938 ἔστιν
561 901 744 946 ἀνώμαλα,
771 898 928 944 φανερόν·
956 893 1021 935 ἤδη
1046 898 1111 944 γάρ
1139 896 1177 929 ἀν
1201 895 1343 947 γεγόνει.
1357 890 1431 926 διοί-

441 960 558 985 στασις
591 948 656 979 τῶν
690 945 819 989 ἄστρων
844 944 877 975 ἐν
903 943 950 984 τῷ
978 942 1100 984 ἀπείρῳ
1130 940 1254 986 χρόνῳ,
1282 950 1344 972 του
1369 939 1429 983 μὲν

442 993 569 1026 θᾶττον
593 988 784 1034 κινουμένου
810 989 872 1020 τοῦ
896 982 935 1018 δὲ
959 982 1183 1031 βραδύτερον·
1210 985 1251 1017 ου’
1270 986 1429 1027 φαίνεται

440 1033 468 1070 δ’
497 1035 590 1069 οὐθὲν
617 1035 722 1071 ἄλλως
748 1032 824 1078 ἔχον
851 1035 922 1069 τοῖς
950 1026 1194 1074 διαστήμασιν.
1231 1028 1339 1060 Ἀλλά
1362 1027 1428 1071 μην

441 1077 518 1114 οὐδὲ
543 1079 606 1116 τήν
632 1078 709 1115 ὃλην
734 1078 876 1123 ἐγχωρεῖ·
905 1074 1152 1119 μεταβάλλειν·
1178 1074 1198 1110 ἧ
1224 1072 1288 1120 γάρ
1320 1072 1428 1110 ἄνεσις

441 1124 585 1158 ἑκάστου
609 1125 741 1169 γίνεται
765 1117 802 1154 δι’
830 1115 1033 1164 ἀδυναμίαν,
1052 1119 1072 1155 ἡ
1090 1113 1120 1149 δ’
1142 1114 1312 1160 ἀδυναμία
1334 1117 1430 1161 παρά
1476 1159 1479 1162 ¹

440 1169 547 1214 φύσιν.
582 1169 648 1198 Καὶ
672 1166 736 1213 γάρ
763 1167 797 1198 αἱ
823 1165 856 1197 ἐν
883 1168 954 1202 τοῖς
977 1164 1074 1207 ζώοις
1109 1157 1292 1207 ἀδυναμίαι
1317 1161 1428 1194 πᾶσαι

439 1213 533 1258 παρά
556 1210 650 1254 φύσιν
675 1212 772 1252 εἰσίν,
799 1210 867 1242 οἷον
916 1209 998 1253 ἤρας
1022 1209 1081 1240 καὶ
1105 1205 1224 1246 φθίσις.
1255 1205 1337 1242 ''ox-n
1363 1205 1427 1251 γάρ

437 1260 513 1294 ἴσως
538 1256 559 1292 ἡ
584 1255 745 1292 σύστασις
770 1254 835 1287 τῶν
860 1220 951 1296 ζιζίων
976 1254 1012 1284 ἐκ
1037 1250 1201 1285 τοιούτων
1225 1249 1427 1288 συνέστηκεν

440 1303 461 1334 οἳ
485 1296 631 1345 διαφέρει
656 1303 726 1337 τοῖς
752 1299 882 1335 οἰκείοις
907 1296 1045 1334 τόποις·
1072 1295 1165 1329 οὐθὲν
1190 1295 1254 1341 γάρ
1280 1295 1347 1328 τῶν
1371 1306 1429 1339 με-

436 1346 496 1391 ρῶν
522 1344 591 1390 ἔχει
615 1344 678 1380 τήν
705 1343 813 1376 αὑτοῦ
837 1341 960 1387 χώραν.
995 1341 1033 1373 Εἰ
1058 1339 1114 1374 οὖν
1139 1341 1172 1373 ἐν
1190 1343 1261 1377 τοῖς
1281 1338 1427 1384 πρώτοις

437 1389 484 1434 μή
508 1389 581 1421 ἐστι
606 1388 646 1421 τὸ
671 1388 765 1432 παρά
789 1385 883 1432 φύσιν
908 1386 1028 1427 (ἀπλὸῖ
1047 1386 1111 1432 γάρ
1135 1387 1192 1417 καὶ
1213 1384 1344 1428 ἄμικτα
1367 1386 1426 1416 καὶ

437 1435 470 1467 ἐν
495 1434 539 1474 τῇ
566 1433 670 1473 οἰκείᾳ
695 1431 800 1477 χώρα,
818 1431 876 1462 καὶ
894 1429 988 1462 οὐθὲν
1010 1431 1126 1467 αὐτοῖς
1146 1429 1332 1472 ἐναντίον),
1351 1423 1421 1460 οὐδ’

438 1478 476 1511 ἂν
509 1473 678 1520 ἀδυναμία
709 1479 781 1517 εἴη,
807 1474 886 1508 ὥστ’
915 1469 986 1507 οὐδ’
1017 1475 1124 1512 ἄνεσις
1152 1468 1220 1507 οὐδ’
1249 1473 1425 1511 ἐπίτασις·

436 1524 463 1555 εἰ
487 1522 551 1568 γάρ
577 1520 749 1562 ἐπίτασις,
774 1522 832 1552 καὶ
860 1519 980 1557 ἄνεσις.
1194 1559 1201 1562 ᾖ

364 1567 440 1600 Ἔτι
464 1562 501 1599 δὲ
523 1568 580 1598 καὶ
607 1565 729 1612 ἄλογον
761 1565 897 1606 ἄπειρον
930 1562 1049 1609 χρόνον
1076 1558 1248 1595 ἀδύνατον
1273 1558 1358 1593 εἶναι
1385 1562 1426 1593 τὸ

436 1611 561 1651 κινοῦν,
578 1612 635 1642 καὶ
661 1609 763 1642 πάλιν
782 1609 883 1642 α”λλον
904 1608 1038 1652 ἄπειρον
1056 1602 1221 1639 δυνατόν·
1248 1603 1344 1638 οὐθὲν
1360 1606 1426 1652 γάρ

436 1658 592 1700 φαίνεται
618 1653 652 1686 ὃν
676 1654 811 1698 ἄπειρον
860 1652 952 1698 ρόνον
972 1653 1068 1695 παρά
1084 1651 1179 1695 φύσιν
1196 1652 1236 1694 (ἢ
1255 1645 1284 1682 δ’
1306 1646 1428 1683 ἀδυνα-

437 1702 498 1744 μία
523 1698 617 1742 παρά
640 1698 768 1743 φύσιν),
795 1665 873 1731 οὐδὲ
897 1697 956 1731 τὸν
981 1698 1051 1729 ἴσον
1076 1695 1195 1752 χρόνον
1216 1707 1265 1729 πα
1290 1695 1311 1728 οἱ
1331 1694 1426 1738 φύσιν

435 1746 492 1776 καὶ
516 1743 612 1775 κατά
634 1742 746 1787 φύσιν,
773 1737 842 1775 οὐδ’
872 1741 953 1780 ὅλως
977 1736 1123 1774 δυνατόν
1150 1742 1208 1773 καὶ
1238 1707 1423 1774 ἀδύνατον.

430 1787 579 1834 Ἀνάγκη
605 1782 655 1828 δ’,
682 1789 710 1819 εἰ
737 1787 864 1825 ἀνίησιν
897 1787 917 1823 ἡ
948 1788 1094 1827 κίνησις,
1128 1784 1263 1828 ἄπειρον
1298 1783 1427 1817 ἀνιέναι

435 1832 565 1878 χρόνον.

365 1877 473 1909 Ἀλλά
495 1876 560 1921 μὴν
587 1870 656 1907 οὐδ’
677 1876 856 1907 ἐπιτείνειν
876 1875 927 1907 ἀεὶ
946 1873 966 1910 ἦ
985 1872 1086 1906 πάλιν
1114 1873 1243 1906 ἀνιέναι
1259 1869 1426 1906 δυνατόν·

439 1922 571 1965 ἄπειρος
595 1919 659 1966 γάρ
687 1918 724 1951 &v
750 1921 798 1957 εἴη
823 1921 882 1952 καὶ
909 1918 951 1952 ἀό
973 1929 1064 1955 ιστος
1083 1919 1103 1954 ἡ
1120 1920 1259 1960 κίνησις,
1288 1917 1427 1951 ἅπασαν

436 1962 473 1997 δέ
498 1976 602 2010 φαμεν
629 1964 664 1996 ἔκ
689 1973 777 2001 τινος
803 1966 847 2002 εἵς
873 1975 906 1996 τι
931 1974 1015 1995 ειναι
1039 1964 1097 1994 καὶ
1122 1962 1316 2008 ὡρισμένην.

363 2054 441 2085 Ἔτι
464 2046 494 2082 δ’
522 2052 551 2082 εί
575 2061 625 2087 τις
653 2048 756 2090 λάβοι
789 2046 873 2081 εἶναί
905 2060 984 2081 τινα
1015 2048 1132 2094 χρόνον
1159 2048 1363 2095 ἐλάχιστον,
1391 2049 1429 2082 οὗ

437 2093 497 2128 οὐκ
528 2088 704 2139 ἐνδέχεται
729 2093 761 2126 ἐν
787 2093 949 2126 ἐλάττονι
979 2092 1156 2131 κινηθῆναι
1181 2094 1240 2126 τὸν
1267 2092 1426 2135 οὐρανόν·

437 2139 544 2183 ὥσπερ
571 2139 635 2183 γάρ
661 2132 738 2170 οὐδὲ
766 2133 906 2178 βαδίσαι
937 2132 1014 2170 οὐδὲ
1044 2137 1214 2181 κιθαρίσαι
1240 2138 1273 2170 ἐν
1299 2139 1427 2180 ὁτῳοῦν

435 2182 540 2229 χρόνῳ
564 2179 725 2223 δυνατόν,
749 2183 823 2215 ἀλλ’
844 2182 989 2220 ἑκάστης
1017 2183 1090 2215 ἐστὶ
1114 2181 1264 2225 πράξεως
1290 2182 1428 2237 ὡρισμέ-

435 2240 488 2266 νος
514 2229 530 2259 ὁ
554 2226 734 2282 ἐλάχιστος
764 2226 880 2272 χρόνος
911 2227 1008 2259 κατά
1035 2227 1076 2259 τὸ
1108 2226 1154 2271 μή
1188 2227 1424 2271 ὑπερβάλλειν,

436 2272 541 2309 οὕτως
566 2267 643 2306 οὐδε
666 2269 840 2308 κινηθῆναι
865 2271 923 2305 τὸν
950 2271 1089 2313 οὐρανὸν
1115 2272 1148 2304 ἐν
1167 2272 1293 2312 ὁτῳοῦν
1319 2271 1425 2317 χρόνῳ

436 2313 593 2349 δυνατόν.
633 2315 670 2346 Εἰ
695 2313 751 2347 οὖν
777 2314 873 2348 τοῦτ’
895 2315 1028 2357 ἀληθές,
1050 2315 1109 2348 οὐκ
1137 2314 1174 2348 ἂν
1200 2317 1250 2354 εἴη
1278 2314 1330 2349 ἀεὶ
1356 2316 1426 2349 ἐπί-

437 2373 533 2398 τασις
558 2361 620 2398 τῆς
652 2361 771 2404 φορᾶς,
798 2361 826 2392 εἰ
850 2356 887 2393 δὲ
911 2359 958 2404 μὴ
989 2361 1168 2402 ἐπίτασις,
1197 2356 1264 2393 οὐδ’
1296 2361 1424 2399 ἄνεσις·

437 2407 554 2450 ὁμοίως
579 2405 643 2451 γάρ
670 2403 766 2449 ἄμφω
790 2406 848 2437 καὶ
880 2403 1042 2448 θάτερον,
1069 2407 1159 2449 εἴπερ
1185 2405 1233 2447 τῷ
1264 2405 1361 2447 αὐτῷ
1386 2417 1424 2438 τε

437 2450 644 2482 ἐπιτείνεται
669 2448 769 2494 τάχει
794 2448 814 2486 ἦ
840 2449 978 2494 μείζονι,
1002 2450 1060 2481 καὶ
1084 2450 1221 2493 ἄπειρον
1246 2449 1379 2495 χρόνον.

370 2497 533 2527 Λείπεται
557 2489 600 2530 δὴ
623 2492 732 2538 λέγειν
764 2493 910 2535 ἐναλλάξ
939 2491 1023 2526 εἶναι
1048 2494 1093 2536 τῇ
1117 2493 1245 2531 κινήσει
1277 2493 1318 2527 τό
1343 2493 1426 2527 θᾶτ-

435 2550 494 2571 τον
517 2540 575 2570 καὶ
600 2538 641 2570 τὸ
666 2533 888 2582 βραδύτερον·
915 2539 1021 2571 τοῦτο
1045 2533 1083 2570 δὲ
1103 2538 1280 2576 παντελῶς
1299 2537 1425 2585 ἄλογον

435 2583 494 2614 καὶ
518 2581 697 2625 πλάσματι
722 2581 847 2624 ὅμοιον.
880 2582 957 2614 Ἔτι
980 2578 1018 2614 δὲ
1041 2584 1098 2614 καὶ
1124 2583 1165 2615 τὸ
1183 2582 1229 2627 μὴ
1246 2582 1426 2616 λανθάνειν

437 2627 492 2658 ἐπὶ
526 2625 656 2659 τούτων
691 2624 934 2671 εὐλογώτερον·
972 2625 1241 2671 εὖαισθητότερα
1275 2627 1340 2674 γοὶρ
1379 2627 1428 2661 τὰ

439 2668 517 2712 παρ’
547 2669 677 2708 ἄλληλα
701 2669 875 2714 τιθέμενα.

365 2713 441 2746 Ὅτι
466 2714 524 2758 μὲν
550 2713 604 2746 οὖν
629 2714 673 2751 εἷς
699 2727 736 2747 τε
757 2713 853 2758 μόνος
872 2715 962 2747 ἐστὶν
981 2714 1132 2758 οὐρανός,
1154 2718 1211 2747 καὶ
1229 2715 1329 2754 οὗτος
1349 2715 1427 2762 ἀγέ-

439 2769 537 2796 νητος
561 2760 618 2790 καὶ
646 2753 763 2798 ἀίδιος,
784 2758 835 2790 ἔτι
858 2754 896 2790 δὲ
919 2758 1109 2803 κινούμενος
1131 2761 1277 2804 ὁμαλῶς,
1298 2757 1351 2793 ἐπὶ
1371 2771 1427 2793 το-

439 2803 561 2834 σοῦτον
586 2803 663 2846 ἡμῖν
689 2802 839 2846 εἰρήσθω.

425 2898 573 2926 SYNOPsss.
587 2914 620 2918 —
638 2907 660 2926 1.
678 2898 775 2926 Tertia
790 2898 873 2932 ratio,
886 2907 919 2926 ex
930 2905 1009 2935 parte
1022 2899 1135 2928 mobilis
1149 2906 1270 2929 tantum.
1286 2900 1315 2929 Si
1331 2906 1428 2929 motus

349 2955 352 2959 .
372 2937 443 2965 caeli
463 2937 653 2974 irregulariter
673 2944 831 2975 peragatur,
853 2944 902 2966 aut
922 2938 978 2967 hoc
999 2939 1052 2967 erit
1073 2939 1111 2968 ita
1131 2941 1211 2977 quod
1232 2947 1310 2969 totus
1331 2947 1428 2969 motus

373 2985 524 3013 supremae
545 2977 681 3014 sphaerae
708 2977 744 3005 sit
771 2978 947 3015 quandoque
968 2978 1094 3007 velocior
1121 2986 1148 3007 et
1174 2981 1350 3018 quandoque
1371 2987 1428 3009 tar-

374 3016 452 3052 dior;
474 3022 523 3044 aut
543 3016 581 3045 ita
601 3017 681 3054 quod
701 3026 760 3045 una
780 3026 846 3054 pars
864 3017 934 3046 caeli
955 3019 1129 3056 quandoque
1151 3019 1232 3048 citius
1252 3021 1429 3058 quandoque

373 3055 480 3084 tardius
491 3062 647 3084 moveatur.
658 3058 797 3085 Neutrum
808 3057 972 3094 contingere
984 3064 1086 3094 potest.
1095 3059 1177 3095 Nam,
1187 3059 1337 3096 supposito
1349 3061 1429 3097 quod

374 3095 494 3131 sphaera
514 3096 658 3124 stellarum
679 3096 800 3124 fixarum
822 3096 858 3124 sit
878 3106 1012 3134 suprema
1030 3098 1160 3135 sphaera,
1183 3099 1365 3128 manifestum
1386 3106 1429 3128 est

375 3135 455 3171 quod
475 3141 568 3171 partes
589 3135 649 3164 eius
674 3145 735 3164 non
756 3142 909 3164 moventur
929 3136 1126 3174 irregulariter.
1153 3137 1182 3166 Si
1203 3138 1280 3167 enim
1301 3139 1428 3176 singulae

374 3179 468 3210 partes
489 3174 549 3202 eius
569 3175 744 3212 quandoque
765 3175 846 3204 citius
868 3182 895 3204 et
910 3177 1086 3214 quandoque
1106 3177 1214 3206 tardius
1235 3185 1428 3214 moverentur,

376 3212 434 3257 iam
454 3222 471 3241 a
490 3213 577 3250 longo
594 3220 723 3251 tempore
738 3215 833 3243 stellae
848 3215 919 3244 fixae
934 3216 963 3244 in
978 3216 1034 3244 alia
1048 3217 1181 3246 distantia
1195 3227 1225 3246 se
1239 3218 1377 3247 haberent
1391 3220 1428 3247 ad

376 3261 497 3296 invicem
518 3262 605 3290 quarn
619 3254 710 3290 prius;
732 3254 812 3283 cuius
825 3261 922 3284 tamen
937 3256 1113 3285 contrarium
1134 3264 1253 3294 apparet
1266 3267 1299 3286 ex
1314 3258 1429 3287 hodier-

377 3300 421 3335 ωε
442 3297 470 3335 et
495 3292 618 3329 antiquis
645 3294 899 3323 observationibus.
923 3312 940 3317 -
961 3303 988 3323 2.
1015 3296 1072 3324 Sed
1100 3306 1194 3333 neque
1221 3303 1282 3326 tota
1307 3298 1428 3326 mutatio

378 3339 462 3366 primi
477 3331 547 3359 caeli
560 3338 653 3367 potest
665 3333 700 3360 de
709 3333 857 3362 velocitate
871 3335 989 3363 transire
1004 3335 1033 3363 in
1048 3336 1248 3365 remissionem
1261 3337 1428 3366 velocitatis.

378 3369 443 3397 Hoc
463 3369 539 3398 enim
560 3370 591 3398 fit
607 3378 723 3408 propter
744 3372 950 3409 impotentiam.
973 3373 1077 3403 Omnis
1097 3382 1193 3404 autern
1216 3376 1386 3413 impotentia
1400 3384 1428 3406 et

351 3408 364 3425 ’
380 3408 504 3453 defectus
524 3415 566 3437 est
579 3416 690 3446 praeter
710 3418 840 3440 naturam
861 3413 983 3448 (scilicet
1004 3421 1136 3444 naturam
1150 3415 1349 3452 particularem
1368 3416 1429 3445 eius

381 3455 426 3491 cui
446 3448 546 3492 accidit
570 3449 722 3493 defectus);
749 3452 798 3479 sed
826 3451 855 3480 in
876 3453 1045 3489 corporibus
1073 3455 1256 3491 caelestibus,
1285 3448 1352 3484 cum
1374 3456 1429 3484 sint

381 3487 518 3530 Simplicia
538 3493 566 3515 et
586 3497 615 3515 in
634 3489 751 3532 proprio
772 3490 847 3526 loco,
862 3498 889 3519 et
909 3501 969 3520 non
989 3492 1025 3521 sit
1045 3494 1085 3522 eis
1106 3494 1214 3532 aliquid
1234 3495 1410 3524 contrarium
1422 3518 1429 3531 ,

381 3525 452 3553 mlul
471 3532 565 3570 potest
579 3528 710 3571 ,accidere
737 3536 848 3565 praeter
868 3537 1015 3567 naturam3
1044 3542 1111 3570 ergo
1133 3533 1163 3561 in
1184 3534 1223 3562 eis
1249 3544 1309 3563 non
1334 3541 1429 3571 potest

382 3573 443 3592 esse
464 3565 559 3609 aliqua
578 3567 754 3602 impotentia.
783 3569 819 3596 Et
839 3569 904 3598 ideo
925 3580 985 3599 non
1006 3578 1101 3608 potest
1121 3582 1182 3601 esse
1210 3573 1239 3602 in
1260 3574 1429 3611 corporibus

381 3603 548 3632 caelestibus
569 3605 726 3635 deminutio
746 3607 918 3645 velocitatis;
940 3616 967 3638 et
987 3620 1038 3646 per
1059 3621 1238 3650 consequens
1252 3622 1346 3651 neque
1360 3623 1429 3651 aug-

1486 759 1502 776 *
1517 761 1647 793 Etenim
1662 762 1688 793 si
1704 761 1759 793 fiat
1773 762 1995 803 irregulariter,
2007 769 2063 794 aut
2078 770 2145 795 tota
2160 770 2400 804 transmutatur,
2415 770 2446 796 et
2457 775 2557 806 quan-

1553 806 1659 847 doque
1683 806 1814 848 quidem
1837 806 1872 838 fit
1902 806 2044 838 velocior
2073 808 2269 849 quandoque
2303 814 2411 839 autem
2440 809 2558 841 tardior

1552 850 1686 890 iterum,
1715 857 1770 882 aut
1791 857 1896 892 partes
1918 850 2029 892 ipsius.
2053 851 2159 883 Partes
2183 851 2315 893 quidem
2337 852 2438 894 ipsius
2467 854 2558 895 quod

1552 904 1619 925 non
1638 901 1712 926 sunt
1727 895 1924 936 irregulares,
1935 895 2151 927 manifestum.
2164 896 2231 927 lam
2246 897 2332 927 enim
2348 897 2461 939 utique
2475 898 2557 930 facta

1552 938 1663 970 fuisset
1686 939 1832 971 distantia
1855 946 2014 971 astrorum
2035 940 2070 971 in
2091 940 2217 972 infinito
2232 947 2388 982 tempore,
2405 942 2468 974 hoc
2486 943 2558 984 qui-

1552 983 1627 1014 dem
1648 983 1791 1015 velocius
1821 990 1932 1023 moto,
1956 984 2020 1015 hoc
2042 990 2151 1016 autem
2173 985 2312 1016 tardius:
2343 996 2410 1017 non
2433 987 2558 1019 videtur

1551 1033 1660 1058 autem
1682 1028 1761 1059 nihil
1783 1028 1903 1059 habens
1922 1028 2010 1060 aliter
2033 1028 2299 1070 elongationibus.
2316 1030 2379 1061 Sed
2402 1037 2433 1062 et
2452 1041 2558 1074 neque

1550 1078 1652 1103 totam
1668 1071 1782 1103 accidit
1796 1072 2009 1104 transmutari.
2022 1072 2181 1104 Remissio
2198 1073 2284 1104 enim
2303 1074 2558 1118 uniuscuiusque

1550 1116 1586 1148 fit
1604 1123 1735 1158 propter
1756 1116 1997 1157 impotentiam;
2020 1117 2210 1158 impotentia
2233 1124 2342 1149 autem
2364 1125 2488 1159 praeter
2501 1130 2557 1151 na-

1550 1169 1666 1193 turam.
1681 1160 1810 1192 Etenim
1823 1161 1857 1191 in
1873 1160 2063 1192 animalibus
2078 1161 2286 1202 impotentiae
2307 1172 2420 1194 omnes
2435 1170 2559 1204 praeter

1550 1212 1698 1238 naturam
1727 1211 1821 1244 sunt,
1851 1211 1930 1246 puta
1959 1212 2105 1236 senectus
2134 1212 2166 1237 et
2195 1206 2456 1239 decrementum:
2489 1214 2558 1240 tota

1551 1251 1638 1282 enim
1670 1249 1873 1282 consistentia
1901 1249 2091 1281 animalium
2118 1249 2200 1281 forte
2223 1260 2261 1282 ex
2288 1251 2404 1282 talibus
2433 1258 2558 1285 constat

1549 1305 1632 1337 quae
1649 1294 1796 1326 differunt
1814 1293 1951 1335 propriis
1970 1293 2068 1333 locis;
2091 1294 2180 1326 nulla
2196 1294 2283 1327 enim
2298 1295 2439 1336 partium
2455 1296 2557 1338 ipsius

1549 1340 1644 1371 habet
1660 1349 1731 1370 eam
1745 1349 1826 1380 quae
1841 1338 1941 1379 ipsius
1960 1338 2134 1379 regionem.
2149 1338 2182 1370 Si
2201 1338 2297 1380 igitur
2315 1339 2349 1370 in
2362 1339 2474 1382 primis
2488 1351 2557 1374 non

1510 1424 1514 1425 ⁷
1550 1391 1597 1416 est
1619 1384 1709 1426 quod
1732 1389 1854 1424 praeter
1876 1389 2023 1414 naturam
2047 1381 2220 1426 (simplicia
2244 1383 2331 1415 enim
2359 1391 2390 1416 et
2412 1384 2557 1418 immixta

1549 1435 1581 1460 et
1603 1429 1636 1460 in
1659 1428 1789 1470 propria
1811 1427 1951 1468 regione,
1968 1434 1999 1459 et
2014 1427 2094 1458 nihil
2108 1427 2186 1469 ipsis
2204 1427 2428 1471 contrarium),
2450 1439 2556 1476 neque

1549 1473 1661 1515 utique
1690 1471 1879 1513 impotentia
1909 1472 1976 1504 erit.
2009 1472 2117 1510 Quare
2146 1482 2251 1514 neque
2281 1473 2428 1505 remissio
2449 1484 2556 1517 neque

1549 1517 1706 1549 intensio:
1731 1517 1757 1548 si
1780 1516 1867 1548 enim
1889 1516 2042 1556 intensio,
2066 1523 2097 1548 et
2119 1516 2276 1549 remissio.

1481 1562 1626 1594 *Adhuc
1641 1568 1749 1593 autem
1765 1567 1796 1592 et
1810 1560 2023 1592 irrationabile
2045 1559 2171 1593 infinito
2189 1568 2334 1602 tempore
2350 1568 2466 1603 potens
2486 1573 2555 1595 esse
2581 1572 2592 1583 ·

1549 1616 1701 1645 movens,
1725 1612 1756 1637 et
1779 1615 1887 1636 rursus
1910 1605 1973 1636 alio
2002 1605 2126 1637 infinito
2157 1605 2328 1647 impotens.
2357 1606 2446 1638 Nihil
2468 1607 2555 1640 enim

1548 1651 1673 1682 videtur
1696 1650 1830 1681 existens
1853 1648 1980 1681 infinito
2003 1656 2149 1691 tempore
2171 1657 2294 1691 praeter
2307 1657 2470 1691 naturum
2491 1651 2554 1684 im-

1549 1694 1692 1736 potentia
1711 1701 1819 1726 autem
1833 1700 1956 1735 praeter
1968 1700 2125 1726 naturam.
2140 1694 2254 1736 Neque
2269 1695 2394 1737 aequali
2408 1701 2555 1738 tempore

1549 1746 1672 1781 praeter
1694 1745 1840 1770 naturam
1860 1745 1891 1769 et
1905 1738 2083 1770 secundum
2105 1745 2271 1778 naturam3
2294 1749 2400 1781 neque
2415 1740 2554 1773 totaliter

1550 1790 1665 1825 potens
1689 1790 1719 1814 et
1737 1783 1908 1823 impotens.
1927 1783 2063 1814 Necesse
2078 1789 2187 1814 autem
2205 1783 2231 1814 si
2245 1783 2416 1816 remittitur
2433 1791 2555 1825 motus,

1550 1827 1674 1859 infinito
1698 1827 1815 1858 remitti
1838 1834 1993 1868 tempore.

1483 1873 1546 1906 Sed
1569 1873 1673 1904 adhuc
1696 1881 1801 1913 neque
1823 1871 1944 1902 intendi
1967 1875 2104 1912 semper,
2124 1878 2179 1904 aut
2201 1872 2318 1904 iterum
2340 1871 2458 1904 remitti
2479 1882 2555 1915 pos-

1551 1917 1651 1948 sibile.
1675 1915 1820 1947 lnfinitus
1843 1915 1930 1947 enim
1948 1915 2060 1958 utique
2076 1915 2134 1948 en’t
2157 1923 2188 1948 et
2206 1916 2469 1949 indeterminatus
2484 1926 2555 1949 mo-

1550 1969 1617 2001 tus;
1634 1970 1766 1992 omnem
1785 1966 1893 1991 autem
1908 1960 2044 1992 dicimus
2063 1970 2100 1991 ex
2116 1961 2225 2003 aliquo
2241 1961 2274 1992 in
2290 1961 2411 2003 aliquid
2429 1970 2509 2002 esse,
2523 1968 2555 1994 et

1550 2005 1806 2038 determinatum.

1482 2050 1501 2071 *
1518 2051 1634 2082 Adhuc
1657 2057 1766 2082 autem
1789 2049 1814 2081 si
1837 2049 1909 2091 quis
1932 2049 2066 2090 accipiat
2083 2059 2151 2081 esse
2169 2049 2301 2092 aliquod
2318 2056 2446 2093 tempus
2461 2049 2554 2083 mini-
2578 2054 2590 2067 ·

1550 2106 1662 2135 mum,
1685 2095 1776 2127 cuius
1799 2104 1867 2125 non
1890 2093 2046 2135 contingit
2067 2093 2102 2125 in
2124 2093 2242 2126 minori
2264 2094 2387 2126 moveri
2417 2094 2552 2132 eaelum.

1550 2140 1639 2172 Sicut
1662 2140 1749 2171 enim
1771 2148 1876 2180 neque
1899 2137 2079 2170 citharizare
2102 2148 2207 2180 neque
2231 2137 2275 2170 ire
2297 2138 2330 2169 in
2346 2148 2555 2182 quocumque

1550 2191 1694 2225 tempore
1717 2182 1888 2225 possibile,
1916 2183 1971 2214 sed
1998 2189 2046 2214 est
2068 2182 2321 2225 uniuscuiusque
2344 2188 2432 2214 acms
2454 2183 2556 2215 deter-

1549 2228 1708 2260 minatum
1726 2227 1899 2259 minimum
1913 2233 2042 2268 tempus
2056 2227 2097 2257 ad
2112 2236 2179 2258 non
2194 2227 2364 2266 excedere3
2387 2227 2432 2259 sic
2450 2236 2556 2269 neque

1549 2273 1670 2304 moveri
1705 2272 1829 2303 caelum
1860 2271 1893 2302 in
1919 2281 2128 2313 quocumque
2151 2278 2297 2312 tempore
2327 2271 2489 2312 possibile.
2521 2271 2555 2304 Si

1548 2317 1644 2358 igitur
1666 2317 1728 2348 hoc
1751 2326 1874 2355 verum,
1891 2325 1959 2347 non
1982 2315 2094 2357 utique
2121 2315 2179 2347 erit
2201 2325 2328 2357 semper
2349 2315 2488 2348 intensio
2509 2315 2554 2348 lae

1548 2361 1655 2393 tionis.
1679 2361 1711 2393 Si
1731 2368 1840 2392 autem
1855 2370 1923 2391 non
1941 2359 2089 2399 intensio,
2109 2370 2213 2401 neque
2228 2359 2392 2391 remissio:
2412 2359 2556 2392 similiter

1549 2405 1636 2437 enim
1658 2405 1755 2436 ambo
1779 2411 1811 2436 et
1833 2404 1968 2435 alterum
1981 2426 1990 2443 ,
2022 2404 2048 2435 si
2079 2403 2211 2446 quidem
2241 2404 2353 2435 eadem
2381 2403 2555 2437 intenditur

1548 2449 1714 2481 velocitate
1737 2455 1792 2480 aut
1814 2447 1939 2487 maiori,
1963 2454 1994 2480 et
2015 2447 2141 2479 infinito
2164 2454 2319 2490 tempore.

1480 2493 1498 2514 *
1512 2493 1715 2535 Relinquitur
1736 2493 1844 2535 itaque
1867 2492 1969 2524 dicere
1995 2492 2135 2523 vicissim
2157 2502 2225 2523 esse
2253 2499 2381 2524 motum
2403 2491 2444 2523 ad
2465 2492 2556 2524 velo-
2580 2498 2592 2510 ⁸

1549 2538 1616 2570 cius
1640 2545 1671 2570 et
1692 2538 1822 2570 tardius.
1847 2537 1920 2568 Hoc
1939 2543 2048 2568 autem
2070 2536 2197 2577 penitus
2221 2535 2444 2576 irrationabile,
2454 2540 2494 2568 ‘et
2516 2536 2552 2568 fi-

1549 2582 1646 2614 ctioni
1669 2581 1782 2614 simile.
1805 2581 1921 2613 Adhuc
1945 2587 2052 2612 autem
2076 2587 2107 2612 et
2129 2591 2196 2612 non
2219 2580 2315 2612 latere
2337 2581 2372 2611 in
2394 2580 2444 2612 his
2459 2580 2555 2613 ratio-

1548 2626 1703 2658 nabilius:
1727 2625 1924 2658 sensibiliora
1947 2625 2033 2656 enirn
2056 2624 2142 2656 iuxta
2165 2635 2199 2656 se
2221 2625 2359 2656 invicem
2381 2624 2498 2666 posita.

1482 2715 1581 2754 Quod
1604 2715 1735 2757 quidem
1758 2714 1853 2755 igitur
1875 2721 1907 2746 et
1929 2724 2033 2745 unum
2056 2714 2164 2746 solum
2187 2721 2234 2746 est
2253 2714 2396 2754 caelum,
2420 2721 2452 2747 et
2468 2715 2555 2748 istud

1548 2759 1726 2800 ingenitum
1745 2766 1775 2790 et
1794 2759 2036 2800 sempiternum,
2060 2758 2165 2790 adhuc
2189 2765 2297 2790 autem
2317 2765 2446 2791 motum
2459 2769 2551 2802 regu·

1548 2804 1667 2844 lenter,
1690 2803 1850 2835 intantum
1873 2802 1966 2835 nobis
1989 2803 2112 2834 dictum
2133 2802 2183 2834 sit⁴
2446 2813 2458 2815 “

1483 2906 1623 2935 mentum,
1645 2899 1715 2937 quia
1735 2900 1806 2928 haec
1827 2899 1887 2928 duo
1909 2908 1940 2927 se
1961 2898 2084 2927 invicem
2106 2905 2333 2936 consequuntur.
2350 2914 2369 2920 -
2385 2898 2411 2927 3.
2438 2899 2552 2934 Quarta

1483 2940 1568 2974 ratio,
1590 2949 1624 2968 ex
1646 2946 1727 2977 parte
1744 2938 1897 2968 moventis.
1919 2939 1951 2967 ln
1966 2945 2050 2967 motu
2071 2937 2143 2967 caeli
2163 2937 2288 2967 intensio
2303 2944 2331 2967 et
2347 2937 2480 2968 remissio
2500 2947 2552 2968 ne-

1482 2979 1545 3017 quit
1565 2979 1732 3017 contingere
1753 2978 1809 3007 nisi
1829 2987 1890 3007 uno
1918 2987 1953 3007 ex
1973 2977 2052 3007 hisce
2071 2977 2164 3006 tribus
2186 2977 2299 3007 modis:
2328 2977 2475 3014 videlicet,
2499 2985 2551 3008 aut

1482 3019 1521 3048 ita
1535 3020 1616 3057 quod
1630 3028 1747 3058 semper
1761 3019 1928 3047 intendatur
1948 3018 1994 3046 vel
2014 3027 2131 3056 semper
2150 3018 2317 3046 remittatur
2322 3028 2333 3053 ,·
2353 3024 2404 3047 aut
2416 3017 2458 3047 ita
2470 3018 2553 3064 quod

1482 3059 1640 3097 aliquando
1661 3059 1827 3088 intendatur
1840 3064 1868 3087 et
1882 3058 2041 3096 aliquando
2062 3057 2242 3094 remittatur,
2264 3064 2293 3087 et
2312 3059 2370 3087 hoc
2383 3057 2550 3096 dupliciter:

1481 3109 1542 3128 uno
1558 3100 1649 3128 modo
1664 3099 1744 3137 quod
1764 3104 1826 3127 tota
1846 3097 1972 3127 intensio
1993 3104 2022 3126 et
2035 3097 2165 3126 similiter
2178 3104 2240 3127 tota
2254 3097 2386 3127 remissio
2405 3097 2442 3127 sit
2455 3097 2552 3134 simul,

1482 3139 1520 3168 ita
1541 3145 1573 3168 ut
1594 3145 1691 3167 motus
1713 3137 1797 3174 caeli,
1819 3137 1971 3175 supposito
1993 3138 2073 3175 quod
2094 3137 2131 3166 sit
2151 3137 2359 3175 sempiternus,
2377 3138 2465 3176 prius
2485 3137 2552 3177 t'nfi-

1482 3179 1541 3207 nito
1563 3185 1693 3217 tempore
1715 3178 1891 3212 intendatur,
1906 3183 1934 3206 et
1950 3183 2053 3216 postea
2075 3177 2188 3223 infinito
2210 3183 2340 3216 tempore
2362 3178 2548 3212 remittatur,

1481 3219 1526 3247 vel
1547 3228 1563 3247 e
1576 3227 1733 3255 converso;
1754 3217 1811 3247 alio
1833 3218 1924 3246 modo
1946 3218 2022 3255 quod
2044 3217 2171 3246 vicissim
2193 3218 2363 3255 quandoque
2384 3217 2553 3247 intendatur

1482 3264 1510 3287 et
1523 3259 1692 3297 quandoque
1715 3258 1889 3287 remittatur.
1919 3258 1977 3286 Sed
1998 3257 2148 3295 quodlibet
2169 3257 2291 3286 istorum
2306 3263 2349 3286 est
2362 3256 2550 3294 impossibile.

1482 3299 1559 3335 Ergo
1581 3299 1774 3327 etc.-Textus
1795 3297 1907 3327 divisio.
1923 3314 1942 3319 -
1955 3307 1984 3333 4.
1999 3297 2180 3334 Impossibile
2201 3303 2244 3326 est
2265 3297 2347 3334 quod
2367 3302 2465 3326 motus
2479 3296 2551 3326 meli

1483 3337 1595 3367 infinito
1613 3345 1746 3375 tempore
1767 3337 1933 3366 intendatur
1954 3336 2042 3375 prius,
2057 3343 2086 3366 et
2102 3343 2205 3374 postea
2224 3335 2338 3365 infinito
2359 3342 2491 3374 tempore
2505 3345 2551 3365 re·

1483 3377 1628 3414 mittatur,
1657 3378 1701 3407 vel
1729 3387 1744 3406 e
1766 3387 1916 3406 converso.
1945 3379 1996 3406 Est
2017 3377 2095 3407 enim
2123 3375 2318 3405 irrationabile
2346 3376 2427 3414 quod
2452 3382 2552 3405 motor

1483 3417 1552 3445 caeli
1574 3417 1687 3446 infinito
1708 3424 1840 3455 tempore
1862 3417 1897 3446 sit
1918 3423 2022 3455 potens
2043 3423 2072 3447 et
2091 3416 2228 3446 velociter
2248 3422 2380 3452 moveat,
2402 3422 2431 3445 et
2451 3424 2550 3445 rursus

1482 3456 1539 3485 alio
1561 3457 1674 3486 infinito
1695 3464 1828 3495 tempore
1849 3457 1885 3486 sit
1906 3457 2053 3494 impotens
2076 3464 2104 3487 et
2124 3457 2206 3486 tarde
2227 3462 2351 3484 moveat.
2380 3457 2456 3485 Nam
2476 3455 2551 3484 sicut

1482 3497 1611 3533 potentia
1632 3503 1675 3526 est
1695 3498 1855 3526 secundum
1876 3503 2026 3533 naturam,
2049 3497 2088 3527 ita
2109 3495 2280 3533 impotentia
2301 3502 2344 3524 est
2365 3502 2478 3533 praeter
2498 3504 2551 3524 na-

1482 3542 1590 3565 turam:
1613 3537 1684 3565 nihil
1705 3544 1802 3566 autem
1824 3537 1904 3575 quod
1925 3543 1968 3566 est
1981 3543 2094 3574 praeter
2107 3542 2249 3571 naturam,
2265 3535 2378 3564 videtur
2390 3544 2476 3572 posse
2490 3533 2550 3562 exi-

1483 3582 1555 3604 stere
1576 3576 1688 3605 infinito
1709 3583 1849 3614 tempore.
1872 3578 2038 3613 Praeterea,
2060 3586 2122 3606 non
2142 3582 2185 3604 est
2205 3576 2326 3613 aequale
2351 3581 2466 3612 tempus
2487 3573 2549 3602 eius

1483 3616 1563 3652 quod
1577 3622 1620 3644 est
1633 3617 1793 3645 secundum
1814 3623 1957 3653 naturam,
1971 3623 2000 3646 et
2013 3616 2075 3646 eius
2096 3616 2177 3654 quod
2193 3622 2235 3644 est
2249 3621 2361 3653 praeter
2374 3620 2518 3644 naturam.
2530 3630 2550 3636 -

2584 770 2729 826 2335...
2737 777 2762 795 '¹
2772 772 2782 803 ἓ

2758 841 2782 862 Ὶί

2758 934 2782 967 tl

2763 974 2782 1008 A

2759 1083 2782 1108 ⁴²4
