2782 4134
130 1588 144 1634 ἦ
157 1586 191 1640 C5f.
201 1586 252 1607 lect.
262 1589 335 1612 praee.

135 1691 144 1700 ·
157 1690 226 1712 Num.
237 1690 258 1712 8.

127 2108 136 2117 ’
150 2106 218 2129 Num.
232 2113 252 2134 7.

129 2478 138 2487 '¹
152 2477 250 2499 ostendit
263 2483 285 2499 Α.

362 271 408 307 56
1043 255 1112 291 DE
1142 250 1315 289 CAELO
1345 249 1415 285 ET
1443 245 1637 284 MUNDO
1668 243 1762 279 LIB.
1793 243 1807 278 Ι

357 358 427 378 vens
456 347 534 384 quod
547 345 582 373 sit
595 343 688 372 minus
703 349 788 377 quam
803 339 834 366 B.
846 337 957 371 Corpus
971 335 996 360 D
1011 331 1135 367 aliquam
1150 335 1402 372 partem-corporis

360 370 461 417 infiniti
484 391 552 422 puta
565 386 597 419 E,
612 380 736 410 movebit
750 379 779 406 in
796 375 938 414 praedicto
953 379 1081 407 tempore
1093 370 1131 397 G:
1147 375 1324 411 narn-minus
1338 375 1401 393 cor-

360 436 414 465 pus
428 409 523 454 movet
536 423 628 451 minus
650 419 753 448 mobile
771 418 801 445 in
815 414 924 451 aequali
945 418 1080 447 tempore.
1097 409 1291 452 -.Acc1piatur
1312 405 1400 448 modo

361 466 437 495 aliud
454 473 556 500 corpus
570 463 599 497 F,
620 466 699 488 tanto
720 457 811 485 maius
831 456 855 482 E
869 458 976 490 quanto
991 452 1013 478 Β
1028 448 1135 476 excedit
1155 448 1190 473 D.
1211 447 1275 473 Hoc
1295 450 1401 489 posito,

361 504 508 534 habebitur
522 503 590 530 haec
606 497 762 536 proportio,
784 499 885 530 nempe
901 491 979 528 quod
998 489 1020 517 F
1041 496 1070 515 se
1088 487 1174 514 habet
1187 486 1224 513 ad
1237 486 1270 519 E,
1285 489 1357 511 Sicut
1378 484 1401 510 Β

362 555 391 574 se
405 544 489 571 habet
499 542 535 570 ad
549 542 587 575 D3
603 549 635 567 ex
645 547 709 574 qua,
720 532 923 564 commutando
934 536 1066 562 extrema,
1077 526 1196 569 habetur
1210 524 1290 561 quod
1300 523 1400 550 eadem

362 590 403 612 est
416 582 487 610 ratio
502 583 526 608 D
541 580 577 607 ad
591 580 623 613 E,
639 586 710 613 quae
731 581 772 603 est
786 575 808 601 B
821 573 857 600 ad
872 573 901 598 F.
918 570 973 597 Sed
987 569 1012 595 D
1027 571 1123 594 movet
1137 566 1161 591 E
1175 573 1204 591 in
1217 570 1347 608 ternpore
1362 562 1400 596 G;

361 631 428 659 ergo
448 623 470 649 B
491 625 584 648 movet
605 619 626 645 F
646 617 676 644 in
696 615 797 643 eodem
817 618 951 646 tempore.
974 609 1049 643 Ergo
1071 606 1093 632 B
1114 603 1226 631 finitum
1246 612 1276 647 in
1297 602 1401 630 eodem

361 669 488 697 tempore
502 663 597 686 movet
610 655 719 684 finitum
734 659 760 681 et
774 650 922 679 infinitum.
934 663 953 669 -
963 656 991 682 4.
1006 644 1138 690 sefund‘.)
1152 643 1311 671 ostenditur
1322 641 1401 686 quod

361 700 500 738 infinitum
515 705 618 735 corpus
639 704 692 722 non
714 697 806 720 movet
817 690 951 728 finitum;
966 693 992 714 et
1009 693 1102 729 primo
1117 693 1149 728 jn
1169 681 1400 720 temporefinito.

362 740 392 768 Si
413 738 487 767 enim
509 738 590 765 datur
610 732 794 765 contrarium,
820 729 854 757 sit
873 729 899 756 A
920 735 1023 762 corpus
1044 723 1195 757 infinitum,
1211 722 1290 758 quod
1305 725 1402 764 movet

362 781 407 807 BZ
432 778 461 805 in
480 783 607 812 tempore
621 773 699 801 finito
721 771 754 798 G.
774 769 878 805 Aliqua
891 776 956 803 pars
970 764 1058 802 ipsius
1078 763 1117 798 A,
1139 769 1208 807 puta
1222 763 1260 806 D,
1276 760 1402 788 movebit

361 824 470 855 partem
484 815 605 852 aliquam
620 814 673 847 BZ,
688 816 756 847 puta
775 810 806 843 Z,
820 808 849 835 in
864 807 966 835 eodem
980 811 1117 840 tempore.
1133 803 1295 838 Accipiatui-
1311 800 1400 827 modo

355 857 416 886 ‹alia
429 865 492 892 pars
513 852 638 890 corporis
659 849 771 883 infiniti,
794 856 867 884 quae
888 846 922 874 sit
942 847 979 880 E,
1001 850 1028 872 et
1042 848 1208 885 qufie‘tanto
1222 841 1338 869 excedat
1359 841 1400 873 D,

362 902 468 933 quanto
483 895 527 921 ΒΖ
541 891 646 920 excedit
659 892 688 918 Z.
704 891 744 916 Ex
758 889 813 915 hoc
827 887 946 914 habetur
959 888 1122 921 proportio,
1143 883 1203 909 BZ:
1225 882 1279 924 Zzi
1295 881 1337 924 *Ez
1359 880 1399 913 D;

362 942 389 964 et
402 933 602 963 commutando
617 936 752 963 extrema,
774 929 814 954 D:
836 928 858 954 Z
868 937 888 954 ιε
910 926 948 952 E:
972 925 1026 951 BZ.
1045 924 1101 951 Sed
1115 930 1148 949 ex
1163 926 1360 956 supposmone
1375 919 1399 945 D

361 980 455 1003 movet
475 974 496 1001 Z
516 972 545 1000 in
566 971 590 998 G
614 977 756 1004 tempore;
778 975 845 1003 ergo
860 965 945 993 etiam
966 965 990 991 E
1010 963 1039 990 in
1052 969 1181 998 tempore
1196 961 1221 987 G
1235 965 1330 987 movet
1345 959 1399 985 BZ.

360 1015 435 1050 Ergo
455 1012 564 1040 finitum
584 1015 611 1037 et
630 1007 771 1036 infinitum
790 1011 908 1033 movent
933 1004 963 1031 in
989 1003 1091 1031 eodem
1112 1007 1240 1036 tempore
1261 1003 1401 1043 unum-et

359 1053 435 1080 idern
455 1050 566 1079 mobile.
582 1066 600 1070 —
619 1049 643 1076 5.
666 1046 808 1075 Infinitum
829 1054 889 1073 non
910 1049 1005 1071 movet
1025 1041 1136 1070 finitum
1157 1040 1185 1067 in
1208 1045 1335 1083 tempore
1357 1047 1400 1064 in-

351 1092 446 1130 finito.
469 1089 567 1118 Omnis
588 1087 662 1116 enim
683 1086 756 1114 actio
777 1085 821 1113 vel
841 1083 935 1120 passio
957 1083 1041 1111 habet
1061 1081 1162 1109 finem:
1185 1088 1252 1124 ergo
1278 1087 1307 1106 in
1328 1084 1400 1122 tem-

358 1140 428 1168 pore
442 1129 549 1157 infinito
563 1137 622 1155 non
637 1125 773 1162 contingit
786 1124 893 1161 aliquid
907 1131 1021 1150 movere
1041 1121 1084 1149 vel
1104 1129 1248 1148 movern-
1259 1119 1286 1146 6.
1304 1118 1400 1162 Tertio

359 1169 514 1198 ostenditur
540 1167 617 1204 quod
643 1165 782 1201 infinitum
811 1173 866 1192 non
895 1167 989 1190 movet
1009 1161 1160 1199 infinitum.
1175 1158 1353 1194 -Alioquin,
1375 1157 1400 1183 Α

358 1209 497 1237 infinitum
517 1216 601 1244 agens
627 1211 740 1234 moveat
760 1205 783 1232 B
803 1203 912 1240 patiens
933 1201 1075 1229 infinitum
1102 1199 1131 1227 in
1159 1205 1288 1235 tempore
1309 1198 1401 1225 deter-

474 1335 535 1363 „ff-
555 1329 587 1355 ‘a
614 1317 787 1358 ostquam
806 1306 1058 1354 Philosophus
1078 1303 1239 1341 ostendit
1263 1314 1400 1351 corpus

420 1363 441 1400 53*
474 1353 542 1409 ff)
570 1361 786 1399 &sensibile
813 1373 891 1397 non
918 1371 999 1396 esse
1027 1357 1226 1403 infinitum,
1256 1355 1400 1392 ratione

473 1407 601 1464 32:32
615 1422 766 1463 accepta
797 1426 842 1450 ex
873 1419 976 1461 parte
1006 1418 1131 1447 motus
1159 1409 1305 1455 localis,
1339 1407 1400 1444 hic

421 1483 448 1500 s:
474 1456 599 1509 ΗΓΘ)
616 1467 774 1505 ostendit
788 1466 889 1503 idem
905 1465 1045 1502 ratione
1063 1470 1216 1512 accepta
1231 1474 1276 1498 ex
1294 1468 1400 1510 parte

361 1522 512 1560 actionis
541 1528 576 1558 et
593 1520 786 1570 passionis,
815 1531 911 1568 quae
941 1524 1220 1566 consequuntur
1244 1526 1401 1552 ornnem

361 1583 505 1612 motum
524 1575 554 1611 *.
575 1575 623 1611 Et
642 1573 736 1610 circa
763 1573 836 1609 hoc
855 1572 930 1609 duo
959 1570 1062 1607 facit:
1091 1569 1212 1619 primo
1241 1566 1403 1605 ostendit

359 1627 613 1677 propositum3
642 1626 806 1663 secundo
827 1624 985 1662 excludit
1008 1623 1199 1672 quandam
1220 1621 1401 1659 obviatio-

360 1693 459 1728 nem,
479 1679 548 1716 ibi:
575 1677 650 1715 Sed
672 1685 792 1716 tamen
812 1683 848 1714 et
863 1688 1116 1726 quaecumque
1138 1676 1159 1696 '⁸
1187 1682 1253 1712 ete.

413 1745 446 1770 2.
477 1733 582 1769 Circa
609 1732 772 1780 primum
798 1730 904 1779 ponit
938 1731 1049 1766 talem
1082 1728 1276 1766 rationem.
1308 1728 1401 1764 Nul-

358 1786 436 1822 lum
456 1797 590 1834 corpus
609 1785 793 1821 infinitum
820 1784 932 1820 habet
953 1783 1130 1820 virtutem
1153 1781 1316 1818 activam
1337 1788 1401 1818 aut

357 1838 546 1887 passivam
573 1845 635 1874 aut
660 1845 878 1884 utramque;
907 1835 973 1873 sed
1001 1848 1115 1872 omne
1145 1847 1282 1883 corpus
1316 1847 1399 1871 sen-

358 1891 461 1928 sibile
496 1891 607 1927 habet
632 1890 806 1928 virtutem
842 1889 1002 1926 activam
1031 1896 1094 1925 aut
1120 1888 1312 1937 passivam
1336 1895 1400 1924 aut

357 1951 570 1992 utramque;
599 1955 685 1992 ergo
709 1943 853 1980 nullum
873 1954 1008 1991 corpus
1036 1941 1210 1979 sensibile
1238 1948 1293 1978 est
1316 1940 1399 1978 infi-

357 1996 474 2033 nitum
493 2003 521 2033 α.
551 1996 658 2033 Circa
680 1997 752 2033 hoc
772 2007 859 2043 ergo
880 1995 955 2032 duo
980 1995 1083 2032 facit:
1111 1995 1234 2044 primo
1263 1995 1400 2043 probat

357 2049 554 2095 maiorem;
584 2049 748 2086 secundo
775 2048 880 2097 ponit
907 2048 1094 2085 minorem
1122 2055 1158 2085 et
1190 2047 1398 2085 conclusio-

356 2114 455 2149 nem,
475 2102 545 2139 ibi:
574 2103 615 2139 Si
636 2103 749 2152 igitur
771 2113 880 2138 omne
898 2113 1031 2150 corpus
1051 2103 1071 2123 ³⁵
1091 2108 1158 2138 etc.
1189 2101 1297 2138 Circa
1325 2101 1399 2150 pri-

357 2166 463 2191 mum
492 2154 566 2192 duo
594 2155 697 2192 facit:
731 2154 852 2204 primo
880 2155 1057 2204 proponit
1088 2154 1193 2203 quod
1219 2154 1397 2202 intendit,

358 2214 394 2244 et
421 2207 505 2244 dicit
535 2208 770 2245 manifestum
799 2220 878 2244 esse
916 2221 960 2244 ex
987 2207 1044 2245 his
1075 2220 1174 2255 quae
1207 2207 1397 2255 dicentur,

358 2261 458 2308 quod
477 2272 553 2297 non
571 2262 693 2298 solum
720 2261 948 2309 impossibile
968 2268 1023 2298 est
1045 2260 1232 2298 infinitum
1251 2260 1398 2298 moveri

357 2312 532 2360 localiter,
562 2314 627 2350 sed
654 2313 910 2351 universaliter
937 2322 991 2351 est
1019 2314 1248 2363 impossibile
1277 2314 1399 2351 infini-

357 2372 436 2403 tum
462 2366 537 2414 pati
564 2366 720 2415 aliquid,
749 2367 810 2404 vel
839 2366 950 2404 etiam
974 2379 1084 2415 agere
1103 2366 1241 2415 aliquid
1261 2367 1299 2404 in
1319 2380 1398 2404 cor-

356 2430 426 2467 pus
453 2418 610 2457 finitum.

411 2471 584 2509 Secundo
617 2471 687 2508 ibi:
716 2472 771 2508 Sit
795 2473 892 2509 enim
916 2473 1098 2520 infinitum
1125 2480 1206 2520 etc.,
1226 2473 1360 2522 probat
1380 2475 1400 2494 ⁵

358 2524 600 2572 propositum.
621 2525 670 2561 Et
682 2524 805 2573 primo
821 2525 981 2562 ostendit
994 2525 1098 2574 quod
1116 2525 1304 2563 infinitum
1323 2539 1401 2564 non

415 2736 443 2769 α)
468 2738 608 2770 Postquam
631 2738 802 2770 Philosophus
850 2743 889 2764 est
907 2739 1046 2773 infinitum.
1059 2754 1077 2759 -
1090 2741 1235 2766 Secundum
1260 2742 1404 2767 BCDEFGI

364 2779 385 2797 s.
399 2771 512 2797 Thomas
525 2773 564 2797 bis
581 2773 689 2806 incoepit
706 2773 769 2798 hanc
787 2774 934 2799 lectionem:
954 2780 979 2800 et
997 2776 1108 2802 secunda
1126 2777 1229 2809 quidem
1243 2778 1298 2803 vice
1313 2777 1405 2803 liabent

363 2811 391 2832 ut
409 2815 464 2836 nos,
483 2812 586 2840 excepto
605 2808 674 2840 quod
691 2809 851 2841 BCDFIpEG
864 2810 983 2835 omittunt
997 2810 1187 2836 homoteleuton
1201 2812 1247 2837 sed
1259 2820 1334 2838 omne
1348 2821 1406 2839 cor-

359 2849 412 2874 pus
459 2845 506 2867 aut
524 2846 667 2875 utramque,
688 2844 757 2876 quod
775 2844 932 2870 restituimus
951 2853 980 2870 ex
998 2847 1020 2870 A
1040 2851 1064 2871 et
1083 2847 1156 2878 sEG;
1175 2848 1307 2880 quomodo
1320 2854 1405 2873 autem

363 2877 445 2909 prima
455 2878 509 2902 vice
527 2877 636 2903 habeant
649 2879 766 2910 praedicti
779 2879 887 2909 codices,
901 2885 1018 2905 notamus
1033 2882 1198 2914 adiungentes
1210 2883 1336 2908 variantes
1351 2884 1405 2909 Pia-

364 2919 420 2952 nae,
432 2920 492 2937 nam
506 2912 524 2936 P
538 2912 613 2938 habet
626 2913 707 2938 ferme
716 2914 783 2938 idem
797 2922 826 2939 ac
838 2914 862 2940 hi
877 2916 976 2940 codices
991 2916 1082 2949 primo.
1095 2918 1120 2942 S.
1128 2917 1241 2943 Thomas
1256 2926 1325 2951 erge,
1340 2919 1407 2945 iuxta

366 2947 444 2972 dictos
463 2947 570 2977 codices,
588 2948 657 2981 prius
676 2949 819 2982 scripsisset
837 2950 886 2975 sic:

383 3016 389 3022 .
418 2982 581 3015 «Postquam
600 2983 771 3016 Philosophus
792 2985 903 3010 ostendit
920 2994 972 3010 non
991 2993 1049 3011 esse
1067 2986 1152 3019 (quod
1171 2995 1221 3013 non
1241 2992 1279 3014 est
1295 2988 1330 3024 Ρ)
1350 2989 1407 3015 infi-

366 3021 446 3041 nitum
464 3025 564 3058 corpus,
578 3018 674 3043 ratione
692 3024 793 3052 accepta
811 3027 841 3044 ex
859 3026 929 3052 parte
948 3026 1033 3045 motus
1051 3022 1146 3054 localis,
1159 3023 1199 3048 hic
1213 3025 1325 3049 ostendit
1338 3026 1406 3050 idem

367 3059 531 3092 communiori
554 3053 661 3084 ratione,
680 3061 745 3086 quae
768 3055 863 3080 scilicet
887 3056 1007 3089 accipitur
1025 3064 1039 3081 a
1058 3062 1129 3082 motu
1149 3058 1174 3083 in
1193 3060 1334 3091 communi,
1354 3061 1407 3086 sive

369 3093 399 3111 ex
422 3091 518 3112 actione
541 3092 566 3112 et
584 3086 640 3120 (vel
658 3088 693 3122 P)
712 3090 844 3121 passione,
869 3099 935 3124 quae
959 3092 1159 3118 concomitantur
1182 3102 1287 3119 omnem
1309 3101 1407 3121 motum

370 3118 469 3153 (locum
487 3122 624 3157 BDEFG).
642 3123 674 3148 Et
691 3124 756 3150 circa
769 3124 817 3150 hoc
832 3126 879 3151 tria
892 3126 963 3152 facit:
978 3126 1062 3159 primo
1075 3128 1194 3161 proponit
1207 3130 1276 3162 quod
1290 3130 1409 3162 intendit;

370 3156 481 3180 secundo
499 3156 588 3197 probat
603 3159 767 3190 propositum,
783 3160 829 3186 ibi:
849 3161 892 3186 Sit
905 3162 973 3186 enim
989 3162 1119 3195 infinitum
1133 3168 1195 3194 etc.;
1213 3165 1287 3190 tertio
1301 3167 1409 3192 excludit

372 3190 498 3230 quandam
506 3190 673 3231 obvi-ationem
683 3193 859 3226 (obice-tionem
870 3196 908 3229 P).
920 3197 968 3222 ibi:
983 3197 1037 3222 Sed
1047 3201 1133 3223 tamen
1143 3202 1169 3223 et
1178 3206 1352 3233 quaecumque
1362 3207 1409 3227 etc.

371 3224 436 3249 Dicit
453 3232 514 3258 ergo
531 3233 613 3257 primo
631 3228 698 3268 quod
717 3236 746 3253 ex
763 3229 802 3254 his
821 3238 887 3263 quae
902 3237 1044 3265 sequuntur
1057 3233 1221 3259 manifestum
1235 3235 1282 3260 erit
1296 3234 1346 3269 (est
1359 3237 1410 3268 PE,

373 3266 425 3283 om.
437 3260 476 3292 G)
495 3261 564 3301 quod
582 3268 674 3302 corpus
692 3262 815 3289 infinitum
833 3274 884 3291 non
903 3268 987 3292 solum
1006 3275 1057 3292 non
1075 3274 1161 3301 potest
1179 3271 1275 3295 moveri
1290 3272 1410 3304 localiter,

374 3293 419 3334 sed
437 3295 505 3327 quod
523 3297 696 3337 universaliter
713 3306 764 3323 non
782 3304 865 3331 potest
883 3306 926 3326 aut
943 3303 993 3334 pati
1013 3303 1106 3336 aliquid
1120 3312 1134 3329 a
1148 3312 1253 3338 corpore
1266 3305 1337 3331 finito
1352 3306 1411 3339 (ali-

374 3328 436 3359 quid
454 3331 674 3371 acorporestnito
688 3339 740 3372 om.
754 3333 792 3366 Ρ),
803 3339 844 3359 aut
858 3343 931 3368 agere
944 3337 1038 3370 aliquid
1053 3338 1077 3362 in
1091 3347 1184 3372 corpus
1197 3339 1303 3366 finitum.
1314 3342 1412 3368 Deinde

376 3369 441 3403 eum·
453 3363 522 3388 dicit:
542 3365 584 3404 §⁷11
601 3373 668 3406 enim
687 3367 815 3399 infinitum
829 3374 883 3401 etc.,
901 3372 989 3403 probat
1003 3373 1102 3398 nullum
1116 3382 1208 3407 corpus
1221 3376 1340 3402 sensibile
1355 3386 1413 3402 esse

376 3396 503 3438 infinitum.
516 3399 557 3423 tali
575 3405 676 3426 ratione.
700 3402 804 3428 Nullum
823 3412 914 3437 corpus
932 3406 1055 3432 infinitum
1074 3408 1149 3434 habet
1166 3410 1286 3436 virtutem
1305 3413 1412 3438 activam

377 3436 420 3456 aut
437 3439 563 3463 passivam
581 3439 622 3459 aut
639 3440 786 3469 utramque;
805 3439 851 3463 sed
868 3447 944 3466 omne
963 3449 1054 3474 corpus
1070 3445 1190 3470 sensibile
1203 3445 1280 3471 habet
1294 3447 1414 3473 virtutem

376 3470 483 3526 :1⁰35ssss
483 3472 552 3526 “qu
554 3475 900 3536 ‘Caaossgingsiuitniiiiriiiinnciilffi
919 3483 979 3508 ergo
991 3478 1091 3502 nullum
1105 3487 1198 3512 corpus
1212 3481 1332 3507 sensibile
1346 3482 1414 3514 (sen-

406 3570 412 3576 .
429 3535 493 3560 Post
510 3535 558 3561 hoc
577 3537 633 3562 dicti
651 3539 749 3565 codices
769 3542 800 3566 de
817 3550 883 3567 novo
906 3544 1026 3578 incipiunt
1050 3547 1198 3581 lectionem3
1217 3551 1236 3575 Ρ
1255 3559 1316 3576 vero
1334 3553 1416 3586 pergit

381 3570 458 3596 Circa
481 3570 529 3596 hoc
546 3579 609 3605 ergo
628 3573 679 3599 duo
694 3575 765 3607 jacit
783 3581 837 3608 etc.,
853 3578 916 3603 sicut
934 3588 981 3605 nos
1000 3582 1128 3614 pergimus
1147 3592 1205 3610 cum
1223 3586 1246 3610 A
1264 3591 1289 3611 et
1308 3591 1356 3612 cet.
1375 3595 1415 3613 se-

1455 324 1564 352 minato
1586 323 1648 350 GD.
1671 322 1769 357 Ipsum
1782 320 1809 347 A
1825 318 1953 347 movebit
1973 320 1998 346 E
2015 324 2127 354 partem
2141 316 2231 354 ipsius
2245 317 2269 344 B
2283 316 2313 345 in
2327 317 2434 346 minori
2447 323 2522 345 tem-

1454 372 1533 399 pore,
1548 368 1618 398 puta
1638 362 1673 388 D.
1690 360 1732 387 Sit
1753 360 1763 387 1
1778 359 1834 387 alia
1847 369 1914 395 pars
1928 358 2043 386 mobilis
2058 357 2171 392 infiniti,
2187 365 2262 393 quae
2275 363 2389 385 tantum
2403 358 2521 385 excedat

1454 404 1493 437 E,
1516 407 1656 438 quantum
1678 401 1730 428 GD
1752 399 1862 427 excedit
1882 400 1918 427 D.
1940 399 2051 426 Eadem
2072 406 2141 434 ergo
2163 396 2217 424 erit
2236 396 2389 433 proportio
2404 396 2522 425 maioris

1453 440 1591 477 temporis
1613 440 1664 467 GD
1686 439 1725 467 ad
1745 438 1842 466 minus
1862 440 1904 474 D,
1927 447 2001 475 quae
2023 443 2065 466 est
2085 436 2173 474 partis
2197 436 2315 464 maioris
2335 437 2346 463 1
2367 437 2406 464 ad
2426 436 2523 464 mino-

1454 491 1515 509 rem
1530 482 1562 516 Ε,
1579 489 1629 507 seu
1644 478 1782 507 GD:D::
1799 479 1882 514 1:133
1900 484 1928 506 et
1943 477 2152 506 commutando
2168 475 2272 511 media,
2288 476 2356 503 GD:
2372 477 2413 504 12:
2429 477 2471 504 D:
2487 477 2521 511 E,

1454 530 1567 557 nempe,
1590 519 1693 547 eadem
1714 524 1756 546 est
1777 517 1850 546 ratio
1871 517 2011 554 temporis
2033 516 2151 545 maioris
2172 517 2210 544 ad
2231 515 2373 543 maiorem
2394 522 2519 552 partem,

1455 569 1528 597 quae
1549 565 1591 587 est
1612 557 1732 586 minoris
1746 557 1886 594 temporis
1904 558 1941 586 ad
1963 557 2107 585 minorem
2121 562 2242 593 partem.
2265 555 2323 583 Sed
2336 555 2363 583 A
2379 561 2477 583 movet
2497 556 2522 582 E

1454 606 1565 636 partem
1591 598 1735 626 minorem
1755 597 1786 625 in
1810 603 1943 634 tempore
1964 598 2006 625 D:
2032 606 2101 634 ergo
2128 596 2205 624 idern
2226 596 2253 623 Α
2275 595 2403 623 movebit
2423 596 2435 622 I
2455 604 2523 631 par-

1454 646 1512 667 tem
1527 638 1667 667 maiorem
1682 637 1712 665 in
1726 643 1858 673 tempore
1873 638 1935 665 GD.
1951 638 2029 674 Ergo
2047 636 2078 664 in
2092 637 2197 665 eodem
2210 633 2343 672 tempore
2358 634 2523 663 movebitur

1454 678 1598 707 infinitum
1613 684 1640 706 et
1655 677 1785 712 finitum,
1801 677 1882 713 quod
1897 682 1940 704 est
1959 675 2147 713 impossibile.
2163 675 2271 712 Nequit
2292 684 2361 712 ergo
2376 673 2524 702 infinitum

1455 718 1564 746 moveri
1582 718 1618 745 ab
1640 716 1754 744 infinito
1776 716 1806 744 in
1826 722 1958 752 tempore
1979 715 2072 744 finito.
2093 717 2125 743 In
2139 722 2271 752 tempore
2289 721 2388 743 autem
2409 713 2523 742 infinito

1454 758 1524 786 nihil
1544 763 1684 785 movetur.
1701 757 1778 793 Ergo
1793 755 1824 783 in
1840 756 1920 783 nullo
1941 762 2073 792 tempore
2090 755 2236 783 infinitum
2251 761 2384 783 movetur
2400 755 2437 782 ab
2458 753 2524 782 infi-

1454 797 1524 826 nito.
1536 814 1554 819 -—
1569 806 1596 833 7.
1607 797 1734 825 Probata
1754 795 1859 823 maiori
1877 795 1923 831 (cf.
1937 804 1967 823 n.
1979 797 2017 831 2),
2037 795 2220 824 concluditur
2237 795 2326 832 quod,
2345 804 2412 822 curn
2435 802 2524 822 omne

1454 846 1559 873 corpus
1580 835 1713 864 sensibile
1739 841 1839 863 natum
1865 834 1902 863 sit
1929 844 2047 863 movere
2068 841 2096 863 et
2117 834 2242 870 moveri,
2272 840 2300 863 et
2326 834 2394 862 ideo
2420 834 2526 862 habeat

1452 877 1586 905 virtutem
1607 876 1728 904 activam
1743 881 1792 903 aut
1810 874 1955 911 passivam
1973 881 2024 903 aut
2043 881 2206 911 utramque,
2220 874 2334 902 nullum
2348 879 2445 911 potest
2462 882 2525 901 esse

1453 916 1606 945 infinitum.
1623 931 1642 936 —-
1663 916 1691 943 8.
1714 915 1865 943 Obiectio:
1887 920 1983 951 potest
2003 914 2059 942 dici
2080 923 2142 943 esse
2163 920 2242 942 extra
2267 914 2379 943 caelum
2405 913 2526 950 aliquod

1453 966 1558 993 corpus
1568 955 1753 994 intelligibile
1765 954 1920 983 infinitum.
1927 955 2004 982 -Sed
2015 960 2129 983 contra:
2141 954 2219 982 intra
2228 959 2257 982 et
2267 960 2354 982 extra
2365 953 2527 991 significant

1453 997 1567 1031 locum;
1589 995 1690 1023 omnia
1702 1001 1800 1023 autem
1822 1003 1947 1031 corpora
1968 1003 2042 1031 quae
2063 999 2131 1022 sunt
2150 993 2181 1021 in
2201 993 2278 1029 loco,
2293 1000 2361 1021 sunt
2381 992 2527 1021 sensibilia

1453 1045 1504 1064 seu
1525 1034 1673 1063 naturalia.
1688 1051 1709 1055 —
1720 1036 1809 1063 Extra
1823 1034 1936 1064 caelum
1949 1043 2019 1071 ergo
2040 1043 2102 1062 non
2116 1039 2160 1061 est
2173 1033 2295 1070 aliquod
2315 1041 2421 1069 corpus
2441 1032 2526 1061 intel-

1453 1075 1558 1113 ligibile
1580 1074 1693 1103 finitum
1714 1074 1759 1102 vel
1779 1073 1942 1102 infinitum:
1964 1082 2060 1110 neque
2075 1079 2118 1101 est
2131 1072 2253 1110 aliquod
2267 1081 2373 1109 corpus
2391 1070 2526 1100 sensibile

1453 1115 1607 1143 infinitum.
1631 1115 1720 1149 Quod
1741 1120 1839 1142 autem
1860 1113 1975 1141 nullum
1996 1122 2103 1150 corpus
2117 1112 2252 1141 sensibile
2267 1111 2382 1140 finitum
2397 1111 2433 1140 sit
2446 1117 2527 1140 extre

1454 1155 1575 1190 caelum,
1597 1160 1692 1191 potest
1712 1163 1774 1182 esse
1796 1153 1982 1182 manifestum
2003 1161 2038 1181 ex
2058 1153 2115 1181 hoc
2136 1152 2218 1190 quod
2233 1161 2322 1180 omne
2341 1161 2447 1189 corpus
2461 1160 2527 1180 sen-

1454 1194 1534 1223 sibile
1555 1201 1598 1223 est
1618 1194 1649 1222 in
1669 1194 1745 1229 loco,
1768 1199 1796 1222 et
1817 1193 1918 1222 omnia
1938 1193 2004 1221 loea
2025 1192 2212 1221 eontinentur
2232 1191 2307 1221 infra
2327 1191 2450 1221 eaelum.

1452 1300 1592 1350 patitur
1624 1312 1647 1336 a
1678 1299 1804 1345 finito;
1838 1299 2009 1336 secundo
2039 1297 2204 1336 ostendit
2231 1296 2339 1347 quod
2375 1295 2527 1335 finitum

1454 1367 1533 1392 non
1551 1353 1691 1403 patitur
1714 1353 1763 1390 ab
1787 1352 1949 1400 infinito,
1969 1351 2041 1389 ibi:
2071 1351 2146 1389 Sed
2171 1351 2296 1388 adhuc
2324 1360 2445 1401 neque
2471 1350 2528 1388 in-

1444 1408 1599 1457 finitum
1617 1407 1637 1428 *¹
1652 1414 1736 1453 etc.;
1757 1403 1875 1444 'tertio
1905 1405 2071 1443 ostendit
2097 1405 2204 1454 quod
2231 1403 2424 1442 infinitum
2447 1414 2529 1441 non
2555 1413 2567 1424 ”

1454 1460 1593 1510 patitur
1625 1460 1674 1498 ab
1710 1459 1876 1508 infinito,
1914 1458 1965 1496 ibi
1992 1457 2028 1496 l³:
2057 1458 2194 1508 Neque
2235 1457 2423 1507 infinitum
2460 1457 2528 1494 uti-

1455 1526 1527 1563 que
1546 1516 1565 1533 ⁴⁶
1595 1521 1667 1551 etc.

1512 1568 1546 1604 3.
1576 1566 1676 1604 Dicit
1704 1577 1794 1614 ergo
1822 1565 1947 1615 primo
1976 1564 2095 1615 quod,
2115 1563 2147 1602 si
2167 1576 2307 1614 corpus
2334 1562 2528 1610 infinitum

1454 1620 1594 1670 patitur
1612 1633 1635 1657 a
1654 1619 1774 1666 finito,
1800 1619 1846 1656 sit
1866 1631 2006 1668 corpus
2033 1617 2228 1655 infinitum
2246 1617 2287 1655 in
2305 1629 2384 1666 quo
2405 1623 2465 1655 est
2478 1618 2526 1666 A,

1456 1686 1595 1724 corpus
1614 1681 1742 1711 autem
1761 1673 1912 1710 finitum
1931 1672 1970 1710 in
1989 1683 2067 1721 quo
2088 1678 2145 1708 est
2163 1672 2212 1708 B:
2234 1677 2271 1708 et
2289 1669 2379 1720 quia
2399 1669 2527 1708 omnis

1454 1735 1583 1765 motus
1603 1734 1659 1764 est
1673 1726 1716 1779 in
1735 1734 1923 1776 tempore,
1944 1725 1991 1762 sit
2009 1732 2162 1775 tempus
2182 1722 2218 1762 G
2236 1723 2276 1762 in
2295 1735 2374 1772 quo
2394 1724 2426 1761 B
2443 1734 2529 1766 mo-

1454 1780 1507 1818 vit
1525 1785 1540 1808 ⁷
1560 1788 1625 1818 aut
1642 1782 1678 1817 A
1702 1787 1853 1818 motum
1874 1786 1940 1816 est.
1962 1777 2003 1816 Si
2027 1789 2116 1826 ergo
2141 1789 2334 1828 ponamus
2366 1776 2474 1828 quod
2493 1777 2530 1814 A

1455 1833 1561 1882 quod
1590 1840 1646 1871 est
1674 1845 1813 1883 corpus
1841 1831 2045 1879 infinitum,
2065 1843 2088 1868 a
2113 1831 2144 1868 B
2174 1829 2282 1880 quod
2305 1836 2362 1868 est
2389 1841 2530 1880 corpus

1453 1887 1615 1934 finitum,
1641 1887 1687 1924 sit
1705 1887 1916 1934 alteratum,
1936 1892 2030 1935 puta
2053 1884 2290 1931 calefactum,
2310 1891 2376 1921 aut
2397 1883 2530 1928 tanim,

1453 1940 1550 1978 idest
1567 1947 1717 1978 motum
1736 1940 1951 1977 secundum
1970 1939 2112 1986 locum,
2133 1945 2198 1975 aut
2222 1937 2364 1986 aliquid
2389 1936 2492 1975 aliud
2508 1937 2530 1960 ‘¹
2558 1945 2567 1956 ·

1452 2006 1630 2044 passum,
1658 2001 1751 2043 puta
1785 1991 2043 2042 infrigidatum
2071 1998 2135 2029 aut
2168 1991 2432 2029 humectatum
2465 1997 2532 2028 aut

1453 2059 1701 2096 quocumque
1734 2046 1855 2084 modo
1889 2053 2051 2092 motum,
2077 2043 2116 2082 in
2138 2051 2314 2094 tempore
2344 2044 2402 2086 G:
2431 2043 2530 2082 acci-

1451 2100 1604 2150 piamus
1622 2112 1741 2138 unam
1760 2107 1910 2149 partem
1933 2099 1964 2136 B
1992 2097 2196 2146 moventis,
2218 2109 2317 2146 quae
2342 2097 2389 2134 sit
2411 2098 2447 2136 D
2476 2099 2533 2146 (et-

1452 2154 1543 2191 nihil
1563 2154 1718 2191 referret
1733 2155 1753 2173 *
1768 2153 1818 2190 ad
1841 2151 2081 2202 propositum
2100 2151 2131 2188 si
2149 2151 2186 2188 D
2208 2158 2307 2188 esset
2327 2149 2527 2199 quoddam
2557 2159 2568 2169 ·

1453 2207 1553 2245 aliud
1575 2219 1714 2256 corpus
1734 2205 1860 2243 minus
1880 2217 1998 2254 quam
2027 2205 2086 2252 B).
2108 2203 2355 2242 Manifestum
2383 2211 2441 2242 est
2463 2215 2530 2254 au-

1452 2268 1529 2298 tem
1544 2261 1565 2282 *
1579 2260 1686 2309 quod
1709 2259 1835 2297 minus
1860 2270 1998 2309 corpus
2022 2265 2156 2296 movet
2176 2257 2303 2295 minus
2332 2255 2530 2300 mobilein
2557 2264 2567 2275 ·

1453 2313 1603 2362 aequali
1621 2320 1795 2363 tempore
1825 2312 1924 2360 (hoc
1951 2319 2082 2350 tamen
2110 2310 2326 2361 supposito,
2356 2310 2465 2359 quod
2490 2310 2530 2350 in

1453 2367 1591 2405 minori
1607 2378 1769 2416 corpore
1785 2365 1830 2403 sit
1843 2365 1971 2403 minor
1983 2364 2120 2411 virtus3
2141 2363 2249 2413 quod
2263 2371 2415 2413 oportet
2429 2362 2530 2402 dice-

1455 2433 1494 2457 re
1515 2417 1529 2442 *
1553 2420 1583 2457 si
1597 2420 1644 2458 sit
1671 2431 1810 2469 corpus
1838 2417 2016 2456 similium
2042 2417 2227 2467 partium3
2255 2417 2382 2454 minor
2400 2422 2530 2455 autem

1454 2473 1574 2511 virtus
1588 2473 1626 2510 in
1641 2472 1789 2522 aequali
1803 2479 1978 2521 tempore
1993 2478 2127 2509 movet
2145 2470 2274 2508 minus
2287 2469 2458 2518 mobile).
2475 2469 2532 2509 Sit

1456 2539 1546 2575 ergo
1576 2539 1715 2577 corpus
1743 2526 1794 2574 E,
1831 2524 1938 2575 quod
1966 2525 2143 2563 alteratur
2170 2530 2235 2561 aut
2263 2522 2529 2574 qualitercum-

1458 2743 1550 2768 cundo.
1569 2743 1603 2768 Et
1621 2750 1652 2768 ex
1663 2742 1715 2768 hoc
1732 2739 1790 2776 ipso
1803 2746 1874 2776 patet
1891 2742 1998 2768 Pinnem
2017 2749 2070 2767 non
2083 2741 2152 2768 bene
2169 2740 2260 2767 ambae
2279 2741 2404 2767 lectione·
2423 2740 2534 2768 bimum

1457 2779 1575 2804 codicum
1590 2779 1615 2804 in
1629 2786 1707 2804 unam
1723 2778 1850 2804 iunxi-se:
1871 2786 1931 2804 nam
1950 2778 1994 2803 illa
2011 2777 2126 2811 analyais
2143 2781 2229 2803 textus
2243 2784 2323 2810 quam
2341 2776 2362 2802 P
2380 2775 2460 2803 habet
2472 2785 2534 2803 cum

1457 2814 1587 2839 codicibus
1602 2814 1688 2847 primo
1702 2813 1757 2847 (Et
1770 2814 1843 2840 circa
1857 2813 1906 2840 hoe
1920 2813 1976 2840 tria
1989 2813 2061 2845 facit
2079 2811 2150 2847 eto),
2164 2811 2274 2838 excludit
2286 2819 2344 2838 eam
2358 2819 2427 2845 quae
2445 2813 2532 2846 sequi-

1456 2855 1498 2874 tur
1516 2849 1580 2874 infra
1600 2849 1698 2882 (Circa
1713 2849 1834 2882 primum
1855 2849 1909 2875 duo
1921 2849 1994 2883 facit
2011 2848 2082 2882 etc.).
2100 2847 2207 2874 Accedit
2220 2846 2292 2880 quod
2306 2847 2362 2880 illa,
2378 2846 2533 2882 nlenten-go

1453 2885 1544 2917 primo
1553 2885 1624 2918 quod
1633 2892 1671 2910 ex
1683 2885 1724 2910 his
1737 2891 1804 2918 quae
1817 2887 1993 2918 sequuntur...
2007 2884 2034 2910 in
2046 2890 2144 2916 corpus
2150 2882 2271 2917 finitum,
2282 2889 2350 2916 quae
2359 2887 2420 2908 eunt
2437 2883 2533 2910 Pinnae

1458 2926 1483 2945 et
1501 2921 1619 2946 codicum
1639 2921 1738 2953 primo.
1757 2920 1832 2954 quasi
1850 2921 1883 2946 nd
1902 2920 2013 2946 verbum
2025 2923 2178 2953 repetuntur
2195 2917 2268 2949 intra,
2288 2921 2315 2944 et
2334 2918 2400 2944 dicit
2418 2918 2533 2953 manw-

1457 2959 1527 2981 stum
1540 2963 1596 2981 esse
1609 2963 1647 2981 ex
1655 2956 1696 2982 liis
1709 2962 1779 2990 quae
1791 2956 1942 2982 dicentur...
1954 2955 2060 2988 aliquid
2073 2954 2101 2981 ἰη
2115 2961 2214 2987 corpus
2220 2953 2343 2987 finitum.
2358 2954 2387 2980 ln
2399 2954 2532 2988 Eunod

1459 2992 1542 3052 ῗέἐὶῐίιὲ)
1554 2991 1831 3052 εξιῃῖξιεῖἑιῐρξῗεέαωί
1853 2990 2022 3025 expungitur;
2041 2991 2051 3016 1
2070 2997 2134 3016 vero
2152 2990 2187 3015 ita
2211 2988 2348 3022 corrigitur
2372 2994 2402 3015 ut
2425 2990 2534 3016 resultet

1512 3062 1598 3087 Codex
1617 3063 1640 3087 Α
1659 3062 1721 3096 legit
1738 3066 1768 3087 ut
1786 3061 1889 3087 codices
1907 3062 2034 3091 secundo.
2053 3065 2236 3094 praeterquam
2251 3060 2324 3094 quod
2342 3066 2391 3094 pro
2411 3060 2448 3087 Β
2459 3051 2541 3087 οὔτ’.

1459 3097 1508 3123 hoc
1521 3098 1575 3123 duo
1587 3098 1686 3132 facit...
1703 3104 1884 3131 quaecumque
1897 3100 1955 3127 etc.,
1974 3097 2052 3123 hebet
2066 3105 2126 3123 cum
2141 3097 2216 3122 codd.
2235 3098 2321 3130 primo
2334 3101 2361 3122 et
2372 3096 2395 3122 P
2409 3095 2449 3123 Ee
2460 3095 2535 3123 dm

1459 3132 1507 3158 hoc
1522 3133 1576 3158 tria
1587 3133 1686 3167 facit...
1701 3133 1807 3159 Deinde
1819 3140 1880 3159 eum
1894 3132 1975 3159 dicit:
1989 3132 2033 3158 Sit
2044 3133 2115 3158 enim
2130 3132 2273 3166 infinitum.
2286 3134 2327 3160 De
2337 3132 2361 3157 A
2373 3131 2451 3165 iginii·
2463 3131 2534 3157 idem

1460 3168 1581 3194 iudicium
1597 3174 1637 3194 est
1655 3176 1684 3194 ac
1703 3169 1735 3194 de
1754 3168 1782 3199 Ρ,
1799 3173 1824 3194 et
1842 3173 1947 3202 propter
1966 3168 2072 3194 eaedem
2091 3167 2214 3194 rationes.

1514 3203 1581 3235 Quid
1600 3209 1687 3229 autem
1713 3203 1829 3229 differant
1853 3203 1955 3229 codices
1974 3204 2060 3236 primo
2083 3208 2110 3229 et
2133 3204 2250 3230 seeundo
2272 3202 2347 3233 facile
2372 3206 2414 3228 eet
2434 3201 2533 3227 videi-e.

1460 3238 1557 3263 Textus
1577 3239 1645 3264 enim
1666 3239 1745 3270 Quod
1762 3242 1853 3265 autem
1871 3239 1979 3265 omnino
1993 3244 2055 3271 etc.,
2075 3246 2129 3273 quo
2147 3238 2211 3264 haee
2230 3239 2306 3265 lectio
2325 3237 2420 3271 incipit,
2440 3243 2533 3263 necun-

1462 3274 1524 3298 dum
1543 3274 1643 3299 codices
1658 3275 1743 3308 primo
1756 3275 1788 3300 ed
1807 3279 1887 3300 totam
1908 3280 2063 3308 sequentem
2082 3275 2334 3307 “summationem
2351 3272 2478 3307 pertinen
2491 3279 2533 3298 se-

1462 3309 1574 3334 cundum
1593 3317 1655 3334 vero
1674 3310 1775 3335 codice·
1795 3310 1910 3335 secundo
1930 3311 1962 3335 ad
1976 3311 2061 3336 solam
2076 3310 2209 3340 maioma.
2222 3314 2248 3335 et
2261 3309 2311 3335 hoc
2333 3307 2439 3342 quidem
2453 3312 2532 3333 recte.

1517 3342 1541 3377 β)
1553 3344 1607 3370 Sed
1619 3346 1707 3371 adhuc
1721 3353 1805 3379 neque
1815 3345 1947 3379 infinitum
1962 3349 2030 3372 etc...
2044 3345 2078 3371 ab
2093 3344 2206 3379 infinito,
2221 3345 2265 3370 ibi.
2275 3345 2357 3370 -Hoc
2371 3343 2534 3370 homoteleu-

1462 3383 1507 3403 ton
1526 3380 1645 3405 omittunt
1663 3381 1682 3405 Ρ
1702 3386 1727 3406 et
1746 3381 1849 3406 codices
1868 3386 1975 3414 excepto
1992 3382 2029 3413 Α;
2048 3379 2221 3406 omittendum
2239 3388 2303 3405 vero
2318 3387 2370 3405 non
2385 3386 2444 3404 esse
2462 3382 2534 3412 petet

1464 3421 1494 3438 ex
1513 3422 1584 3440 num.
1597 3423 1623 3447 4.

1516 3448 1543 3483 γ)
1564 3450 1590 3475 in
1610 3458 1662 3483 quo
1681 3451 1705 3476 B
1723 3451 1814 3477 movit.
1826 3466 1845 3471 —
1859 3452 1886 3478 in
1901 3459 1954 3485 quo
1973 3451 2056 3477 movit
2073 3451 2098 3477 A
2112 3450 2190 3476 Pinna
2213 3451 2300 3476 minue
2319 3451 2402 3476 clere:
2420 3450 2445 3475 Α
2463 3448 2534 3474 enim

1465 3490 1591 3516 movetur,
1605 3494 1656 3510 non
1675 3492 1771 3513 movet.
1790 3487 1851 3512 ldeo
1865 3487 1891 3513 in
1904 3488 1923 3513 Ρ
1943 3486 2191 3520 subhitelugeudum
2205 3491 2245 3512 est
2258 3486 2289 3518 Β,
2304 3491 2429 3520 unquam
2447 3483 2534 3510 subie-

1465 3524 1535 3544 ctum
1554 3521 1624 3545 verbi
1644 3521 1734 3547 movit.

1518 3553 1543 3587 ὃ)
1562 3559 1667 3587 oportet
1686 3556 1781 3583 dicere.
1798 3572 1817 3578 -
1836 3561 1942 3592 oportet
1959 3564 2016 3585 esse
2029 3556 2059 3589 Ρ,
2074 3556 2226 3590 corrigendo
2245 3556 2437 3591 corruptionem
2454 3559 2534 3589 opor-

1468 3592 1505 3614 tet
1524 3590 1551 3614 D
1569 3597 1623 3616 esse
1642 3592 1716 3618 codd.
1732 3601 1785 3618 exc.
1798 3593 1856 3619 Asl.
