2782 4134
0 1276 14 1292 ι
29 1270 195 1292 κ1,11,ιιν’“·

0 1302 18 1320 ιι
38 1297 88 1318 sn·
113 1295 157 1318 ,dr
174 1311 176 1314 -

0 1323 159 1350 'sstqsszt‘jvsr

0 1355 15 1372 ν
30 1349 101 1371 πνι-
110 1348 155 1371 .ι1ΐ
171 1366 175 1368 ,

0 2993 6 3036 Ἰ
15 2987 53 3036 (3111·
62 2987 115 3010 lect.
125 2993 202 3016 praec.

1074 276 1186 314 CAP.
1217 279 1284 326 111,
1315 279 1466 316 LECT.
1497 280 1548 316 IV

219 356 300 394 quod
314 354 470 392 quaeritur,
492 355 667 392 proponitur
687 354 762 383 ratio
784 363 843 392 qua
863 353 1024 391 assignatur
1046 363 1133 383 causa
1155 357 1236 392 quod
1256 356 1287 384 in

219 395 300 424 caelo
322 393 378 422 sint
398 393 497 431 plures
518 401 615 423 motus
637 401 665 422 et
684 394 768 431 plura
789 402 914 430 corpora
935 392 1065 421 mobilia.
1081 411 1099 415 -
1121 395 1146 423 5.
1166 395 1287 424 Manife-

219 441 311 463 statur
335 433 430 470 prima
455 433 658 462 conditionalis
683 433 804 462 rationis
829 432 957 477 positae,
984 432 1105 461 scilicet:
1128 434 1154 462 si
1175 435 1287 463 caelum

220 479 264 503 est
283 473 428 518 quoddam
450 483 558 512 corpus
578 474 708 502 divinum
730 475 776 508 (et
796 473 878 509 quod
899 472 935 500 sit
954 473 1020 508 tale,
1043 474 1206 502 ostenditur
1225 481 1287 503 tum

219 523 254 543 ex
275 513 415 550 opinione
437 513 666 548 Platonicorum,
686 519 749 541 tum
770 521 805 540 ex
825 520 862 540 eo
884 513 966 557 quod
987 513 1099 541 caelum
1120 520 1163 541 est
1177 514 1288 551 ingeni-

219 560 282 582 tum
301 559 329 581 et
350 549 592 590 incorruptibile),
609 561 725 581 necesse
739 557 782 580 est
803 557 912 579 motum
926 551 989 579 eius
1003 561 1066 580 esse
1080 553 1287 591 sempiternum

220 597 249 622 et
269 593 455 621 circularem.
471 593 660 621 Declarantur
673 592 761 620 verba
773 597 877 619 textus.
894 591 992 619 Ratio:
1014 600 1081 619 cum
1101 595 1289 630 unumquod-

220 642 277 678 que
291 632 327 661 sit
342 639 463 669 propter
482 641 566 661 suam
586 631 797 669 operationem,
817 631 922 658 frustra
943 631 1055 659 caelum
1077 641 1192 668 semper
1206 640 1289 668 esset,

220 672 276 701 nisi
297 673 358 701 eius
379 678 477 700 motus
492 678 568 701 esset
580 671 788 708 sempitemus3
810 677 839 699 et
852 670 921 707 quia
935 671 1015 698 solus
1029 678 1127 700 motus
1145 672 1290 700 circularis

220 719 316 749 potest
330 721 393 740 esse
406 718 571 749 perpetuus,
593 711 659 740 ideo
681 719 787 747 corpus
808 710 879 738 caeli
900 716 1016 746 oportet
1034 720 1096 739 esse
1111 711 1257 740 circulare.
1272 729 1291 733 -

221 753 263 780 Ex
284 758 366 789 parte
387 751 468 787 caeli,
490 751 571 788 quod
591 757 634 780 est
654 750 816 779 subiectum
837 755 944 784 motus,
966 750 1084 786 probari
1098 757 1195 787 potest
1210 752 1291 788 quod

222 792 334 820 caelum
362 791 400 820 sit
425 797 531 828 potens
558 790 668 819 moveri
697 798 829 826 semper:
859 790 910 818 sed
937 771 1019 826 'quod
1046 796 1113 818 actu
1140 797 1292 819 moveatur

221 840 337 868 semper
356 831 402 859 vel
414 839 477 859 non
496 839 621 875 semper,
634 830 744 867 pendet
762 839 798 858 ex
817 830 966 858 voluntate
987 829 1055 866 Dei,
1077 830 1128 867 qui
1149 837 1191 859 est
1205 840 1293 859 causa

221 871 328 906 faciens
347 869 444 908 ipsum
466 869 575 898 moveri
596 876 671 898 actu.
686 886 707 892 —-
721 870 748 898 6.
765 870 909 898 Probatur
930 870 1057 897 secunda
1078 870 1292 907 conditionalis,

221 909 346 947 nempe:
374 909 401 938 si
422 909 516 938 ntbtus
536 909 611 938 caeli
632 915 676 938 est
695 909 890 947 sempiternus
918 914 946 937 et
973 909 1146 944 circularis,
1177 919 1292 939 necesse

221 955 267 979 est
278 955 391 978 terram
406 957 479 978 esse.
501 949 626 986 Oportet
639 949 718 978 enim
731 958 794 978 esse
808 949 929 986 aliquod
943 949 1073 978 medium
1090 959 1197 987 corpus
1211 950 1294 987 quie-

221 996 285 1019 tum
299 995 328 1018 et
340 998 472 1025 manens,
487 988 564 1018 circa
577 989 659 1026 quod
673 988 780 1018 scilicet
794 988 831 1017 sit
844 995 942 1017 motus
961 989 1106 1018 circularis
1120 990 1199 1018 caeli.
1221 991 1293 1019 Illud

222 1035 320 1066 autem
341 1028 443 1066 nequit
463 1038 526 1057 esse
539 1037 606 1066 pars
621 1029 682 1057 ulla
703 1028 834 1066 corporis
856 1028 993 1057 caelestis.
1010 1030 1084 1058 Nam
1102 1030 1213 1068 primo,
1228 1030 1293 1058 nul-

221 1068 272 1105 libi
286 1068 434 1106 quiescere
450 1074 546 1105 potest
566 1068 631 1097 talis
651 1078 729 1105 pars.
751 1069 894 1103 Secundo,
917 1069 1077 1105 specialiter
1097 1070 1198 1107 nequit
1212 1070 1294 1107 quie-

221 1115 302 1138 scere
322 1109 354 1137 in
373 1108 492 1137 medio.
484 1120 492 1126 ·
513 1117 610 1146 neque
630 1109 709 1138 enim
730 1109 892 1137 secundum
913 1115 1057 1144 naturam,
1077 1118 1174 1146 neque
1192 1116 1295 1138 contra

221 1155 358 1190 nativam
384 1148 426 1177 ibi
453 1148 601 1185 quiescere
628 1155 733 1186 potest.
763 1149 944 1186 Relinquitur
972 1158 1040 1186 ergo
1069 1150 1151 1187 quod
1177 1149 1256 1178 aliud
1276 1159 1295 1178 a

222 1187 348 1235 corpore
367 1187 482 1217 caelesti
503 1188 540 1217 sit
560 1198 686 1226 corpus,
715 1189 795 1226 quod
817 1195 933 1226 oportet
958 1188 1126 1217 naturaliter
1147 1189 1295 1226 quiescere

221 1227 254 1257 111
273 1224 527 1266 Μυῒ-«1160
549 1228 652 1258 dicitur
671 1235 757 1257 terra.
779 1245 800 1249 -
821 1238 848 1265 7.
871 1229 1070 1257 Manifestatur
1090 1229 1174 1257 tertia
1194 1228 1295 1257 condi-

221 1261 353 1303 Effusius,
373 1250 496 1297 s’cilicet:
519 1269 545 1297 si
572 1273 655 1297 terra
675 1274 735 1303 est,
757 1274 871 1306 oportet
897 1274 926 1297 et
946 1270 1046 1308 ignem
1067 1277 1140 1298 esse.
1168 1270 1198 1304 a)
1219 1268 1296 1303 Quia

176 1324 193 1332 ν
222 1307 303 1340 enim
316 1309 530 1337 contrariorum
552 1315 596 1337 est
616 1309 719 1345 eadem
741 1309 870 1343 materia,
891 1309 964 1338 haec
980 1309 1068 1336 habet
1081 1308 1243 1345 potentiam
1257 1309 1296 1337 ad

222 1353 379 1385 utrumque
405 1348 599 1377 contrarium:
628 1358 696 1377 cum
717 1357 786 1385 ergo
807 1348 862 1376 ista
882 1348 1014 1385 potentia
1041 1357 1102 1376 non
1124 1348 1160 1376 sit
1180 1348 1294 1383 frustra,

223 1386 249 1416 si
267 1396 362 1416 unum
383 1387 596 1417 contrariorum
618 1394 679 1424 est,
707 1397 825 1416 necesse
846 1394 890 1416 est
917 1394 945 1416 et
971 1388 1093 1416 alterum
1119 1396 1191 1416 esse.
1220 1387 1296 1424 Ignis

223 1433 322 1456 autem
342 1433 372 1456 et
390 1433 468 1457 terra
488 1434 555 1457 sunt
575 1428 738 1463 contraria,
767 1427 836 1466 quia
856 1427 982 1456 maxime
1007 1427 1114 1456 distant
1134 1428 1295 1456 secundum

224 1467 459 1503 §enuntiantem
479 1468 560 1504 situs,
582 1468 755 1505 inquantum
775 1477 868 1496 unum
889 1473 932 1495 est
952 1466 1155 1505 gravissimum
1176 1474 1204 1495 et
1217 1467 1296 1496 aliud

224 1505 412 1536 levissimum.
435 1524 455 1529 —
478 1508 506 1536 8.
528 1507 556 1544 b)
579 1507 801 1536 Contrariorum
828 1516 920 1536 unum
950 1516 1065 1544 semper
1092 1516 1123 1535 se
1150 1507 1238 1536 habet
1265 1513 1297 1535 ut

189 1543 195 1552 ”
223 1543 348 1584 privatio
369 1554 398 1576 et
418 1547 546 1576 defectus
566 1553 699 1584 respectu
719 1546 856 1582 alterius;
884 1555 975 1575 omne
995 1553 1093 1575 autem
1115 1547 1197 1584 quod
1217 1546 1296 1584 posi—

369 1677 381 1689 .
467 1659 669 1701 ostquam
689 1652 946 1702 Philosophus
962 1652 1228 1690 determinavit
1247 1652 1294 1690 de

387 1746 394 1749 „
446 1708 475 1734 ‘·.
492 1704 708 1743 diversitate
745 1705 910 1755 partium
946 1705 1137 1743 situalium
1176 1705 1293 1753 caeli,

293 1756 300 1765 “
348 1774 357 1782 -
422 1762 474 1798 ,ἰ
519 1758 554 1796 10
572 1757 799 1796 determinat
818 1760 866 1796 de
895 1758 1112 1796 diversitate
1130 1759 1295 1808 partium

436 1813 441 1839 ³
465 1808 472 1817 ¹
493 1819 679 1863 quantum
708 1812 757 1850 ad
786 1812 958 1850 ordinem
997 1813 1295 1862 sphaerarum,
1264 1813 1284 1834 ²*

227 1848 432 1904 ostendens
459 1864 636 1902 videlicet
668 1877 824 1903 causam
853 1877 970 1914 quare
1007 1865 1047 1903 in
1084 1867 1188 1903 caelo
1218 1843 1296 1904 nori

228 1926 286 1957 est
309 1930 389 1956 una
416 1918 578 1968 sphaera
605 1925 753 1956 tantum
775 1924 793 1940 ⁶⁸
823 1918 1051 1956 circulariter
1078 1926 1200 1966 mota,
1230 1918 1298 1956 sed

207 1979 314 2010 -sunt
331 1972 468 2025 Ρ111105
497 1972 681 2022 sphaerae
710 1983 810 2032 quae
835 1972 1062 2010 circulariter
1081 1979 1296 2010 moventur.

227 2023 279 2063 Et
296 2025 395 2062 circa
408 2025 490 2062 1100
516 2025 587 2085 gria
605 2024 711 2062 facit.
730 2024 856 2074 primo
875 2026 984 2075 ponit
1003 2025 1297 2072 dubitationem;

227 2072 398 2116 'secundo
428 2077 593 2116 ostendit
621 2077 882 2116 difficultatem
911 2078 1119 2126 solutionis,
1149 2078 1222 2116 ibi:
1251 2079 1302 2116 Et

113 2156 134 2188 ·‚
190 2135 203 2176 Τ
227 2127 377 2181 quidem
391 2143 416 2168 a
431 2130 545 2182 longe
567 2131 826 2168 tentantibus*
847 2139 935 2169 etc.·
926 2132 1064 2178 ‚tertio
1084 2131 1214 2181 incipit
1227 2132 1300 2169 sol-

191 2230 196 2234 ,
226 2195 332 2232 vere,
347 2183 419 2221 ibi:
444 2184 746 2233 Unumquodque
764 2190 819 2221 est
839 2196 1001 2234 quorum
1021 2191 1077 2222 est
1092 2197 1185 2234 opus
1196 2186 1216 2206 ⁸
1229 2193 1297 2222 etc.

283 2249 320 2275 2.
341 2235 452 2274 Circa
479 2236 650 2287 primum
679 2237 999 2275 considerandum
1028 2245 1084 2275 est
1112 2239 1238 2286 quod,
1268 2237 1299 2274 si

230 2290 464 2339 contingeret
483 2297 612 2327 motus
641 2289 842 2328 circulares
867 2302 949 2329 esse
979 2290 1200 2338 contrarios,
1221 2303 1300 2328 non

229 2350 328 2381 esset
346 2342 499 2381 difficile
513 2342 656 2382 videre
663 2355 781 2392 quare
801 2344 840 2382 in
859 2344 964 2381 caelo
983 2356 1062 2381 non
1082 2352 1139 2382 est
1150 2351 1299 2382 tantum

227 2408 327 2435 unus
346 2403 475 2434 motus
495 2396 694 2444 circularis,
715 2397 783 2434 sed
801 2398 940 2446 plures.
963 2397 1063 2434 Cum
1086 2397 1188 2434 enirn
1210 2410 1299 2434 con-

227 2446 340 2488 traria
350 2449 528 2487 differant
541 2449 680 2498 specie,
693 2461 738 2486 eo
750 2451 857 2498 quod
868 2450 1111 2487 contrarietas
1127 2458 1182 2487 est
1193 2450 1300 2488 diffe-

118 2503 126 2510 “
153 2510 168 2533 -·
228 2498 348 2541 'tentia
363 2502 575 2540 secundum
590 2502 768 2551 formam,
784 2510 826 2540 ut
839 2503 975 2541 dicitur
989 2504 1024 2540 X
1039 2504 1256 2553 MetaphyS.
1267 2505 1298 2550 ᾖ,

228 2568 309 2594 11011
328 2562 426 2593 05501
442 2555 667 2593 universum
690 2557 901 2606 perfectum
921 2557 960 2594 in
979 2556 1056 2594 suis
1085 2557 1298 2606 speciebus,

229 2609 260 2647 si
288 2616 387 2647 esset
413 2621 514 2647 unus
533 2617 661 2647 motus
691 2609 900 2647 contrarius
921 2617 957 2646 et
975 2622 1054 2647 non
1082 2610 1188 2658 alius,
1208 2618 1300 2660 puta

229 2662 260 2700 si
289 2670 387 2700 esset
413 2670 542 2700 motus
562 2661 744 2700 deorsum
774 2670 811 2700 et
836 2675 916 2701 non
937 2671 1036 2700 esset
1063 2671 1192 2700 motus
1221 2676 1300 2701 sur-

229 2728 316 2753 sum
334 2714 363 2753 Ρ.
385 2715 486 2762 Quia
515 2728 617 2764 ergo,
636 2722 679 2753 ut
706 2728 822 2766 supra
840 2717 1084 2776 probatum
1114 2724 1180 2764 est,
1201 2729 1300 2754 unus

193 2764 200 2777 ’
229 2776 356 2806 motus
386 2769 574 2807 circularis
602 2781 681 2807 non
700 2776 756 2806 est
783 2769 992 2807 contrarius
1012 2770 1129 2818 alteri,
1150 2778 1301 2820 oportet

229 2817 427 2871 diligenter
455 2821 696 2860 considerare
725 2834 823 2870 quae
853 2830 910 2860 est
936 2823 1140 2860 necessitas
1159 2828 1173 2850 ⁷
1193 2824 1298 2872 quod

229 2874 268 2914 in
297 2875 402 2915 caelo
432 2883 558 2913 essent
583 2875 693 2914 multi
713 2883 749 2912 et
778 2875 916 2913 diversi
935 2884 1064 2913 motus
1086 2876 1296 2914 circulares.

229 2928 281 2965 Et
306 2928 479 2978 quaestio
508 2928 597 2966 satis
617 2941 784 2977 congrue
813 2929 984 2978 sequitur
1003 2930 1051 2967 ad
1074 2930 1296 2979 praemissa,

229 2980 270 3017 in
297 2980 435 3029 quibus
464 2980 608 3019 dictum
629 2989 684 3019 est
701 2982 722 3003 *
741 2982 847 3031 quod
868 2995 1019 3020 sursum
1049 2991 1084 3020 et
1118 2983 1299 3020 deorsum

231 3039 269 3069 et
295 3033 367 3070 alia
402 3033 622 3072 huiusmodi
650 3034 755 3072 aliter
792 3035 1079 3074 considerantur
1116 3036 1155 3073 in
1193 3037 1298 3073 caelo

284 3231 313 3266 α)
333 3238 385 3256 non
404 3234 445 3256 est
463 3237 517 3255 una
539 3229 655 3262 sphaera
679 3234 828 3256 tantumo-
839 3233 903 3257 Post
921 3236 960 3258 est
977 3234 1001 3258 Α
1019 3233 1078 3258 add.
1102 3233 1166 3262 niti,
1186 3234 1252 3258 false
1270 3238 1300 3258 ut

230 3272 314 3301 patet;
333 3266 403 3291 idem
422 3273 478 3298 seq.
491 3266 559 3290 linea
577 3270 636 3290 ante
654 3265 822 3291 circulariter
840 3271 980 3293 moventur
997 3268 1056 3293 add.
1071 3268 1257 3294 diversimode.

285 3301 310 3335 β)
325 3305 396 3334 puta
413 3301 452 3326 si.
464 3308 600 3326 ..sursum
613 3313 632 3320 -·
639 3304 711 3333 puta
723 3300 748 3326 si
761 3308 813 3326 non
832 3306 900 3327 esset
918 3306 1006 3328 motus
1023 3303 1147 3328 deorsum
1159 3311 1220 3329 cum
1233 3307 1302 3329 esset

231 3341 319 3363 motus
337 3344 444 3362 sursum
455 3319 495 3361 D.
513 3336 664 3368 BCFlpEG,
679 3336 779 3361 omisso
798 3344 858 3366 non,
871 3337 961 3370 legunt
977 3343 1007 3362 ut
1025 3338 1062 3368 D;
1082 3339 1142 3371 quia
1158 3347 1221 3363 vero
1239 3347 1299 3364 cum

231 3378 272 3398 est
289 3373 412 3405 frequens
431 3372 562 3404 corruptio
581 3379 628 3404 pro
647 3375 673 3396 ei
692 3379 752 3402 non,
769 3372 905 3397 dicendum
922 3373 1023 3398 videtur
1037 3356 1062 3398 D
1080 3372 1200 3398 exhibere
1214 3382 1299 3400 corre-

233 3408 346 3434 ctionem
363 3408 440 3432 huius
459 3407 556 3432 mendi.

285 3442 313 3477 γ)
331 3450 400 3476 quae
424 3446 464 3468 est
487 3442 636 3468 necessitas.
655 3456 675 3461 -
692 3442 744 3466 Pro
762 3446 809 3472 est,
827 3442 888 3476 suit
905 3442 963 3474 AE,
985 3446 1053 3468 esset
1071 3449 1128 3474 cet„
1147 3451 1215 3476 quae
1233 3444 1300 3470 forte

233 3479 327 3503 melius
347 3485 427 3510 quam
445 3480 485 3502 est
502 3477 598 3502 faciunt
610 3485 669 3502 curn
684 3478 803 3510 sequenti
817 3481 944 3503 essent.
955 3479 1006 3503 Pro
1021 3478 1058 3503 Et
1069 3479 1197 3510 quaestio,
1213 3479 1300 3510 Quae—

232 3514 285 3539 stio
303 3513 490 3546 BCDGp1,Et
506 3513 572 3538 haec
589 3513 709 3546 quaestio
728 3513 839 3543 Fs1‚Et
851 3513 924 3546 quod
941 3514 979 3544 H3
998 3521 1046 3546 pro
1064 3514 1190 3546 sequitur,
1210 3521 1300 3539 conse-

233 3549 325 3581 quitur
343 3548 418 3573 codd.

286 3583 311 3618 ὃ)
331 3584 392 3609 Hoc
409 3583 478 3610 enim
498 3583 563 3609 dicit
580 3591 636 3610 esse
654 3583 886 3609 considerandum.
898 3596 918 3602 —-
931 3583 984 3609 Hic
997 3584 1066 3609 enim
1083 3584 1157 3609 dicit.
1177 3584 1226 3609 Est
1237 3591 1300 3610 con-

232 3619 408 3645 siderandum
428 3620 469 3644 ed.
488 3617 568 3651 15163
589 3622 629 3645 est
646 3619 743 3644 habent
761 3620 837 3644 etiam
856 3620 875 3644 P
895 3624 921 3644 et
939 3619 1014 3644 codd.
1027 3627 1079 3645 exc.
1093 3620 1125 3645 A.
1138 3633 1157 3639 —
1170 3620 1221 3644 Pro
1244 3623 1300 3646 ten-

2341 285 2409 321 135

1340 357 1396 385 tive
1418 357 1521 386 dicitur
1548 364 1579 386 ut
1607 358 1716 396 aliquid
1737 359 1932 395 completum,
1962 366 2005 387 est
2032 360 2111 396 prius
2136 370 2171 389 eo
2199 362 2280 398 quod
2308 362 2412 391 dicitur

1341 398 1500 425 secundum
1522 397 1715 434 privationem
1730 405 1758 426 et
1771 398 1933 434 defectum;
1956 399 2037 436 quies
2058 409 2127 428 vero
2143 407 2170 428 et
2183 401 2316 438 gravitas,
2336 411 2411 438 quae

1342 436 1538 465 attribuuntur
1557 443 1659 474 terrae,
1682 438 1817 466 dicuntur
1837 447 1890 475 per
1910 421 2101 484 privationem
2121 446 2217 468 motus
2237 447 2264 468 et
2279 440 2410 477 levitatis,

1342 485 1416 513 quae
1437 477 1632 505 attribuuntur
1655 477 1723 515 igni.
1752 478 1828 506 Cum
1849 487 1918 515 ergo
1931 500 1938 514 ,
1966 478 2063 513 posito
2084 479 2256 524 posteriori,
2284 487 2412 516 ponatur

1342 516 1437 552 prius,
1459 523 1590 553 oportet,
1613 517 1636 546 si
1658 524 1702 546 est
1721 523 1813 553 terra,
1835 519 1916 555 quod
1937 518 1973 546 sit
1994 518 2084 555 ignis,
2111 519 2161 556 qui
2182 520 2349 548 naturaliter
2370 527 2413 548 est

1342 555 1423 592 prior
1443 563 1527 584 terra.
1542 573 1563 577 -—
1577 558 1737 592 Quomodo
1759 567 1821 586 esse
1842 565 1948 586 terram
1970 565 1999 586 et
2012 559 2109 595 ignem
2130 559 2264 595 probavit
2285 560 2377 588 Plato.
2392 576 2412 581 —

1343 604 1371 631 9.
1394 597 1538 624 Probatur
1558 603 1660 633 quarta
1681 597 1895 632 conditionalis,
1910 597 2057 626 videlicet:
2079 598 2106 626 si
2126 604 2170 626 est
2184 598 2264 637 ignis
2278 604 2306 627 et
2320 605 2411 632 terra,

1343 640 1410 662 sunt
1430 636 1516 663 etiam
1538 636 1634 664 media
1655 637 1806 665 elementa.
1827 639 1915 665 Nam
1924 637 2075 674 quodlibet
2095 638 2305 666 elementorum
2325 639 2414 666 habet

1343 674 1505 710 aliqualiter
1519 675 1751 704 contrarietatem
1770 678 1808 704 ad
1822 678 2055 714 unumquodque
2075 677 2200 706 aliorum
2218 678 2322 713 trium3
2343 687 2413 714 pro-

1343 714 1443 741 batum
1466 721 1508 742 est
1528 721 1626 742 autem
1648 717 1729 752 quod
1750 716 1774 744 51
1789 716 1824 744 511
1838 726 1930 744 unum
1951 717 2174 753 contrariorum,
2191 726 2308 745 necesse
2328 723 2371 745 est
2385 723 2413 745 et

1344 753 1466 781 alterum
1488 763 1560 781 esse.
1573 770 1594 774 -
1609 755 1674 789 Qua
1694 755 1806 784 ratione
1821 756 1903 784 Plato
1918 756 2052 792 probavit
2066 757 2147 793 quod
2161 765 2278 785 necesse
2293 763 2336 785 est
2349 765 2412 785 esse

1345 792 1441 820 media
1462 793 1613 821 elementa.
1627 809 1648 815 —-
1666 804 1710 822 1ο.
1726 796 1869 823 Probatur
1889 796 1991 832 quinta
2011 796 2232 831 conditionalis,
2252 805 2372 842 nempe·
2387 797 2414 824 si

1345 832 1403 860 sint
1419 833 1574 870 praedicta
1587 842 1723 871 corpora,
1739 844 1854 863 necesse
1866 841 1909 863 est
1921 836 2143 874 generationem
2154 841 2182 864 et
2192 835 2411 880 corruptionem

1346 881 1418 900 esse.
1441 873 1525 907 Nam,
1547 874 1576 908 a)
1598 873 1742 901 contraria
1763 881 1851 911 agunt
1865 882 1892 903 et
1906 875 2054 911 patiuntur
2074 874 2258 911 abinvicem,
2275 881 2303 903 et
2324 884 2354 903 se
2369 874 2413 903 in-

1345 911 1437 939 vicem
1459 919 1659 949 corrumpunt.
1674 929 1694 934 -
1712 922 1755 940 11.
1771 914 1798 949 b)
1817 915 1892 942 Cum
1914 921 2010 943 motus
2033 914 2068 943 sit
2089 914 2220 951 operatio
2236 914 2362 950 mobilis,
2384 921 2413 942 et

1346 951 1443 980 omnis
1464 961 1510 980 res
1530 951 1567 980 sit
1591 958 1710 989 propter
1735 962 1817 981 suam
1844 954 2059 990 operationem,
2083 964 2145 983 non
2172 961 2215 983 est
2242 954 2414 983 rationabile

1346 992 1428 1028 quod
1448 991 1485 1019 sit
1504 991 1713 1029 sempiternum
1734 1002 1841 1029 corpus
1862 993 1940 1029 illud,
1956 994 2036 1022 cuius
2051 1001 2148 1023 motus
2162 1003 2224 1022 non
2238 1000 2334 1031 potest
2352 1002 2414 1022 esse

1346 1040 1471 1068 semper.
1494 1031 1571 1066 Quia
1584 1041 1653 1069 ergo
1668 1038 1766 1060 motus
1785 1033 2003 1069 elementorum,
2019 1043 2086 1062 cum
2100 1034 2157 1062 sint
2171 1033 2249 1069 recti,
2264 1040 2414 1071 nequeunt

1347 1080 1409 1099 esse
1429 1071 1554 1106 aeterni,
1570 1071 1636 1099 ideo
1651 1081 1706 1100 nec
1719 1071 1782 1108 ipsa
1796 1072 1938 1100 elementa
1951 1080 2074 1109 possunt
2088 1082 2150 1102 esse
2164 1073 2348 1110 sempiterna,
2364 1074 2415 1101 sed
2465 1071 2469 1075 '

1346 1116 1463 1147 oportet
1476 1093 1558 1147 quod
1571 1111 1628 1139 sint
1641 1111 1817 1148 generabilia
1831 1118 1859 1140 et
1872 1113 2107 1149 corruptibilia-
2124 1121 2167 1141 12.
2178 1114 2323 1142 Probatur
2336 1119 2416 1141 sexta

1347 1150 1560 1186 conditionalis,
1579 1150 1700 1179 scilicet:
1722 1151 1748 1179 si
1761 1157 1803 1180 est
1820 1152 1982 1190 generatio,
2005 1158 2125 1190 oportet,
2143 1158 2266 1190 praeter
2282 1153 2415 1197 primum

1347 1195 1466 1224 motum,
1481 1199 1543 1218 esse
1565 1190 1594 1218 in
1616 1191 1697 1219 caelo
1718 1191 1808 1219 alium
1831 1192 1878 1219 vel
1898 1192 1972 1219 alios
1993 1198 2086 1220 motus
2107 1193 2277 1221 circulares.
2300 1191 2414 1221 Primus

1347 1235 1445 1257 motus
1466 1238 1533 1257 cum
1555 1229 1591 1258 sit
1611 1230 1774 1266 uniformis,
1796 1240 1857 1258 non
1879 1238 2009 1259 causaret
2030 1231 2171 1260 diversam
2194 1231 2416 1268 dispositionem

1348 1269 1378 1297 in
1399 1269 1571 1305 corporibus
1592 1269 1784 1298 inferioribus.
1807 1271 1874 1298 Ideo
1900 1279 2017 1299 necesse
2039 1278 2082 1299 est
2102 1280 2164 1300 esse
2185 1271 2274 1300 alium
2300 1277 2416 1300 motum

1347 1317 1400 1345 per
1414 1308 1566 1346 obliquum
1588 1309 1737 1346 circulum,
1752 1310 1802 1347 qui
1816 1310 1933 1347 proprie
1952 1317 2050 1339 causet
2063 1311 2280 1348 generationem
2302 1317 2330 1339 et
2350 1320 2416 1339 cor-

1348 1348 1525 1385 ruptionem,
1547 1349 1620 1377 sicut
1640 1350 1751 1386 primus
1773 1357 1869 1378 motus
1891 1357 1990 1378 causat
2010 1351 2240 1387 permanentiam
2261 1357 2289 1379 et
2310 1350 2416 1387 sempi-

1348 1387 1512 1416 ternitatem
1534 1388 1563 1417 in
1582 1390 1677 1428 rebus.
1693 1406 1712 1411 -
1731 1390 1774 1418 13
1790 1390 1917 1418 Solvitur
1931 1390 2062 1427 quaestio
2077 1391 2113 1418 ab
2128 1391 2292 1419 Alexandro
2307 1399 2416 1427 propo-

1350 1427 1412 1463 sita,
1431 1437 1547 1474 nempe,
1562 1428 1586 1457 si
1605 1435 1735 1458 cessante
1749 1437 1832 1458 motu
1847 1429 1916 1458 caeli
1938 1430 2081 1458 elementa
2095 1430 2239 1459 contraria
2257 1436 2416 1465 manerent,

1349 1474 1446 1496 utrum
1461 1477 1492 1496 se
1506 1468 1630 1497 invicem
1651 1476 1880 1514 corrumperent.
1892 1486 1912 1491 -
1931 1479 1974 1505 14.
1997 1469 2162 1498 Resumitur
2183 1469 2285 1498 ordine
2306 1470 2418 1498 resolu-

1350 1507 1436 1543 torio,
1452 1509 1488 1536 ab
1503 1507 1607 1536 ultimo
1622 1518 1728 1546 nempe
1743 1509 1779 1537 ad
1791 1509 1927 1546 primum,
1940 1509 2013 1537 ratio
2028 1510 2153 1538 adducta
2166 1510 2203 1538 ad
2215 1509 2419 1546 assignandam

1351 1556 1468 1576 causam
1479 1555 1598 1584 propter
1612 1557 1701 1585 quam
1715 1555 1830 1585 oportet
1841 1558 1902 1577 esse
1914 1549 1996 1586 plura
2007 1558 2131 1586 corpora
2142 1549 2316 1577 circulariter
2329 1555 2420 1577 mota.

1351 1660 1537 1701 quantum
1567 1653 1616 1690 ad
1643 1652 1811 1702 primum
1843 1662 2004 1702 motum,
2035 1662 2071 1691 et
2099 1654 2204 1692 aliter
2232 1662 2419 1703 quantum

1351 1706 1400 1743 ad
1429 1706 1655 1744 secundum.

1408 1760 1442 1796 3.
1463 1759 1613 1797 Deinde
1634 1771 1723 1796 curn
1744 1759 1847 1797 dicit:
1868 1761 1919 1797 Et
1935 1760 2083 1809 quidem
2103 1772 2127 1797 a
2147 1759 2260 1811 longe
2278 1767 2419 1798 tentan-

1352 1812 1447 1849 tibus
1476 1820 1558 1859 etc.,
1589 1812 1754 1850 ostendit
1782 1813 2041 1850 difficultatem
2070 1814 2277 1851 solvendae
2304 1826 2419 1862 quae-

1353 1865 1494 1903 stionis.
1521 1866 1608 1903 Hoc
1628 1865 1730 1903 enim
1751 1866 1841 1903 dicit
1868 1878 1950 1903 esse
1976 1866 2298 1904 considerandum
2318 1864 2332 1888 δ
2351 1868 2419 1904 ho-

1353 1918 1521 1956 minibus
1541 1919 1606 1967 qui
1625 1926 1770 1956 tentant
1797 1919 1920 1956 facere
1950 1919 2214 1968 quaestionem
2242 1932 2265 1956 a
2294 1919 2418 1970 longe,

1353 1971 1449 2009 idest
1477 1972 1525 2010 de
1555 1972 1778 2021 corporibus
1799 1972 2022 2010 caelestibus
2041 1973 2153 2021 longe
2173 1985 2195 2010 a
2215 1972 2325 2010 nobis
2346 1973 2420 2010 exi-

1353 2025 1554 2071 stentibus;
1576 2037 1664 2062 cum
1684 2033 1814 2063 tamen
1834 2026 1881 2063 de
1901 2025 1958 2062 his
1979 2038 2076 2076 quae
2101 2034 2189 2063 sunt
2213 2027 2386 2074 elongata
2400 2039 2422 2063 a

1354 2078 1481 2126 nobis,
1512 2091 1591 2116 non
1618 2078 1846 2128 possimus·
1833 2079 2023 2116 *habere
2052 2086 2197 2116 certum
2226 2078 2420 2117 iudicium.

1355 2132 1530 2180 Corpora
1545 2139 1675 2169 autem
1697 2132 1871 2169 caelestia
1886 2145 1964 2169 non
1979 2132 2029 2169 ita
2045 2140 2132 2169 sunt
2146 2132 2258 2180 longe
2273 2145 2296 2169 a
2310 2132 2421 2169 nobis

1354 2190 1468 2231 tanto,
1498 2185 1595 2222 idest
1622 2185 1836 2223 secundum
1866 2185 2114 2234 quantitatem
2134 2185 2262 2222 localis
2283 2185 2421 2223 distan-

1353 2237 1444 2283 tiae3
1465 2239 1533 2275 sed
1552 2238 1673 2275 multo
1694 2237 1814 2286 magis
1835 2251 1881 2275 οο
1901 2238 2007 2287 quod
2026 2251 2150 2288 pauca
2169 2238 2421 2276 accidentium

1355 2303 1490 2328 eorum
1504 2296 1516 2311 ⁸
1540 2291 1676 2328 cadant
1695 2292 1765 2328 sub
1794 2304 1949 2328 sensum
1964 2300 2154 2338 nostrum;
2185 2304 2273 2328 cum
2291 2299 2422 2329 tamen

1355 2345 1600 2381 connaturale
1621 2343 1668 2381 sit
1685 2344 1797 2382 nobis
1825 2344 1931 2393 quod
1960 2357 2006 2382 ex
2033 2345 2299 2391 accidentibus,
2326 2345 2423 2382 idest

1355 2397 1611 2445 sensibilibus,
1634 2396 1885 2435 deveniamus
1909 2398 1958 2435 ad
1987 2398 2295 2446 cognoscendam
2315 2405 2422 2436 natu-

1355 2463 1438 2488 ram
1460 2450 1616 2487 alicuius
1636 2451 1701 2488 rei.
1727 2451 1838 2488 Hanc
1866 2459 1995 2488 autem
2025 2451 2304 2500 elongationem
2335 2451 2423 2488 dicit

1356 2504 1476 2540 multo
1496 2503 1683 2541 maiorem
1704 2516 1787 2541 esse
1807 2516 1923 2553 quam
1942 2505 2121 2542 localem:
2143 2504 2232 2552 quia
2251 2504 2281 2541 si
2301 2504 2423 2541 consi-

1356 2556 1535 2594 deremus
1554 2557 1716 2594 localem
1745 2557 1974 2606 distantiam,
2004 2558 2129 2606 aliqua
2149 2557 2346 2606 proportio
2369 2565 2424 2594 est

1356 2610 1553 2647 distantiae
1583 2622 1659 2660 qua
1679 2610 1790 2647 distat
1817 2623 1840 2647 a
1867 2611 1978 2648 nobis
2007 2623 2146 2660 corpus
2175 2611 2352 2658 caeleste,
2373 2611 2423 2648 ad

1356 2663 1571 2705 distantiam
1600 2675 1677 2712 qua
1705 2663 1816 2701 distat
1844 2676 1866 2700 a
1894 2664 2005 2701 nobis
2025 2663 2181 2712 aliquod
2199 2663 2423 2701 inferiorum

1355 2729 1574 2766 corporum,
1595 2724 1688 2765 puta
1702 2717 1796 2765 lapis
1811 2723 1877 2753 aut
1890 2717 2045 2765 lignum,
2063 2725 2099 2754 et
2112 2724 2272 2766 utraque
2287 2717 2424 2755 distan-

1354 2770 1405 2807 tia
1433 2777 1490 2807 est
1515 2770 1628 2807 unius
1657 2769 1827 2818 generis;
1862 2770 1929 2808 sed
1963 2770 2171 2807 accidentia
2205 2770 2423 2807 caelestium

1355 2835 1562 2872 corporum
1582 2830 1670 2860 sunt
1688 2823 1838 2860 alterius
1858 2823 2025 2871 rationis,
2047 2831 2084 2860 et
2102 2823 2260 2860 omnino
2280 2823 2422 2872 impro-

1353 2876 1568 2926 portionata
1596 2876 1853 2919 accidentibus
1881 2876 2103 2914 inferiorum
2134 2889 2350 2925 corporum.
2374 2877 2423 2913 Et

1351 2938 1493 2977 tamen,
1515 2929 1691 2979 quamvis
1711 2930 1757 2966 sit
1776 2929 1938 2977 difficile,
1961 2929 2134 2966 dicamus
2153 2937 2308 2978 propter
2331 2929 2422 2977 quid

1353 2990 1408 3020 est
1427 2983 1511 3020 talis
1527 2982 1726 3021 diversitas
1741 2990 1870 3020 motus
1885 2982 1924 3019 in
1940 2984 2058 3020 caelo.
2075 2983 2124 3019 Et
2138 2983 2250 3019 huius
2267 2982 2421 3019 diversi-

1353 3036 1436 3073 tatis
1448 3048 1563 3073 causa
1574 3044 1631 3073 est
1645 3036 1867 3089 accipienda
1883 3048 1927 3072 ex
1942 3035 2000 3072 his
2011 3048 2111 3083 quae
2126 3048 2227 3072 nunc
2239 3035 2420 3072 dicentur.

1354 3237 1422 3264 tant,
1433 3237 1593 3266 tempestant
1607 3234 1636 3264 P,
1649 3233 1715 3258 forte
1729 3241 1775 3265 per
1788 3233 1880 3257 falsam
1894 3233 2130 3265 interpretationem
2145 3234 2290 3266 compendii
2304 3231 2423 3266 tenant,-

1354 3270 1415 3293 item
1441 3270 1466 3293 in
1490 3269 1611 3293 versione
1636 3269 1741 3301 antiqua
1759 3269 1778 3293 P
1798 3268 1859 3300 legit
1884 3268 2114 3300 imputantibus,
2138 3268 2162 3293 in
2188 3269 2313 3294 divisione
2337 3274 2422 3294 textus

1355 3312 1428 3329 num.
1442 3312 1450 3328 1
1468 3304 1667 3336 tempestatibus
1672 3311 1681 3332 ;
1700 3311 1748 3328 nos
1763 3303 1859 3336 ubique
1872 3303 1982 3336 legimus
1996 3311 2057 3328 cum
2070 3304 2145 3329 codd.
2159 3308 2186 3328 et
2198 3305 2239 3329 ed.
2256 3303 2330 3329 1516.
2339 3319 2359 3323 -
2370 3304 2422 3329 Pro

1355 3339 1544 3371 quaestionem,
1558 3339 1629 3372 quod
1648 3346 1834 3363 conservamus
1854 3346 1912 3363 curn
1932 3339 2023 3367 PAsG,
2036 3340 2203 3371 quaestiones
2222 3339 2256 3369 C,
2275 3347 2369 3365 sonum
2389 3340 2422 3369 H,

1354 3378 1452 3399 sortem
1471 3374 1549 3406 BpG,
1569 3372 1639 3399 soem
1659 3373 1694 3404 D,
1714 3372 1810 3398 soldem
1830 3374 2046 3406 (solutionem?)
2066 3375 2101 3404 E,
2120 3373 2177 3399 som
2192 3375 2220 3405 F,
2240 3373 2312 3400 sorm
2330 3376 2355 3406 13
2375 3375 2423 3400 dif-

1354 3409 1420 3434 ficile
1439 3414 1479 3434 est
1497 3410 1675 3442 corruptiones
1693 3410 1817 3434 reducere
1835 3409 1867 3434 ad
1885 3410 2075 3441 quaestionem.

1407 3445 1430 3477 ε)
1448 3445 1626 3470 accidentium
1644 3451 1745 3470 eorum.
1757 3459 1776 3463 —
1788 3445 1965 3470 accidentium
1984 3445 2041 3470 eius
2055 3445 2130 3470 codd.
2142 3459 2161 3464 -
2175 3446 2226 3470 Pro
2244 3446 2292 3471 sub
2307 3453 2422 3476 sensum,

1353 3487 1434 3512 super
1452 3487 1556 3505 sensum
1577 3480 1596 3504 P
1616 3485 1642 3504 et
1660 3480 1735 3504 codd.
1749 3487 1803 3505 exc.
1817 3480 1848 3504 A.
1862 3494 1882 3498 -
1895 3481 1946 3504 Pro
1963 3481 2144 3506 accidentibus
2163 3481 2231 3507 idest
2248 3481 2421 3511 sensibilibus,

1353 3515 1533 3540 accidentibus
1557 3515 1722 3540 sensibilibus
1739 3516 1777 3546 A,
1795 3516 1974 3541 accidentibus
1992 3519 2020 3541 et
2041 3516 2159 3542 sensibus
2179 3522 2228 3542 cet.
2246 3518 2335 3542 Lectio
2353 3517 2422 3542 acci-

1354 3550 1475 3575 dentibus
1494 3550 1658 3575 sensibilibus
1682 3551 1783 3583 planior
1800 3550 1915 3582 videtur;
1940 3551 1987 3576 sed
2006 3559 2039 3576 ne
2058 3559 2116 3576 eam
2134 3552 2160 3576 in
2179 3557 2277 3578 textum
2296 3553 2422 3585 recipere-

1354 3594 1428 3616 mus,
1447 3585 1577 3618 prohibuit
1595 3585 1659 3611 haec
1677 3586 1754 3615 ratio,
1781 3586 1878 3611 scilicet
1896 3586 1957 3619 quia
1974 3590 2002 3612 et
2019 3587 2150 3617 sensibus,
2171 3595 2238 3620 quae
2257 3589 2335 3613 etiarn
2354 3588 2423 3612 bona

1354 3621 1430 3645 lectio
1448 3625 1561 3653 apparet,
1581 3621 1653 3646 facile
1672 3621 1749 3646 scribi
1768 3621 1852 3655 potuit
1869 3629 1917 3654 pro
1936 3622 2005 3648 idest
2019 3623 2193 3654 sensibilibus,
2207 3629 2232 3648 et
2245 3624 2386 3648 viceversa.

2448 2094 2588 2121 'possumus
2596 2100 2651 2115 PACF
2654 2110 2660 2115 .
