2690 4062
67 528 78 539 ⁸
92 526 163 548 Num.
178 532 198 554 5.

66 708 78 719 ’⁸
92 707 163 729 Num.
176 712 224 734 seq.

65 1285 76 1296 ⁴⁵
90 1284 160 1306 Num.
175 1290 198 1309 4.

67 1459 76 1468 ·
90 1459 160 1481 Num.
175 1464 224 1486 seq.

64 1729 76 1739 ⁴
101 1727 218 1749 coloribus
242 1726 276 1747 di—

66 1755 143 1776 versis
158 1760 173 1775 a
188 1754 276 1775 Petrus.

66 1861 76 1870 '
94 1859 217 1887 virgarum
235 1860 276 1880 Pe-

65 1889 122 1908 trus.

306 240 387 265 cvm
1002 214 1591 256 METEOROLOGICORUM
1621 213 1716 249 LIB.
1749 213 1797 248 111

438 329 479 345 ,‚.
535 315 543 327 κ
561 310 713 345 ostquam
733 298 956 342 Philosophus
981 295 1207 330 determinavit
1231 293 1271 326 de
1295 291 1371 324 halo

417 339 480 381 5¹55*
515 344 591 385 'net
614 345 712 385 irIde,
736 355 824 376 nunc
850 349 1088 386 consequenter
1113 338 1307 372 determinat
1332 336 1371 369 de

440 380 458 395 ”
504 396 529 431 2¹
558 390 658 433 virgis
690 397 721 421 et
752 387 889 432 pareliis.
923 387 963 419 Et
987 386 1070 417 circa
1098 383 1162 416 hoc
1186 381 1253 415 duo
1277 380 1369 413 facit:

530 435 666 479 primo
691 432 883 466 determinat
907 430 945 463 de
970 428 1179 473 generatione
1203 427 1370 475 virgarum

505 468 527 492 ”
561 487 592 512 et
606 476 821 522 pareliorum;
835 474 980 508 secundo
998 472 1038 506 de
1051 469 1272 520 accidentibus
1286 480 1370 502 circa

306 538 354 567 ea,
363 525 421 558 ibi:
435 525 530 558 Fiunt
541 529 640 556 autem
651 522 726 555 sicut
737 521 868 554 diximus
880 519 895 535 *
908 527 968 551 etc.
984 517 1079 551 Circa
1092 516 1236 559 primum
1250 522 1369 564 lterum

307 570 373 604 duo
390 569 479 602 facit:
499 569 606 612 primo
623 564 766 599 ostendit
786 563 923 596 modum
941 570 973 594 et
997 571 1128 594 causam
1148 566 1368 608 generationis

305 616 470 658 virgarum
497 622 529 646 et
560 610 757 655 pareliorum
784 609 818 640 in
838 606 1025 645 communi;
1050 603 1195 637 secundo
1225 601 1369 635 ostend1t

306 671 379 692 eam
394 660 427 691 in
443 655 575 701 speciali
592 655 631 688 de
657 662 796 696 utroque
821 662 947 691 eorum,
971 649 1032 682 ibi:
1055 648 1165 691 Virgae
1181 653 1281 680 autem
1297 653 1368 691 pro-

302 710 406 749 pterea
423 705 440 723 *
463 710 523 734 etc.
550 700 638 733 Dicit
665 708 743 740 ergo
768 696 891 740 primo,
920 693 1010 739 quod
1040 691 1294 726 existimandum
1321 699 1369 723 est

307 747 396 792 quod
415 745 525 790 parelii
549 752 581 776 et
601 744 710 785 virgae
734 740 812 773 fiant
835 748 969 783 propter
993 737 1123 771 easdem
1149 747 1261 769 causas
1285 736 1370 767 sicut

306 791 381 825 halo
405 799 436 823 et
459 790 530 829 iris,
562 787 637 831 quia
661 786 772 819 omnia
803 784 882 817 haec
910 792 987 816 sunt
1016 781 1166 815 refractio
1191 779 1368 824 quaedam,

305 836 381 868 licet
397 834 543 868 differant
567 830 747 864 secundum
767 828 928 862 diversam
945 826 1198 903 dispositionem
1218 833 1249 857 et
1269 825 1368 856 situm

306 879 450 922 caliginis
466 889 483 910 a
500 887 563 921 qua
582 875 618 908 fit
638 874 801 907 refractio:
827 873 902 916 quia
919 883 995 915 pare
1010 872 1060 903 ius
1077 878 1250 914 generatur
1266 880 1305 901 ex
1320 880 1368 901 re-

305 924 458 957 fractione
473 922 562 954 visus
582 932 599 952 a
615 918 702 952 nube
719 917 759 950 ali
786 928 826 949 ua
841 916 881 949 ad
897 915 1013 956 solem,
1031 924 1062 948 et
1078 915 1188 957 virgae
1208 912 1367 945 similiter.

305 969 346 1002 Et
369 969 485 1000 iterum
509 965 611 998 utitur
639 963 692 996 hic
716 961 777 995 Phi
792 960 940 1004 osophus
971 959 1129 1004 opinione
1160 957 1367 990 mathemati-

305 1023 419 1046 corum
451 1010 502 1042 sui
534 1008 713 1052 temporis,
746 1006 802 1050 qui
834 1004 984 1038 dicebant
1015 1004 1124 1036 visum
1157 1001 1298 1045 refrangi
1329 1001 1367 1034 ab

305 1056 433 1090 obiecto
450 1053 489 1087 ad
506 1053 626 1086 solem:
652 1050 709 1084 sed
726 1059 837 1083 tamen
861 1048 1044 1082 secundum
1060 1047 1230 1080 veritatem
1254 1045 1367 1079 lumen

304 1100 495 1142 refrangitur
518 1097 556 1131 ab
581 1096 710 1130 obiecto
734 1094 774 1128 ad
798 1094 917 1127 visum.
1345 1134 1352 1141 ‚

360 1155 388 1177 2.
413 1142 541 1177 Deinde
558 1152 634 1175 cum
651 1140 745 1173 dicit:
775 1138 884 1181 Virgae
900 1143 1000 1171 autem
1015 1142 1174 1182 propterea
1193 1143 1266 1175 etc„
1291 1146 1368 1167 asm-

304 1198 381 1233 gnat
405 1198 535 1220 causam
566 1194 598 1219 et
621 1183 759 1218 modurn
782 1183 1002 1226 generationis
1026 1182 1185 1225 ipsorum.
1219 1179 1260 1212 Et
1284 1179 1368 1212 circa

304 1234 367 1266 hoc
385 1233 451 1266 duo
468 1231 560 1264 facit:
581 1230 688 1274 primo
707 1227 850 1261 ostendit
866 1238 997 1259 causam
1017 1224 1237 1269 generationis
1261 1224 1368 1267 virga-

304 1289 391 1318 rum3
408 1274 554 1310 secundo
577 1273 796 1318 generationis
816 1271 1026 1316 pareliorum,
1044 1270 1101 1302 ibi:
1122 1269 1261 1303 Parelius
1276 1268 1292 1285 '¹¹
1305 1277 1367 1301 etc.

305 1323 412 1355 Prima
436 1321 553 1353 iterum
578 1320 611 1351 in
635 1318 732 1351 duas:
758 1317 791 1349 in
815 1316 920 1360 prima
944 1322 1112 1358 comparat
1134 1314 1242 1357 virgas
1269 1312 1309 1346 ad
1325 1324 1368 1366 ,εει

305 1378 386 1411 quae
410 1372 566 1409 apparent
593 1375 632 1396 ex
654 1361 848 1395 refractione
878 1361 910 1393 in
934 1359 1004 1392 aliis
1013 1372 1022 1400 ;
1048 1358 1195 1392 secundo
1227 1357 1368 1391 declarat

303 1410 442 1443 modum
470 1407 689 1453 generationis
721 1406 905 1449 virgarum,
935 1403 997 1437 ibi:
1026 1403 1078 1437 Fit
1101 1409 1202 1436 autem
1225 1402 1278 1436 hoc
1300 1414 1368 1436 cum

304 1454 478 1498 irregularis
490 1454 508 1474 *
520 1462 579 1486 etc.
597 1452 687 1485 Dicit
706 1461 784 1494 ergo
801 1450 909 1494 primo
930 1447 1020 1493 quod
1043 1448 1153 1491 virgae
1170 1456 1368 1491 generantur

304 1507 486 1544 propterea,
511 1496 600 1542 quod
622 1497 713 1529 visus
738 1495 794 1540 qui
817 1493 1013 1537 refrangitur
1036 1504 1075 1526 ex
1099 1491 1186 1525 nube
1210 1493 1243 1525 in
1268 1492 1367 1526 latere

304 1543 381 1577 solis
405 1543 579 1582 existente,
607 1549 656 1574 est
680 1539 752 1573 talis
777 1538 960 1572 secundum
984 1536 1156 1578 effectum,
1188 1536 1294 1581 qualis
1319 1546 1368 1570 est

304 1587 435 1633 quando
451 1586 645 1630 refrangitur
661 1584 700 1618 ab
717 1595 801 1628 aqua
818 1583 871 1616 vel
888 1582 926 1616 ab
944 1582 1055 1626 aliquo
1071 1581 1135 1615 alio
1152 1581 1367 1615 humidorum

304 1632 343 1666 ad
361 1631 482 1665 nubem
498 1632 613 1670 visam,
637 1630 722 1662 sicut
746 1628 887 1662 diximus
912 1628 1013 1671 prius.
1037 1627 1125 1661 Nam
1141 1625 1245 1660 nubes
1262 1638 1367 1671 prope

304 1678 407 1710 solem
431 1677 615 1715 existentes,
631 1675 719 1707 visae
743 1671 926 1706 secundum
949 1680 1076 1704 rectum
1100 1680 1281 1715 aspectum,
1298 1683 1367 1705 non

302 1721 453 1755 videntur
484 1719 646 1753 coloratae
675 1717 810 1751 diversis
842 1715 1006 1750 coloribus
1034 1715 1266 1760 apparentibus
1298 1725 1330 1749 et
1353 1716 1368 1733 *

303 1766 453 1810 propriis,
475 1774 513 1798 ut
535 1763 731 1808 frequenter,
747 1761 803 1795 sed
821 1760 952 1806 quando
973 1761 1176 1805 aspiciuntur
1194 1772 1253 1805 per
1272 1760 1368 1794 refra-

304 1812 446 1844 ctionem
462 1809 500 1843 ab
518 1820 600 1853 aqua
620 1807 672 1840 vel
688 1807 726 1840 ab
747 1806 857 1850 aliquo
874 1805 1099 1846 humidorum,
1112 1814 1192 1838 tunc
1210 1815 1369 1850 apparent

305 1855 465 1888 coloratae
481 1853 533 1887 vel
549 1852 726 1896 virgulatae
743 1850 783 1884 ad
800 1850 938 1884 modum
954 1849 1243 1894 virgularum.*Et
1258 1859 1369 1884 tamen

304 1901 337 1933 in
369 1899 433 1932 hoc
457 1907 505 1932 est
535 1897 731 1931 differentia:
757 1896 832 1940 quia
860 1895 894 1928 in
918 1895 988 1928 aliis
1013 1895 1212 1939 apparentiis
1241 1894 1295 1928 illa
1320 1895 1368 1929 di-

303 1945 437 1978 versitas
454 1943 572 1976 coloris
588 1941 684 1975 nubis
709 1949 842 1985 apparet
865 1940 899 1972 in
924 1940 993 1984 ipsa
1017 1939 1116 1979 nube,
1140 1939 1198 1973 sed
1218 1940 1251 1972 in
1267 1940 1368 1984 virgis

304 1997 438 2033 apparet
461 1985 708 2032 quodammodo
733 1996 831 2029 supra
855 1985 970 2029 ipsam.
1001 1984 1043 2017 Et
1066 1983 1165 2017 huius
1189 1985 1273 2018 ratio
1297 1994 1368 2025 est,

304 2034 380 2078 quia
404 2032 476 2066 albo
494 2040 525 2065 et
540 2032 634 2075 nigro
659 2029 889 2075 apparentibus
914 2029 947 2062 in
971 2028 1086 2062 eadem
1110 2028 1295 2073 superficie,
1320 2030 1368 2062 ni-

303 2089 398 2122 grum
422 2076 550 2110 videtur
573 2075 722 2119 longius,
746 2075 830 2107 sicut
854 2086 871 2107 e
890 2084 1050 2107 converso
1074 2075 1234 2107 remotius
1258 2074 1368 2108 visum

304 2131 436 2167 apparet
451 2122 593 2165 nigrum,
613 2131 654 2153 eo
679 2118 768 2164 quod
791 2119 901 2151 minus
926 2118 1052 2152 alterat:
1079 2118 1136 2152 sed
1161 2118 1289 2152 colores
1305 2120 1368 2152 vir-

303 2178 419 2211 garum
450 2174 525 2198 sunt
555 2165 639 2209 nigri
669 2163 722 2198 vel
769 2164 999 2208 ropinquiores
1029 2163 1143 2207 nigro,
1177 2172 1210 2197 et
1233 2172 1310 2197 sunt
1334 2165 1368 2198 in

304 2210 417 2244 eadem
441 2209 611 2254 superficie
636 2220 711 2242 cum
734 2175 861 2252 tiilgido
885 2207 997 2249 nubis,
1022 2216 1055 2241 et
1078 2219 1137 2252 per
1160 2219 1368 2253 consequens

305 2264 460 2300 apparent
483 2254 674 2287 remotiores
699 2265 797 2298 quam
821 2252 983 2296 fulgidum
1008 2251 1116 2286 nubis.

361 2311 389 2343 3.
414 2298 541 2333 Deinde
565 2310 640 2331 cum
665 2297 758 2331 dicit:
782 2297 833 2331 Fit
848 2303 947 2330 autem
968 2297 1020 2331 hoc
1035 2306 1107 2337 etc„
1133 2298 1277 2342 assignat
1292 2307 1366 2331 mo-

305 2344 383 2378 dum
407 2343 623 2388 generationis
653 2343 819 2386 virgarum
851 2343 883 2374 in
916 2341 1058 2386 speciali.
1095 2342 1136 2375 Et
1167 2342 1246 2376 dicit
1277 2343 1367 2388 quod

305 2389 470 2433 generatio
493 2388 658 2439 virgarum
682 2386 718 2420 fit
742 2399 759 2420 a
782 2386 889 2426 nube,
914 2386 1047 2431 quando
1072 2386 1176 2420 nubes
1201 2399 1218 2420 a
1243 2399 1308 2440 qua
1332 2387 1368 2421 fit

304 2432 453 2466 refractio
477 2441 525 2465 est
549 2431 746 2475 1rregularis:
772 2430 895 2464 scilicet
918 2442 986 2464 non
1009 2432 1108 2465 unius
1140 2431 1368 2476 dispositionis

305 2489 363 2521 per
386 2486 508 2516 totum,
537 2476 593 2510 sed
617 2478 649 2509 in
674 2487 738 2509 una
762 2485 851 2520 parte
875 2476 992 2517 rarior,
1017 2477 1050 2509 in
1075 2475 1136 2509 alia
1161 2476 1312 2518 densior,
1337 2486 1369 2511 et

305 2523 339 2554 in
362 2533 427 2555 una
450 2521 668 2566 propinquior
691 2531 805 2565 aquae,
830 2521 862 2553 in
887 2520 948 2554 alia
972 2521 1138 2554 remotior.
1169 2521 1264 2556 Radii
1289 2532 1368 2565 ergo

306 2566 483 2599 incidentes
507 2576 605 2609 super
628 2574 734 2609 partes
758 2565 906 2606 rariores,
930 2573 1099 2599 transeunt
1123 2577 1182 2610 per
1205 2565 1275 2600 illas
1300 2575 1369 2600 tan-

306 2621 405 2654 quam
429 2621 486 2654 per
509 2609 686 2650 foramina,
710 2618 742 2642 et
773 2608 961 2642 colorantur
984 2609 1111 2643 reflexis
1141 2610 1239 2644 radiis
1269 2622 1370 2655 super

331 2663 396 2687 arte
421 2665 542 2699 aquosa
566 2662 597 2687 et
612 2653 731 2694 rorida,
756 2654 789 2686 in
836 2665 877 2686 ua
902 2663 1035 2699 apparet
1058 2654 1151 2688 color
1167 2655 1237 2689 sine
1253 2654 1275 2689 fi
1324 2666 1368 2689 ra.

335 2707 348 2732 t
371 2708 505 2743 propter
528 2698 796 2742 irregularitatem
820 2698 906 2732 ilius
935 2698 1030 2732 nubis
1062 2699 1101 2733 ad
1127 2711 1226 2745 quarn
1246 2711 1281 2734 re
1296 2712 1369 2734 ran-

306 2752 428 2787 guntur
443 2743 523 2776 radii
539 2742 659 2776 solares
684 2742 746 2776 albi
763 2751 795 2775 et
811 2743 897 2784 clari,
920 2753 1077 2788 apparent
1102 2744 1220 2778 diversi
1242 2744 1369 2779 colores

306 2788 487 2831 virgarum:
512 2787 634 2821 scilicet
649 2788 808 2831 puniceus
830 2788 863 2820 in
903 2798 969 2822 arte
994 2788 1119 2822 clariori
1139 2789 1236 2823 nubis
1253 2798 1286 2823 et
1302 2802 1370 2823 ma-

330 2832 356 2864 ‘s
380 2833 564 2876 propinqua
587 2831 627 2865 ad
651 2831 780 2873 album,
811 2833 871 2865 viri
897 2833 922 2866 is
951 2842 1060 2866 autem
1090 2834 1123 2867 in
1148 2842 1238 2878 parte
1262 2835 1369 2879 magis

331 2887 418 2916 ensa,
436 2885 467 2909 et
483 2887 540 2920 per
557 2887 760 2921 consequens
780 2877 877 2910 etiam
895 2889 947 2910 ma
973 2879 999 2910 is
1015 2878 1118 2922 nigra,
1133 2878 1274 2912 xanthos
1290 2891 1370 2913 vero

307 2929 440 2964 apparet
466 2920 518 2953 vel
547 2932 603 2965 per
629 2921 917 2965 iuxtapositionem
941 2889 1083 2956 citiorum
1109 2923 1370 2967 praedictorum,

308 2965 391 2997 sicut
414 2964 537 2998 dictum
562 2974 610 2998 est
633 2977 747 3009 supra,
771 2965 823 2998 vel
848 2967 945 2999 etiarn
970 2975 1104 3011 apparet
1127 2968 1160 3000 in
1185 2977 1276 3012 parte
1296 2980 1371 3012 pro-

309 3009 533 3052 portionaliter
563 3009 671 3042 densa.
697 3010 788 3043 Licet
815 3019 924 3043 autem
959 3012 992 3044 in
1024 3012 1236 3055 generatione
1265 3013 1371 3057 virga-

309 3064 382 3085 rum
398 3052 510 3086 lumen
526 3053 566 3086 ali
592 3065 636 3087 uo
661 3054 762 3088 modo
782 3063 923 3088 transeat
940 3067 997 3100 per
1012 3065 1120 3107 partes
1137 3056 1244 3098 nubis,
1261 3066 1371 3090 tamen

308 3096 391 3130 fiunt
408 3097 525 3131 diversi
542 3108 580 3131 co
594 3109 666 3131 ores
688 3099 720 3131 in
739 3099 850 3142 virgis,
868 3100 952 3133 sicut
968 3100 1001 3133 in
1018 3100 1109 3142 1ride,
1127 3101 1160 3134 in
1201 3113 1242 3134 ua
1258 3101 1370 3135 lumen

309 3141 495 3175 immediate
518 3141 711 3186 refrangitur
730 3155 748 3176 a
766 3143 853 3176 nube
878 3143 1006 3178 rorida:
1032 3145 1108 3189 quia
1127 3154 1164 3179 ut
1208 3146 1272 3187 icit,
1289 3146 1371 3179 nihil

312 3184 417 3218 differt
441 3195 599 3230 quantum
627 3186 667 3220 ad
714 3188 935 3221 enerationem
965 3188 1113 3222 colorum
1142 3189 1371 3232 diversorum,

310 3228 418 3262 videre
442 3230 546 3263 solem
570 3242 627 3275 per
650 3243 694 3264 nu
719 3243 771 3265 em
795 3241 1054 3277 transparentem
1078 3233 1118 3267 ali
1144 3246 1189 3268 uo
1209 3235 1323 3276 modo,
1341 3245 1372 3268 et

311 3272 420 3306 videre
443 3274 552 3350 ipsum
576 3275 761 3309 immediate
786 3275 960 3310 refractum
977 3289 994 3310 a
1011 3277 1107 3311 nube.
1122 3246 1261 3313 cbeinde
1279 3281 1371 3324 quasi

312 3317 453 3360 recapitu
469 3318 553 3354 ando
578 3318 664 3360 dicit,
680 3320 770 3364 quod
793 3321 903 3364 virgae
927 3331 1123 3365 generantur
1146 3332 1281 3368 propter
1298 3325 1373 3357 irre-

312 3360 514 3403 gularitatem
538 3363 678 3407 speculi,
702 3364 784 3398 idest
807 3365 902 3398 nubis
927 3366 1072 3407 roridae,
1097 3378 1164 3400 non
1189 3368 1372 3402 secundum

1428 290 1586 334 figuram,
1610 289 1694 322 idest
1722 300 1791 322 non
1815 287 2092 332 repraesentando
2115 287 2256 332 figuram
2281 287 2420 329 obiecti,
2448 287 2507 322 sed

1429 334 1593 367 colorem:
1627 334 1704 378 quia
1727 332 1852 366 scilicet
1875 331 1980 365 nubes
2004 344 2074 365 non
2098 340 2148 365 est
2170 341 2246 365 nata
2270 331 2375 366 facere
2398 344 2506 366 unum

1429 378 1586 412 colorem.

1483 434 1514 465 4.
1539 421 1669 455 Deinde
1687 433 1764 454 cum
1780 421 1874 454 dicit:
1899 421 2040 454 Paralius
2055 427 2155 454 autem
2173 429 2246 461 etc„
2271 420 2415 454 ostendit
2434 432 2506 454 mo-

1428 467 1508 500 dum
1528 466 1750 510 generationis
1773 465 1984 509 pareliorum.
2006 466 2048 498 Et
2064 465 2142 498 dicit
2166 465 2257 510 quod
2279 465 2393 509 parelii
2409 465 2505 507 fiunt,

1428 510 1561 555 quando
1586 521 1654 550 aer,
1678 509 1764 543 idest
1787 509 1891 543 nubes
1916 509 2044 542 subtilis
2073 521 2092 542 a
2116 521 2180 554 qua
2204 509 2242 543 fit
2264 509 2431 551 refractio,
2457 519 2507 544 est

1427 556 1569 587 maxime
1593 553 1762 598 regularis,
1779 553 1953 587 uniformis
1970 563 2003 587 et
2019 555 2135 598 spissa,
2152 563 2184 587 et
2207 553 2321 587 lumen
2345 554 2425 588 solis
2442 554 2506 588 for-

1426 600 1501 632 titer
1524 598 1630 632 refran
1656 599 1721 631 itur
1736 610 1754 631 a
1770 598 1826 631 tali
1850 598 1955 632 nube:
1980 608 2059 632 tunc
2083 607 2220 643 apparet
2234 598 2278 632 ibi
2303 598 2396 632 color
2412 598 2505 633 albus

1427 644 1467 677 ad
1484 643 1620 676 similitu
1647 644 1736 676 inem
1754 643 1874 676 coloris
1899 643 1989 685 solis,
2007 644 2100 688 quasi
2125 643 2205 676 alter
2225 643 2290 684 sol;
2316 644 2393 688 quia
2409 655 2505 688 regu-

1426 688 1534 721 laritas
1561 687 1687 731 speculi
1717 687 1795 721 facit
1819 687 1966 721 colorem
1997 697 2211 732 apparentem
2243 699 2314 721 esse
2341 699 2449 721 unum
2473 697 2506 722 et

1426 745 1459 766 re
1485 732 1630 773 ularem‚
1662 733 1748 765 sicut
1777 732 1906 766 diversa
1929 732 2104 776 dispositio
2133 733 2277 777 partium
2308 731 2405 766 nubis
2428 732 2506 767 facit

1427 745 1554 810 coiores
1571 788 1642 809 esse
1661 776 1820 810 diversos.
1840 777 1916 810 Hoc
1933 786 2043 810 autem
2061 777 2204 811 declarat
2222 789 2282 821 per
2297 777 2504 822 exemplum:

1426 822 1511 854 sicut
1538 821 1628 854 enim
1651 820 1766 854 lumen
1790 821 1881 865 quod
1905 821 2102 866 refrangitur
2134 821 2174 855 ab
2198 833 2272 855 aere
2295 821 2402 866 polito
2435 823 2505 856 sive

1426 865 1523 906 ferro,
1547 874 1627 909 puta
1651 865 1690 898 ab
1708 866 1807 898 armis
1831 865 1987 906 militum,
2004 875 2054 899 est
2077 865 2199 899 coloris
2223 866 2300 900 clari
2324 875 2358 900 et
2380 865 2456 908 albi,
2473 874 2506 900 et

1426 909 1685 954 estfulgidum,
1716 910 1763 943 sic
1786 909 1900 943 lumen
1929 910 2022 955 quod
2050 910 2247 955 refrangitur
2270 922 2288 944 a
2311 910 2420 952 nube,
2451 911 2505 945 vel

1427 954 1565 998 caligine
1586 955 1691 998 spissa
1715 963 1747 987 et
1768 955 1927 988 existente
1951 956 2140 999 propinqua
2163 955 2205 989 ad
2225 955 2290 989 hoc
2311 955 2403 1000 quod
2426 967 2505 990 con-

1425 1008 1571 1032 vertatur
1587 1000 1622 1032 in
1638 1010 1770 1043 aquam,
1787 999 1938 1032 nondum
1956 1008 2068 1032 tamen
2084 1000 2118 1032 in
2134 1011 2208 1033 eam
2225 1011 2383 1034 conversa
2398 1000 2502 1046 (quae

1426 1043 1545 1077 dicitur
1567 1043 1674 1077 nubes
1697 1042 1835 1089 rorida),
1851 1052 1902 1077 est
1917 1043 2029 1077 album
2046 1052 2079 1077 et
2094 1043 2230 1077 clarum.
2242 1063 2261 1069 -
2279 1045 2329 1078 Ex
2345 1045 2409 1078 isto
2426 1056 2505 1079 con-

1427 1088 1529 1122 cludit
1553 1088 1622 1122 duo
1647 1088 1830 1122 coronaria.
1855 1089 2018 1128 Primum,
2044 1088 2136 1133 quod
2159 1088 2302 1133 parelius
2326 1098 2376 1122 est
2398 1090 2504 1134 magis

1425 1134 1559 1177 signum
1583 1132 1715 1177 pluviae
1739 1144 1839 1178 quarn
1862 1134 1992 1177 virgae,
2021 1133 2098 1178 quia
2121 1142 2298 1177 generatur
2321 1145 2381 1178 per
2403 1133 2503 1168 refra-

1426 1178 1571 1211 ctionem
1595 1189 1614 1211 a
1637 1177 1725 1211 nube
1749 1177 1892 1222 regulari
1915 1187 1948 1211 et
1971 1178 2099 1222 spissa,
2130 1189 2214 1223 quae
2238 1186 2288 1211 est
2316 1179 2505 1224 propinqua

1426 1221 1466 1256 ad
1491 1222 1747 1266 dispositionem
1771 1234 1892 1267 aquae:
1925 1230 1958 1256 et
1981 1222 2058 1256 ideo
2082 1223 2179 1256 citius
2204 1234 2244 1256 ex
2267 1233 2305 1256 ea
2329 1232 2505 1267 generatur

1426 1279 1520 1312 aqua.
1547 1266 1740 1301 Secundum
1764 1275 1831 1308 est,
1861 1267 1953 1312 quod
1975 1267 2119 1312 parelius
2144 1266 2312 1307 australis,
2337 1267 2424 1302 idest
2446 1268 2505 1314 qui

1425 1320 1562 1356 apparet
1585 1311 1720 1356 quando
1743 1310 1825 1345 flant
1846 1313 1938 1345 venti
1962 1311 2136 1353 australes,
2163 1311 2218 1346 vel
2242 1313 2342 1345 etiarn
2366 1313 2424 1358 qui
2446 1323 2505 1358 ap·

1449 1365 1518 1390 aret
1541 1368 1581 1390 ex
1604 1365 1695 1401 parte
1719 1355 1869 1398 australi,
1892 1365 1942 1390 est
1964 1358 2070 1401 magis
2094 1357 2228 1401 signum
2251 1356 2504 1403 pluviae‘quam

1425 1369 1587 1435 borealis:
1620 1401 1698 1446 quia
1721 1409 1840 1435 ventus
1864 1401 2015 1434 australis
2043 1409 2180 1446 propter
2207 1401 2352 1435 calidum
2373 1410 2503 1447 tempe-

1425 1455 1533 1479 ratum
1558 1445 1664 1479 elevat
1686 1445 1812 1479 multos
1835 1457 1988 1490 vapores,
2004 1455 2037 1479 et
2053 1454 2234 1491 congregat
2255 1457 2314 1480 eos
2335 1447 2370 1480 in
2385 1445 2503 1488 nube-t,

1425 1499 1458 1524 et
1480 1491 1580 1531 etiarn
1604 1490 1710 1524 nubes
1738 1499 1905 1535 permutat
1935 1491 1969 1524 in
1994 1502 2011 1523 a
2036 1502 2114 1532 uas,
2146 1490 2204 1525 sed
2228 1490 2345 1525 boreas
2392 1499 2505 1536 reptet

1424 1534 1638 1579 frigiditatem
1658 1543 1691 1568 et
1713 1535 1895 1569 siccitatem
1910 1546 2016 1580 prope
2042 1536 2066 1569 it
2089 1534 2194 1569 nubes
2214 1545 2247 1569 et
2269 1501 2424 1580 prohibet
2439 1535 2505 1570 ele-

1424 1581 1594 1614 vationem
1617 1590 1799 1624 vaporum,
1824 1580 1911 1613 sicut
1933 1581 2086 1624 superius
2110 1579 2237 1614 dictum
2261 1589 2320 1614 est.

1483 1635 1512 1667 5.
1536 1624 1668 1658 Deinde
1693 1635 1770 1658 cum
1793 1624 1890 1658 dicit:
1919 1625 2016 1659 Fiunt
2038 1631 2140 1659 autem
2166 1626 2244 1658 sicut
2265 1625 2400 1659 diximus
2421 1633 2504 1667 etc.,

1425 1670 1570 1714 assignat
1589 1668 1816 1714 Philosophus
1841 1680 1974 1702 causam
1998 1668 2218 1703 accidentium
2237 1670 2324 1704 circa
2365 1670 2373 1678 '
2434 1680 2450 1704 s
2470 1677 2504 1704 et

1425 1714 1577 1759 parelios.
1603 1714 1645 1748 Et
1664 1725 1726 1758 pro
1750 1714 1860 1758 primo
1885 1713 1974 1755 dicit,
1998 1713 2090 1758 quod
2112 1714 2225 1758 virgae
2248 1722 2282 1748 et
2304 1724 2382 1759 pare
2408 1715 2503 1749 ima-

1423 1760 1512 1792 xime
1532 1758 1687 1792 accidunt
1710 1759 1795 1792 circa
1819 1769 1975 1792 occasum
1992 1767 2026 1792 et
2049 1766 2160 1792 ortum
2183 1757 2283 1799 solis;
2301 1759 2397 1792 cuius
2416 1759 2503 1797 tatio

1425 1813 1484 1845 est,
1503 1804 1579 1849 quia
1603 1812 1683 1837 tunc
1706 1802 1811 1836 nubes
1828 1814 1897 1837 non
1915 1802 2025 1848 disper
2072 1812 2151 1837 ntur
2167 1802 2275 1837 calore
2291 1802 2372 1837 solis
2393 1803 2440 1838 iu
2463 1803 2504 1838 de

1425 1848 1522 1890 facili,
1535 1859 1612 1882 cum
1629 1848 1719 1882 calor
1738 1848 1818 1882 solis
1834 1859 1903 1882 non
1920 1849 1963 1881 sit
1978 1859 2035 1882 mu
2051 1857 2123 1882 tum
2140 1847 2331 1882 vehemens.
2346 1866 2366 1874 -
2379 1848 2504 1890 Secun-

1425 1893 1506 1927 dum
1535 1892 1687 1927 accidens
1711 1901 1778 1935 est,
1803 1892 1894 1938 quod
1918 1904 1988 1926 non
2011 1892 2096 1926 fiunt
2119 1903 2219 1937 supra
2243 1891 2370 1934 solem,
2394 1894 2504 1939 neque

1425 1938 1592 1972 desubtus.
1618 1938 1660 1972 Et
1682 1939 1766 1971 ratio
1789 1946 1855 1979 est,
1880 1938 1956 1983 quia
1975 1938 2003 1971 si
2026 1936 2143 1971 fierent
2163 1948 2263 1982 supra
2286 1936 2411 1979 solem,
2433 1948 2504 1972 non

1424 1983 1615 2017 viderentur
1638 1991 1774 2027 propter
1793 1982 1982 2016 distantiam
2006 1982 2100 2028 (licet
2119 1981 2326 2027 impossibile
2342 1982 2396 2024 sit,
2411 1981 2504 2028 quod

1424 2027 1468 2062 ibi
1484 2027 1581 2069 fiant,
1606 2039 1683 2061 curn
1707 2038 1807 2072 supra
1827 2027 1933 2062 solem
1951 2038 2021 2061 non
2043 2026 2125 2061 fiant
2143 2026 2248 2061 nubes
2270 2026 2323 2061 vel
2346 2027 2504 2106 roratic33

1423 2081 1457 2106 et
1480 2073 1507 2106 si
1532 2072 1593 2106 sub
1622 2072 1692 2106 sole
1715 2071 1851 2113 fierent,
1876 2071 2135 2106 dissolverentur
2163 2080 2300 2117 propter
2322 2071 2432 2106 radios
2481 2072 2503 2098 ‘-

1423 2126 1510 2151 recte
1530 2117 1712 2151 incidentes
1732 2116 1794 2151 sub
1813 2116 1898 2151 sole:
1923 2126 1956 2151 et
1979 2117 2079 2151 etiam
2102 2115 2185 2150 radii
2208 2116 2332 2151 solares
2355 2123 2426 2150 non
2448 2128 2504 2151 ve·

1424 2163 1532 2196 nirent
1555 2162 1596 2196 ad
1620 2173 1682 2196 nos
1696 2189 1705 2202 ,
1737 2161 1794 2196 sed
1842 2170 1955 2207 ropter
1981 2161 2197 2196 reflexionem
2225 2162 2339 2206 potius
2362 2170 2504 2197 reverte-

1423 2216 1537 2240 rentur
1553 2206 1594 2240 ad
1610 2206 1748 2240 caelum.
1768 2226 1786 2232 -
1838 2207 1959 2240 ertium
1976 2215 2037 2247 est,
2053 2206 2146 2252 quod
2161 2206 2246 2240 fiunt
2263 2218 2281 2240 a
2295 2205 2396 2240 latere
2408 2205 2504 2247 solis,

1424 2261 1504 2297 puta
1527 2251 1616 2285 nube
1640 2252 1800 2285 existente
1828 2263 1869 2285 ex
1893 2260 1984 2296 parte
2007 2250 2158 2286 meridiei
2180 2251 2235 2285 vel
2258 2250 2396 2285 boreaez
2425 2251 2504 2296 quia
2545 2253 2547 2257 ’

1424 2296 1559 2342 quando
1583 2295 1688 2330 nubes
1713 2305 1800 2330 stant
1818 2307 1837 2329 a
1852 2295 1963 2337 latere,
1988 2305 2068 2330 tunc
2092 2295 2143 2330 sol
2166 2307 2237 2330 non
2261 2295 2415 2330 dissolvit
2428 2307 2503 2338 eas,

1424 2343 1451 2375 si
1475 2342 1541 2375 sint
1556 2342 1590 2374 in
1613 2340 1721 2375 debita
1739 2340 1892 2375 distantia
1917 2352 1934 2375 a
1958 2340 2040 2382 sole,
2058 2349 2091 2374 et
2114 2349 2194 2374 tunc
2217 2341 2309 2374 visus
2332 2348 2444 2386 potest
2461 2339 2504 2375 ad

1424 2386 1495 2420 illas
1518 2386 1704 2431 pertingere
1729 2394 1864 2431 propter
1894 2386 2149 2420 convenientem
2173 2385 2427 2430 proportionem
2455 2384 2503 2420 di-

1424 2431 1572 2465 stantiae.
1590 2450 1609 2456 -
1627 2431 1795 2471 Quartum
1819 2439 1886 2472 est,
1935 2430 2003 2465 uod
2026 2441 2096 2464 non
2120 2429 2205 2464 fiunt
2228 2429 2373 2464 multum
2395 2438 2502 2475 prope

1424 2475 1541 2517 solem,
1557 2486 1619 2509 nec
1635 2476 1735 2508 etiarn
1759 2474 1903 2509 multum
1940 2486 2037 2519 onge.
2063 2475 2105 2509 Et
2121 2474 2221 2508 huius
2239 2474 2325 2508 ratio
2347 2482 2408 2515 est,
2419 2473 2503 2527 ”quia

1424 2532 1529 2566 prope
1554 2519 1661 2554 solem
1680 2519 1731 2553 sol
1755 2519 1907 2553 dissolvit
1931 2519 2181 2553 consistentiam
2199 2517 2298 2552 nubis
2313 2529 2372 2552 sua
2385 2517 2502 2553 calidi·

1424 2574 1507 2607 tate3
1533 2564 1573 2599 de
1589 2564 1647 2598 lon
1672 2576 1689 2598 e
1707 2573 1819 2598 autem
1833 2575 1902 2598 non
1918 2564 2098 2598 videretur:
2116 2564 2194 2609 quia
2210 2575 2228 2597 a
2244 2574 2347 2608 parvo
2364 2562 2502 2608 speculo

1424 2610 1462 2644 fit
1478 2609 1594 2644 debilis
1617 2621 1652 2643 re
1683 2610 1780 2650 actio,
1797 2618 1834 2643 ut
1849 2618 1959 2654 patet,
1984 2608 2089 2643 nubes
2109 2617 2221 2642 autem
2240 2617 2368 2642 remota
2385 2619 2404 2642 a
2418 2607 2502 2650 sole,

1425 2654 1481 2688 ubi
1505 2653 1556 2688 sol
1576 2653 1674 2688 habet
1697 2665 1837 2699 paucam
1860 2655 2018 2688 virtutem
2041 2652 2192 2687 elevandi
2215 2663 2356 2698 vapore·
2372 2661 2502 2695 aterra,

1425 2708 1475 2733 est
1490 2710 1601 2744 parva,
1625 2707 1658 2732 et
1673 2710 1714 2732 ex
1730 2699 1947 2744 consequenti
1965 2710 2034 2732 non
2049 2697 2218 2732 videretur
2233 2698 2268 2731 in
2284 2708 2323 2732 ea
2335 2696 2501 2732 refractio.

1424 2745 1505 2778 Non
1520 2743 1605 2778 fiunt
1621 2744 1721 2777 etiam
1740 2752 1778 2777 ut
1793 2745 1826 2777 in
1850 2742 2000 2788 pluribus
2025 2742 2095 2777 sole
2119 2743 2278 2776 existente
2294 2742 2328 2776 in
2345 2741 2500 2788 meridie:

1426 2790 1503 2834 quia
1518 2797 1598 2822 tunc
1614 2788 1719 2822 nubes
1739 2799 1871 2822 sursum
1889 2788 2015 2822 elevata
2032 2798 2138 2832 prope
2157 2786 2275 2828 solem,
2291 2795 2342 2821 est
2353 2786 2503 2821 «multum

1425 2842 1552 2867 remota
1569 2845 1587 2867 a
1603 2834 1688 2874 visu,
1713 2842 1745 2867 et
1768 2842 1905 2878 propter
1928 2832 1993 2866 hoc
2016 2832 2110 2866 color
2133 2831 2230 2866 nubis
2254 2842 2324 2865 non
2341 2830 2446 2874 fertur
2460 2830 2502 2866 ad

1425 2890 1503 2912 eum
1528 2879 1561 2912 in
1585 2876 1759 2923 superficie
1783 2887 1903 2919 terrae,
1927 2877 1985 2912 sed
2009 2885 2164 2911 movetur
2186 2887 2246 2922 per
2269 2886 2379 2910 aerem
2400 2885 2440 2910 su
2467 2887 2503 2910 ra

1426 2932 1545 2957 terram
1576 2931 1609 2956 et
1631 2934 1736 2975 prope
1761 2922 1885 2964 solem,
1908 2930 1942 2956 et
1966 2921 2010 2956 ibi
2034 2933 2095 2966 pro
2121 2930 2170 2955 ter
2201 2919 2416 2955 excellentem
2475 2919 2503 2955 l·

1426 2979 1542 3012 gorem
1560 2967 1775 3012 dispergitur:
1801 2976 1834 3001 et
1857 2979 1897 3001 ex
1918 2967 1984 3000 hoc
1999 2978 2069 3000 non
2085 2933 2162 3000 (Ξείῐ
2176 2966 2286 3010 virgas
2301 2974 2335 2999 et
2347 2964 2501 3011 parelios.

1482 3012 1638 3046 Finaliter
1662 3011 1857 3057 recapitulat
1887 3011 1973 3046 dicta
2002 3012 2036 3045 in
2067 3009 2360 3056 praecedentibus,
2387 3009 2502 3046 dicens

1428 3057 1518 3102 quod
1534 3058 1647 3090 omnia
1663 3068 1775 3102 opera,
1792 3068 1877 3102 quae
1893 3065 2094 3100 generantur
2109 3056 2143 3089 in
2163 3055 2246 3089 locis
2266 3065 2366 3100 supra
2381 3063 2502 3089 terram

1427 3113 1486 3146 per
1500 3111 1631 3135 motum
1649 3110 1682 3135 et
1698 3101 1936 3142 alterationem,
1960 3109 1994 3135 et
2016 3101 2116 3134 etiam
2140 3101 2174 3134 in
2198 3109 2283 3134 terra
2298 3110 2339 3134 ex
2354 3110 2504 3144 segrega-

1427 3147 1517 3180 tione
1541 3146 1678 3180 humida
1697 3155 1730 3180 et
1749 3147 1846 3187 sicca,
1870 3145 1937 3180 fere
1954 3154 2032 3180 sunt
2056 3154 2107 3179 tot
2125 3154 2158 3179 et
2173 3144 2259 3179 talia.
2276 3144 2368 3179 Dicit
2388 3152 2502 3178 autem

1420 3191 1497 3235 fere,
1515 3200 1651 3235 propter
1667 3191 1829 3236 quaedam
1847 3189 2028 3224 accidentia
2048 3201 2191 3235 quorum
2207 3199 2322 3223 causas
2338 3199 2408 3223 non
2420 3187 2503 3223 dixit

1427 3246 1590 3280 expresse,
1604 3247 1688 3280 quae
1700 3244 1811 3269 tamen
1822 3247 1862 3269 ex
1874 3234 2047 3280 praedictis
2060 3233 2152 3268 reddi
2165 3242 2318 3280 possunt:
2327 3234 2414 3267 sicut
2424 3241 2503 3267 sunt

1429 3280 1562 3324 quidam
1588 3281 1680 3324 ignes
1710 3281 1767 3325 qui
1791 3279 1944 3314 videntur
1967 3279 2106 3313 volitare
2130 3279 2164 3312 in
2189 3277 2363 3331 superficie
2385 3286 2502 3319 terrae,

1430 3333 1462 3357 et
1479 3324 1604 3368 lapides
1621 3333 1654 3358 et
1673 3324 1735 3358 alia
1758 3324 1920 3370 quaedam
1940 3324 2090 3359 cadentia
2106 3335 2146 3358 ex
2161 3322 2317 3364 nubibus,
2329 3331 2363 3357 et
2375 3321 2502 3356 colora-

1430 3369 1477 3402 tio
1491 3381 1594 3414 aquae
1611 3369 1851 3411 descendentis,
1860 3378 1940 3415 puta
1958 3368 2092 3414 quando
2109 3368 2195 3414 pluit
2209 3379 2294 3414 aqua
2309 3367 2501 3412 sanguinea.

1181 3491 1533 3521 *qb-*41*—
