2554 4062
234 221 366 248 XXXVIII

360 291 410 345 B)
446 287 707 331 Oxoniensis
731 283 999 327 Balliolensis
1025 283 1125 335 278,
1150 279 1260 349 foliis
1291 279 1484 331 176-191
1525 281 1654 324 recto,
1686 288 1701 315 1
1733 274 1812 344 col.
1837 272 2000 355 medi-a,
2034 270 2247 325 reliquum
2271 269 2423 312 folium

236 355 399 402 album;
434 351 590 393 saeculi
612 350 730 398 ΧΙΙΙ;
764 347 855 388 finit
877 346 984 387 libro
1007 345 1056 392 II,
1080 344 1262 384 lectione
1284 353 1325 389 X,
1354 352 1536 380 numero
1563 350 1602 387 2,
1628 351 1726 378 cum
1749 337 1814 378 his
1837 335 2001 376 verb1s.
2028 336 2169 389 prope
2190 336 2424 388 utrumque

227 416 539 518 ρθίκφᾬτέἔιξζ
563 475 643 515 hos
678 471 858 518 codices,
885 469 1061 509 citamus
1095 466 1137 506 in
1171 470 1376 520 apparatu
1409 462 1666 504 variantium
1700 475 1842 516 marg.
1872 461 1970 502 Vat.
1990 468 2125 512 2072,
2149 458 2262 499 idest
2295 464 2423 500 notas

237 541 279 581 in
312 540 383 580 illo
418 537 565 578 codice
588 535 642 576 ad
674 539 814 574 textus
839 529 1165 585 explicationem
1199 527 1431 582 appositas,
1458 525 1512 567 de
1535 525 1695 580 quibus
1725 538 1856 579 supra
1879 529 2022 564 actum
2046 528 2121 563 est.
2241 583 2249 590 ·

360 600 502 642 Prima
535 594 822 638 commentarii
855 591 997 640 editio,
1023 604 1153 645 quam
1187 604 1215 630 a
1238 589 1571 637 nominavimus,
1595 587 1756 643 prodiit
1796 606 1809 623 ι
1840 585 2036 627 Venetiis
2061 598 2115 626 ex
2138 584 2310 625 officma
2331 584 2423 624 Lu-

238 662 447 705 ceantonii
484 662 631 701 Iuntae
669 654 902 698 Florentini
942 654 1075 695 Anno
1114 665 1329 693 MDxxxvn
1364 664 1512 693 mense
1559 650 1679 691 Iulio.
1722 668 1736 687 »
1777 649 1947 691 Titulus
1991 648 2143 718 habet:
2170 665 2206 717 t«
2238 646 2283 688 S.
2308 646 2422 688 Tho.

236 739 364 780 super
396 725 552 764 Meteo.
586 720 732 761 Habes
766 716 1045 758 solertissime
1083 716 1217 756 lector
1249 715 1292 755 in
1331 715 1414 755 hoc
1449 713 1598 755 codice
1635 712 1883 754 Aristotelis
1921 717 2114 767 stagmte
2152 710 2287 780 libros
2327 710 2422 779 Me-

236 794 453 828 teororum
487 797 582 824 cum
626 780 780 835 duplici
827 778 1179 833 Interpretatione
1225 777 1402 832 antiqua
1448 783 1490 817 et
1531 775 1750 817 Francisci
1797 774 1978 823 vatabli,
2013 775 2278 828 Expositore
2319 771 2423 814 leO

236 850 406 890 Thoma
438 845 664 900 Aquinate,
690 842 808 883 cuius
842 841 1105 882 lucidissima
1139 839 1446 881 commentaria
1479 852 1592 879 nunc
1625 838 1811 893 primum
1845 837 1887 878 in
1921 837 2063 878 lucem
2103 841 2274 877 exeunt.
2311 835 2424 905 (Jum

235 911 372 952 indice
406 906 702 963 copiosissimo
735 916 960 944 MDxxxvn.
993 921 1007 940 »
1047 903 1173 943 Folio
1217 901 1410 942 secundo
1450 901 1585 942 trinae
1619 900 1783 941 litterae
1818 899 2138 955 imprimuntur,
2175 911 2230 939 ex
2263 898 2424 953 quibus

236 973 342 1014 scitu
376 971 505 1026 digna
538 967 815 1022 excerpimus.
1354 1025 1361 1032 .
1625 1024 1633 1032 ·
1965 1024 1972 1031 ·
2189 1024 2197 1031 .
2236 1023 2243 1031 .
2413 1023 2422 1031 ο

357 1033 521 1074 Primae
556 1030 679 1071 datae
713 1034 812 1069 sunt
844 1027 899 1068 ad
932 1033 1151 1068 auctorem
1187 1025 1409 1066 editionis:
1453 1044 1466 1060 ‹
1498 1025 1635 1066 Fratn
1669 1025 1868 1066 Thomae
1901 1025 2112 1079 philareto
2148 1024 2423 1065 Fivlzanensi

236 1097 365 1138 Sacre
397 1094 576 1135 Theolo.
600 1091 769 1132 Bachal.
794 1091 868 1131 Or.
895 1088 1060 1130 Praedi.
1095 1089 1245 1130 Frater
1276 1089 1461 1128 Ioannes
1495 1087 1549 1128 de
1582 1087 1769 1128 Fenario
1803 1086 1987 1128 Theolo.
2018 1087 2198 1142 profess.
2225 1092 2268 1128 et
2289 1086 2424 1128 totius

235 1157 425 1199 eiusdem
460 1156 562 1196 Ord.
586 1153 781 1195 Vicarius
805 1152 1027 1193 Generalis
1046 1157 1088 1192 et
1119 1156 1372 1206 procurator
1394 1150 1438 1191 S.
1462 1150 1508 1190 Ρ.
1533 1150 1620 1191 D...
1646 1149 1734 1191 Ubi
1768 1162 1874 1190 vero
1899 1148 1955 1190 ad
1982 1162 2053 1190 me
2087 1149 2276 1190 detulisti
2300 1162 2423 1191 com-

235 1220 437 1261 mentaria
469 1217 555 1258 divi
587 1216 756 1257 Thome
791 1215 832 1255 in
865 1228 962 1257 eam
992 1213 1264 1268 philosophie
1306 1211 1553 1254 Aristotelis
1587 1218 1754 1267 partem
1780 1224 1892 1267 quae
1927 1211 2275 1268 Meteorologica
2306 1225 2423 1282 ‘nun-

235 1288 419 1337 cupatur,
443 1280 525 1321 tuis
559 1279 746 1333 excripta
768 1277 978 1325 manibus,
1004 1276 1250 1324 emaculata,
1276 1281 1317 1316 et
1339 1275 1531 1316 florentis
1565 1275 1688 1330 quasi
1712 1274 2031 1316 adolescentiae
2053 1274 2192 1344 vultui
2209 1279 2424 1344 restituta,

233 1358 320 1385 non
353 1342 491 1384 mirari
525 1355 612 1382 non
645 1339 765 1395 potui
788 1339 908 1394 quod
942 1338 1015 1379 ubi
1039 1338 1112 1379 vix
1144 1345 1186 1379 te
1219 1337 1366 1393 primis
1388 1337 1612 1379 laboribus
1646 1337 1842 1379 sufficere
1864 1337 2060 1392 potuisse
2094 1337 2421 1387 existimabam,

234 1406 424 1447 duriores
458 1404 617 1445 obiisse
650 1402 791 1443 vidi..
826 1402 894 1442 Ex
925 1401 1069 1442 Roma
1101 1401 1251 1441 Kalen.
1275 1400 1458 1441 Ianuarii
1500 1399 1627 1442 1531.
1660 1418 1675 1438 ι

356 1467 546 1508 Alteram
580 1465 821 1520 epistolam,
857 1463 1174 1512 dedicatoriam,
1210 1463 1327 1504 dedit
1359 1463 1451 1518 ipse
1485 1463 1681 1505 Thomas
1714 1462 1954 1504 Philaretus
1995 1480 2009 1499 ‹
2035 1462 2424 1506 Reverendissimo

234 1530 275 1570 in
295 1530 479 1570 'Christo
513 1528 619 1583 patri
653 1541 701 1568 ac
735 1526 913 1567 domino
947 1526 1140 1567 Domino
1175 1526 1359 1567 Nicolao
1394 1525 1630 1581 Rodulpho
1666 1525 1919 1567 Florentino
1955 1525 2000 1567 S.
2036 1526 2088 1567 R.
2122 1526 2172 1567 E.
2204 1525 2423 1568 Cardinali

235 1591 516 1633 meritissimo.
548 1609 563 1627 ι
602 1591 671 1630 De
704 1602 783 1630 sua
816 1587 1002 1629 editione
1035 1589 1139 1629 haec
1173 1588 1292 1629 dicit:
1335 1589 1487 1630 «Inter
1508 1589 1590 1630 alia
1622 1602 1728 1630 vero
1753 1602 1865 1643 quae
1899 1588 1996 1644 legi,
2022 1588 2143 1630 volvi
2177 1588 2324 1644 sepius
2347 1602 2424 1630 cu-

235 1655 346 1695 riose
379 1652 739 1707 Meteorologiam
773 1650 1028 1692 Aristotelis.
1054 1651 1188 1692 Cuius
1212 1665 1346 1706 quum
1381 1665 1435 1693 ex
1457 1651 1550 1692 aliis
1583 1651 1712 1693 etiam
1746 1657 1912 1692 secreta
1944 1651 2250 1706 perquirerem,
2275 1651 2424 1694 inveni

236 1715 538 1757 commentaria
571 1714 658 1755 divi
691 1714 861 1754 Thorne
897 1713 939 1753 in
974 1726 1071 1754 eum
1104 1714 1271 1763 librum,
1310 1727 1394 1768 que
1428 1713 1526 1755 licet
1559 1713 1632 1755 diu
1667 1714 1835 1769 quesita
1864 1719 2020 1762 essent,
2045 1713 2245 1756 iacebant
2276 1719 2424 1756 tamen

234 1779 277 1819 in
309 1778 468 1833 angulo
504 1782 620 1817 extra
653 1776 992 1831 praedicatorum
1026 1776 1145 1825 fines,
1169 1776 1368 1817 hostibus
1392 1777 1555 1818 cariora
1578 1790 1709 1831 quam
1743 1776 1852 1818 filiis.
1877 1777 1975 1830 Que
2009 1776 2083 1818 ubi
2113 1790 2198 1833 ego
2233 1776 2423 1832 primum

207 1841 289 1881 >de
322 1840 404 1880 situ
437 1839 601 1880 substili
636 1839 756 1891 (sic),
792 1838 888 1878 licet
920 1838 1095 1892 pulvere
1131 1852 1306 1879 corrosa
1339 1845 1494 1889 essent,
1529 1839 1650 1880 visus
1684 1845 1749 1880 est
1781 1846 1926 1881 tamen
1960 1839 2002 1880 in
2037 1839 2099 1881 eis
2132 1839 2249 1881 haud
2284 1839 2420 1882 dubio

235 1903 427 1943 Thomas
460 1901 577 1942 velut
609 1901 650 1941 in
684 1888 928 1954 sui‘partus
960 1900 1065 1941 facie
1089 1901 1310 1942 collucere.
1339 1901 1484 1954 Quare
1518 1915 1605 1943 non
1629 1901 1771 1943 mirari
1806 1915 1894 1943 non
1927 1901 2050 1957 potui
2074 1908 2117 1944 et
2149 1902 2423 1958 superiorum

235 1964 451 2020 ignaviam
483 1963 552 2003 vel
587 1969 698 2004 certe
732 1962 936 2003 invidiam
971 1976 1058 2003 non
1092 1977 1303 2005 accusare.
1328 1964 1385 2005 Et
1417 1977 1470 2005 ne
1504 1964 1619 2005 idem
1654 1965 1967 2006 committerem
2002 1964 2123 2006 cuius
2147 1971 2315 2007 ceteros
2348 1979 2422 2008 ac-

236 2026 450 2075 cusabam,
475 2025 645 2066 emunxi
680 2037 814 2074 nares,
838 2024 987 2066 faciem
1021 2025 1138 2074 terxi,
1164 2032 1205 2066 et
1237 2026 1448 2080 reliquum
1482 2039 1612 2068 omne
1646 2040 1803 2082 corpus
1837 2027 1921 2068 lavi
1955 2041 2005 2069 ac
2044 2028 2223 2069 maculis
2262 2041 2422 2084 expur·
2496 2033 2502 2039 ’

234 2088 346 2144 gavi,
370 2094 416 2128 ut
448 2087 531 2128 iam
564 2087 803 2143 genitorem
836 2087 1052 2128 Thomam
1085 2088 1275 2142 undique
1310 2089 1500 2130 referant.
1526 2089 1722 2131 Sudores
1755 2103 1874 2138 vero,
1899 2090 2082 2146 vigiliaS.
2108 2090 2422 2147 quodcumque

234 2157 452 2205 postremo
486 2150 681 2190 laborum
714 2149 757 2190 in
791 2149 850 2190 eis
884 2150 985 2190 mihi
1029 2150 1302 2205 desumptum
1337 2157 1425 2200 est,
1462 2152 1512 2192 R.
1548 2152 1604 2192 D.
1639 2153 1690 2192 T.
1726 2151 1930 2194 dedico...
1967 2152 2100 2194 Liber
2132 2153 2206 2208 qui
2247 2154 2422 2197 Thome

234 2212 444 2267 aquinatis
478 2218 552 2260 est,
587 2218 659 2252 tua
682 2217 746 2252 est
778 2212 1055 2266 amplitudine
1085 2207 1176 2253 ‘non
1211 2213 1430 2268 indignus,
1463 2227 1550 2268 qua
1583 2220 1774 2256 nostram
1811 2228 1990 2270 operam
2034 2215 2123 2257 olet
2155 2229 2422 2272 generosum

233 2281 304 2315 tue
326 2275 376 2316 R.
401 2275 455 2315 D.
478 2280 625 2328 pectus
649 2273 702 2314 de
726 2273 902 2329 indigno
928 2274 1106 2329 dignum
1131 2275 1293 2316 efficiet.
1317 2276 1558 2325 Postremo,
1584 2277 1705 2331 quod
1727 2277 1827 2319 felix
1850 2277 2128 2333 faustumque
2155 2285 2231 2320 tuo
2255 2279 2422 2322 nomini

233 2337 296 2386 sit,
321 2336 427 2378 liber
448 2336 514 2376 hic
536 2349 647 2376 nunc
669 2335 850 2390 primum
873 2336 956 2377 tuis
980 2337 1180 2392 auspiciis
1203 2337 1245 2378 in
1268 2338 1407 2379 lucem
1440 2339 1631 2394 prodit...
1666 2340 1822 2382 Roma.
1855 2358 1870 2377 ι
1900 2340 2061 2382 Deficit
2083 2340 2177 2383 dies
2202 2348 2245 2384 et
2266 2356 2420 2385 annus.

355 2397 543 2440 Tertiam
590 2398 813 2452 epistolam
855 2398 1048 2440 Thomas
1090 2399 1327 2441 Philaretus
1378 2418 1393 2437 ‹
1428 2401 1795 2444 Adolescentibus
1828 2403 2105 2459 philosophie
2150 2403 2372 2447 Studiosis
2399 2423 2415 2444 ›

235 2460 361 2508 dedit,
396 2460 449 2501 ad
483 2473 593 2514 quos
627 2460 730 2500 haec
764 2461 994 2514 praefatur:
1036 2479 1050 2498 ‹
1076 2462 1267 2503 Veniunt
1300 2463 1341 2503 in
1375 2464 1513 2505 lucem
1549 2471 1590 2506 et
1623 2465 1707 2508 iam
1742 2465 1800 2507 ob
1830 2472 2004 2509 ,vestros
2044 2467 2198 2509 oculos
2237 2467 2422 2511 circum-

234 2522 420 2562 feruntur
453 2522 757 2562 commentaria
790 2522 877 2563 divi
910 2523 1080 2565 Thome
1119 2525 1331 2579 aquinatis
1364 2526 1406 2567 in
1441 2527 1784 2584 Meteorologica
1818 2529 2115 2572 Aristotelis...
2145 2530 2216 2572 De
2245 2531 2422 2586 exposi-

235 2590 326 2624 tore
348 2596 452 2624 vero
487 2584 522 2624 si
556 2597 654 2624 eum
677 2597 788 2624 nunc
812 2585 994 2626 dicerem
1018 2599 1112 2628 esse
1137 2588 1328 2630 omnium
1351 2590 1777 2644 praestantissimum,
1802 2605 1893 2633 rem
1917 2592 2063 2647 potius
2091 2606 2170 2648 per
2191 2606 2238 2634 se
2262 2594 2422 2636 claram

236 2645 278 2685 in
312 2644 488 2686 dubium
522 2659 780 2687 revocarem.
815 2647 1006 2688 Thomas
1041 2656 1105 2690 est
1136 2650 1345 2704 Aquinas,
1381 2665 1511 2706 quem
1546 2667 1699 2695 omnes
1734 2655 1910 2711 egregie
1936 2655 2122 2698 nostis...
2154 2655 2290 2709 Quod
2312 2667 2421 2699 vero

236 2706 291 2747 ad
325 2721 445 2748 meos
478 2707 648 2749 labores
681 2708 839 2757 attinet,
863 2709 963 2751 vide
997 2718 1202 2765 quantum
1237 2714 1338 2755 mihi
1361 2715 1565 2757 tribuam:
1602 2730 1698 2758 mea
1731 2717 1908 2772 quidem
1932 2718 2145 2760 sententia
2170 2732 2259 2760 non
2283 2719 2421 2762 multo

235 2769 335 2809 mihi
368 2769 507 2810 minus
540 2769 606 2811 hic
631 2770 745 2811 -liber
780 2771 908 2812 debet
941 2786 1070 2826 quam
1103 2775 1285 2830 genitori
1320 2777 1501 2827 Thome,
1531 2779 1651 2833 quod
1692 2792 1790 2821 eum
1825 2780 1894 2822 ille
1929 2781 2158 2823 mortalem
2191 2788 2416 2838 genuerat,

235 2844 318 2886 ego
349 2830 402 2872 de
426 2845 532 2872 ceno
556 2832 767 2881 eductum,
792 2833 1076 2894 immortalem
1097 2837 1183 2878 fere
1206 2840 1517 2894 regeneravi...
1550 2842 1780 2884 Postremo
1804 2849 1926 2884 tuum
1949 2843 2176 2886 doctorem
2200 2844 2422 2888 Thomam

234 2893 308 2933 tibi
342 2893 524 2934 exhibeo
559 2895 647 2935 suis
682 2908 768 2936 non
802 2895 948 2938 alienis
992 2899 1209 2940 coloribus
1243 2901 1518 2960 picturatum;
1554 2904 1693 2960 leges,
1737 2905 2020 2948 delectaberis
2054 2913 2096 2948 et
2129 2907 2182 2948 R.
2208 2908 2263 2949 D.
2289 2906 2418 2950 Card.

234 2954 389 2995 Rodul.
429 2956 508 2996 sub
557 2957 676 2997 cuius
721 2958 919 3012 auspiciis
969 2961 1054 3002 exit
1100 2961 1360 3005 immortales
1404 2966 1562 3021 gratias
1610 2981 1783 3024 ages...
1830 2969 1868 3010 E
1912 2969 2057 3012 Roma
2104 2969 2172 3027 ad.
2218 2983 2278 3012 vn
2323 2970 2420 3013 Kal.

235 3017 360 3057 Febr.
391 3017 516 3059 1532.
543 3037 556 3054 »

357 3079 404 3119 In
437 3079 569 3133 prima
602 3082 781 3135 epistola
815 3083 1089 3126 observanda
1122 3093 1220 3128 sunt
1251 3088 1385 3130 verba
1418 3091 1503 3131 tuis
1535 3093 1754 3148 exscripla
1788 3095 2005 3143 manibus,
2043 3109 2097 3138 ex
2131 3095 2292 3151 quibus
2327 3095 2419 3138 erui

236 3146 376 3203 potest
407 3141 661 3184 Philaretum
695 3145 835 3198 operis
870 3160 957 3187 non
992 3147 1185 3190 codicem
1219 3151 1330 3205 typis
1365 3153 1691 3207 exprimendum
1720 3157 1959 3207 tradidisse,
1984 3158 2063 3200 sed
2096 3157 2419 3214 autographum

237 3215 338 3242 suae
371 3204 640 3246 recensionis.
686 3206 816 3258 Quod
850 3208 884 3249 si
919 3209 975 3250 ita
1009 3216 1089 3258 est,
1125 3211 1244 3253 facile
1279 3214 1356 3254 erit
1395 3216 1606 3270 explicare
1646 3232 1779 3272 quare
1827 3220 1912 3262 iam
1947 3221 2086 3276 prima
2119 3219 2420 3262 commentarii

236 3262 359 3303 huius
395 3264 522 3305 editio
557 3279 652 3307 eum
686 3269 953 3321 perfectionis
976 3273 1158 3328 gradum
1192 3275 1342 3331 attigit,
1377 3278 1449 3331 qui
1482 3293 1560 3333 pro
1585 3280 1678 3321 aliis
1703 3284 2023 3325 commentariis
2047 3282 2219 3324 nonnisi
2265 3288 2420 3337 quarta

236 3324 304 3364 vel
338 3324 475 3366 adhuc
508 3329 732 3381 posteriori
767 3331 951 3374 editione
976 3335 1178 3377 obtentus
1201 3337 1287 3379 fuit.
1322 3339 1497 3382 Illorum
1531 3342 1644 3384 enim
1679 3344 1841 3398 primae
1877 3346 2091 3387 editiones
2115 3344 2339 3386 evidenter
2362 3357 2416 3386 ex

237 3385 380 3439 aliquo
415 3388 560 3429 codice
596 3389 842 3446 desumptae
866 3402 972 3444 sunt,
998 3398 1117 3439 cuius
1152 3399 1532 3445 innumerabilibus
1566 3407 1734 3447 mendis
1759 3408 2010 3463 typothetae
2033 3421 2112 3449 sua
2135 3407 2418 3456 addiderunt;

239 3460 325 3501 quo
358 3448 513 3490 sactum
548 3457 610 3491 est
642 3458 688 3492 ut
719 3454 877 3507 primae
912 3458 1120 3502 editiones
1154 3462 1228 3502 vix
1261 3463 1569 3520 intelligibilem
1604 3470 1903 3512 recensionem
1927 3470 2179 3525 praebeant,
2199 3477 2241 3511 et
2264 3470 2417 3511 iterato

237 3509 376 3549 solum
410 3513 677 3565 sequentium
712 3516 921 3559 editorum
955 3521 1099 3563 labore
1132 3523 1328 3580 legibiles
1362 3528 1558 3571 evadant.
1595 3531 1685 3572 Sed
1714 3532 1966 3582 Philaretus,
1992 3533 2113 3587 quod
2142 3533 2255 3588 typis
2279 3532 2422 3574 voluit

237 3583 497 3624 expressum,
517 3575 631 3628 prius
654 3589 731 3617 sua
754 3591 879 3620 manu
905 3580 1160 3634 describens,
1179 3590 1459 3644 typographis
1484 3593 1638 3634 multas
1663 3594 1916 3635 occasiones
1942 3595 2109 3636 errandi
2133 3595 2378 3650 praeripuit.
2398 3618 2420 3627 -
