2690 4062
1039 280 1151 317 CAP.
1181 279 1249 328 IV,
1279 281 1431 318 LECT.
1460 281 1529 318 VII

2269 295 2375 321 CXXIII

927 524 1230 580 LECTIO
1268 525 1638 582 SEPTIMA

359 674 418 704 DE
441 674 583 705 PRIMIS
607 674 930 712 QUALITATIBUS
953 676 1135 707 PASSIVIS
1159 676 1402 708 CORPORUM
1426 696 1444 701 -
1468 679 1767 711 DEFINIUNTUR
1790 680 1946 711 DURUM
1970 681 2028 711 ET
2051 681 2202 712 MOLLE

178 807 251 838 Τῶν
276 799 314 836 δέ
340 802 554 845 παθητικῶν,
581 804 645 836 τοῦ
672 805 774 851 ὑγροῦ
798 807 856 836 καὶ
883 805 946 838 τοῦ
971 804 1087 849 ξηροῦ,
1111 805 1254 838 λεκτέον

247 850 297 882 τὰ
319 845 412 887 εἴδη·
438 849 502 881 εἰσὶ
519 844 550 880 δ’
572 850 607 880 αἱ
651 850 685 881 ὲν
713 847 815 894 ἀρχαὶ
841 850 908 881 τῶν
933 849 1101 895 σωμάτων
1128 852 1163 882 αἱ
1189 862 1256 882 πα-

245 892 385 931 θητικαὶ
411 894 511 939 ὑγρὸν
536 896 594 925 καὶ
620 860 733 971 ξηρόν,
761 893 810 926 τοὶ
832 892 861 925 δ’
889 893 978 926 ἄλλα
1003 896 1112 939 μικταὶ
1136 895 1196 939 μέν
1217 895 1254 926 ἐκ

247 937 407 979 τούτων,
433 937 602 983 ὁποτέρου
651 940 665 971 ἑ
691 940 841 983 μᾶλλον,
876 938 1004 971 τούτου
1033 940 1163 983 μᾶλλον
1189 939 1254 976 τήν

245 981 344 1027 φύσιν
368 982 477 1025 ἐστὶν,
497 983 566 1014 οἷον
587 985 636 1016 τοὶ
652 985 712 1028 μὲν
730 982 831 1028 ξηροῦ
850 984 994 1027 μᾶλλον,
1015 985 1061 1016 τοὶ
1085 982 1114 1015 δ’
1136 984 1252 1029 ὑγροῦ.

245 1027 368 1060 Ποίντα
400 1022 438 1060 δὲ
464 1029 513 1060 τοὶ
537 1029 596 1072 μὲν
630 1028 827 1073 ἐντελεχείᾳ
860 1028 980 1069 ἔσται,
1015 1028 1062 1060 τοὶ
1086 1026 1114 1059 δ’
1144 1028 1177 1059 ἐν
1205 1029 1253 1069 τῷ

248 1072 484 1116 ἀντικειμένῳ·
512 1072 583 1117 ἔχει
607 1067 638 1104 δ’
666 1071 759 1105 οὕτω
792 1070 889 1112 τῆξις
922 1072 1002 1117 πρὸς
1035 1073 1076 1105 τᾶ
1110 1072 1252 1110 τηκτόν.

241 1117 340 1149 Ἐπεὶ
364 1115 400 1148 δ’
426 1117 501 1150 ἐστὶ
526 1118 568 1149 τό
597 1119 657 1162 μέν
688 1118 786 1163 ὑγρὸν
812 1116 1000 1161 εὐόριστον,
1028 1118 1068 1150 *to*
1094 1112 1132 1148 δὲ
1156 1117 1254 1161 ξηρὸν

246 1156 461 1206 δυσόριστον,
478 1159 594 1205 ὅμοιόν
613 1173 648 1194 τι
665 1163 714 1204 τῷ
733 1160 799 1206 ὄψῳ
816 1164 873 1194 καὶ
893 1165 964 1199 τοῖς
982 1160 1156 1205 ἡδύσμασι
1175 1161 1255 1205 πρὸς

249 1206 384 1252 ἄλληλα
400 1205 593 1251 πάσχουσιν
605 1218 613 1225 ·
633 1207 674 1238 τὸ
691 1207 757 1253 γάρ
780 1207 879 1253 ὑγρᾶν
895 1207 942 1247 τῷ
961 1205 1048 1250 ξηρῷ
1067 1207 1177 1237 αἴτιον
1191 1206 1254 1237 τοῦ

245 1249 431 1327 wia-Heu,
457 1253 515 1283 καὶ
535 1249 698 1295 ἑκάτερον
723 1250 873 1295 ἑκατέρῳ
895 1251 964 1282 οἷον
981 1249 1089 1282 κόλλα
1106 1251 1254 1295 γίνεται,

297 1306 358 1340 περ
382 1298 441 1327 καὶ
468 1291 704 1339 Ἐμπεδοκλῆς
729 1296 887 1333 ἐποίησεν
920 1294 959 1327 ἐν
985 1298 1056 1332 τοῖς
1080 1295 1254 1331 Φυσικοῖς·

316 1339 460 1383 ἄλφιτον
487 1339 592 1373 ὕδατι
615 1339 806 1381 κολλήσας,

245 1386 306 1417 καὶ
331 1382 391 1417 διά
414 1385 522 1418 τοῦτο
548 1383 584 1425 ἐξ
611 1384 734 1429 ἀμφοῖν
763 1385 838 1417 ἔστι
863 1382 905 1415 τό
929 1381 1109 1427 ὡρισμένον
1144 1383 1254 1427 σῶμα.

245 1421 401 1475 Λέγεται
425 1425 463 1461 δὲ
488 1429 556 1461 τῶν
581 1431 762 1474 στοιχείων
786 1426 975 1460 ἰδιαίτατα
991 1425 1093 1470 ξηροῦ
1111 1428 1171 1470 μὲν
1195 1427 1255 1473 γῆ,

248 1473 352 1520 ὑγροῦ
378 1469 407 1505 δ’
430 1472 532 1518 ὕδωρ.
558 1474 622 1506 Διά
647 1474 756 1506 τοῦτο
783 1472 928 1505 ἅπαντα
945 1470 994 1503 τοὶ
1009 1470 1176 1515 ὡρισμένα
1194 1471 1260 1503 σώ-

247 1529 348 1564 ματα
366 1517 519 1551 ἐνταῦθα
538 1518 599 1550 οὐκ
618 1518 698 1550 ἄνευ
715 1518 779 1563 γῆς
795 1518 853 1548 καὶ
871 1514 1018 1553 ὕδατος·
1037 1515 1205 1560 ὁποτέρου
1219 1512 1259 1548 δὲ

248 1563 381 1605 πλεῖον,
397 1564 496 1596 κατα
514 1562 581 1599 τήν
601 1557 746 1606 δύναμιν
765 1561 894 1594 τούτου
915 1559 1062 1592 ἕκαστον
1080 1563 1255 1604 φαίνεται.

245 1608 314 1640 Καὶ
338 1607 373 1640 ἐν
397 1607 444 1654 γῇ
477 1609 536 1639 καὶ
562 1607 597 1639 ὲν
623 1603 727 1638 ὕδατι
758 1606 831 1649 ζῷα
855 1604 956 1648 μόνον
983 1604 1098 1646 ἐστὶν,
1126 1603 1158 1637 ἐν
1186 1603 1258 1650 ἀέρι

247 1647 286 1684 δὲ
308 1654 367 1685 καὶ
394 1653 471 1695 πυρὶ
489 1651 549 1684 οὐκ
566 1650 674 1691 ἔστιν,
695 1648 750 1682 ὅτι
768 1652 836 1682 τῶν
853 1651 1024 1694 σωμοίτων
1042 1647 1104 1686 ὕλη
1124 1651 1255 1682 ταῦτα.

179 1697 254 1730 Τῶν
277 1692 316 1729 δὲ
340 1697 546 1741 σωματικῶν
581 1694 798 1739 παθημάτων
824 1695 945 1727 ταῦτα
975 1694 1097 1739 πρῶτα
1124 1694 1256 1741 ἀνάγκη

248 1739 415 1787 ὑπάρχειν
433 1742 481 1782 τῷ·
507 1738 691 1796 ὡρισμένῳ,
710 1738 946 1784 σκληρότητα,
964 1737 985 1775 ἢ
1002 1737 1256 1783 μαλακότητα·

249 1785 383 1833 ἀνάγκη
409 1787 474 1831 γοὶρ
502 1797 544 1817 το
562 1785 598 1816 ἐκ
619 1783 720 1828 ξηροῦ
746 1786 804 1816 καὶ
831 1784 933 1830 ὑγροῦ
951 1782 972 1820 ἦ
990 1784 1134 1826 σκληρὸν
1155 1781 1255 1824 εἶναι,

248 1829 271 1868 ἦ
295 1829 465 1876 μαλακόν.
496 1829 597 1861 Ἔστι
613 1823 651 1861 δὲ
669 1829 812 1873 σκληρόν
838 1830 897 1873 μὲν
923 1829 963 1860 τό
990 1828 1036 1872 μή
1056 1829 1194 1860 ὑπεῖκον
1212 1828 1258 1865 εἰς

249 1876 340 1909 αὑτὸ
363 1876 461 1907 κατοὶ
486 1876 527 1908 *ro*
547 1868 724 1914 ἐπίπεδον,
743 1873 900 1918 μαλακόν
925 1867 963 1905 δὲ
989 1873 1031 1904 τό
1051 1873 1190 1905 ὑπεῖκον
1208 1873 1256 1913 τῷ

248 1921 297 1966 μή
324 1917 664 1963 ἀντιπεριίστασθαι·
691 1919 732 1950 ‘to‘
758 1919 823 1964 γάρ
851 1916 937 1961 ὕδωρ
957 1916 995 1950 οὗ
1014 1916 1190 1961 μαλακόν·
1220 1917 1257 1949 οὑ

245 1966 313 2012 γάρ
340 1965 472 1998 ὑπείκει
499 1964 545 2006 τῇ
571 1961 678 2007 θλίψει
704 1962 746 1995 τὰ
773 1957 936 1994 ἐπίπεδον
963 1962 1008 1999 εἰς
1034 1960 1152 2003 βάθος,
1181 1959 1254 1994 ἀλλ’

251 2007 569 2054 ἀντιπεριίσταται.
592 2008 724 2045 Ἀπλῶς
743 2007 803 2052 μὲν
829 2005 886 2040 οὖν
903 2006 1046 2052 σκληρὸν
1063 2005 1085 2043 ἦ
1103 2005 1259 2050 μαλακὸν

248 2056 291 2088 τό
318 2054 434 2091 ἁπλῶς
460 2054 640 2086 τοιοῦτον·
667 2051 747 2097 πρὸς
774 2050 890 2096 ἕτερον
915 2049 953 2083 δὲ
977 2050 1017 2084 τό
1045 2051 1124 2095 πρὸς
1150 2051 1258 2083 ἐκεῖνο

247 2099 422 2133 τοιοῦτον.
443 2097 525 2140 apd<
543 2098 603 2143 μέν
622 2095 680 2130 οὖν
701 2095 835 2134 ἄλληλα
851 2094 997 2139 ἀόριστοί
1015 2096 1088 2128 ἐστι
1107 2096 1155 2137 τῷ
1172 2096 1260 2138 μᾶλ-

246 2145 307 2177 λον
337 2145 398 2175 καὶ
423 2141 552 2180 ἦττον·
579 2142 654 2174 ἐπεὶ
680 2136 718 2173 δὲ
744 2142 826 2184 πρὸς
858 2141 923 2177 τήν
950 2139 1104 2177 αἴσθησιν
1138 2139 1257 2172 πάντα

246 2189 402 2234 κρίνομεν
428 2187 477 2220 τοὶ
502 2186 665 2227 αἰσθητοὶ,
684 2184 790 2222 δῆλον
818 2183 872 2217 ὅτι
895 2187 954 2217 καὶ
973 2185 1014 2217 τὸ
1032 2185 1174 2229 σκληρόν
1198 2185 1257 2215 καὶ

248 2233 292 2266 τὸ
309 2233 466 2278 μαλακὸν
493 2233 608 2269 ἀπλῶς
634 2230 715 2275 πρὸς
740 2230 805 2267 τήν
833 2230 921 2273 ἀφήν
944 2230 1123 2274 ώρίκαμεν,
1143 2230 1184 2266 ὠς
1202 2240 1258 2272 με-

248 2276 374 2315 σότητι
403 2275 569 2322 χρώμενοι
601 2276 648 2314 τῆ
683 2275 769 2319 ἀφῇ·
796 2269 850 2307 Sto*
875 2274 917 2307 τὸ
950 2275 1009 2318 μὲν
1043 2272 1257 2317 ὑπερβάλλον

249 2322 363 2360 αὐτῆς
382 2322 544 2365 σκληρὸν,
563 2320 604 2353 τᾶ
623 2307 653 2352 δ’
673 2320 829 2352 ἐλλεῖπον
847 2319 1004 2363 μαλακόν
1029 2315 1116 2350 εἶναί
1133 2328 1255 2362 φαμεν.

323 2437 327 2439 ,
373 2434 377 2450 ,
421 2409 596 2442 eterminat
612 2407 652 2441 de
671 2406 881 2452 passionibus
899 2405 1098 2484 pualitatum
1114 2406 1258 2450 passiva-

384 2454 391 2462 ’”
422 2465 506 2487 rum.
536 2453 578 2486 Et
601 2453 686 2485 circa
710 2451 774 2485 hoc
803 2451 871 2485 duo
912 2451 988 2484 acit:
1018 2451 1126 2495 primo
1155 2450 1259 2484 deter-

422 2499 527 2531 minat
552 2497 591 2531 de
616 2498 662 2530 eis
690 2495 874 2530 secundum
898 2507 951 2536 se;
980 2494 1127 2528 secundo
1155 2494 1259 2528 deter-

422 2543 528 2576 minat
545 2541 585 2576 de
603 2542 649 2575 eis
666 2553 725 2586 per
742 2541 1025 2585 comparationem
1046 2539 1087 2573 ad
1103 2550 1259 2583 corpora,

383 2583 395 2595 ‘⁴
423 2587 486 2621 ibi:
510 2587 573 2620 His
596 2593 698 2620 autem
715 2584 1008 2631 passionibus*etc.
1033 2585 1075 2618 Et
1094 2584 1178 2617 circa
1194 2584 1261 2628 pri-

183 2643 279 2667 mum
302 2632 423 2665 iterum
439 2631 508 2665 duo
523 2631 617 2664 facit:
642 2631 751 2675 primo
775 2630 971 2663 determinat
987 2628 1027 2662 de
1045 2629 1092 2662 eis
1108 2629 1142 2661 in
1161 2639 1260 2672 gene-

184 2676 261 2717 rali3
286 2676 434 2710 secundo
458 2676 654 2709 determinat
677 2675 716 2709 de
738 2674 877 2718 singulis
901 2673 1086 2708 secundum
1105 2674 1261 2718 speciem,

185 2721 247 2756 ibi:
275 2720 491 2766 Corporalium
514 2726 615 2753 autem
637 2720 817 2764 passionum
832 2720 849 2739 ³*
866 2727 927 2752 etc.

242 2765 334 2799 Dicit
357 2776 438 2809 ergo
485 2765 583 2805 rimo,
608 2763 699 2808 quod
724 2762 900 2797 dicendum
926 2772 975 2796 est
994 2762 1034 2796 de
1077 2761 1262 2795 assionibus

210 2810 370 2844 rimarum
394 2776 589 2854 qualitatum
608 2809 815 2853 passivarum
839 2816 872 2841 et
892 2806 932 2840 de
949 2808 1057 2851 specie
1082 2818 1121 2839 us
1138 2817 1261 2839 earum.

186 2822 259 2890 {lae
276 2862 388 2888 autem
412 2854 583 2899 qualitates
608 2862 686 2886 sunt
709 2852 886 2886 humidum
910 2861 942 2885 et
966 2853 1101 2891 siccum,
1141 2862 1263 2884 uorum

187 2900 359 2945 passiones
383 2907 462 2932 sunt
484 2899 593 2943 primo
618 2896 900 2937 determinandae,
930 2897 1007 2941 quia
1031 2863 1207 2929 humiiium
1231 2903 1264 2928 et

187 2945 314 2979 siccum
337 2952 416 2978 sunt
438 2944 545 2988 prima
568 2943 729 2987 principia
753 2942 883 2986 passiva
907 2941 1059 2974 omnium
1083 2951 1263 2984 corporum

187 2989 378 3023 mixtorum.
405 2987 511 3029 Quod
534 2986 786 3031 intelligendum
807 2995 856 3020 est
877 2986 1075 3030 inquantum
1097 2994 1174 3018 sunt
1190 2996 1262 3029 pas-

188 3034 274 3068 siva:
305 3033 448 3067 calidum
472 3033 562 3066 enim
591 3041 623 3066 et
651 3031 827 3076 frigidum,
857 3030 1033 3064 humidum
1062 3039 1094 3063 et
1117 3030 1262 3069 siccum,

188 3086 267 3112 sunt
281 3078 389 3123 prima
427 3078 566 3122 rincipia
583 3087 762 3121 corporum
783 3077 980 3120 inquantum
997 3083 1074 3108 sunt
1090 3075 1194 3107 activa
1210 3073 1263 3107 vel

188 3123 328 3168 passiva,
353 3089 425 3156 sed)
434 3123 634 3167 inquantum
661 3130 738 3154 sunt
761 3119 971 3160 substantiae,
998 3119 1134 3152 materia
1157 3119 1263 3163 prima

189 3176 240 3201 est
262 3168 409 3212 primum
433 3167 633 3211 principium
658 3166 828 3210 passivum
851 3176 1042 3209 corporum,
1058 3163 1165 3197 forma
1188 3163 1264 3196 sub-

189 3211 347 3246 stantialis
364 3220 414 3245 est
429 3213 576 3256 primum
600 3211 802 3256 principium
825 3210 981 3243 activum.
1007 3208 1134 3243 Omnia
1153 3217 1263 3241 autem

189 3268 330 3301 corpora
346 3265 403 3290 aut
417 3265 496 3289 sunt
510 3257 620 3300 primo
635 3255 783 3295 humida,
799 3255 884 3288 sicut
902 3263 951 3287 est
968 3266 1063 3298 aqua,
1080 3262 1136 3286 aut
1155 3254 1263 3297 primo

189 3301 286 3342 sicca,
302 3302 388 3334 sicut
411 3310 506 3341 terra,
523 3310 579 3334 aut
603 3309 681 3334 sunt
703 3301 805 3333 mixta
821 3311 860 3332 ex
876 3299 937 3332 his.
964 3298 1028 3332 Sed
1045 3309 1162 3331 eorum
1180 3309 1263 3341 quae

189 3354 268 3379 sunt
291 3346 391 3378 mixta
415 3357 455 3378 ex
477 3345 529 3378 his
553 3344 707 3385 duobus,
736 3345 823 3377 sicut
850 3343 998 3377 medium
1023 3354 1063 3376 ex
1089 3342 1263 3381 extremis,

190 3391 276 3423 sicut
299 3399 377 3423 sunt
401 3390 586 3434 composita
606 3401 646 3422 ex
661 3389 843 3429 elementis,
868 3387 1029 3433 quaedam
1049 3388 1153 3430 magis
1173 3397 1263 3419 acce-

191 3434 275 3468 dunt
293 3434 334 3468 ad
350 3445 456 3467 unum
479 3443 673 3475 extremum,
690 3433 852 3478 quaedam
868 3444 947 3466 vero
964 3431 1004 3465 ad
1020 3431 1158 3464 alterum
1174 3432 1207 3463 *ι
1232 3439 1264 3462 et

191 3491 276 3524 quae
300 3479 405 3522 magis
429 3478 589 3512 accedunt
617 3478 658 3512 ad
682 3479 824 3518 siccum,
854 3477 1109 3511 denominantur
1136 3475 1222 3508 sicca
1246 3486 1263 3507 a

191 3522 432 3568 praedominio,
449 3532 486 3556 ut
501 3523 590 3567 ligna
609 3532 642 3556 et
656 3522 792 3568 lapides,
810 3534 894 3567 quae
919 3530 1029 3554 autem
1049 3532 1101 3552 ma
1127 3520 1153 3552 is
1173 3530 1264 3551 acce-

193 3567 276 3601 dunt
292 3567 332 3601 ad
348 3567 535 3609 humidum,
549 3567 703 3601 dicuntur
721 3579 740 3600 a
759 3566 987 3612 praedominio
1005 3565 1097 3597 humi
1122 3575 1149 3596 a.
1168 3563 1264 3596 Talia

193 3622 304 3646 autem
334 3612 507 3656 dupliciter
537 3612 713 3653 dicuntur,
744 3613 830 3645 sicut
853 3610 965 3644 omnia
996 3609 1056 3642 alia
1088 3609 1174 3641 entia
1198 3607 1264 3640 exi-

193 3658 311 3691 stentia
334 3657 369 3690 in
392 3668 529 3701 genere:
562 3657 724 3702 quaedam
748 3657 837 3690 enim
861 3663 938 3688 sunt
966 3653 1040 3687 talia
1064 3662 1156 3693 actu,
1181 3652 1265 3684 sicut

1308 808 1327 826 ὓ
1349 809 1553 840 Passivorum
1576 817 1700 849 autem,
1730 811 1855 842 humidi
1878 818 1909 843 et
1931 812 2023 851 sicci,
2054 812 2226 844 dicendum
2249 814 2377 855 species.
2405 819 2417 830 ⁴
2432 819 2490 846 Cap.
2506 825 2539 840 ιν-

1376 853 1458 884 Sunt
1474 861 1581 884 autem
1604 855 1757 895 principia
1780 856 1911 897 quidem
1935 867 2108 898 corporum
2127 858 2262 898 passiva,
2277 859 2380 889 humi-

1377 898 1456 928 dum
1473 905 1503 929 et
1519 897 1648 929 siccum.
1673 899 1744 930 Alia
1761 907 1868 931 autern
1883 901 1980 932 mixta
1995 901 2127 942 quidem
2144 911 2181 932 ex
2196 902 2260 933 his:
2277 903 2380 934 cuius-

1377 952 1516 983 cumque
1539 950 1647 973 autem
1668 944 1778 984 magis,
1794 945 1890 975 huius
1913 945 2013 986 magis
2036 946 2214 977 secundum
2232 954 2379 978 naturam

1376 993 1464 1017 sunt:
1481 993 1559 1027 puta
1574 987 1651 1018 haec
1666 989 1796 1028 quidem
1812 989 1885 1020 sicci
1900 990 2012 1030 magis,
2029 990 2106 1021 haec
2121 997 2228 1022 autem
2243 991 2377 1023 humidi.

1376 1031 1495 1063 Omnia
1518 1038 1637 1070 autern,
1661 1032 1737 1063 haec
1753 1033 1884 1073 quidem
1908 1041 1979 1064 actu
1996 1041 2098 1074 erunt,
2122 1034 2199 1066 haec
2221 1042 2329 1066 autem
2344 1036 2378 1066 in

1376 1075 1545 1116 opposito:
1570 1075 1664 1107 habet
1687 1084 1794 1107 autern
1817 1077 1860 1108 sic
1882 1078 2015 1119 liquatio
2039 1079 2079 1109 ad
2101 1079 2263 1120 liquabile.
2287 1080 2378 1117 Quo-

1375 1120 1463 1151 niam
1491 1127 1600 1151 autem
1632 1127 1678 1151 est
1704 1121 1874 1152 humidum
1906 1124 1986 1153 bene
2016 1123 2228 1162 terminabile,
2259 1124 2378 1155 siccum

1375 1171 1484 1195 autem
1506 1164 1632 1196 difficile
1654 1166 1864 1204 terminabile,
1888 1167 1990 1198 simile
2013 1167 2134 1208 aliquid
2156 1168 2323 1208 pulmento
2349 1175 2379 1200 et

1376 1208 1587 1239 condimentis
1605 1209 1780 1240 adinvicem
1796 1209 1976 1250 patiuntur:
2001 1211 2172 1242 humidum
2195 1212 2281 1243 enim
2295 1213 2378 1244 sicco

1377 1263 1471 1284 causa
1499 1253 1678 1292 terminari,
1709 1261 1739 1285 et
1761 1261 1933 1295 utrumque
1964 1256 2090 1296 utrique
2117 1257 2205 1287 velut
2229 1257 2310 1288 colla
2331 1256 2377 1288 fit.

1377 1297 1466 1328 Sicut
1488 1305 1519 1328 et
1541 1298 1752 1338 Empedocles
1781 1298 1854 1330 fecit
1876 1299 1910 1329 in
1933 1297 2092 1341 Physicis:

1465 1341 1600 1372 farinam
1623 1352 1724 1383 aquae
1748 1343 1982 1383 conglutinans,

1378 1392 1409 1417 et
1431 1393 1561 1427 propter
1584 1386 1646 1417 hoc
1669 1396 1706 1417 ex
1722 1388 1879 1418 ambobus
1896 1394 1943 1418 est
1958 1388 2163 1419 terminatum
2179 1398 2304 1429 corpus.
2322 1388 2378 1419 Di-

1378 1437 1494 1461 cuntur
1516 1437 1624 1461 autem
1647 1431 1878 1462 elementorum
1902 1432 2128 1472 propriissime,
2152 1427 2224 1463 sicci
2247 1433 2379 1474 quidem

1378 1481 1471 1512 terra,
1487 1474 1613 1505 humidi
1629 1482 1737 1506 autem
1749 1485 1841 1516 aqua.
1859 1476 1992 1516 Propter
2003 1476 2065 1507 hoc
2081 1483 2188 1507 autem
2200 1477 2309 1507 omnia
2320 1485 2379 1508 ter-

1379 1518 1499 1549 minata
1516 1529 1650 1559 corpora
1666 1519 1727 1557 hic,
1741 1529 1806 1549 non
1822 1519 1888 1550 sine
1904 1527 1984 1551 terra
1995 1527 2026 1551 et
2037 1528 2134 1561 aqua:
2149 1522 2379 1562 cuiuscumque

1379 1570 1487 1594 autem
1504 1563 1587 1603 plus,
1613 1564 1790 1594 secundum
1814 1564 1990 1603 potentiam
2008 1565 2104 1595 huius
2123 1567 2380 1606 unumquodque

1378 1607 1512 1638 videtur.
1524 1608 1565 1638 Et
1574 1607 1606 1637 in
1620 1614 1700 1638 terra
1712 1614 1742 1638 et
1754 1607 1786 1638 in
1799 1618 1882 1648 aqua
1895 1609 2041 1639 animalia
2054 1609 2160 1639 solum
2172 1617 2255 1648 sunt,
2265 1610 2298 1640 in
2310 1620 2380 1640 aere

1380 1659 1488 1683 autem
1508 1659 1538 1682 et
1552 1651 1585 1682 in
1603 1651 1675 1692 igne
1691 1662 1757 1682 non
1773 1659 1856 1689 sunt,
1870 1653 1945 1693 quia
1958 1662 2129 1692 corporum
2145 1654 2273 1684 materia
2292 1654 2380 1685 haec.

1313 1695 1541 1736 Corporalium
1557 1703 1663 1727 autem
1687 1696 1873 1736 passionum
1896 1697 1952 1727 has
1972 1697 2088 1736 primas
2112 1708 2237 1728 necesse
2253 1698 2382 1729 existere

1379 1740 1560 1779 terminato,
1577 1740 1726 1771 duritiem
1749 1748 1804 1771 aut
1826 1741 2012 1771 mollitiem:
2037 1752 2162 1772 necesse
2186 1742 2270 1772 enim
2293 1742 2382 1783 quod

1380 1796 1416 1816 ex
1430 1785 1565 1815 humido
1590 1792 1620 1816 et
1636 1785 1731 1824 sicco,
1755 1792 1810 1816 aut
1829 1786 1945 1816 durum
1969 1796 2035 1816 esse
2054 1793 2109 1817 aut
2123 1786 2230 1817 molle.
2255 1787 2312 1817 Est
2327 1797 2382 1817 au-

1379 1837 1445 1861 tem
1462 1830 1580 1860 durum
1604 1829 1735 1870 quidem
1759 1830 1848 1870 quod
1872 1840 1937 1860 non
1962 1830 2043 1861 cedit
2065 1830 2098 1860 in
2115 1831 2255 1871 seipsum
2271 1841 2381 1861 secun-

1380 1875 1459 1904 dum
1476 1873 1689 1914 superficiem:
1710 1874 1808 1904 molle
1825 1880 1932 1905 autem
1946 1875 2035 1915 quod
2052 1875 2143 1913 cedit,
2164 1885 2230 1905 non
2248 1885 2264 1905 e
2275 1881 2382 1905 contra

1380 1918 1624 1949 circumstando.
1650 1920 1745 1959 Aqua
1769 1918 1854 1949 enim
1877 1928 1943 1948 non
1965 1918 2085 1949 mollis:
2111 1929 2177 1949 non
2201 1919 2287 1949 enim
2303 1919 2384 1950 cedit

1379 1963 1581 2004 impressioni
1597 1962 1778 2003 superficies
1793 1963 1826 1993 in
1842 1962 2052 2003 profundum,
2063 1963 2118 1994 sed
2130 1970 2238 1994 contra
2254 1963 2383 1994 circum-

1380 2014 1449 2039 stat.
1475 2007 1666 2047 Simpliciter
1688 2007 1819 2048 quidem
1836 2007 1930 2047 igitur
1953 2007 2070 2038 durum
2093 2014 2148 2038 aut
2163 2007 2271 2046 molle,
2295 2008 2384 2048 quod

1380 2047 1564 2092 s‘impliciter
1588 2052 1666 2082 tale:
1691 2052 1731 2082 ad
1750 2052 1884 2082 alterum
1908 2058 2025 2089 autem,
2050 2052 2139 2092 quod
2162 2052 2202 2084 ad
2216 2052 2296 2082 illud
2311 2052 2382 2082 tale.

1380 2096 1569 2127 Adinvicem
1593 2096 1724 2136 quidem
1742 2096 1838 2136 igitur
1860 2096 2100 2127 indeterminata
2123 2103 2198 2127 sunt
2212 2106 2268 2136 per
2283 2096 2383 2136 magis

1381 2147 1412 2171 et
1427 2140 1544 2171 minus.
1570 2140 1734 2178 Quoniam
1751 2147 1858 2171 autem
1872 2141 1912 2170 ad
1928 2150 2057 2171 sensum
2076 2140 2184 2171 omnia
2206 2140 2383 2171 iudicamus

1380 2185 1556 2223 sensibilia,
1587 2184 1694 2224 palam
1717 2185 1806 2225 quod
1830 2191 1860 2215 et
1883 2185 2000 2215 durum
2028 2191 2059 2215 et
2080 2185 2178 2215 molle
2202 2185 2384 2225 simpliciter

1382 2230 1421 2260 ad
1438 2236 1558 2260 tactum
1582 2228 1871 2266 determinavimus,
1896 2235 2048 2270 tanquam
2071 2229 2237 2260 medietate
2260 2235 2383 2259 utentes

1379 2281 1510 2305 tactum.
1534 2274 1668 2314 Propter
1681 2273 1771 2314 quod
1794 2273 1944 2303 excedens
1963 2273 2095 2313 quidem
2116 2273 2225 2313 ipsum
2248 2274 2382 2312 durum,

1381 2317 1529 2349 deficiens
1552 2324 1660 2348 autern
1682 2317 1780 2348 molle
1804 2327 1870 2348 esse
1894 2317 2039 2348 dicimus.

1313 2416 1352 2438 ea
1376 2416 1460 2449 quae
1486 2413 1564 2437 sunt
1586 2403 1710 2448 liquida
1733 2412 1818 2443 actu,
1835 2403 1988 2436 dicuntur
2009 2412 2082 2436 actu
2106 2403 2256 2444 humida;
2282 2415 2381 2448 quae-

1314 2449 1391 2483 dam
1414 2460 1493 2482 vero
1522 2457 1599 2482 sunt
1626 2449 1782 2492 opposito
1811 2447 1931 2488 modo,
1956 2447 2078 2480 scilicet
2101 2448 2135 2480 in
2159 2449 2322 2491 potentia,
2347 2457 2383 2481 ut

1314 2493 1348 2527 id
1373 2493 1464 2538 quod
1487 2505 1558 2526 non
1581 2501 1630 2526 est
1653 2502 1726 2526 actu
1751 2491 1930 2537 liquidum,
1958 2491 2015 2525 sed
2039 2501 2088 2525 est
2111 2491 2274 2536 liquabile,
2299 2493 2384 2525 sicut

1315 2546 1394 2572 sunt
1416 2537 1557 2571 metalla.

1371 2583 1469 2616 Ratio
1486 2591 1596 2615 autem
1613 2593 1712 2626 quare
1737 2593 1777 2614 ex
1799 2580 1959 2614 ambobus
1980 2581 2164 2624 composita
2180 2589 2256 2613 sunt
2272 2581 2384 2613 omnia

1317 2627 1531 2667 elementata,
1563 2635 1612 2659 est
1637 2626 1713 2670 quia
1736 2637 1841 2658 unum
1865 2636 1933 2658 non
1957 2634 2066 2669 potest
2094 2624 2176 2658 bene
2206 2626 2383 2657 consistere

1317 2680 1350 2705 et
1366 2672 1533 2704 terminari
1549 2671 1619 2703 sine
1637 2669 1715 2703 alio:
1733 2670 1809 2714 quia
1826 2669 2000 2703 humidum
2017 2678 2066 2702 est
2082 2668 2166 2702 male
2182 2668 2384 2702 terminabile

1318 2716 1454 2761 proprio
1474 2716 1616 2748 termino
1632 2723 1665 2748 et
1681 2715 1869 2754 intrinseco,
1894 2713 1951 2747 sed
1971 2713 2053 2747 bene
2070 2714 2261 2746 terminatur
2277 2713 2383 2746 alieno

1318 2770 1350 2794 et
1366 2761 1549 2793 extrinseco
1574 2760 1727 2799 termino,
1752 2767 1783 2792 et
1807 2758 1880 2791 ideo
1904 2770 1973 2791 non
1996 2767 2106 2802 potest
2129 2758 2295 2790 terminari
2314 2758 2384 2790 sine

1319 2806 1418 2845 sicco,
1443 2804 1534 2849 quod
1558 2813 1607 2837 est
1630 2803 1713 2836 bene
1738 2802 1940 2836 terminabile
1964 2803 2099 2846 proprio
2123 2803 2276 2842 termino,
2300 2801 2384 2834 idest

1318 2851 1515 2890 intrinseco,
1547 2857 1580 2882 et
1602 2847 1687 2881 male
1711 2847 1818 2881 alieno
1831 2860 1840 2887 3
1872 2846 2020 2880 similiter
2048 2847 2145 2879 etiam
2169 2847 2292 2878 siccum
2315 2857 2384 2878 non

1318 2895 1512 2928 terminatur
1537 2894 1606 2926 sine
1630 2892 1781 2932 humido,
1799 2891 1856 2924 sed
1873 2903 1977 2924 unum
2002 2899 2051 2924 est
2074 2890 2164 2923 alteri
2179 2889 2269 2923 velut
2289 2889 2382 2922 colla.

1320 2940 1425 2973 Cuius
1450 2937 1556 2971 simile
1581 2937 1697 2970 accidit
1721 2938 1754 2970 in
1778 2935 1970 2980 pulmentis:
2001 2947 2040 2968 ex
2062 2934 2164 2967 farina
2188 2935 2276 2967 enim
2299 2934 2384 2966 sicca

1319 2993 1350 3017 et
1367 2995 1452 3028 aqua
1467 2982 1603 3016 humida
1622 2981 1658 3014 fit
1675 2990 1707 3014 et
1725 2980 1968 3024 conglutinatur
1984 2980 2087 3023 panis;
2111 2988 2144 3012 et
2168 2977 2384 3022 Empedocles

1319 3029 1418 3062 etiam
1442 3027 1604 3072 Physicus
1629 3025 1704 3059 fecit
1727 3025 1846 3058 collam
1870 3034 2016 3057 tenacem
2041 3035 2080 3056 ex
2103 3022 2204 3056 farina
2227 3031 2259 3056 et
2282 3034 2383 3066 aqua,

1320 3072 1550 3116 conglutinans
1576 3082 1680 3103 unum
1705 3069 1795 3102 alteri
1819 3080 1878 3112 per
1902 3068 2053 3101 calorem.

1376 3116 1481 3158 Quod
1497 3125 1607 3149 autem
1624 3126 1708 3159 aqua
1724 3115 1766 3146 sit
1779 3114 1886 3157 primo
1903 3111 2038 3145 humida
2059 3120 2091 3144 et
2110 3120 2194 3144 terra
2218 3111 2259 3143 sit
2275 3111 2383 3154 primo

1319 3163 1415 3202 sicca,
1432 3162 1502 3205 ipse
1526 3159 1642 3204 probat
1661 3170 1720 3202 per
1736 3157 1815 3191 duas
1841 3158 1998 3190 rationes:
2025 3167 2163 3200 quarum
2187 3156 2292 3198 prima
2310 3154 2383 3187 talis

1319 3202 1390 3240 est.v
1404 3205 1490 3239 Illud
1507 3205 1596 3237 enim
1613 3203 1730 3236 dicitur
1753 3203 1860 3246 primo
1885 3201 1958 3240 tale,
1978 3201 2103 3233 ratione
2121 3200 2214 3232 cuius
2231 3199 2292 3231 alia
2308 3207 2385 3231 sunt

1319 3251 1405 3290 talia,
1420 3251 1505 3282 sicut
1521 3248 1561 3281 ad
1577 3248 1715 3291 longum
1732 3246 1929 3279 declaratum
1945 3254 1994 3278 est
2009 3246 2044 3277 in
2061 3245 2075 3277 I
2091 3244 2310 3283 Posteriorum;
2327 3242 2384 3276 sed

1319 3295 1431 3329 omnia
1456 3304 1594 3337 corpora
1618 3292 1789 3324 terminata
1813 3291 1881 3323 sive
1906 3289 2117 3328 elementata,
2149 3297 2226 3321 sunt
2249 3287 2385 3321 humida

1318 3339 1370 3373 vel
1394 3340 1495 3379 sicca,
1526 3338 1723 3381 inquantum
1752 3344 1827 3368 sunt
1858 3346 1898 3367 ex
1928 3345 2012 3377 aqua
2041 3332 2094 3365 vel
2117 3344 2156 3365 ex
2179 3341 2279 3365 terra:
2309 3331 2386 3375 quia

1318 3383 1447 3417 nullum
1479 3381 1593 3415 talium
1626 3391 1803 3424 corporum
1834 3388 1883 3412 est
1912 3378 1982 3410 sine
2006 3388 2090 3421 aqua
2118 3385 2150 3409 et
2173 3385 2273 3416 terra3
2306 3387 2385 3418 ergo

1319 3439 1403 3473 aqua
1427 3436 1459 3460 et
1481 3435 1565 3459 terra
1589 3434 1666 3458 sunt
1688 3425 1796 3468 primo
1821 3423 1905 3456 talia.
1934 3422 2023 3455 Dicit
2047 3430 2157 3454 autem
2181 3421 2291 3454 omnia
2316 3431 2385 3452 cor-

1319 3484 1400 3517 pora
1423 3471 1595 3504 terminata
1618 3469 1680 3510 hic,
1707 3468 1830 3501 scilicet
1853 3466 1986 3500 inferius
2013 3465 2099 3510 apud
2121 3477 2201 3505 nos,
2230 3464 2271 3498 ad
2295 3463 2385 3497 diffe-

1319 3517 1457 3550 rentiam
1482 3527 1538 3548 cor
1564 3525 1660 3547 orum
1684 3513 1907 3557 superiorum,
1932 3522 2015 3555 quae
2039 3518 2116 3542 sunt
2140 3509 2323 3553 composita
2347 3519 2387 3540 ex

1320 3561 1455 3594 materia
1479 3568 1512 3592 et
1530 3527 1646 3598 tiirma,
1670 3569 1739 3590 non
1763 3566 1872 3589 tamen
1896 3564 1973 3588 sunt
1996 3563 2100 3587 terrea
2123 3553 2175 3586 vel
2199 3565 2312 3597 aquea,
2329 3551 2386 3584 sed

1321 3614 1398 3638 sunt
1414 3604 1586 3637 terminata
1610 3603 1789 3646 aequivoce
1807 3612 1882 3633 cum
1900 3600 1968 3632 istis
1994 3598 2209 3632 inferioribus.
2236 3595 2386 3630 Secunda

1320 3661 1400 3683 vero
1424 3649 1506 3682 ratio
1533 3657 1602 3688 est,
1635 3647 1710 3691 quia
1734 3645 1846 3679 omnia
1874 3643 2061 3678 naturaliter
2090 3650 2247 3686 appetunt
2274 3640 2386 3687 locum
