2782 4134
35 491 47 504 ⁸
59 489 123 512 Lect.
138 495 170 516 ιι,
185 494 208 510 n.
222 494 248 515 4.

1129 298 1240 335 CAP.
1269 298 1317 346 v,
1347 298 1498 335 LECT.
1529 299 1617 335 xm

275 375 484 424 aliqualiter
502 375 611 412 simili
631 375 844 413 secundum
863 376 1040 423 formam,
1061 376 1111 413 ita
1131 377 1341 425 corrumpi-

274 435 335 465 tur
353 427 495 476 aliquid
515 440 537 464 a
566 428 766 466 contrario.
796 429 846 465 Et
865 428 952 476 quia
971 436 1172 475 generatur
1200 429 1340 479 aliquid

276 493 322 518 ex
346 487 536 529 corrupto,
558 480 653 517 sieut
671 493 786 529 supra
809 480 829 502 '¹‘
857 480 1000 517 dietum
1020 489 1087 529 est,
1109 494 1264 518 necesse
1285 490 1341 519 est

275 533 473 570 materiam
502 545 547 569 ex
576 545 652 581 qua
680 533 820 582 aliquid
848 541 1063 580 generatur,
1095 541 1131 570 et
1158 534 1196 570 in
1225 546 1341 583 quarn

275 585 418 635 aliquid
437 585 702 634 corrumpitur,
724 598 877 634 semper
901 586 1043 622 habere
1071 586 1237 633 aliquam
1267 587 1341 623 for-

274 651 393 686 mam,
418 650 487 687 per
514 650 632 686 quarn
661 638 888 675 assimiletur
912 638 976 675 vel
1004 638 1252 675 contrarietur
1278 651 1340 686 ge-

275 691 422 729 neranti
449 691 512 728 vel
542 691 811 739 corrumpenti.

333 745 366 782 5.
388 743 537 782 Deinde
567 756 656 781 cum
685 743 789 781 dicit:
823 743 1011 785 Quoniam
1039 748 1164 780 autem
1184 750 1237 780 est
1256 752 1339 792 etc„

275 797 439 835 ostendit
458 795 564 846 quod
583 796 741 834 materia
759 808 839 834 non
866 795 912 832 sit
931 796 1010 833 sine
1029 795 1218 844 passione.
1249 798 1341 834 Non

276 850 378 887 enim
398 849 557 887 materia
580 857 636 886 est
655 849 726 886 nisi
747 849 977 886 substantiae
998 849 1223 897 corporeae:
1253 850 1340 886 sub-

275 903 433 940 stantiae
449 902 551 940 enim
565 902 815 951 incorporeae
828 901 1098 939 immateriales
1113 909 1210 939 sunt.
1226 902 1339 940 Unde

275 955 446 1004 sequitur
473 956 578 1004 quod
616 955 742 992 omnis
770 954 929 992 materia
965 955 1011 992 sit
1038 954 1121 992 talis
1149 956 1338 1004 corporis,

275 1008 414 1046 scilicet
427 1007 669 1046 individualis
683 1014 711 1045 ἐ
733 1021 812 1045 non
827 1008 929 1045 enim
943 1015 1069 1057 potest
1088 1019 1170 1044 esse
1185 1008 1339 1056 aliquod

276 1073 415 1110 corpus
444 1073 664 1109 commune,
685 1061 791 1109 quod
809 1074 889 1098 non
908 1061 954 1098 sit
977 1060 1270 1098 determinatum
1290 1063 1339 1100 ad

275 1113 442 1162 aliquam
461 1114 630 1163 speciem
650 1121 687 1151 et
700 1114 750 1151 ad
765 1114 919 1163 aliquod
938 1113 1188 1151 individuum.
1210 1114 1340 1151 Omne

276 1174 405 1204 autem
433 1168 508 1204 tale
546 1179 684 1216 corpus
721 1179 878 1204 necesse
910 1174 967 1204 est
1002 1166 1144 1203 habere
1173 1166 1339 1216 aliquam

274 1219 507 1275 passionem,
523 1221 586 1257 vel
602 1227 902 1270 consequentem
921 1220 1086 1257 formam
1106 1219 1338 1268 specificam,

254 1272 263 1274 ἡ
275 1267 397 1322 qualis
417 1280 474 1310 est
486 1273 643 1322 propria
656 1273 796 1322 passio,
810 1273 873 1310 vel
893 1272 1215 1322 qualitercumque
1235 1272 1341 1310 aliter

242 1348 249 1356 ·
276 1325 559 1373 advenientem,
580 1325 676 1363 sicut
694 1333 781 1363 sunt
808 1325 1017 1363 accidentia
1043 1324 1290 1362 individualia
1308 1325 1339 1362 *.

276 1379 379 1427 Ergo
408 1390 565 1416 necesse
589 1386 646 1416 est
672 1379 779 1427 quod
807 1379 944 1416 eadem
972 1377 1131 1415 materia
1158 1389 1258 1426 quae
1287 1386 1343 1415 est

277 1431 492 1469 subiectum
517 1431 798 1480 magnitudinis,
819 1431 866 1468 sit
884 1431 997 1468 etiam
1017 1430 1229 1468 subiectum
1257 1443 1342 1479 pas-

276 1484 412 1523 sionis:
441 1484 493 1522 ita
520 1484 677 1533 quidem
706 1484 811 1534 quod
839 1483 997 1521 materia
1016 1495 1114 1532 quae
1134 1490 1190 1520 est
1218 1483 1342 1521 subie-

277 1544 382 1575 ctum
401 1537 681 1585 magnitudinis,
702 1537 749 1574 sit
767 1536 912 1574 ratione
931 1543 1105 1585 separata
1124 1548 1146 1572 a
1164 1536 1342 1585 passione

276 1590 389 1638 (sicut
408 1597 464 1627 est
481 1589 554 1627 alia
580 1589 674 1627 ratio
702 1589 870 1627 hominis
889 1596 926 1626 et
944 1589 1019 1626 albi
1038 1586 1078 1636 ε),
1099 1589 1180 1626 loco
1200 1597 1341 1638 autem,

276 1642 376 1681 idest
402 1642 594 1690 subiecto,
629 1654 708 1680 non
742 1649 986 1691 separantur:
1021 1642 1093 1679 nisi
1125 1642 1210 1689 quis
1245 1642 1344 1680 dicat

276 1695 383 1744 quod
418 1695 617 1745 passiones
654 1702 742 1732 sunt
778 1695 1008 1745 separabiles
1045 1707 1067 1732 a
1104 1695 1341 1744 substantiis,

277 1747 384 1799 quod
412 1755 468 1786 est
494 1748 740 1797 impossibile.

330 1801 382 1839 Et
408 1801 497 1851 quia
525 1801 784 1850 Philosophus
810 1801 1014 1839 videbatur
1042 1800 1316 1849 digressionem
1331 1806 1344 1822 ⁰

278 1854 474 1904 quandam
503 1867 526 1891 a
552 1854 750 1904 proposito
776 1854 919 1902 fecisse,
941 1854 1078 1902 colligit
1103 1854 1344 1903 propositum

331 2012 355 2046 ν)
374 2012 438 2040 talis
456 2012 590 2045 corporis,
609 2012 710 2038 scilicet
732 2011 914 2038 individualis.
933 2026 952 2032 -
972 2012 1039 2037 iales
1057 2013 1098 2037 ed.
1116 2019 1147 2042 a,
1168 2013 1232 2038 talis
1250 2012 1285 2043 C,
1305 2015 1346 2037 ta-

276 2048 311 2074 11⁶³
334 2048 458 2080 corporis
479 2048 532 2079 Pb,-
560 2048 607 2073 sed
631 2047 764 2080 explicatio
787 2047 888 2073 scilicet
913 2047 1086 2073 individualis
1111 2055 1163 2072 non
1188 2052 1229 2072 est
1256 2055 1346 2080 super-

276 2090 367 2111 vacua.

333 2116 357 2152 ξ)
377 2118 453 2152 Ergo
467 2125 571 2144 necesse
584 2121 656 2144 est...
670 2121 697 2144 et
714 2118 776 2143 albi.
789 2132 809 2137 —
821 2118 896 2152 Ergo
915 2125 1018 2144 necesse
1036 2121 1076 2144 est
1093 2118 1166 2151 quod
1177 2118 1270 2143 eadem
1289 2125 1346 2143 ma-

278 2153 349 2179 teria
366 2160 435 2187 quae
453 2156 493 2179 est
510 2154 654 2179 subiectum
673 2153 868 2187 magnitudinis
885 2157 913 2179 et
925 2160 954 2179 se
973 2153 1010 2185 (et
1027 2161 1056 2179 se
1073 2161 1127 2178 om.
1140 2153 1172 2186 C)
1187 2153 1294 2178 ratione
1305 2160 1346 2178 se-

273 2192 378 2221 parata
395 2196 414 2214 a
427 2189 642 2222 passione-sicut
658 2193 699 2214 est
716 2189 808 2214 anima
831 2189 902 2214 ratio
921 2189 1042 2221 (ratione
1060 2188 1097 2222 C)
1117 2189 1231 2214 hominis
1249 2191 1276 2213 et
1292 2189 1347 2213 albi

278 2224 334 2254 Ca,-
350 2225 374 2249 Α
393 2222 448 2257 pro*
458 2224 495 2250 sit
511 2224 592 2250 etiam
610 2224 764 2254 subiectum,
783 2224 852 2250 sicut
870 2227 897 2250 et
914 2224 1068 2254 subiectum,
1082 2229 1108 2249 et
1122 2232 1170 2257 pro
1182 2224 1219 2249 sit
1232 2224 1345 2253 ratione,

2384 299 2459 346 309

1396 389 1441 413 ex
1469 376 1649 414 omnibus
1675 375 1915 425 praemissis,
1946 375 2075 413 dicens
2103 375 2347 412 manifestum
2375 388 2458 413 esse

1395 442 1441 466 ex
1469 430 1648 466 omnibus
1676 441 1775 478 quae
1803 428 1979 478 inquisita
2007 435 2114 476 sunt,
2144 428 2250 476 quod
2278 441 2458 476 augmen-

1394 489 1476 519 tum
1496 482 1516 504 *
1543 495 1623 520 non
1651 490 1706 519 est
1733 481 1994 519 transmutatio
2016 493 2062 518 ex
2085 480 2212 529 aliquo
2232 481 2338 529 quod
2357 481 2403 518 sit
2420 482 2459 519 in

1394 535 1561 582 potentia
1589 535 1637 572 ad
1664 534 1979 582 magnitudinem,
1999 533 2049 570 ita
2078 533 2183 582 quod
2201 541 2288 570 actu
2315 535 2458 571 nullam

1394 587 1533 624 habeat
1548 587 1861 634 magnitudinem.
1875 588 2106 636 Sequeretur
2121 586 2222 622 enim
2236 586 2341 634 quod
2355 598 2458 623 com-

1393 651 1510 676 mune
1539 641 1764 687 subiectum,
1786 640 1926 677 scilicet
1942 639 2099 676 materia
2116 639 2253 687 prima,
2275 643 2373 675 esset
2400 651 2458 675 se-

1394 700 1570 739 paratum
1589 692 1609 714 '¹‘
1635 705 1705 740 per
1738 705 1778 730 se
1812 693 1974 730 existens
2002 693 2147 740 absque
2176 691 2282 728 omni
2310 692 2455 728 forma:

1395 744 1500 792 quod
1529 752 1565 780 et
1592 757 1694 781 nunc
1722 753 1917 782 ostensum
1946 752 2002 782 est
2030 756 2114 781 esse
2141 743 2391 792 impossibile,
2423 751 2459 781 et

1375 796 1510 833 etiam
1539 796 1643 844 prius
1670 797 1709 833 in
1737 798 1816 834 aliis
1843 797 1958 845 libris,
1979 805 2072 846 puta
2099 797 2138 834 in
2166 798 2180 833 I
2208 797 2357 845 Physic.
2384 796 2404 818 '¹‘

1449 850 1485 885 6.
1506 849 1655 885 Deinde
1681 861 1768 886 cum
1793 850 1898 887 dicit:
1922 850 2095 899 Amplius
2119 855 2245 886 autem
2270 849 2353 886 talis
2372 856 2456 897 etc.,

1394 901 1558 938 ostendit
1584 902 1823 950 propositum
1844 903 1986 940 ratione
2006 909 2158 951 sumpta
2177 914 2223 939 ex
2241 910 2347 951 parte
2368 914 2457 950 aug—

1394 954 1512 991 menti
1526 953 1558 991 *.
1574 955 1623 990 Et
1638 954 1725 991 dicit
1740 955 1845 1003 quod
1859 956 1940 992 talis
1959 955 2235 1002 transmutatio,
2247 966 2346 1003 quae
2361 954 2458 992 scili-

1394 1014 1453 1043 cet
1470 1007 1579 1043 fieret
1598 1019 1644 1043 ex
1672 1019 1719 1043 eo
1748 1008 1853 1056 quod
1881 1016 1979 1045 esset
2011 1009 2136 1045 solum
2155 1008 2195 1045 in
2211 1006 2381 1056 potentia
2407 1007 2458 1045 ad

1393 1059 1704 1107 magnitudinem,
1726 1072 1804 1097 non
1818 1061 1971 1109 proprie
1990 1061 2192 1110 pertineret
2211 1061 2259 1098 ad
2275 1072 2456 1108 augmen-

1393 1119 1487 1159 tum,
1504 1112 1571 1149 sed
1586 1113 1707 1160 magis
1723 1112 1772 1149 ad
1786 1114 2071 1160 generationem
2082 1113 2112 1150 *.
2131 1113 2232 1160 Quia
2247 1113 2295 1150 de
2310 1113 2455 1150 ratione

1394 1165 1586 1212 augmenti
1607 1172 1674 1212 est,
1695 1166 1799 1214 quod
1818 1166 1885 1202 fiat
1912 1166 2053 1203 additio
2073 1167 2121 1203 ad
2139 1166 2470 1215 praeexistentem,

1393 1217 1711 1266 magnitudinem:
1741 1218 1874 1255 dicitur
1893 1218 1994 1256 enim
2023 1219 2164 1268 aliquid
2183 1218 2321 1267 augeri,
2343 1231 2388 1255 ex
2409 1230 2455 1255 eo

1395 1271 1500 1319 quod
1517 1270 1562 1307 fit
1580 1270 1718 1315 maius;
1739 1271 1843 1320 quod
1858 1284 1936 1308 non
1956 1279 2054 1308 esset
2066 1271 2087 1293 ‘¹‘
2101 1271 2171 1308 nisi
2191 1271 2334 1320 aliquid
2351 1271 2456 1320 prius

1396 1330 1494 1360 esset
1511 1335 1706 1371 magnum.
1737 1325 1786 1360 Et
1803 1336 1873 1372 per
1892 1324 2121 1373 oppositum,
2147 1324 2195 1361 de
2219 1324 2363 1361 ratione
2392 1324 2456 1361 de-

1395 1376 1614 1413 minutionis
1635 1383 1700 1424 est,
1721 1377 1826 1426 quod
1854 1378 1921 1414 fiat
1939 1377 2128 1426 quaedam
2154 1377 2356 1414 minoratio
2376 1389 2457 1414 ma-

1396 1429 1598 1477 gnitudinis
1616 1429 1911 1477 praeexistentis.
1932 1430 2043 1467 Unde
2062 1437 2166 1479 patet
2183 1429 2289 1478 quod
2307 1437 2470 1478 oportetv

1397 1482 1436 1518 id
1463 1482 1568 1531 quod
1597 1489 1764 1530 augetur,
1785 1483 1926 1520 habere
1955 1483 2121 1531 aliquam
2142 1482 2456 1530 magnitudinem.

1397 1535 1446 1571 Et
1465 1535 1519 1572 sic
1537 1542 1687 1583 oportet
1706 1535 1811 1584 quod
1830 1535 2086 1583 augmentatio
2105 1535 2183 1582 fiat,
2203 1547 2282 1572 non
2301 1535 2457 1583 quidem

1397 1587 1448 1624 ita
1473 1587 1494 1610 ’¹‘
1526 1588 1630 1636 quod
1661 1588 1818 1625 materia
1846 1601 1945 1636 quae
1978 1595 2057 1625 erat
2084 1588 2164 1624 sine
2198 1587 2458 1635 magnitudine

1394 1640 1432 1677 in
1461 1647 1560 1688 actu,
1579 1641 1778 1690 perveniat
1797 1641 1846 1678 ad
1873 1641 1948 1678 hoc
1975 1641 2082 1690 quod
2106 1641 2244 1678 habeat
2272 1640 2458 1688 magnitu-

1399 1693 1528 1731 dinem
1555 1693 1594 1731 in
1623 1701 1725 1731 actu:
1754 1694 1829 1730 hoc
1849 1694 1951 1731 enirn
1979 1706 2059 1731 non
2079 1701 2176 1731 esset
2203 1693 2457 1741 augmentatio

1399 1746 1585 1795 corporis,
1615 1747 1682 1784 sed
1711 1746 1918 1795 generatio,
1949 1747 1998 1784 ad
2027 1747 2132 1784 cuius
2161 1746 2347 1783 rationem
2374 1758 2458 1795 per-

1398 1799 1490 1837 tinet
1507 1805 1527 1821 π
1555 1800 1659 1848 quod
1686 1800 1753 1837 fiat
1781 1799 1921 1848 aliquid
1949 1799 1987 1836 in
2016 1801 2114 1848 actu,
2134 1799 2240 1848 quod
2262 1799 2364 1848 prius
2393 1798 2461 1836 fuit

1398 1865 1437 1890 1n
1464 1860 1644 1901 potentia.

1399 2020 1459 2038 cum
1484 2012 1597 2037 ratione.
1620 2026 1639 2031 -
1663 2011 1786 2045 Sequenti
1811 2011 1879 2037 linea
1901 2019 1948 2044 pro
1972 2011 2040 2036 idest
2063 2010 2193 2042 subiecto,
2219 2010 2288 2036 idest
2311 2010 2461 2037 substantia

1400 2047 1484 2114 ΡΟἄεξ’).
1505 2082 1645 2108 videbatur
1669 2082 1869 2115 digressionem.
1886 2095 1906 2100 —
1924 2082 2031 2107 videbat
2053 2081 2280 2115 disgregationem
2305 2082 2353 2107 Ca.
2374 2095 2394 2101 —
2411 2082 2462 2106 Pro

1400 2118 1570 2152 manifestum
1583 2125 1639 2143 esse
1653 2125 1690 2143 ex
1703 2118 1831 2147 omnibus,
1847 2117 2015 2151 manifestum
2034 2124 2090 2142 esse
2103 2120 2194 2149 potest
2208 2117 2329 2142 omnibus
2343 2117 2384 2143 ed.
2396 2124 2414 2142 a
2427 2121 2462 2148 et,

1401 2153 1487 2178 addito
1502 2160 1555 2185 per
1572 2160 1612 2182 ea,
1632 2153 1667 2185 C;
1681 2160 1734 2185 per
1752 2161 1830 2185 super
1847 2160 1898 2177 ras.

1450 2189 1482 2229 Jt)
1501 2188 1539 2213 ad
1555 2189 1631 2249 eugas
1649 2189 1780 2214 rationem
1799 2188 1919 2220 pertinet
1935 2201 1954 2206 -
1971 2188 2046 2213 cuius
2065 2187 2178 2213 rationis
2196 2190 2236 2213 est
2253 2187 2316 2218 Pab,
2337 2187 2369 2212 de
2387 2187 2463 2212 cuius

1400 2227 1504 2249 ratione
1522 2227 1562 2249 est
1604 2241 1611 2249 .

2487 494 2496 503 ·
2511 495 2672 522 augmentatio

2485 525 2538 541 ara.

2485 702 2496 713 ⁸
2510 703 2639 730 separatim
2652 709 2675 725 A.

2486 802 2696 856 ἃῃιῇοὲἐῖιινέἑί

2484 968 2543 1016 Leni.
2557 968 2610 990 lect.
2621 973 2698 995 praec.

2483 1125 2698 1174 gamugnitudinem

2483 1284 2495 1295 ⁸
2500 1285 2561 1310 exta,
2567 1286 2589 1305 et
2593 1283 2626 1305 ita
2630 1288 2695 1304 mox.

2484 1602 2495 1613 ⁸
2509 1602 2543 1623 ita
2563 1607 2611 1623 om.
2626 1600 2696 1622 mab.
