2782 4134
56 873 67 883 '
75 869 153 899 possit
164 875 186 891 r.

61 1135 71 1145 ⁸
86 1133 123 1155 rei
137 1131 204 1154 codd.
220 1135 270 1152 exc.

58 1166 108 1182 uz.

66 1504 73 1513 ·
84 1501 180 1523 mundus
189 1499 256 1522 codd.

63 1552 72 1561 ⁶
87 1551 122 1572 88!
134 1554 181 1571 om.
195 1554 216 1570 Ρ.

63 1706 271 1755 mittar&

64 1766 113 1782 exc.
123 1766 143 1781 r.

64 1788 74 1797 '¹
88 1786 150 1808 idest
161 1785 213 1807 add.
226 1791 249 1807 Α.

69 2393 78 2403 ·
93 2392 129 2414 Cf.
142 2397 204 2414 num.
219 2398 236 2414 1.

69 2498 79 2508 ·
93 2497 162 2519 Num.
177 2503 225 2525 seq.

70 2765 149 2793 'quod
155 2771 202 2788 om.
210 2766 279 2788 codd.

70 2866 80 2875 '
95 2867 118 2886 et
130 2871 178 2888 om.
191 2872 213 2888 P.

71 2919 81 2927 '¹
95 2917 227 2940 conceditur
240 2925 279 2941 co-

73 2943 142 2965 dices.

284 383 394 422 unius
414 379 561 431 speciei.
582 379 631 415 Et
647 377 722 414 hoc
739 374 826 412 ideo
848 379 922 419 est,
952 369 1039 418 quia
1067 378 1154 424 cum
1182 370 1339 421 materia

285 437 533 484 signata‘non
560 431 606 468 sit
637 429 684 467 de
712 427 854 465 ratione
887 421 1043 473 speciei,
1077 426 1170 477 rati-o
1199 426 1338 475 speciei

286 487 540 527 indifferenter
557 490 681 533 potest
699 479 833 518 salvari
861 478 898 514 in
925 477 996 512 hac
1019 478 1176 530 materia
1195 474 1339 528 signata

289 549 324 579 et
352 541 390 577 in
417 539 497 576 illa:
535 544 572 574 et
606 536 657 573 ita
688 539 846 583 possunt
883 540 964 566 esse
998 526 1107 575 plura
1143 521 1338 560 1nd1v1dua

287 593 398 631 unius
425 589 573 640 speciei.

343 658 378 694 9.
412 642 559 682 Deinde
597 651 683 677 cum
721 636 839 675 dicitz.
862 635 994 681 Itaque
1017 635 1096 690 ’aut
1125 633 1212 666 sunt
1247 633 1337 672 etc.,

289 699 398 737 infert
425 694 706 734 conclusionem
738 690 939 732 intentam,
974 684 1112 720 scillcet
1144 680 1249 730 quod
1277 685 1341 716 aut

291 758 378 790 sunt
394 750 520 799 plures
540 746 642 793 caeli,
671 750 734 780 aut
762 738 940 787 contingit
968 749 1049 774 esse
1077 736 1195 772 factos
1213 734 1341 783 plures

292 804 426 842 caelos.
447 823 471 829 -
490 799 629 838 Ultimo
667 803 790 832 autem
829 792 991 841 epilogat
1023 789 1128 837 quod
1162 799 1207 824 ex
1233 797 1341 835 prae-

292 856 414 894 missis
439 860 562 903 potest
578 851 599 872 *
617 848 747 897 aliquis
775 843 956 894 suspicari
983 843 1088 891 quod
1110 841 1173 879 vel
1192 839 1265 876 sint
1281 838 1343 875 vel

291 908 435 960 possint
463 917 543 943 esse
570 903 694 952 plures
721 899 866 937 mundi.
1035 948 1042 954 .
1146 946 1153 952 ·
1317 943 1323 949 ι

352 973 407 998 ιο.
432 958 507 996 Sed
528 956 675 994 videtur
692 953 754 990 hic
774 964 854 988 esse
884 955 1126 987 contrarietas
1145 953 1241 983 inter
1260 946 1343 981 Ari-

294 1014 464 1052 stotelem
493 1017 528 1047 et
554 1009 763 1045 Platonem.
793 1005 896 1041 Nam
923 1003 1029 1039 Plato
1055 1000 1094 1037 in
1117 999 1270 1036 Timaeo
1299 1008 1345 1055 ex

294 1066 433 1103 unitate
453 1060 671 1110 exemplaris
689 1057 866 1108 probavit
892 1055 1074 1093 unitatem
1103 1051 1254 1089 mundi:
1283 1050 1346 1086 hic

295 1126 420 1157 autem
447 1114 662 1153 Aristoteles
696 1124 741 1148 ex
766 1110 908 1148 unitate
940 1106 1079 1157 speciei
1102 1106 1122 1126 '¹‘
1150 1111 1345 1153 separatae

297 1168 481 1209 concludit
498 1166 674 1217 possibile
694 1176 776 1201 esse
797 1162 901 1211 quod
920 1162 992 1199 sint
1010 1160 1135 1209 plures
1155 1157 1299 1195 mundi.
1320 1176 1345 1183 -

295 1225 344 1261 Et
368 1228 491 1272 potest
529 1218 722 1268 dupliciter
755 1214 986 1266 responderi.
1024 1213 1111 1250 Uno
1148 1211 1267 1249 modo
1302 1220 1345 1246 ex

294 1283 398 1326 parte
426 1273 541 1323 ipsius
575 1270 807 1320 exemplaris.
838 1267 954 1315 Quod
982 1266 1136 1315 quidem
1163 1264 1194 1301 si
1222 1263 1275 1300 sic
1303 1262 1349 1299 sit

294 1340 414 1366 unum
438 1325 543 1375 quod
569 1324 690 1361 unitas
710 1323 755 1360 sit
774 1321 934 1359 essentia
962 1319 1040 1356 eius
1059 1317 1089 1366 ⁶,
1110 1329 1266 1355 necesse
1291 1322 1347 1353 est

297 1380 546 1429 exemplatum
561 1377 673 1414 etiam
687 1375 823 1413 imitari
843 1373 1034 1423 exemplar
1052 1372 1091 1408 in
1106 1384 1175 1408 sua
1192 1370 1347 1407 unitate.

295 1435 344 1471 Et
369 1433 441 1470 tale
470 1439 524 1468 est
550 1430 718 1480 primum
751 1428 944 1477 exemplar
971 1432 1206 1474 separatur-n:
1244 1422 1348 1460 unde

297 1494 333 1524 et
352 1485 539 1523 mundum
560 1485 600 1531 ²¹²,
630 1482 695 1531 qui
715 1489 769 1519 est
787 1481 952 1530 primum
981 1478 1256 1527 exemplatum,
1285 1487 1350 1513 ne-

298 1551 400 1576 cesse
429 1545 484 1575 est
509 1538 529 1558 *
558 1548 638 1573 esse
665 1547 806 1572 unum:
846 1541 882 1571 et
913 1531 1124 1570 secundum
1156 1532 1230 1568 hoc
1262 1542 1350 1579 pro-

299 1592 396 1629 cedit
427 1590 600 1640 probatio
627 1588 805 1625 Platonis.
841 1587 880 1624 Si
916 1598 1010 1624 vero
1044 1585 1167 1622 unitas
1200 1595 1279 1620 non
1307 1581 1353 1620 sit

299 1644 457 1682 essentia
494 1641 735 1692 exemplaris,
779 1640 846 1678 sed
883 1639 928 1677 sit
967 1646 1115 1688 praeter
1153 1636 1353 1674 essentiam

298 1698 387 1744 eius,
416 1698 436 1718 *
463 1696 515 1733 sic
549 1695 802 1744 exemplatum
833 1692 969 1743 poterit
1002 1690 1198 1729 assimilari
1227 1702 1354 1727 exem-

296 1750 390 1800 plari
409 1750 429 1771 *
447 1749 485 1786 in
504 1761 550 1786 eo
571 1748 675 1796 quod
702 1747 863 1797 pertinet
889 1746 939 1783 ad
963 1745 1042 1782 eius
1062 1744 1242 1794 speciem,
1262 1750 1355 1792 puta

297 1804 336 1841 in
363 1802 505 1840 ratione
537 1800 702 1838 hominis
729 1801 791 1838 vel
820 1799 928 1848 equi,
962 1811 1041 1835 non
1074 1805 1201 1835 autem
1236 1809 1355 1845 quan-

298 1865 379 1894 tum
407 1856 455 1893 ad
483 1854 604 1904 ipsam
630 1854 833 1890 unitatem:
864 1860 899 1889 et
925 1853 1001 1889 hoc
1027 1851 1147 1888 modo
1183 1849 1357 1899 procedit

299 1909 360 1947 hic
386 1908 479 1946 ratio
507 1907 726 1945 Aristotelis.
746 1927 770 1934 -
796 1905 881 1943 Alio
910 1905 1028 1942 modo
1047 1911 1172 1954 potest
1195 1903 1291 1941 solvi
1312 1915 1357 1940 ex

300 1969 405 2011 parte
426 1960 640 2009 exemplati,
661 1959 764 2008 quod
782 1966 885 1996 tanto
907 1966 963 1995 est
980 1958 1191 2007 perfectius,
1212 1963 1354 2005 quanto

301 2014 420 2062 magis
448 2013 671 2051 assimilatur
689 2012 904 2061 exemplari.
924 2011 1009 2048 Alia
1025 2023 1121 2062 ‚ergo
1148 2010 1359 2059 exemplata

302 2067 550 2105 assimilantur
586 2065 791 2115 exemplari
825 2066 892 2102 uni
928 2064 1140 2102 secundum
1175 2063 1358 2101 unitatem

302 2120 460 2170 speciei,
493 2132 572 2156 non
603 2119 813 2156 secundum
847 2118 1030 2156 unitatem
1063 2117 1301 2154 numeralem
1329 2123 1358 2153 ⁴:

302 2173 369 2211 sed
402 2173 570 2220 caelum,
604 2172 709 2220 quod
743 2179 799 2209 est
834 2172 1044 2220 perfectum
1078 2171 1356 2219 exemplatum,

303 2225 525 2264 assimilatur
544 2238 613 2263 suo
634 2225 838 2274 exemplari
856 2225 1068 2263 secundum
1086 2224 1270 2261 unitatem
1290 2235 1359 2260 nu-

302 2279 495 2317 meralem.

360 2344 417 2369 11.
446 2331 593 2369 Deinde
623 2343 709 2368 cum
744 2330 850 2368 dicit:
885 2330 1205 2368 Considerandum
1233 2335 1358 2367 autem

303 2386 436 2422 iterum
465 2392 555 2433 etc.,
585 2384 695 2422 solvit
723 2384 976 2421 obiectionem
1003 2383 1289 2433 praedictam·*.
1310 2384 1360 2420 Et

303 2438 426 2487 primo
445 2438 552 2487 ponit
569 2437 815 2484 solutionem;
835 2437 1004 2474 secundo
1025 2436 1239 2474 manifestat
1258 2449 1358 2484 eam,

303 2491 375 2528 ibi:
395 2491 456 2528 Sic
474 2497 598 2528 autem
614 2492 721 2539 forte
737 2491 757 2511 '¹‘
775 2498 843 2527 etc.
865 2490 963 2527 Dicit
993 2502 1081 2538 ergo
1100 2490 1226 2539 primo
1251 2489 1359 2539 quod

305 2551 453 2592 oportet
470 2544 614 2591 iterum,
635 2543 684 2580 ad
709 2543 936 2581 solvendum
958 2543 1233 2580 dubitationem
1252 2555 1360 2593 prae-

305 2597 463 2644 dictam,
497 2596 732 2633 considerare
768 2596 858 2645 quid
894 2596 1037 2634 dicatur
1073 2597 1171 2634 bene
1204 2604 1239 2634 et
1268 2596 1359 2645 quid

305 2662 384 2686 non
410 2650 528 2686 bene:
562 2649 592 2686 si
620 2649 722 2686 enirn
751 2649 880 2686 omnia
906 2650 1114 2698 praemissa
1146 2650 1218 2687 sint
1244 2662 1359 2698 vera,

305 2714 458 2739 necesse
479 2709 534 2739 est
552 2702 834 2740 conclusionem
854 2715 935 2740 esse
958 2715 1103 2740 veram.
1132 2703 1233 2740 Dicit
1251 2703 1361 2752 igitur

306 2755 445 2803 quod*
458 2755 556 2792 bene
583 2755 724 2792 dictum
753 2763 808 2792 est
835 2755 939 2804 quod
967 2757 1083 2793 altera
1101 2756 1146 2793 sit
1169 2756 1262 2794 ratio
1287 2757 1362 2794 for—

306 2819 403 2856 mae,
415 2820 459 2845 ea
474 2807 610 2845 scilicet
624 2820 722 2856 quae
738 2815 793 2845 est
807 2808 886 2846 sine
901 2809 1068 2857 materia,
1082 2817 1118 2846 et
1131 2822 1177 2846 ea
1191 2822 1290 2858 quae
1306 2817 1362 2847 est

307 2872 394 2898 cum
408 2861 576 2908 materia,
593 2869 629 2898 et
644 2862 664 2882 *
679 2862 753 2899 hoc
768 2862 996 2899 concedatur
1009 2870 1190 2910 tanquam
1204 2875 1359 2909 verum;

307 2921 342 2950 et
356 2913 409 2950 sic
424 2914 681 2952 concedatur*
698 2914 888 2952 conclusio
904 2915 1015 2964 primi
1030 2916 1246 2964 syllogismi,
1263 2929 1361 2966 quae

308 2973 362 3004 est
387 2966 512 3004 minor
539 2967 704 3005 secundi.
745 2967 822 3005 Sed
849 2980 928 3005 non
957 2969 1124 3017 sequitur
1157 2981 1202 3006 ex
1229 2982 1359 3007 neces-

981 291 1051 328 DE
1080 285 1254 325 CAELO
1284 283 1355 320 ET
1383 278 1578 318 MUNDO
1607 276 1702 313 LIB.
1734 276 1748 311 I

1393 359 1498 396 sitate
1526 363 1684 405 propter
1717 355 1794 392 hoc
1827 354 1934 403 quod
1971 353 2045 391 sint
2082 352 2193 390 multi
2220 352 2375 401 mundi,
2404 353 2467 390 vel

1394 410 1498 461 quod
1516 408 1666 458 possint
1693 421 1777 445 esse
1805 408 1945 457 plures,
1975 407 2006 444 si
2034 418 2169 444 verum
2199 406 2246 443 sit
2273 406 2380 456 quod
2398 405 2468 443 iste

1394 462 1560 501 mundus
1580 461 1628 498 sit
1647 473 1692 498 ex
1711 469 1791 498 tota
1820 473 1890 498 sua
1909 460 2080 507 materia,
2102 459 2211 496 sicuti
2231 467 2288 496 est
2305 471 2444 497 verum
2456 487 2466 506 ,

1392 525 1434 554 ut
1452 516 1548 553 infra
1565 516 1586 536 *
1603 514 1831 564 probabitur
1848 520 1880 551 ¹²:
1906 514 2032 551 maior
2047 513 2150 550 enim
2178 512 2391 562 propositio
2412 524 2470 549 se-

1394 569 1509 607 cundi
1536 567 1744 616 syllogismi
1759 569 1800 615 ⁴⁵,
1826 566 1967 604 scilicet
1994 566 2100 617 quod
2119 566 2181 604 illa
2200 578 2301 615 quae
2328 566 2472 603 habent

1394 624 1560 660 formam
1588 621 1628 658 in
1657 620 1816 658 materia
1848 628 2009 670 possunt
2042 632 2125 657 esse
2154 620 2274 657 multa
2307 630 2471 656 numero

1394 675 1507 713 unius
1536 674 1700 724 speciei,
1733 686 1814 711 non
1845 674 1962 711 habet
1994 674 2194 711 veritatem
2225 672 2297 710 nisi
2329 672 2369 710 in
2401 671 2472 719 illis

1396 740 1494 778 quae
1523 740 1603 765 non
1633 734 1808 764 constant
1837 739 1883 764 ex
1910 734 1990 764 tota
2017 739 2088 764 sua
2115 726 2286 764 materia.

1458 793 1514 818 12.
1544 780 1694 818 Deinde
1725 792 1815 817 cum
1851 779 1960 818 dicit:
1997 781 2059 817 Sic
2085 786 2213 818 autem
2239 781 2349 830 sorte
2377 786 2471 826 etc.,

1397 834 1611 872 manifestat
1631 833 1738 882 quod
1758 832 1904 870 dixerat
1921 845 1993 883 per
2012 834 2245 883 exemplum.
2276 834 2326 871 Et
2344 832 2473 882 primo

1398 887 1506 937 ponit
1534 887 1726 936 exempla;
1757 886 1928 924 secundo
1957 886 2113 936 adaptat
2141 887 2191 925 ad
2218 886 2473 936 propositum,

1399 941 1471 978 ibi:
1507 940 1664 977 Caelum
1691 945 1819 977 autem
1842 945 1898 976 est
1917 940 2068 989 quidem
2095 940 2387 990 singularium*
2403 946 2473 976 etc.

1399 993 1500 1032 Dicit
1528 1005 1618 1042 ergo
1645 993 1773 1042 primo
1792 992 1899 1042 quod
1916 1005 1987 1042 per
2006 1005 2052 1030 ea
2070 1005 2170 1044 quae
2191 993 2374 1040 dicentur,
2395 1004 2476 1029 ma-

1400 1047 1455 1096 gis
1489 1047 1556 1084 fiet
1586 1046 1832 1084 manifestum
1865 1045 1972 1095 quod
2006 1046 2151 1084 dictum
2185 1053 2240 1084 est
2266 1045 2291 1084 ².
2323 1045 2477 1083 Simitas

1402 1100 1504 1138 enim
1541 1107 1596 1137 est
1624 1099 1788 1137 curvitas
1816 1100 1856 1137 in
1884 1111 1980 1137 naso
2014 1107 2079 1137 aut
2111 1100 2152 1137 in
2186 1112 2321 1147 carne;
2355 1106 2393 1136 et
2426 1098 2479 1136 ita

1403 1166 1492 1192 caro
1529 1161 1584 1190 est
1615 1153 1775 1190 materia
1808 1152 1992 1190 simitatis.
2023 1152 2064 1190 Si
2097 1165 2189 1202 ergo
2218 1165 2265 1190 ex
2297 1152 2478 1190 omnibus

1403 1206 1580 1245 carnibus
1607 1207 1717 1244 fieret
1743 1218 1822 1244 una
1850 1218 1960 1254 caro,
1995 1205 2136 1243 scilicet
2160 1205 2276 1243 unius
2309 1205 2412 1253 nasi,
2443 1211 2481 1242 et

1402 1261 1442 1298 in
1469 1261 1542 1298 hac
1571 1268 1670 1297 esset
1698 1259 1862 1308 simitas,
1891 1259 1984 1297 nihil
2009 1260 2041 1281 '⁸'
2058 1259 2161 1297 aliud
2189 1266 2290 1297 esset
2316 1258 2477 1306 simum,

1403 1326 1530 1362 neque
1558 1320 1690 1363 posset
1722 1325 1817 1351 esse.
1857 1314 1907 1350 Et
1939 1312 2078 1350 eadem
2111 1311 2206 1350 ratio
2240 1319 2298 1350 est
2331 1311 2379 1349 de
2411 1311 2482 1349 ho-

1404 1367 1521 1414 mine,
1547 1379 1637 1404 cum
1667 1379 1800 1404 carnes
1829 1373 1866 1404 et
1893 1378 1982 1404 ossa
2009 1366 2085 1404 sint
2112 1365 2272 1403 materia
2299 1364 2481 1413 hominis,

1405 1421 1435 1458 si
1470 1433 1515 1458 ex
1549 1420 1729 1458 omnibus
1767 1420 1946 1458 carnibus
1979 1427 2016 1457 et
2048 1419 2199 1457 ossibus
2236 1419 2346 1457 fieret
2381 1429 2483 1456 unus

1405 1475 1538 1522 homo,
1567 1473 1619 1511 ita
1638 1473 1779 1511 scilicet
1806 1474 1914 1523 quod
1941 1473 2046 1511 nullo
2075 1472 2196 1511 modo
2220 1479 2380 1522 possent
2408 1471 2483 1510 dis-

1406 1527 1520 1575 solvi,
1550 1539 1630 1564 non
1657 1534 1789 1576 posset
1816 1539 1900 1564 esse
1928 1526 2064 1576 aliquis
2092 1526 2187 1564 alius
2214 1527 2336 1564 homo
2366 1536 2484 1575 quam

1406 1593 1507 1618 unus
1536 1580 1591 1627 (si
1617 1592 1712 1618 vero
1741 1588 1900 1630 possent
1938 1579 2116 1628 dissolvi,
2149 1579 2332 1629 possibile
2363 1585 2482 1627 esset,

1407 1634 1469 1671 illo
1489 1633 1649 1671 homine
1669 1641 1862 1683 corrupte,
1891 1633 2008 1671 alium
2034 1633 2237 1671 hominem
2258 1644 2359 1679 esse;
2388 1631 2485 1670 sicut

1409 1687 1592 1726 dissoluta
1619 1699 1719 1734 arca,
1749 1699 1797 1724 ex
1825 1686 1971 1724 eisdem
1999 1686 2108 1735 lignis
2127 1687 2172 1724 fit
2190 1685 2265 1724 alia
2289 1687 2406 1733 arca).
2435 1685 2486 1723 Et

1408 1741 1459 1779 ita
1479 1740 1594 1778 etiam
1614 1748 1671 1778 est
1698 1740 1737 1777 in
1765 1739 1858 1778 aliis.
1889 1740 1940 1777 Et
1957 1740 2071 1777 huius
2091 1739 2280 1777 rationem
2300 1738 2484 1787 assignat,

1410 1794 1500 1843 quia
1527 1793 1620 1832 nihil
1649 1806 1785 1831 eorum
1815 1805 1983 1842 quorum
2012 1793 2139 1830 forma
2167 1799 2223 1830 est
2249 1792 2290 1830 in
2312 1791 2484 1839 materia,

1410 1855 1537 1898 potest
1563 1846 1660 1895 fieri,
1690 1846 1721 1885 si
1745 1859 1826 1884 non
1844 1846 1942 1885 adsit
1961 1847 1982 1868 *
2005 1846 2162 1896 propria
2181 1845 2362 1892 materia3
2391 1845 2489 1883 sicut
2514 1854 2523 1863 ·

1412 1901 1552 1939 domus
1589 1913 1669 1938 non
1705 1907 1837 1950 posset
1862 1899 1947 1938 fieri
1983 1900 2015 1938 si
2051 1912 2132 1938 non
2166 1899 2240 1938 sint
2276 1898 2423 1949 lapides
2452 1905 2489 1936 et

1412 1955 1523 2003 ligna.
1563 1955 1613 1992 Et
1639 1954 1711 2002 ita,
1750 1953 1782 1991 si
1810 1966 1890 1991 non
1917 1953 1992 1991 sint
2029 1953 2124 1991 aliae
2163 1964 2298 1990 carnes
2335 1959 2373 1990 et
2400 1963 2489 1990 ossa

1411 2016 1563 2058 praeter
1582 2020 1629 2045 ea
1647 2019 1694 2045 ex
1713 2007 1854 2056 quibus
1874 2006 2120 2056 componitur
2133 2019 2234 2044 unus
2253 2006 2388 2054 homo,
2408 2017 2489 2044 non

1412 2061 1550 2112 poterit
1577 2061 1662 2099 fieri
1690 2061 1784 2098 alius
1811 2061 1933 2098 homo
1960 2067 2113 2110 praeter
2138 2059 2258 2098 illum.

1474 2116 1531 2153 13.
1561 2114 1712 2153 Deinde
1742 2126 1831 2152 cum
1860 2113 1965 2152 dicit:
2000 2114 2157 2151 Caelum
2185 2117 2313 2151 autem
2332 2117 2387 2150 est
2409 2111 2490 2161 qui-

1413 2169 1498 2206 dem
1516 2168 1773 2219 singularium
1795 2175 1884 2215 etc.,
1914 2166 2071 2217 adaptat
2089 2166 2139 2206 ad
2157 2165 2411 2216 propositum.
2441 2165 2492 2203 Et

1415 2222 1503 2260 dicit
1520 2234 1660 2260 verum
1689 2234 1773 2259 esse
1794 2221 1942 2258 caelum
1963 2233 2045 2258 esse
2072 2220 2120 2258 de
2146 2231 2309 2258 numero
2329 2218 2492 2268 singula-

1414 2276 1533 2324 rium,
1568 2283 1604 2313 et
1639 2287 1774 2312 eorum
1803 2286 1904 2323 quae
1933 2286 1979 2312 ex
2006 2273 2166 2312 materia
2194 2272 2490 2310 constituuntur:

1414 2342 1493 2367 non
1521 2337 1652 2366 tamen
1680 2329 1770 2366 est*
1790 2340 1836 2365 ex
1863 2334 1972 2377 parte
2000 2339 2093 2366 suae
2121 2326 2317 2374 materiae,
2346 2325 2416 2364 sed
2443 2336 2491 2362 ex

1413 2390 1492 2420 tota
1520 2394 1590 2420 sua
1617 2380 1787 2419 materia.
1818 2381 1867 2418 Et
1895 2380 1996 2428 ideo,
2027 2379 2207 2429 quamvis
2227 2379 2274 2417 sit
2301 2378 2374 2416 alia
2394 2378 2490 2416 ratio

1415 2435 1509 2473 caeli
1538 2442 1575 2472 et
1601 2435 1715 2472 huius
1736 2433 1842 2483 caeli,
1871 2445 1951 2471 non
1978 2441 2110 2472 tamen
2139 2441 2195 2471 est
2223 2440 2289 2470 aut
2318 2433 2339 2454 *
2364 2438 2491 2482 potest

1415 2501 1498 2527 esse
1517 2488 1621 2526 aliud
1640 2488 1810 2535 caelum,
1839 2494 1997 2537 propter
2023 2488 2100 2525 hoc
2127 2486 2234 2537 quod
2261 2493 2342 2524 tota
2369 2492 2490 2534 mate-

1415 2542 1469 2580 ria
1497 2541 1591 2579 caeli
1620 2541 1901 2591 comprehensa
1920 2542 1941 2562 *⁸
1961 2548 2018 2578 est
2045 2540 2116 2578 sub
2140 2540 2216 2578 hoc
2244 2540 2364 2577 caelo.

1475 2607 1532 2644 14·
1564 2594 1774 2632 Sciendum
1813 2602 1868 2631 est
1905 2601 2035 2632 autem
2073 2594 2180 2642 quod
2217 2593 2374 2643 quidam
2411 2590 2492 2629 aliis

1416 2648 1543 2687 modis
1561 2649 1729 2698 probant
1742 2654 1762 2675 Ρ
1775 2647 1956 2697 possibile
1977 2660 2061 2685 esse
2079 2648 2209 2697 plures
2234 2647 2372 2685 caelos.
2402 2645 2491 2683 Uno

1416 2702 1536 2740 modo
1556 2701 1622 2740 sic.
1651 2701 1822 2739 Mundus
1842 2701 1963 2739 factus
1983 2708 2039 2738 est
2057 2713 2080 2738 a
2099 2701 2204 2747 Deo;
2232 2700 2301 2738 sed
2319 2698 2492 2749 potentia

1415 2755 1506 2804 Dei,
1529 2767 1618 2793 cum
1637 2754 1684 2792 sit
1701 2754 1858 2802 infinita,
1880 2767 1960 2792 non
1979 2753 2255 2792 determinatur
2267 2754 2288 2776 *
2307 2752 2358 2790 ad
2376 2752 2492 2790 istum
2522 2761 2533 2770 ·

1416 2810 1542 2847 solum
1570 2808 1783 2855 mundum3
1820 2820 1911 2857 ergo
1939 2820 2019 2846 non
2048 2815 2105 2846 est
2132 2806 2356 2845 rationabile
2385 2804 2493 2854 quod

1417 2875 1496 2900 non
1515 2862 1636 2912 possit
1654 2862 1778 2899 facere
1794 2862 1909 2899 etiarn
1924 2862 1944 2883 ⁸*
1958 2861 2053 2899 alios
2072 2860 2280 2898 mundos·
2289 2860 2338 2897 Et
2351 2858 2402 2896 ad
2417 2858 2493 2896 hoc

1418 2915 1623 2954 dicendum
1644 2922 1700 2953 est
1719 2914 1837 2965 quod,
1858 2915 1890 2952 si
1908 2916 2016 2953 Deus
2035 2915 2176 2952 faceret
2195 2913 2290 2951 alios
2310 2912 2491 2961 mundos,

1417 2977 1481 3007 aut
1499 2970 1638 3006 faceret
1658 2981 1726 3005 eos
1746 2967 1887 3006 similes
1906 2968 1996 3017 huic
2015 2967 2176 3016 mundo,
2193 2974 2258 3004 aut
2277 2965 2491 3004 dissimiles.

307 3105 333 3130 in
347 3113 462 3135 numero,
477 3106 509 3132 cf.
523 3106 580 3131 lect.
594 3114 643 3136 xiV,
657 3111 710 3132 not.
724 3115 753 3138 κ;
772 3107 791 3132 Ρ
804 3106 882 3132 habet
896 3115 1020 3139 numero,
1040 3109 1086 3134 sed
1101 3110 1221 3143 expungit
1239 3110 1345 3143 infinita
1353 3118 1362 3140 ,·

308 3140 339 3165 cf.
351 3145 455 3181 textum.
474 3141 532 3166 Non
549 3149 615 3174 opus
634 3146 673 3167 est
685 3142 806 3167 adnotare
825 3143 895 3176 quod
909 3143 950 3168 hic
964 3152 1052 3169 sermo
1065 3149 1106 3169 est
1119 3145 1151 3169 de
1164 3144 1261 3170 infinito
1274 3145 1299 3170 in
1314 3153 1360 3178 po-

308 3180 396 3206 tentum
416 3175 447 3201 cf.
460 3176 573 3210 Hassic..
588 3177 632 3207 111,
650 3178 708 3203 lect.
719 3185 747 3208 x,
768 3177 782 3202 3
802 3185 861 3211 sqq.
874 3192 894 3198 -
906 3179 962 3204 Lin.
978 3180 1096 3213 sequenti
1114 3188 1161 3212 pro
1180 3181 1216 3206 Et
1234 3181 1283 3206 hoc
1302 3181 1361 3207 ideo

309 3213 355 3240 est,
375 3210 410 3235 Ee
427 3211 502 3236 huius
521 3212 590 3236 ratio
608 3216 646 3237 est
664 3213 692 3237 P.

347 3243 386 3285 st)
405 3246 440 3270 sit
452 3246 563 3272 essentia
575 3246 639 3272 eius.
651 3261 670 3266 -
682 3247 717 3272 sit
730 3254 784 3273 esse
798 3252 824 3273 et
837 3251 936 3274 natura
949 3249 1005 3275 eius
1018 3250 1047 3275 P.
1056 3250 1156 3275 Eodem
1171 3252 1250 3276 modo
1267 3252 1286 3277 P
1301 3257 1362 3285 post

311 3286 423 3320 quinque
441 3281 519 3321 lineas
533 3289 581 3314 pro
599 3282 710 3307 essentia
727 3285 888 3315 exemplaris
902 3284 978 3310 habet
996 3292 1051 3310 esse
1070 3289 1169 3311 natura
1185 3287 1362 3319 exemplar-iu

312 3314 357 3373 :gd
375 3316 520 3374 immediate
538 3321 610 3348 post,
629 3321 684 3342 tum
696 3317 773 3343 Pinna
786 3323 842 3344 tum
860 3320 961 3345 codices
975 3320 1124 3353 simpliciter
1142 3321 1235 3347 habent
1249 3326 1362 3355 praeter

339 3355 383 3373 sen
397 3356 448 3374 iam
466 3357 530 3375 eius.

342 3418 347 3423 Ι
366 3381 529 3424 Qunitatem
554 3387 723 3412 numeralem.
735 3400 754 3406 —
771 3389 934 3414 materialem
958 3391 1026 3416 addit
1049 3391 1109 3416 1².·
1122 3392 1212 3417 Unitas
1232 3398 1256 3418 et
1275 3393 1361 3419 multi-

314 3417 413 3449 plicatio
427 3426 495 3450 pure
514 3421 647 3460 numerica
666 3422 754 3446 dicitur
772 3423 847 3448 etiam
866 3424 949 3450 unitas
969 3431 994 3450 et
1011 3426 1187 3459 multiplicatio
1201 3428 1362 3458 materialis,-

315 3457 441 3485 quatenus
455 3455 629 3487 multiplicatio
643 3456 830 3482 individuorum
841 3459 954 3484 eiusdem
965 3461 1059 3493 speciei
1069 3469 1121 3486 non
1131 3468 1170 3487 est
1180 3462 1236 3488 sine
1249 3463 1362 3489 materia.

316 3495 331 3510 c
349 3486 531 3521 Quaecumque
545 3490 613 3514 enim
628 3496 687 3515 sunt
704 3498 784 3516 unum
806 3493 890 3524 specie
911 3499 936 3518 et
949 3495 1022 3527 plura
1041 3504 1149 3521 numero
1163 3498 1209 3528 (ut
1228 3498 1361 3528 Socrates,

315 3521 413 3555 Plato),
431 3522 526 3548 habent
536 3525 682 3564 materiam.
707 3526 765 3550 Non
784 3527 852 3552 enim
871 3529 1058 3562 distinguuntur
1077 3533 1220 3557 secundum
1238 3534 1363 3558 rationem

316 3561 341 3581 et
356 3557 480 3597 fonnem,
499 3566 559 3591 quia
576 3560 691 3584 omnium
709 3560 895 3588 individuorum
915 3570 953 3588 est
971 3566 1116 3591 communis
1134 3568 1198 3592 ratio
1222 3567 1364 3601 (essentia,

315 3591 465 3632 quidditas5
480 3593 511 3618 cf.
522 3601 599 3634 supra
613 3594 670 3619 lect.
680 3602 713 3625 ιν,
727 3600 779 3620 not.
790 3596 824 3629 o),
839 3602 927 3629 utpote
937 3607 1002 3631 quae
1014 3605 1052 3625 est
1066 3600 1185 3627 hominis.
1199 3603 1273 3628 Unde
1287 3603 1364 3628 relin—

317 3631 402 3659 quitur
420 3628 490 3660 quod
509 3628 693 3661 distinguantur
710 3637 756 3663 per
774 3633 914 3658 materiam.
933 3634 964 3659 Et
980 3634 1016 3659 sic
1035 3636 1151 3662 Socrates
1170 3642 1210 3662 est
1227 3646 1294 3663 unus
1313 3647 1365 3663 non

1415 3112 1502 3136 solum
1521 3111 1668 3136 secundum
1686 3111 1814 3136 rationem
1832 3115 1861 3135 ut
1879 3109 1976 3141 homo,
1995 3109 2043 3134 sed
2062 3109 2139 3134 etism
2159 3108 2306 3134 secundum
2324 3115 2465 3134 numerum
2476 3116 2491 3131 t

1416 3146 1604 3181 (Methaphys.
1619 3146 1681 3177 xil,
1695 3147 1753 3172 lect.
1766 3153 1782 3171 x
1801 3153 1883 3179 prope
1901 3143 2002 3179 finem).
2013 3144 2139 3169 -v0cem
2158 3144 2339 3175 materialem,
2353 3143 2425 3177 quod
2443 3149 2493 3169 nec

1416 3182 1472 3215 ipsa
1481 3183 1559 3208 Pinna
1573 3182 1665 3215 repetit
1674 3181 1700 3207 in
1714 3180 1766 3207 fine
1782 3181 1892 3212 numeri,
1903 3181 2055 3206 auctor-ime
2071 3180 2190 3205 codicum
2206 3179 2386 3213 expunximus,
2401 3183 2493 3212 utpooe

1416 3225 1468 3242 non
1487 3225 1668 3243 necessariam.

1469 3253 1494 3286 κ)
1515 3256 1544 3278 ut
1563 3253 1637 3287 infra
1655 3252 1826 3285 probabitur.
1839 3265 1857 3271 -
1869 3252 1920 3277 Pro
1940 3254 1977 3282 ut,
1997 3254 2024 3277 et
2042 3251 2071 3276 P.
2090 3250 2190 3276 Eadem
2208 3257 2257 3283 pro
2277 3249 2389 3275 mundi
2405 3248 2492 3283 syllo-

1415 3288 1509 3321 gismi,
1528 3288 1690 3322 syllogismi.
1701 3301 1720 3308 -
1734 3289 1791 3314 Lin.
1805 3295 1862 3321 seq.
1877 3295 1926 3321 pro
1937 3288 2076 3321 sormam,
2095 3286 2209 3319 speciem
2228 3285 2305 3311 codd.

1468 3322 1496 3356 λ)
1518 3324 1592 3350 Dicit
1615 3331 1681 3357 ergo
1700 3323 1829 3357 primo...
1843 3323 1916 3356 quod
1940 3322 2045 3352 dicmm'
2066 3325 2114 3348 est.
2130 3334 2150 3341 -
2167 3322 2205 3347 ltu
2227 3320 2339 3351 ΑιΕῦῙς
2358 3319 2378 3345 Ρ
2397 3319 2491 3346 habet:

1417 3358 1508 3384 Primo
1526 3366 1592 3393 ergo
1605 3359 1687 3392 ponit
1705 3359 1830 3392 exempIa
1849 3359 1921 3384 illius
1939 3358 2011 3392 quod
2025 3357 2126 3384 dictum
2143 3359 2191 3387 est,
2207 3356 2279 3389 quod
2298 3363 2352 3381 non
2365 3355 2490 3389 interpre-

1416 3399 1483 3419 tatur
1501 3399 1599 3420 textum
1621 3392 1682 3420 '031
1701 3392 1728 3420 δὲ
1749 3393 1851 3429 μᾶλλον
1870 3392 1944 3426 κτλ,
1971 3398 1997 3419 et
2014 3401 2067 3419 non
2091 3392 2223 3425 complete
2242 3391 2345 3425 con-igit
2364 3391 2491 3417 mendum

1417 3430 1492 3454 codd.
1505 3430 1669 3463 BCDFpEGI
1686 3430 1861 3456 emittentium
1881 3429 1956 3455 Dicit
1973 3436 2040 3462 ergo
2054 3427 2146 3461 primo
2157 3427 2241 3461 ...fiet
2260 3427 2441 3461 manifestum.

1471 3463 1498 3500 μ)
1518 3465 1628 3497 quidam
1652 3465 1714 3491 aliis
1738 3465 1823 3491 modis
1844 3465 1964 3498 probant
1982 3463 2134 3490 eta-Tria
2157 3463 2222 3488 haec
2246 3467 2399 3495 argumente
2421 3469 2491 3495 quae

1418 3505 1570 3532 sequuntur,
1589 3501 1739 3534 Simplicius
1757 3501 1904 3526 Alexandro
1923 3499 2025 3526 tribuit:
2040 3508 2053 3522 e
2065 3499 2211 3524 Alexander
2230 3503 2317 3524 autem
2336 3503 2362 3524 et
2380 3497 2430 3523 alin
2442 3504 2492 3530 op-

1418 3535 1489 3567 ponit
1507 3541 1670 3567 argumenta‚
1690 3545 1742 3562 non
1761 3537 1850 3562 solum
1870 3536 1941 3570 quod
1960 3534 2097 3567 contingit,
2121 3534 2169 3559 sed
2188 3533 2265 3559 etiam
2289 3534 2362 3567 quod
2381 3539 2491 3558 necesse

1418 3570 1505 3602 plures
1519 3578 1579 3596 esse
1592 3572 1705 3596 mundos
1726 3571 1847 3602 dicentm
1868 3572 1900 3597 ad
1933 3578 1983 3596 uae
1997 3578 2050 3596 non
2065 3569 2170 3596 adduxit
2188 3569 2340 3601 solutiones,
2359 3568 2408 3594 nisi
2422 3567 2490 3593 forte

1418 3605 1560 3630 inducenda
1578 3606 1610 3631 ab
1629 3607 1770 3632 Aristotele
1790 3612 1864 3640 putet
1885 3611 1912 3632 et
1966 3613 1980 3632 c
1998 3606 2102 3631 solvere
2117 3615 2141 3630 ι.
2161 3605 2311 3631 immediate
2329 3609 2391 3638 post
2413 3611 2490 3637 argu—

1419 3646 1506 3666 menta
1524 3642 1595 3674 ponit
1614 3647 1639 3667 et
1659 3643 1743 3668 solvit.
1763 3643 1816 3676 Op.
1826 3642 1877 3674 cit„
1887 3642 1932 3668 fol.
1942 3641 1977 3674 43
1990 3649 2077 3673 verso,
2093 3641 2141 3666 col.
2158 3648 2179 3666 i.

2498 522 2507 532 ·
2521 520 2587 544 ticet.
2602 526 2651 549 seq.

2499 586 2508 595 ·
2524 583 2561 606 Cf.
2576 588 2642 605 iinm.
2655 589 2678 611 7.

2504 950 2513 959 ·
2528 948 2601 971 Num.
2611 953 2663 976 seq.

2507 1269 2518 1279 ·
2527 1266 2629 1296 aliquod
2636 1265 2692 1289 add.
2699 1271 2724 1289 r.
