2782 4134
70 1907 214 1935 'opinionem
222 1907 279 1928 alio-

67 1941 117 1955 rum
132 1934 200 1955 codd

67 1961 121 1983 ¹Ct‘.
127 1962 147 1982 1ι,
140 1965 179 1982 ct.
185 1967 223 1987 xx,
230 1967 251 1982 n.
259 1966 279 1982 2.

66 2015 77 2025 ⁴·
86 2014 226 2035 determinat
231 2020 278 2035 om

66 2120 77 2130 ⁸
92 2119 153 2141 Lect.
171 2126 219 2148 seq.

67 2281 75 2288 ·
92 2279 162 2302 Num.
173 2286 205 2301 io.

62 2498 73 2508 ¹·
87 2497 158 2518 Num.
175 2503 197 2524 9.

69 2762 79 2773 ·
91 2762 191 2790 primum
205 2768 279 2784 ecurt.

68 2972 79 2982 ⁸
94 2971 156 2993 Lect.
166 2978 208 2998 xx,
225 2978 248 2993 n.
258 2978 278 3000 3.

68 3077 79 3088 ⁸
94 3076 147 3099 Vid.
163 3078 277 3105 lect.xx1‚

69 3110 93 3124 ιι.
107 3110 126 3131 5.

318 279 393 314 218

383 355 557 399 συμβαίνει
582 355 875 415 μεταβαλλόντων
911 357 976 389 τῶν
1011 355 1198 409 σχημάτων
1232 356 1277 393 οἷς
1308 355 1410 399 ωρι-Ι

383 412 464 432 σται
483 401 549 433 τῶν
575 401 704 445 ἄστρων
724 402 743 437 ἡ
762 400 829 433 τοίῖ
815 413 872 442 ις,
893 402 933 438 ὠς
953 401 1007 432 ἐπὶ
1026 402 1087 432 τοῦ
1106 412 1146 444 με
1133 399 1207 431 Aaou
1225 411 1261 431 κε
1266 411 1319 443 ιμ;
1324 412 1379 437 νης

385 457 405 476 τ

315 491 388 532 Περὶ
409 445 560 532 ῗιςένγγὲςυν
592 490 654 521 τοῦ
681 488 788 521 τόπου
820 491 878 520 καὶ
908 489 1009 532 μονῆς
1042 489 1100 519 καὶ
1128 499 1242 524 κινησε
1245 499 1310 528 ως,
1343 487 1377 519 ὃν

382 533 507 577 τρόπον
535 533 589 578 ἔχε
594 546 616 574 ι,
637 535 795 566 τοσαῦτα
821 532 961 575 εἰρήσθω
987 533 1060 576 περὶ
1087 531 1209 568 αὐτῆς.

369 633 517 659 Smopsxs.
545 648 579 652 -
611 641 634 659 1.
658 633 868 668 Argumentum
898 636 925 657 et
952 629 1054 657 divisio
1082 635 1182 656 textus.
1205 645 1224 649 —
1246 628 1376 656 Primum

315 673 394 709 quod
417 672 666 699 determinandum
693 678 735 698 est
761 671 795 698 de
817 677 909 704 terra,
939 676 981 697 est
1002 670 1037 697 de
1059 675 1141 697 motu
1163 668 1233 696 eius.
1250 686 1269 690 -
1283 668 1376 696 Huius

314 711 508 749 inquisitionis
529 711 601 739 ratio
617 718 668 745 est,
684 711 763 747 quod
778 719 795 737 a
810 710 982 746 quibusdam
1004 709 1131 745 positum
1147 715 1189 736 est
1202 709 1295 745 ipsam
1311 718 1375 737 mo-

313 752 392 787 veri,
421 751 479 779 sive
500 751 574 779 circa
600 751 726 779 medium
749 750 868 784 mundi,
898 749 956 777 sive
978 748 1151 777 circulariter
1176 748 1206 776 in
1229 749 1335 776 medio.
1357 765 1377 769 —

314 799 342 819 2.
365 791 544 829 Impossibile
566 797 608 818 est
629 796 738 818 terram
754 790 795 817 sic
810 772 930 817 moiteri.
954 789 1055 816 Prima
1071 789 1154 817 ratio.
1178 789 1215 816 Si
1222 795 1296 816 terra
1312 798 1375 816 mo-

313 839 413 859 veatur
427 831 607 865 circulariter,
623 837 720 858 motus
741 829 802 857 eius
824 829 876 857 erit
896 829 1054 857 violentus:
1071 839 1131 857 non
1148 829 1225 857 enim
1247 829 1376 857 naturale

312 878 356 900 est
377 879 467 899 terrae
489 870 661 899 circulariter
682 868 806 904 moveri,
834 875 866 897 ut
886 876 965 906 patet
992 879 1025 897 ex
1047 875 1130 897 motu
1157 868 1282 905 partium
1304 868 1374 896 eius.

313 913 410 939 Motus
425 918 520 939 autem
536 910 675 938 violentus
690 909 880 945 sempiternus
895 918 957 937 esse
971 909 1085 946 nequit:
1108 909 1185 936 iuxta
1201 915 1297 936 autem
1313 908 1376 945 opi-

313 951 431 979 nionem
447 950 622 986 Philosophi,
638 955 734 976 motus
745 956 846 983 terrae,
859 955 1001 986 quatenus
1015 949 1179 985 principalis
1194 949 1295 976 mundi
1310 957 1375 985 par-

311 991 367 1026 tis,
389 991 576 1027 sempiternus
601 998 662 1017 esse
684 990 777 1024 debet,
800 998 867 1017 cum
888 990 925 1017 ad
947 989 1048 1017 mundi
1070 989 1203 1017 ordinem
1225 995 1341 1025 spectet.
1357 1005 1376 1010 -

315 1032 340 1059 3.
357 1031 489 1059 Secunda
504 1030 586 1057 ratio.
603 1028 710 1057 Omnia
724 1038 848 1065 corpora
862 1029 1036 1057 circulariter
1050 1036 1138 1063 mota,
1154 1036 1272 1065 excepta
1282 1028 1376 1065 prima

311 1072 440 1107 sphaera,
459 1070 545 1098 situm
562 1079 646 1097 suum
661 1075 782 1102 mutant,
798 1076 951 1105 propterea
966 1070 1045 1106 quod
1060 1069 1189 1105 pluribus
1204 1075 1376 1097 moveantur

312 1111 447 1139 motibus.
469 1111 560 1137 Terra
580 1109 674 1146 igitur,
697 1108 718 1137 si
743 1108 918 1137 circulariter
939 1109 1031 1145 ipsam
1054 1108 1164 1137 moveri
1186 1115 1375 1145 supponatur,

311 1151 424 1178 duobus
450 1149 576 1177 motibus
599 1148 779 1184 movebitur,
807 1156 889 1177 motu
911 1149 1017 1177 scilicet
1038 1149 1148 1186 primae
1169 1150 1326 1186 sphaerae,
1349 1155 1376 1177 et

310 1197 392 1218 motu
407 1189 534 1226 proprio.
557 1190 598 1217 Ex
613 1198 672 1225 quo
688 1188 834 1226 continget
855 1189 949 1217 stellas
971 1189 1040 1217 fixas
1055 1199 1115 1217 non
1137 1197 1252 1225 semper
1266 1189 1333 1217 oriri
1349 1195 1376 1217 et

310 1230 440 1258 occidere
455 1229 613 1257 secundum
628 1229 730 1257 eadem
745 1229 809 1257 loca
823 1229 986 1266 designata;
996 1228 1076 1257 cuius
1086 1235 1184 1257 tamen
1199 1229 1375 1257 contrarium

309 1270 420 1298 accidit.
435 1287 454 1291 -
468 1278 495 1304 4.
512 1268 676 1297 Subdivisio
697 1275 799 1296 textus.
816 1286 835 1290 —
855 1269 1067 1297 Praenotamen
1089 1270 1128 1297 ad
1149 1270 1263 1297 tertiam
1287 1269 1376 1297 ratio-

309 1320 384 1338 nem.
407 1311 503 1337 Motus
524 1309 661 1337 naturalis
682 1309 807 1345 partium
829 1315 930 1344 terrae,
953 1309 1013 1337 imo
1035 1309 1124 1337 totius
1142 1316 1244 1344 terrae,
1266 1318 1375 1345 suppo-

307 1350 362 1378 sito
378 1350 459 1386 quod
473 1356 546 1377 esset
561 1356 639 1377 extra
653 1348 754 1376 mundi
769 1348 911 1383 medium,
934 1355 977 1377 est
998 1349 1035 1376 ad
1057 1349 1185 1377 medium
1208 1349 1376 1377 universi.—

311 1391 336 1418 5.
353 1390 510 1418 Dubitatio.
533 1389 631 1417 Posito
654 1389 731 1416 idem
749 1398 810 1416 esse
826 1388 954 1417 medium
969 1395 1061 1417 terrae
1077 1395 1104 1417 et
1119 1389 1248 1417 medium
1263 1389 1374 1424 mundi,

308 1430 454 1466 quaeritur
468 1439 504 1458 an
519 1429 616 1466 gravia
631 1435 802 1457 moveantur
822 1429 859 1456 ad
882 1428 1010 1456 medium
1032 1436 1174 1466 quatenus
1189 1435 1231 1457 est
1245 1411 1374 1457 mediuni

308 1470 427 1505 mundi,
449 1470 494 1498 vel
515 1475 656 1506 quatenus
678 1475 720 1497 est
742 1468 870 1496 medium
892 1475 994 1496 terrae.
1010 1485 1029 1489 —
1042 1469 1257 1506 Respondetur.
1278 1470 1376 1497 Motus

307 1510 436 1546 gravium
464 1516 506 1537 est
533 1509 570 1537 ad
598 1508 727 1536 medium
755 1518 789 1536 ea
823 1508 934 1537 ratione
967 1518 1025 1545 qua
1053 1515 1095 1536 est
1122 1509 1251 1537 medium
1287 1509 1375 1537 totius

307 1549 425 1584 mundi,
454 1549 526 1577 sicut
546 1548 651 1577 levium
674 1555 771 1588 motus
795 1555 838 1576 est
861 1549 898 1576 ad
922 1548 983 1576 eius
1012 1555 1187 1583 extremum3
1217 1549 1285 1586 quia
1306 1558 1375 1577 vero

307 1589 410 1617 accidit
425 1589 526 1617 mundi
548 1589 676 1617 medium
698 1597 759 1616 esse
781 1595 911 1616 centrum
926 1595 1027 1623 terrae,
1043 1598 1094 1625 per
1108 1571 1241 1617 accidens
1263 1590 1299 1617 ad
1315 1598 1374 1617 me-

307 1629 387 1657 dium
408 1636 499 1657 terrae
520 1629 692 1657 feruntur.-
703 1629 730 1656 6.
747 1628 851 1656 Gravia
864 1629 901 1656 ad
917 1628 1045 1656 medium
1067 1628 1186 1663 moveri,
1208 1635 1322 1657 constat
1342 1634 1375 1657 ex

307 1679 342 1697 eo
365 1670 445 1707 quod
466 1670 503 1697 ad
523 1676 629 1697 terram
655 1669 785 1696 feruntur
807 1669 845 1696 ad
866 1675 960 1696 rectos
984 1669 1105 1705 angulos
1129 1675 1261 1705 respectu
1282 1669 1375 1697 lineae

306 1709 486 1746 superficiem
501 1716 592 1737 terrae
607 1707 815 1745 contingenti53
837 1707 912 1736 linea
927 1717 995 1736 vero
1009 1715 1087 1737 recta
1101 1708 1375 1745 perpendiculariter

307 1750 411 1778 cadens
432 1758 519 1785 super
539 1749 625 1777 aliam
642 1748 857 1785 contingentem
879 1748 1026 1783 circulum,
1048 1748 1078 1776 in
1096 1749 1162 1777 loco
1177 1755 1335 1784 contactus,
1351 1749 1375 1777 si

447 1874 459 1886 ,
570 1855 747 1896 ostquam
776 1847 1032 1910 Philosophus
1060 1855 1285 1896 prosecutus
1314 1856 1370 1884 est

544 1917 554 1934 A
570 1901 729 1938 aliorum
759 1900 995 1949 opiniones·
1017 1900 1064 1937 de
1085 1909 1195 1947 terra,
1215 1900 1276 1937 hic
1305 1900 1369 1937 de-

514 1958 523 1973 *
570 1954 745 1991 terminat
765 1953 812 1990 de
834 1965 877 1990 ea
897 1953 1109 1990 secundum
1124 1954 1356 1991 veritatem*

370 2035 379 2040 ι
451 2002 462 2051 ἶ,
513 2000 551 2038 :1¹2¹
570 2008 619 2044 Et
654 2007 780 2056 primo
824 2006 1049 2044 determinat
1077 2007 1096 2028 ’¹‘
1126 2008 1172 2044 de
1210 2008 1295 2044 loco
1335 2015 1371 2044 et

306 2062 430 2111 quiete
459 2070 598 2106 terrae;
630 2061 798 2097 secundo
828 2060 875 2097 de
904 2060 1052 2108 figura
1045 2060 1180 2109 ipsius,
1210 2061 1278 2097 ibi:
1307 2061 1369 2097 Fi-

304 2127 444 2166 guram
464 2120 588 2152 autem
608 2115 746 2151 habere
764 2114 1041 2162 sphaericam*
1062 2121 1131 2150 etc.
1163 2114 1273 2151 Circa
1295 2114 1370 2163 pri-

306 2181 413 2206 mum
443 2168 519 2205 duo
549 2167 650 2204 facit:
679 2167 804 2216 primo
831 2167 1057 2204 determinat
1074 2167 1273 2204 veritatem
1302 2180 1371 2216 per

305 2222 467 2259 rationes
496 2217 704 2267 naturalesss
728 2220 897 2257 secundo
917 2233 986 2269 per
1009 2220 1115 2268 signa
1134 2221 1368 2268 astrologica,

304 2275 373 2312 ibi:
407 2276 443 2312 T
439 2275 668 2323 estificantur
694 2279 819 2310 autem
838 2274 895 2310 his
914 2275 934 2295 *
963 2281 1031 2311 etc.
1063 2274 1173 2310 Circa
1201 2274 1369 2322 primurn

306 2329 381 2366 duo
411 2328 515 2365 facit:
546 2327 670 2376 primo
711 2327 874 2364 ostendit
908 2327 1013 2376 quod
1050 2327 1285 2376 impossibile
1315 2335 1371 2364 est

304 2390 443 2419 terram
481 2381 649 2426 moveri3
680 2381 848 2417 secundo
879 2392 924 2417 ex
957 2381 1174 2429 praemissis
1207 2381 1371 2429 assignat

303 2448 435 2473 veram
466 2434 651 2471 rationem
681 2433 815 2483 quietis
838 2441 971 2481 terrae,
993 2433 1061 2470 ibi:
1090 2435 1226 2471 Adhuc
1243 2439 1369 2471 aulem

299 2490 431 2538 palam
452 2489 471 2509 ⁹³
502 2495 571 2524 etc.

360 2542 470 2578 Circa
488 2540 656 2590 primum
676 2539 745 2576 tria
764 2539 861 2576 facit.
892 2539 1023 2576 Primo
1044 2539 1131 2576 dicit
1151 2540 1197 2576 de
1218 2552 1295 2587 quo
1317 2547 1372 2576 est

306 2594 474 2640 intentio,
497 2593 636 2630 scilicet
655 2592 758 2640 quod
778 2592 904 2641 primo
926 2591 1130 2630 dicendum
1147 2598 1228 2629 est‘
1243 2600 1370 2629 utrum

305 2655 403 2684 terra
422 2647 560 2683 habeat
579 2653 728 2682 motum
753 2647 814 2682 vel
834 2646 1013 2693 quiescat.
1043 2646 1101 2682 Ex
1129 2652 1238 2682 motu
1267 2645 1369 2682 enim

307 2701 493 2738 debemus
521 2699 701 2736 accedere
729 2699 777 2735 ad
797 2698 869 2735 alia
888 2711 985 2747 quae
1006 2706 1093 2735 sunt
1111 2699 1210 2735 circa
1229 2706 1368 2735 terram

308 2753 598 2798 consideranda;
629 2759 665 2788 et
692 2751 778 2787 ideo
808 2751 882 2787 hoc
909 2751 1033 2800 primo
1053 2752 1073 2772 ³*
1091 2751 1213 2800 ponit,
1242 2759 1284 2788 ut
1311 2765 1369 2789 as-

308 2814 432 2844 sumat
459 2807 534 2843 hoc
562 2812 744 2853 tanquam
772 2804 1001 2854 principium
1030 2805 1078 2842 ad
1107 2805 1314 2854 sequentia.

361 2859 551 2905 Secundo,
569 2858 634 2895 ibi:
657 2858 980 2900 Quemadmodum
996 2859 1095 2895 enim
1111 2859 1275 2895 diximus
1287 2866 1368 2905 etc.,

307 2913 469 2960 assignat
504 2911 521 2940 β
558 2911 820 2949 necessitatem
856 2911 1070 2960 praedictae
1109 2911 1368 2960 inquisitionis.

307 2966 410 3003 Sicut
425 2965 526 3003 enirn
542 2977 656 3014 supra
671 2966 690 2984 ⁴⁵
708 2964 850 3002 dictum
866 2972 933 3011 est,
954 2964 1122 3013 quidam,
1139 2965 1278 3002 scilicet
1297 2966 1369 3013 Py-

306 3019 505 3067 thagorici,
541 3025 750 3068 posuerunt
778 3030 863 3055 eam
894 3018 1043 3054 moveri
1071 3018 1168 3055 circa
1198 3018 1367 3055 medium

307 3073 450 3119 mundi,
472 3085 516 3109 ac
535 3072 565 3109 si
585 3079 684 3108 esset
706 3083 783 3108 una
798 3072 1008 3118 stellarum3
1029 3071 1091 3108 alii
1109 3084 1203 3108 vero
1219 3072 1250 3115 *ῃ
1276 3071 1370 3108 sicut

307 3126 344 3162 in
369 3126 521 3163 Timaeo
546 3125 728 3171 scribitur,
752 3133 938 3174 ponentes
967 3132 1106 3162 terram
1134 3137 1216 3162 esse
1237 3125 1276 3162 in
1290 3137 1369 3162 rne-

309 3179 383 3225 dio,
406 3179 534 3216 dicunt
553 3191 640 3215 eam
662 3179 807 3215 revolvi
834 3178 931 3215 circa
959 3179 1123 3215 medium
1146 3178 1245 3227 poli,
1275 3178 1371 3216 idest

309 3232 405 3268 circa
433 3244 543 3268 axem
573 3231 806 3269 dividentem
837 3233 985 3268 caelum
1014 3243 1083 3280 per
1110 3231 1293 3269 medium.

363 3343 389 3378 α)
410 3345 507 3370 seilicet
521 3345 592 3377 quod
606 3345 696 3377 primo
711 3345 850 3370 dicendum
865 3345 983 3370 est.—-1ta
1000 3346 1053 3375 PG.
1068 3354 1122 3371 exc.
1137 3346 1208 3378 quod
1223 3353 1270 3378 pro
1280 3346 1371 3377 primo

310 3380 398 3411 legunt
412 3380 503 3411 prius;
522 3381 583 3412 quia
602 3380 700 3405 scilicet
715 3381 805 3412 primo
824 3381 963 3406 dicendum
979 3385 1018 3406 est
1032 3380 1071 3412 A;
1091 3381 1180 3406 dicens
1194 3381 1266 3413 quod
1280 3381 1371 3413 primo

310 3414 449 3439 dicendum
464 3418 502 3439 est
517 3416 554 3446 s1;
573 3416 686 3440 secundo
704 3416 809 3444 scilicet,
826 3416 916 3448 primo
934 3416 1073 3442 dicendum
1093 3420 1132 3442 est
1151 3421 1227 3441 cet.-
1240 3417 1299 3441 Mox
1314 3417 1372 3441 loco

311 3450 432 3474 debemus
448 3451 579 3480 accedere,
599 3451 814 3483 augmentabitur
834 3453 869 3480 A,
888 3452 1047 3477 transiemus
1066 3452 1100 3483 E,
1120 3455 1209 3477 terrae
1233 3452 1371 3477 devenien-

312 3485 375 3509 dum
394 3488 433 3509 est
451 3485 499 3513 sF,
524 3486 638 3510 sumitur
656 3486 726 3510 ratio
746 3487 791 3515 sG
811 3487 962 3511 devenimus
981 3487 1019 3518 sl;
1044 3492 1092 3512 cet.
1110 3495 1163 3512 om.
1172 3488 1238 3518 ,vel
1259 3488 1370 3520 spatium

311 3520 465 3551 relinquunt.
486 3520 560 3544 Forte
580 3522 717 3552 legendum
736 3522 975 3554 argumentabitur,
996 3506 1072 3554 p’rout
1090 3524 1111 3547 Α
1131 3506 1251 3548 insinuat.

367 3553 391 3588 β)
412 3555 573 3580 Secundo...
593 3556 749 3588 assignat.-
731 3556 831 3581 -Ante
850 3557 971 3590 assignat
989 3558 1008 3582 P
1028 3558 1096 3582 addit
1116 3558 1206 3583 Primo
1225 3565 1306 3592 ergo;
1325 3558 1370 3583 sed

312 3589 375 3614 haec
393 3589 471 3614 verba
489 3598 541 3614 non
560 3591 645 3615 solum
665 3592 808 3616 necessaria
827 3600 878 3616 non
898 3597 965 3622 sunt,
985 3593 1031 3617 sed
1051 3594 1127 3618 etiam
1147 3601 1300 3626 processum
1313 3601 1371 3618 ora-

313 3625 389 3650 tionis
407 3625 524 3655 turbant3
543 3625 600 3650 ideo
614 3627 781 3658 expunximus
802 3634 839 3655 ea.
859 3627 1006 3652 auctoritate
1026 3629 1128 3653 codd.-
1142 3629 1222 3654 Paulo
1242 3629 1306 3654 infra
1325 3637 1372 3662 pro

1013 280 1084 316 DE
1115 279 1290 316 CAELO
1320 279 1390 315 ET
1420 278 1615 315 MUNDO
1646 278 1740 314 LIB.
1772 279 1803 315 11

1504 357 1620 399 quibus
1651 357 1877 388 determinatus
1909 365 1955 389 est
1979 365 2137 389 astrorum
2168 358 2248 388 ordo
2258 381 2267 397 ‚
2294 365 2448 399 tanquam
2471 358 2504 390 in

1502 401 1609 431 medio
1633 401 1738 441 posita
1762 409 1851 433 terra.

1433 489 1481 519 De
1505 489 1578 519 loco
1602 489 1734 530 quidem
1756 490 1851 531 igitur
1874 498 1905 522 et
1928 491 2094 521 mansione
2119 498 2149 521 et
2172 497 2280 529 motu,
2314 500 2412 532 quem
2435 501 2507 522 mo-

1500 533 1578 563 dum
1601 534 1706 573 habet,
1730 541 1817 566 tanta
1840 535 1903 566 sint
1926 536 2009 566 dicta
2033 536 2070 566 de
2094 535 2171 575 ipsa.

1431 630 1624 666 protrahatur,
1643 637 1774 659 centrum
1796 631 1893 660 circuli
1914 632 2061 667 transibit;
2083 631 2113 659 in
2135 638 2235 660 centro
2257 631 2343 668 igitur
2362 638 2456 660 terrae
2477 638 2505 660 et

1432 669 1534 697 mundi
1553 677 1759 699 concurrerent
1780 671 1881 700 omnia
1895 672 2000 709 gravia,
2017 672 2040 700 si
2059 671 2130 699 nihil
2145 671 2305 708 impediret.
2324 688 2342 693 -
2357 681 2384 708 7.
2406 672 2505 700 Tertia

1431 710 1516 737 ratio.
1539 710 1644 738 Gravia
1665 717 1819 739 moventur
1837 712 1875 740 ad
1896 712 2026 740 medium
2049 712 2167 746 mundi;
2190 718 2344 739 moventur
2365 710 2452 739 etiam
2467 712 2505 739 ad

1431 749 1559 777 medium
1575 756 1684 785 terrae;
1700 759 1769 787 ergo
1791 750 1920 779 medium
1940 758 2031 780 terrae
2046 758 2088 780 est
2103 751 2231 779 medium
2247 751 2358 786 mundi,
2381 757 2409 779 et
2429 757 2506 779 terra

1431 795 1473 817 est
1494 789 1523 817 in
1546 790 1647 818 mundi
1669 790 1776 819 medio.
1799 792 1886 826 Item,
1915 792 2081 820 naturaliter
2109 791 2230 828 quiescit
2255 791 2365 828 aliquid
2386 790 2416 818 in
2437 791 2504 819 loco

1430 830 1467 857 ad
1489 839 1576 866 quern
1598 829 1767 858 naturaliter
1787 838 1936 867 movetur;
1958 838 2056 860 motus
2077 838 2175 860 autem
2196 831 2335 859 naturalis
2355 838 2448 859 terrae
2462 837 2505 859 est

1430 870 1467 897 ad
1489 869 1618 897 medium
1647 870 1767 905 mundi3
1791 879 1860 907 ergo
1885 870 1916 899 in
1940 871 2038 899 medio
2061 871 2163 900 mundi
2181 871 2323 908 quiescit,
2346 877 2374 899 et
2402 879 2504 899 conse-

1430 916 1551 945 quenter
1572 909 1652 937 nullo
1674 910 1766 937 modo
1788 917 1929 938 movetur.
1942 928 1961 932 —
1983 911 2010 939 8.
2038 912 2151 945 Quarta
2174 911 2258 939 ratio.
2281 911 2368 947 Lapis
2389 910 2504 939 tabulae

1430 948 1637 985 superpositus,
1653 949 1676 977 si
1691 958 1806 977 sursum
1821 949 1851 977 in
1865 950 2006 978 directum
2027 951 2204 987 proiiciatur,
2219 951 2250 979 in
2265 951 2391 979 eundem
2404 951 2503 979 locum

1429 989 1478 1016 ubi
1493 989 1572 1025 prius
1593 995 1654 1017 erat
1668 989 1759 1024 cadet,
1781 989 1806 1017 si
1820 996 1919 1018 tamen
1933 990 2031 1018 tabula
2045 1000 2106 1019 non
2121 998 2288 1026 moveatur;
2310 997 2391 1019 mota
2405 997 2504 1019 autem

1429 1029 1543 1063 tabula,
1568 1028 1598 1056 in
1613 1028 1702 1056 alium
1724 1029 1823 1057 locum
1844 1030 1936 1058 cadet.
1959 1030 2064 1066 Gravia
2084 1040 2152 1059 vero
2174 1040 2288 1059 sursum
2311 1030 2440 1067 proiecta
2458 1040 2503 1058 se-

1430 1069 1559 1096 cundum
1581 1075 1690 1097 rectam
1711 1068 1835 1105 lineam,
1858 1078 1972 1106 semper
1992 1069 2023 1098 in
2043 1071 2169 1098 eundem
2191 1071 2299 1099 cadunt
2313 1070 2411 1099 locum
2425 1071 2503 1098 unde

1430 1108 1544 1136 fuerunt
1558 1108 1695 1144 proiecta,
1711 1108 1823 1137 etiamsi
1838 1109 1974 1138 infinities
1988 1109 2186 1146 proiiciantur.
2202 1111 2244 1138 Ex
2258 1110 2318 1147 quo
2330 1116 2409 1147 patet
2423 1110 2504 1147 quod

1429 1155 1505 1176 terra
1524 1158 1585 1176 non
1606 1155 1749 1177 movetur.
1761 1165 1781 1170 -
1795 1149 1963 1177 Conclusio.
1986 1166 2005 1171 -
2026 1159 2053 1186 9.
2069 1151 2111 1178 Ex
2133 1150 2177 1178 his
2198 1155 2296 1178 autem
2317 1149 2503 1178 manifestum

1430 1195 1472 1216 est
1498 1198 1587 1225 quare
1608 1195 1683 1216 terra
1707 1188 1736 1216 in
1759 1188 1858 1217 medio
1880 1189 2018 1226 quiescat.
2045 1189 2122 1232 Quia
2146 1189 2223 1218 enim
2245 1189 2383 1218 naturalis
2405 1195 2503 1217 motus

1430 1228 1581 1256 cuiuslibet
1606 1234 1698 1256 terrae
1719 1228 1877 1265 particulae
1899 1235 1942 1257 est
1967 1230 2004 1257 ad
2031 1229 2179 1264 medium,
2208 1235 2237 1257 et
2264 1229 2350 1257 unius
2371 1228 2503 1266 corporis

1430 1269 1566 1313 simplicis
1581 1275 1624 1296 est
1641 1277 1716 1297 unus
1731 1275 1828 1296 motus
1850 1269 1988 1297 naturalis
2009 1269 2139 1306 simplex,
2161 1278 2223 1297 non
2243 1275 2341 1298 autem
2356 1269 2417 1297 duo
2431 1278 2502 1298 con-

1429 1308 1527 1343 trarii;
1553 1308 1683 1345 sequitur
1706 1318 1760 1337 nec
1781 1309 1871 1337 ullam
1898 1315 1991 1337 terrae
2011 1316 2139 1346 partem,
2165 1318 2219 1337 nec
2239 1318 2258 1337 a
2278 1308 2390 1337 fortiori
2410 1315 2503 1337 totam

1429 1355 1551 1384 terram,
1574 1358 1591 1376 a
1613 1348 1711 1376 medio
1732 1358 1818 1385 posse
1840 1349 1951 1377 moveri
1979 1349 2034 1378 nisi
2063 1356 2114 1392 per
2134 1348 2312 1381 violentiam.
2334 1350 2394 1377 Nec
2415 1347 2503 1377 obiici

1430 1395 1525 1425 potest
1546 1389 1627 1425 quod
1643 1395 1705 1416 tota
1719 1395 1794 1417 terra
1808 1389 1846 1417 ad
1860 1389 1990 1417 medium
2011 1399 2072 1418 non
2090 1385 2238 1418 inovetur·
2259 1388 2337 1417 idem
2360 1388 2439 1417 enim
2460 1395 2504 1417 est

1431 1435 1528 1457 motus
1549 1428 1687 1457 naturalis
1709 1429 1798 1457 totius
1813 1435 1840 1457 et
1855 1429 1952 1465 partis.
1969 1446 1988 1451 -
2007 1438 2050 1457 10.
2067 1430 2150 1464 Quae
2172 1428 2344 1457 sensibiliter
2362 1434 2504 1465 apparent

1429 1469 1506 1498 circa
1527 1478 1651 1506 corpora
1665 1469 1806 1504 caelestia,
1822 1469 1925 1497 salvari
1939 1478 2000 1497 non
2014 1476 2146 1505 possunt,
2162 1469 2218 1497 nisi
2232 1476 2339 1497 terram
2358 1468 2389 1496 in
2403 1467 2503 1497 medio
2519 1488 2521 1490 -

1430 1509 1577 1546 quiescere
1599 1518 1810 1546 supponamus.
1825 1525 1844 1529 —
1858 1509 1930 1537 Tres
1952 1509 2033 1537 modi
2055 1509 2160 1546 quibus
2181 1515 2257 1537 terra
2278 1507 2419 1545 disposita
2439 1511 2502 1536 esse

1430 1556 1537 1586 posset,
1553 1549 1576 1577 si
1592 1549 1621 1577 in
1636 1549 1734 1577 medio
1749 1558 1810 1577 non
1825 1555 1908 1577 esset.
1925 1549 2159 1577 lnconvenientia
2174 1557 2249 1586 quae
2264 1554 2456 1585 sequerentur
2471 1547 2503 1576 in

1430 1589 1559 1626 quolibet
1579 1588 1719 1626 ipsorum.
1734 1605 1752 1611 -
1770 1598 1779 1616 1
1791 1598 1814 1617 ι.
1830 1590 1872 1617 Ex
1894 1597 1929 1617 eo
1948 1590 2029 1626 quod
2049 1596 2126 1617 terra
2146 1598 2262 1625 semper
2282 1588 2312 1616 in
2334 1588 2433 1616 medio
2449 1594 2501 1623 est,

1429 1629 1559 1666 sequitur
1573 1629 1654 1666 quod
1664 1628 1794 1657 deloco
1787 1638 1817 1657 in
1829 1629 1925 1657 locum
1936 1638 1997 1657 non
2009 1635 2170 1657 moveatur.
2186 1629 2265 1663 Item,
2278 1627 2302 1656 si
2313 1637 2502 1665 quocumque

1430 1670 1521 1697 modo
1543 1675 1724 1704 moveretur,
1747 1669 1803 1697 hoc
1824 1669 2031 1697 inconveniens
2053 1669 2203 1704 accideret,
2226 1669 2306 1705 quod
2329 1676 2432 1696 omnes
2453 1667 2501 1696 alii

1430 1716 1536 1744 motus,
1548 1709 1593 1737 vel
1607 1709 1728 1736 nubium
1743 1709 1787 1736 vel
1801 1708 1980 1743 animalium,
1993 1718 2010 1737 a
2023 1708 2109 1737 nobis
2124 1708 2350 1737 occultarentur·
2366 1706 2502 1736 tardioris

1430 1749 1508 1777 enim
1529 1758 1591 1777 non
1613 1748 1769 1785 percipitur
1789 1755 1897 1784 motus,
1919 1749 1943 1777 si
1965 1748 2043 1777 iuxta
2056 1748 2184 1777 velocius
2205 1754 2366 1776 moveatur.

1485 1860 1519 1886 2.
1542 1848 1687 1895 Tertio,
1709 1847 1781 1885 ibi:
1807 1848 1918 1890 Quod
1934 1853 2060 1884 autem
2090 1853 2146 1884 est
2163 1847 2401 1896 impossihile,
2416 1855 2501 1896 etc„

1429 1901 1594 1938 ostendit
1622 1901 1726 1950 quod
1746 1901 1982 1950 impossibile
2012 1908 2068 1938 est
2086 1908 2227 1938 terram
2256 1900 2310 1937 sic
2338 1900 2501 1960 moveri,

1428 1962 1591 2004 quatuor
1610 1955 1830 1992 rationibus.
1853 1955 1933 1992 In*
1952 1966 2115 2004 quarum
2135 1953 2260 2003 prima
2275 1954 2413 2003 accipit
2427 1954 2504 1992 hoc
2530 1968 2539 1977 ·

1427 2020 1498 2057 pro
1527 2008 1728 2068 principiO,
1749 2008 1854 2057 quod
1884 2007 1914 2045 si
1943 2015 2042 2044 terra
2066 2015 2247 2044 movetur
2266 2007 2286 2028 ¹⁸²
2316 2007 2503 2045 circulari-
2529 2021 2539 2030 ·

1428 2069 1494 2108 ter,
1517 2062 1597 2098 sive
1628 2061 1789 2098 existens
1809 2061 1847 2098 in
1875 2061 2005 2098 medio
2026 2060 2160 2098 mundi
2189 2060 2270 2097 sive
2290 2068 2394 2098 extra
2421 2072 2503 2098 me—

1429 2091 1534 2152 diu’m
1569 2115 1715 2162 mundi,
1743 2126 1899 2152 necesse
1930 2122 1986 2151 est
2006 2115 2025 2134 ²³
2054 2115 2161 2166 quod
2189 2113 2270 2151 talis
2299 2121 2430 2152 motus
2457 2113 2505 2151 sit

1429 2168 1462 2204 ei
1490 2168 1692 2205 violentus.
1723 2167 1971 2205 Manifestum
2010 2175 2066 2205 est
2094 2167 2196 2204 enirn
2235 2168 2340 2216 quod
2373 2174 2517 2206 motus.

1428 2221 1618 2259 circularis
1656 2233 1735 2259 non
1765 2228 1820 2258 est
1846 2220 2026 2271 proprius
2055 2228 2091 2258 et
2119 2221 2299 2258 naturalis
2333 2227 2463 2259 motus
2481 2219 2502 2242 ⁸³

1427 2283 1570 2312 terrae:
1610 2275 1698 2324 quia
1731 2274 1762 2311 si
1801 2282 1899 2312 esset
1933 2273 1967 2311 ei
1995 2274 2057 2312 hic
2084 2275 2104 2295 ³³*
2133 2282 2261 2311 motus
2298 2273 2500 2322 naturalis,

1427 2336 1620 2377 oporteret
1656 2327 1763 2377 quod
1796 2327 1987 2377 quaelibet
2017 2327 2201 2377 particula
2229 2327 2310 2364 eius
2343 2327 2502 2365 haberet

1427 2382 1529 2419 hunc
1558 2389 1723 2429 motum,
1744 2379 1965 2430 quia'idem
1995 2389 2051 2418 est
2079 2388 2208 2418 motus
2237 2380 2417 2418 naturalis
2444 2387 2502 2418 to-

1427 2434 1499 2471 tius
1529 2442 1564 2472 et
1591 2434 1719 2483 partis,
1745 2442 1786 2471 ut
1805 2446 1920 2483 supra
1943 2434 1962 2455 *
1991 2433 2135 2470 dictum
2164 2441 2240 2480 est;
2269 2434 2344 2470 hoc
2370 2439 2499 2471 autem
2526 2445 2539 2457 ⁸

1426 2487 1603 2524 videmus
1633 2499 1714 2524 esse
1744 2487 1903 2533 falsum,
1933 2499 2024 2524 narn
2060 2498 2196 2523 omnes
2223 2493 2351 2535 partes
2378 2493 2499 2525 terrae

1427 2548 1634 2577 moventur
1662 2547 1771 2577 motu
1799 2547 1902 2576 recto
1931 2551 2066 2576 versus
2095 2541 2115 2560 *²
2143 2539 2316 2577 medium
2350 2538 2497 2577 mundi.
2527 2547 2536 2556 ·

1429 2593 1469 2630 Si
1491 2605 1585 2630 vero
1615 2600 1743 2630 motus
1771 2600 1892 2630 terrae
1918 2592 2109 2630 circularis
2137 2592 2183 2630 sit
2205 2592 2398 2629 violentus
2425 2594 2499 2630 et*

1426 2654 1576 2695 praeter
1603 2654 1809 2693 naturam,
1841 2658 1919 2682 non
1956 2653 2082 2695 potest
2110 2657 2193 2682 esse
2222 2646 2498 2695 sempiternus.

1427 2699 1530 2748 quia,
1562 2699 1657 2736 sicut
1676 2699 1714 2736 in
1732 2699 2015 2748 praecedenti*
2044 2699 2218 2736 habitum
2249 2707 2320 2746 est,
2350 2699 2534 2738 nullum·

1423 2753 1634 2790 violentum
1665 2761 1720 2790 est
1747 2752 2035 2801 sempiternum.
2072 2752 2150 2790 Sed
2177 2752 2208 2789 si
2236 2759 2335 2790 terra
2363 2764 2498 2791 move·

1425 2814 1486 2843 tur
1515 2805 1752 2853 circulariter,
1783 2818 1939 2842 necesse
1969 2813 2024 2843 est
2051 2805 2157 2854 quod
2185 2806 2269 2843 talis
2296 2813 2424 2843 motus
2453 2805 2500 2844 sit

1426 2860 1702 2908 sempiternus,
1738 2859 1936 2918 supposito
1970 2859 2075 2918 quod
2104 2859 2272 2896 mundus
2305 2859 2351 2896 sit
2378 2866 2498 2897 aeter-

1426 2925 1512 2959 nus,
1543 2912 1754 2950 secundum
1785 2912 1864 2949 eius
1894 2912 2136 2961 opinionem.
2166 2911 2255 2961 quia
2283 2912 2497 2950 secundum

1425 2966 1500 3002 hoc
1520 2973 1670 3015 oportet
1693 2971 1707 2992 ⁷
1727 2965 1832 3014 quod
1862 2965 1958 3003 ordo
1987 2965 2122 3003 mundi
2151 2965 2197 3002 sit
2225 2965 2496 3016 sempiternus,

1425 3027 1553 3056 motus
1569 3027 1696 3056 autem
1711 3019 1774 3055 vel
1791 3018 1899 3068 quies
1918 3019 2082 3068 partium
2101 3018 2367 3068 principalium
2385 3030 2496 3057 mun—

1427 3072 1463 3109 di
1490 3072 1652 3121 pertinet
1679 3072 1727 3110 ad
1757 3072 1929 3109 ordinem
1958 3072 2087 3122 ipsius.
2119 3072 2182 3109 Sic
2208 3084 2297 3121 ergo
2327 3071 2498 3121 sequitur

1426 3125 1531 3174 quod
1559 3133 1656 3162 terra
1685 3138 1764 3162 non
1792 3133 1971 3162 movetur
1999 3125 2238 3163 circulariter.

1482 3179 1516 3216 3.
1548 3179 1766 3216 Secundam
1801 3178 1988 3216 rationem
2016 3178 2125 3228 ponit
2153 3178 2223 3216 ibi:
2251 3178 2388 3216 Adhuc
2415 3190 2496 3216 om-

1427 3232 1490 3268 nia
1520 3239 1610 3268 etc.-
1602 3244 1743 3281 ‚quae
1763 3233 1782 3251 ⁴⁸
1811 3232 1894 3269 talis
1923 3240 1989 3269 est.
2024 3231 2169 3270 Omnia
2207 3241 2368 3282 corpora
2396 3243 2496 3282 quae

1427 3346 1453 3370 in
1473 3346 1579 3370 Timaeo
1597 3346 1731 3376 scribitur,
1753 3346 1778 3371 in
1801 3346 1908 3371 Timaeo
1926 3346 2047 3371 scribunt
2065 3346 2141 3371 codd.
2155 3353 2209 3372 exc.
2223 3346 2283 3370 Α.-
2294 3345 2352 3371 Lin.
2366 3353 2423 3379 seq.
2438 3346 2496 3371 loeo

1427 3381 1541 3406 medium
1557 3382 1623 3414 poIi,
1644 3382 1759 3406 medium
1779 3381 1846 3407 caeli
1864 3381 1918 3412 PG,
1939 3381 2054 3407 medium
2074 3381 2168 3406 mundi
2186 3386 2234 3406 cet.
2249 3388 2304 3406 exc.
2322 3381 2360 3412 A3
2380 3381 2412 3407 cf.
2426 3385 2496 3411 text„

1427 3422 1452 3442 et
1471 3417 1529 3442 lect.
1548 3425 1600 3447 xxi,
1620 3425 1645 3441 n.
1662 3417 1675 3442 5
1696 3417 1832 3450 principio.

1480 3452 1506 3493 γ)
1521 3452 1556 3477 sit
1569 3453 1776 3484 sempiternus...
1791 3455 1930 3484 oportet.-
1943 3452 1979 3478 lta
1991 3453 2028 3483 Α;
2042 3452 2078 3478 sit
2090 3451 2268 3484 sempiternus
2280 3451 2426 3477 secundum
2439 3451 2497 3478 eius

1426 3488 1590 3520 opinionem,
1615 3488 1677 3520 quia
1695 3488 1839 3513 secundum
1862 3488 1947 3520 ipsum
1967 3491 2072 3520 oportet
2091 3488 2124 3519 P;
2143 3487 2238 3512 omittit
2256 3495 2351 3521 nempe
2370 3487 2495 3512 homotel.

1426 3524 1562 3555 supposito
1587 3524 1657 3556 quod
1677 3524 1791 3548 mundus
1809 3523 1845 3548 sit
1863 3526 2001 3553 aeternus,
2026 3528 2051 3548 et
2070 3528 2153 3548 mutat
2176 3523 2320 3548 secundum
2343 3522 2393 3548 hoc
2412 3522 2437 3548 in
2455 3529 2495 3548 se—

1426 3559 1540 3584 cundum
1557 3559 1651 3591 ipsum.
1665 3559 1721 3585 Cet.
1731 3560 1806 3584 codd.
1818 3560 1906 3592 legunt
1923 3564 1952 3584 ut
1970 3559 1998 3588 Ρ,
2009 3559 2054 3584 sed
2074 3565 2166 3583 omnes
2181 3565 2235 3584 exc.
2249 3558 2273 3583 sl
2288 3557 2384 3583 habent
2398 3564 2457 3583 cum
2472 3558 2494 3583 Α

1426 3595 1568 3619 secundum
1589 3595 1637 3619 1ιοι·
1643 3601 1652 3623 ;
1670 3594 1814 3620 secundum
1839 3601 1897 3619 eum
1918 3594 1950 3619 sl.
1967 3608 1987 3613 -
2005 3594 2069 3619 Post
2093 3601 2172 3619 unam
2195 3594 2290 3619 lineam
2309 3593 2328 3618 P
2347 3597 2374 3618 et
2392 3593 2494 3619 codices

1427 3635 1533 3662 excepto
1552 3630 1575 3654 Α
1594 3637 1641 3663 pro
1655 3630 1776 3662 pertinet
1794 3630 1883 3663 legunt
1897 3629 2043 3662 pertinent.

2553 1967 2581 1990 1-
2595 1972 2645 1990 on.
2658 1973 2714 1996 Ape.

2527 2126 2538 2138 ⁶
2554 2128 2619 2149 enet
2631 2133 2653 2149 1·-

2527 2232 2539 2244 ·
2553 2234 2628 2255 nonu
2641 2239 2691 2255 om.
2705 2239 2729 2255 Α.

2528 2285 2722 2309 'modia-

2638 2546 2699 2569 κιαι»
2718 2551 2741 2570 et
2780 2574 2782 2578 .

2591 2579 2700 2596 .exc.a.

2524 2604 2537 2616 ⁸
2551 2605 2632 2626 nom.
2643 2609 2657 2626 r
2668 2607 2742 2627 etco-
2762 2599 2764 2602 ’
2779 2607 2782 2610 ⁴

2526 2630 2590 2653 dice·
2603 2636 2655 2653 exe.
2667 2637 2712 2653 ni.

2549 2709 2614 2732 Lect.
2628 2715 2664 2737 tv,
2678 2716 2702 2732 ιι.
2717 2710 2740 2732 6.

2524 2726 2743 2786 zsssfflffl

2521 3239 2611 3261 'ratio
2624 3238 2678 3261 odd.
2687 3245 2709 3261 ι’.
