2782 4134
1141 205 1254 243 CAP.
1283 206 1335 255 V,
1366 206 1518 244 LECT.
1548 207 1584 243 X
2374 220 2449 256 421

311 293 350 330 4.
379 282 529 320 Deinde
558 295 647 320 curn
677 282 785 320 dicit:
819 283 1008 325 Quoniam
1043 290 1169 321 autem
1201 285 1331 322 simili-

259 340 316 373 ter
334 342 418 384 etc.,
449 335 613 373 ostendit
639 335 883 385 propositum
912 336 959 373 de
988 337 1176 387 principio
1201 338 1328 375 austri.

258 389 309 426 Et
329 388 427 426 circa
445 389 521 426 hoc
539 388 610 425 tria
628 388 730 425 facit:
746 388 872 438 primo
889 389 1054 427 ostendit
1074 391 1180 438 quod
1203 398 1330 428 auster

258 453 340 478 non
357 441 425 478 flat
443 441 492 478 ab
513 442 630 478 altero
649 441 760 490 polo;
791 442 962 479 secundo
993 443 1100 491 quod
1124 456 1203 480 non
1221 444 1289 480 flat
1307 456 1330 480 a

257 493 404 543 tropico
428 494 595 542 hiemali,
616 494 685 531 sed
713 494 960 542 aestivo„ibi:
986 496 1175 538 Quoniam
1203 502 1329 533 autem

257 559 378 596 neque
396 547 458 584 ille
474 547 496 570 *
515 554 604 594 etc.;
624 546 733 584 tertio
754 547 920 585 ostendit
939 560 1096 585 causam
1119 549 1329 586 vehemen-

257 600 333 638 tiae
351 600 480 648 austri,
500 600 570 638 ibi:
590 600 662 638 me
678 605 804 638 autem
824 600 845 622 '¹‘
864 608 934 638 etc.
1004 635 1016 644 ,

309 653 412 691 Dicit
432 665 522 702 ergo
540 653 668 703 primo
688 653 796 702 quod
823 653 918 690 sicut
945 653 1016 690 ista
1035 665 1124 702 pars
1141 661 1263 690 terrae
1291 654 1329 691 in

257 718 335 756 qua
361 707 592 755 habitamus,
613 719 654 744 se
682 707 798 743 habet
826 707 876 744 ad
898 707 1034 756 polum
1063 706 1258 754 arcticum,
1279 707 1329 744 ita

256 759 374 797 etiam
405 772 564 798 necesse
593 767 649 797 est
676 760 783 808 quod
801 760 928 808 aliqua
956 759 1028 797 alia
1052 772 1093 797 se
1121 760 1261 797 habeat
1279 760 1329 797 ad

254 813 390 863 polum
420 813 653 863 oppositum.
674 813 786 851 Unde
815 820 966 862 oportet
989 812 1096 863 quod
1114 813 1329 862 proportio-

255 866 428 904 nabiliter
446 866 493 904 sit
510 866 563 904 ibi
581 866 694 904 flatus
720 874 928 904 ventorum
948 865 1044 904 sicut
1064 874 1100 903 et
1119 866 1192 903 hic.
1215 866 1328 904 Unde

255 919 352 957 sicut
368 919 437 957 flat
463 919 602 957 boreas
622 932 645 957 a
663 920 754 969 polo
784 920 936 968 arctico,
958 919 1010 957 ita
1028 919 1080 957 ibi
1108 919 1176 956 flat
1194 919 1328 968 aliquis

253 979 393 1011 ventus
412 985 435 1010 a
453 973 544 1022 polo
565 973 744 1022 opposito
771 975 902 1022 (quem
927 973 1102 1010 nominat
1125 972 1238 1010 aliam
1258 973 1328 1010 Ur-

254 1028 366 1074 sam).
397 1026 476 1064 Sed
503 1026 564 1064 ille
591 1034 730 1064 ventus
758 1027 824 1075 qui
851 1027 919 1064 flat
942 1027 991 1064 ab
1020 1026 1094 1063 alio
1123 1026 1228 1075 polo,
1248 1038 1328 1063 non

252 1086 381 1129 potest
397 1079 613 1129 pertingere
630 1081 725 1118 huc:
746 1080 836 1129 quia
855 1080 993 1117 boreas
1007 1092 1087 1117 non
1101 1080 1227 1116 solum
1247 1091 1328 1116 non

250 1139 380 1183 potest
405 1133 620 1182 pertingere
640 1133 690 1171 ad
709 1133 822 1171 aliam
850 1141 999 1183 partem
1037 1140 1158 1170 terrae
1181 1132 1328 1170 habita-

251 1185 479 1234 bilQeree}
492 1194 564 1224 nec
593 1184 708 1224 etiam
728 1186 768 1224 in
795 1194 916 1225 totam
943 1186 1055 1224 istam
1079 1185 1326 1223 habitabilem

251 1246 427 1278 nostram
445 1240 659 1289 pertingere
673 1247 816 1290 potest;
839 1248 895 1277 est
913 1239 1016 1277 enim
1032 1240 1169 1277 boreas
1187 1247 1326 1276 ventus

251 1293 454 1343 epogdos,
483 1293 590 1342 quod
618 1306 698 1332 non
725 1294 890 1331 multum
917 1292 1127 1343 procedere
1155 1299 1282 1342 potest
1299 1298 1324 1330 ”.

252 1345 334 1384 Sed
349 1353 509 1396 propter
535 1347 611 1384 hoc
639 1347 745 1396 quod
771 1347 841 1384 ista
869 1354 999 1384 nostra
1022 1346 1237 1384 habitabilis
1256 1359 1324 1395 po-

251 1398 324 1438 sita
350 1406 408 1437 est
435 1399 486 1437 ad
513 1407 681 1448 arctum,
709 1399 864 1450 plurimi
891 1400 1033 1437 boreae
1070 1399 1165 1437 flant
1191 1400 1324 1438 nobis:

252 1452 322 1491 sed
340 1452 438 1490 sieut
463 1453 526 1491 hic
553 1454 647 1492 flant
664 1453 818 1504 plurimi
846 1453 988 1491 boreae
1009 1460 1046 1490 et
1070 1453 1197 1501 austri,
1218 1453 1269 1491 ita
1289 1461 1325 1491 et

252 1513 358 1544 extra
384 1518 492 1544 mare
512 1507 713 1556 Libycum,
734 1507 840 1555 quod
869 1514 926 1544 est
943 1507 993 1544 ad
1026 1514 1211 1553 austrum,
1231 1507 1326 1544 flant

249 1559 407 1611 plurimi
435 1559 516 1598 euri
553 1567 590 1598 et
625 1560 794 1610 zephyri.
834 1560 898 1597 Sic
934 1559 1046 1609 igitur
1081 1560 1324 1598 manifestum

251 1619 311 1653 est
336 1612 443 1663 quod
469 1620 597 1651 auster
623 1626 703 1652 non
731 1615 800 1652 flat
827 1614 877 1651 ab
905 1613 980 1651 alio
1007 1613 1112 1663 polo.

309 1665 344 1704 5.
372 1666 524 1705 Deinde
552 1679 642 1705 cum
671 1667 784 1705 dicit:
818 1667 1007 1710 Quoniam
1040 1672 1167 1704 autem
1204 1678 1325 1716 neque

250 1717 314 1757 ille
331 1725 416 1770 etc„
446 1721 612 1759 ostendit
630 1721 737 1771 quod
756 1733 836 1759 non
853 1721 922 1758 flat
939 1733 962 1758 a
989 1720 1137 1770 tropico
1156 1720 1321 1757 hiemali.

304 1913 333 1948 η)
351 1913 424 1947 quod
442 1921 528 1940 non...
538 1917 638 1947 potest.
651 1927 671 1934 —
684 1914 754 1940 idest
766 1921 819 1940 non
835 1914 949 1940 multum
962 1914 1114 1947 procedere
1121 1918 1220 1947 potens
1233 1922 1326 1947 margo

249 1948 310 1976 Vnt.
320 1956 399 1983 2072.
410 1963 430 1969 -
442 1949 516 1975 Circa
528 1949 608 1975 verba
626 1957 694 1983 quae
707 1950 733 1975 in
746 1958 816 1975 vers.
828 1955 968 1975 occurrunt
987 1950 1166 1985 donec...flet,
1181 1954 1207 1975 et
1219 1957 1287 1983 quae
1301 1950 1327 1975 in

1386 285 1487 332 Quia
1519 285 1550 323 si
1587 292 1714 323 auster
1749 286 1860 323 flaret
1887 298 1910 323 a
1936 286 2083 336 tropico
2121 287 2299 335 hiemali,
2334 287 2453 326 alium

1385 346 1578 387 oporteret
1606 339 1697 377 dare
1724 346 1885 377 ventum
1905 339 1970 388 qui
1989 340 2099 377 flaret
2117 352 2140 377 a
2167 341 2314 390 tropico
2343 342 2452 379 aesti-

1384 391 1487 440 vali,
1527 404 1616 429 cum
1658 392 1729 430 ista
1771 393 1847 430 duo
1885 393 1970 430 loca
2011 393 2082 430 sibi
2117 394 2453 443 proportionaliter

1384 446 1720 494 correspondeant.
1756 445 1834 483 Sed
1870 446 1946 483 hoc
1987 458 2067 483 non
2105 447 2306 495 contingit:
2346 448 2450 485 solus

1384 497 1487 535 enim
1505 510 1606 536 unus
1633 506 1772 536 ventus
1790 499 1858 536 flat
1885 499 1997 536 nobis
2017 511 2063 536 ex
2090 499 2152 537 illa
2179 507 2299 549 parte.
2321 501 2450 547 Quare

1382 562 1538 588 necesse
1569 559 1624 589 est
1660 553 1766 602 quod
1800 559 1927 589 auster
1960 552 2006 590 sit
2031 560 2170 590 ventus
2198 553 2296 590 flans
2325 566 2348 590 a
2375 560 2450 591 tro-

1381 603 1468 651 pico
1499 604 1680 652 aestivali,
1699 605 1767 642 ubi
1795 613 1852 643 est
1880 613 2011 643 exusta
2039 606 2154 654 regio.

1438 657 1473 692 6.
1495 657 1643 694 Deinde
1669 670 1757 695 cum
1786 658 1888 696 dicit:
1907 659 1978 696 Ille
2004 665 2130 696 autem
2159 665 2241 707 etc„
2271 659 2361 707 quia
2389 672 2450 696 su-

1382 720 1452 757 pra
1470 708 1490 730 *
1509 709 1765 757 assignaverat
1784 724 1940 749 causam
1959 712 2226 750 vehementiae
2246 712 2387 749 boreae
2414 720 2450 750 et

1383 761 1520 809 austri,
1561 764 1816 811 supponendo
1849 765 1955 813 quod
1987 765 2082 802 flant
2108 778 2131 802 a
2164 765 2315 803 duobus
2348 765 2447 815 polis

1384 814 1579 863 oppositis,
1596 817 1810 854 secundum
1830 818 1991 855 aliorum
2012 818 2246 867 opinionem,
2267 831 2366 868 quae
2387 831 2448 856 su-

1382 879 1452 916 pra
1478 867 1499 889 *
1533 867 1754 917 impugnata
1791 878 1865 917 est;
1904 871 1992 908 ideo
2021 871 2081 908 hic
2116 871 2281 909 ostendit
2312 884 2448 909 veram

1383 932 1540 958 causam
1558 922 1826 960 vehementiae
1846 924 1973 971 austri,
1990 925 2203 962 secundum
2223 924 2447 974 opinionem

1382 973 1590 1022 propriam.
1611 975 1712 1012 Dicit
1739 988 1829 1024 ergo
1849 977 1954 1026 quod
1982 977 2068 1014 licet
2094 977 2133 1014 in
2151 977 2214 1015 illo
2234 978 2333 1025 loco,
2353 978 2450 1016 idest

1382 1027 1454 1063 sub
1483 1027 1630 1077 tropico
1659 1028 1843 1076 aestivali,
1869 1042 1948 1067 non
1985 1030 2031 1067 sit
2058 1031 2177 1068 multa
2204 1031 2362 1068 materia
2390 1031 2448 1068 fu-

1382 1092 1505 1128 mans,
1526 1080 1623 1118 sicut
1651 1089 1706 1118 est
1735 1082 1834 1119 circa
1870 1083 2026 1132 polum,
2057 1084 2145 1132 quia
2172 1091 2329 1133 propter
2355 1083 2448 1122 vici-

1381 1133 1551 1170 nantiam
1580 1134 1669 1171 solis
1697 1147 1776 1172 non
1804 1143 1891 1172 sunt
1918 1136 1969 1172 ibi
1997 1137 2137 1174 multae
2166 1149 2300 1186 aquae,
2321 1149 2447 1186 neque

1374 1198 1534 1235 pascua,
1555 1186 1651 1224 idest
1678 1188 1764 1225 loca
1791 1189 1956 1226 herbosa
1980 1197 2016 1226 et
2042 1189 2212 1237 humida,
2235 1202 2280 1227 ex
2309 1190 2448 1239 quibus

1379 1239 1527 1288 possint
1559 1241 1763 1289 pervenire
1800 1242 1952 1289 etesiae,
1982 1242 2079 1280 idest
2114 1243 2218 1281 venti
2256 1243 2445 1291 continui;

1380 1300 1510 1331 tamen
1538 1293 1588 1331 ad
1615 1294 1720 1332 illum
1749 1295 1896 1342 locum,
1925 1303 2082 1345 propter
2110 1296 2191 1333 eius
2219 1296 2446 1344 magnitudi-

1379 1359 1483 1395 nem,
1505 1355 1752 1396 congregatur
1779 1360 1824 1385 ex
1853 1348 2010 1386 diversis
2043 1349 2260 1397 regionibus
2288 1349 2447 1387 materia

1380 1400 1521 1448 austri3
1551 1400 1617 1450 qui
1652 1409 1809 1450 propter
1845 1402 2146 1450 magnitudinem
2187 1403 2361 1439 locorum
2400 1415 2447 1440 ex

1379 1453 1518 1502 quibus
1544 1466 1615 1503 per
1641 1454 1798 1502 longum
1826 1462 1978 1504 tempus
2011 1457 2177 1493 adunata
2205 1463 2261 1493 est
2287 1455 2446 1493 materia

1380 1506 1460 1544 eius
1487 1507 1527 1544 in
1554 1519 1694 1555 magna
1722 1508 1966 1556 abundantia,
1987 1516 2043 1546 est
2060 1516 2197 1546 ventus
2226 1508 2346 1557 magis
2374 1516 2446 1546 sta-

1379 1560 1463 1598 bilis
1501 1567 1538 1597 et
1565 1560 1670 1598 fortis
1707 1573 1825 1610 quam
1859 1562 2007 1599 boreas.
2041 1562 2091 1599 Et
2124 1574 2169 1599 ex
2198 1562 2445 1611 consequenti

1378 1612 1499 1662 magis
1527 1613 1665 1651 durare
1692 1622 1828 1663 potest,
1850 1622 1886 1652 et
1911 1615 2123 1664 pertingere
2144 1614 2194 1652 ad
2220 1615 2348 1652 locum
2376 1615 2444 1652 bo—

1378 1679 1484 1714 reae,
1509 1679 1627 1716 quam
1656 1668 1794 1705 boreas
1821 1669 1940 1717 possit
1965 1668 2178 1718 pertingere
2207 1668 2315 1716 illuc,
2349 1667 2446 1705 idest

1378 1720 1428 1758 ad
1455 1721 1585 1758 locum
1612 1721 1738 1759 austri.

1380 1914 1567 1940 commentario
1581 1915 1608 1940 S.
1618 1913 1738 1940 Thomae
1747 1922 1800 1940 non
1811 1915 1976 1947 explicantur,
1987 1914 2154 1940 animadverti
2164 1918 2250 1947 potest
2261 1914 2340 1939 verba
2353 1921 2445 1947 graeca

1381 1950 1478 1983 quibus
1493 1950 1537 1976 ina
1551 1951 1718 1984 respondent,
1732 1949 1808 1980 ἕως...
1823 1950 1887 1980 πνεῖ,
1902 1950 1986 1983 prima
1998 1958 2078 1975 manu
2091 1951 2173 1975 omitti
2188 1950 2214 1975 in
2229 1950 2303 1975 codd.
2314 1949 2378 1975 Bkk.
2387 1950 2445 1975 ΕΗ.

2476 724 2486 734 '
2500 723 2563 746 Lect.
2573 730 2613 752 vn,
2622 731 2646 747 n.
2654 731 2691 748 ιο.

2478 883 2487 893 ·
2500 882 2573 905 Num.
2582 889 2607 911 4.
