2690 4062
307 268 401 292 Lxxu

376 336 466 365 ποιεῖ
490 332 554 369 την
582 330 774 366 ἀκινησίαν·
803 328 843 359 τό
869 329 929 369 μέν
954 327 1017 371 γαρ
1046 325 1133 370 ἀγαν
1159 322 1301 368 ψυχρόν,
1328 322 1370 353 τό

375 373 403 408 δ’
427 376 515 422 ἀγαν
541 374 637 419 ξηρόν
664 374 768 405 ἐστιν.
795 373 860 403 Καὶ
886 371 919 402 ἐν
941 370 997 414 μὲν
1022 373 1093 405 τοῖς
1112 365 1254 411 αὐχμοῖς
1274 377 1370 398 πνευ-

376 415 538 465 ματώδης
564 420 579 451 ὁ
608 417 689 460 ἀήρ·
717 416 822 447 τοῦτο
855 416 919 460 γαρ
946 412 1034 445 αὐτό
1058 413 1150 443 ἐστιν
1177 412 1192 442 ὀ
1218 410 1368 460 αὐχμός,

376 464 461 497 ὅταν
499 464 621 495 πλείων
654 462 674 497 ’ἡ
709 459 929 503 ἀναθυμίασις
962 458 982 493 ἡ
1015 456 1100 499 ξηροὶ
1132 457 1272 500 γίνηται
1307 465 1370 490 της

377 508 497 555 ύγρᾶς·
524 507 557 538 ἑν
583 503 620 538 δὲ
645 509 719 541 ταῖς
747 502 983 546 ύπερομβρίαις
1010 501 1111 531 πλείω
1137 511 1174 531 τε
1196 502 1287 530 ποιεῖ
1304 497 1369 533 τήν

376 554 471 589 ἐντός
491 549 723 594 ἀναθυμίασιν,
738 549 795 578 καὶ
814 547 861 587 τῷ
882 541 1225 587 ἑναπολαμβοίνεσθαι
1243 542 1276 573 ἑν
1294 552 1371 573 στε-

376 595 529 639 νωτέροις
550 594 667 630 τόποις
691 593 748 623 καὶ
775 587 1022 631 ἀποβιάζεσθαι
1043 588 1086 624 εἱς
1105 586 1242 619 ὲλοίττω
1260 585 1368 617 τόπον

377 642 441 677 τη“ν
468 638 634 675 τοιαύτην
663 634 856 675 ἀπόκρισιν,
884 631 1118 675 πληρουμένων
1145 631 1211 663 τῶν
1236 629 1369 661 κοιλιῶν

378 684 516 724 ὕδατος,
537 681 620 719 ὅταν
648 679 792 724 ἄρξηται
815 681 966 721 κρατεῖν,
986 675 1044 708 διαὶ
1069 677 1110 707 τό
1137 676 1223 706 πολι)
1241 674 1285 711 εἰς
1305 673 1370 704 ὀλί-

375 740 434 774 γον
461 725 642 763 πιληθῆναι
667 722 794 762 τόπον,
820 721 959 765 ἰσχυρῶς
990 724 1076 751 κινεῖ
1097 718 1178 764 ῥέων
1206 719 1222 750 ὁ
1250 718 1368 761 ἀνεμος

374 774 430 804 καὶ
458 772 700 813 προσπίπτων·
1290 804 1296 814 l

309 813 362 848 δεῖ
377 818 439 863 γαρ
462 818 545 846 νοεῖν
572 812 625 845 ὅτι
645 811 752 853 ὥσπερ
771 809 804 841 ἐν
823 810 870 850 τῷ
889 807 1025 852 σώματι
1044 808 1135 852 ἡμῶν
1160 809 1217 838 καὶ
1237 816 1367 850 τρομων

374 862 430 892 καὶ
449 858 602 904 σφυγμῶν
621 854 731 888 αἴτιόν
749 851 821 886 ἐστι
840 854 860 891 ἢ
879 853 941 884 τοῦ
961 851 1156 896 πνεύματος
1174 851 1369 892 ἐναπολαμ-

374 901 541 946 βανομένη
566 897 726 944 δύναμις,
754 897 843 930 οὕτω
875 897 933 928 καὶ
963 897 997 929 ἐν
1023 897 1068 939 τῇ
1094 897 1139 942 γῇ
1166 896 1207 926 τό
1233 894 1367 936 πνεῦμα

374 945 601 990 παραπλήσια
631 949 759 982 ποιεῖν,
785 945 842 974 καὶ
869 943 927 974 τόν
953 943 1012 986 μὲν
1038 941 1106 972 τῶν
1131 939 1272 981 σεισμῶν
1299 939 1367 969 οἷον

374 991 494 1035 τρόμον
520 987 618 1030 εἶναι,
638 989 697 1020 τόν
723 983 753 1018 δ’
774 987 842 1019 οἷον
860 987 1023 1031 σφυγμόν,
1042 986 1100 1016 καὶ
1117 981 1269 1027 καθάπερ
1288 994 1370 1026 συμ-

373 1035 480 1075 βαίνει
505 1032 667 1070 πολλάκις
692 1031 784 1076 μετα
809 1032 872 1067 τήν
900 1032 1031 1074 οὔρησιν
1050 1027 1108 1060 διά
1125 1028 1187 1060 τοῦ
1208 1027 1368 1071 σώματος

374 1080 525 1125 (γίνεται
550 1079 613 1123 γάρ
646 1075 756 1120 ὥσπερ
790 1075 912 1120 τρόμος
942 1087 1013 1113 τις,
1041 1071 1367 1117 ἀντιμεθισταμένου

372 1123 433 1155 τοῦ
459 1121 654 1166 πνεύματος
680 1118 799 1161 ἔξωθεν
825 1119 888 1151 ἔσω
915 1118 1077 1164 ἀθρόου),
1105 1117 1257 1149 τοιαῦτα
1281 1118 1367 1162 γίνε-

371 1165 447 1198 σθαι
479 1168 535 1198 καὶ
570 1166 643 1208 περὶ
668 1166 731 1201 τήν
756 1165 833 1209 γῆν.
865 1163 966 1201 Ὃσην
1000 1158 1029 1194 δ’
1059 1161 1129 1206 ἔχει
1161 1162 1203 1193 τό
1233 1161 1367 1204 πνεῦμα

370 1210 530 1254 δύναμιν,
559 1210 596 1242 οὖ
628 1207 728 1254 μόνον
754 1211 790 1242 ἐκ
823 1209 892 1239 τῶν
918 1209 951 1241 ἑν
978 1208 1026 1249 τῷ
1053 1203 1125 1250 ἀέρι
1149 1200 1203 1236 δεῖ
1234 1203 1366 1248 θεωρεῖν

370 1253 549 1301 γινομένων
575 1252 747 1298 (ἐνταῦθα
763 1254 822 1298 μὲν
847 1255 910 1298 γσὲρ
936 1247 995 1284 8ιά
1020 1252 1062 1284 τό
1079 1248 1218 1296 μέγεθος
1238 1246 1368 1282 ὑπολοί-

371 1302 423 1340 βοι
448 1310 499 1336 τις
526 1297 566 1330 ἀν
593 1298 744 1330 τοιαῦτα
768 1293 935 1330 δύνασθαι
960 1296 1108 1336 ποιεῖν),
1137 1294 1227 1326 ἀλλα
1249 1295 1307 1325 καὶ
1333 1293 1366 1324 ἐν

371 1347 441 1380 τοῖς
465 1341 597 1387 σώμασι
623 1346 693 1379 τοῖς
719 1343 785 1375 τῶν
803 1340 913 1384 ζώων·
940 1340 969 1373 οἵ
995 1353 1033 1372 τε
1058 1340 1121 1384 γαὶρ
1141 1338 1283 1371 τέτανοι
1306 1339 1365 1369 καὶ

371 1390 399 1420 οἱ
424 1389 574 1431 σπασμοὶ
606 1385 802 1429 πνεύματος
826 1385 885 1430 μέν
911 1385 973 1417 εἰσι
996 1386 1160 1424 κινήσεις,
1188 1381 1364 1418 τοσαύτην

368 1427 398 1463 δ’
417 1432 548 1476 ἔχουσιν
564 1431 662 1487 ἰσχύν
679 1429 767 1462 ὥστε
786 1431 931 1468 πολλούς
951 1428 1022 1474 ἅμα
1039 1426 1262 1472 πειρωμένους
1281 1426 1366 1459 ἀπο-

369 1475 543 1519 βιάζεσθαι
575 1487 621 1520 μη
654 1469 818 1507 δύνασθαι
849 1478 987 1518 κρατεῖν
1020 1475 1083 1512 τῆς
1114 1471 1276 1509 κινήσεως
1303 1471 1365 1508 τῆς

369 1521 436 1553 τῶν
463 1518 737 1565 ἀρρωστούντων.
763 1520 807 1551 Τό
829 1518 917 1551 αὑτό
934 1517 987 1550 δεῖ
1001 1522 1087 1551 νοεῖν
1104 1515 1279 1562 γινόμενον
1304 1518 1364 1547 καὶ

370 1563 402 1596 ἑν
428 1565 474 1607 τῇ
499 1564 631 1610 γῇ,·ώς
655 1562 799 1617 εἰκοίσαι1
816 1564 896 1607 πρός
921 1562 1035 1616 μικρόν
1059 1563 1185 1607 μεῖζον.

303 1610 429 1654 Σημεῖα
446 1605 483 1642 δὲ
502 1608 635 1641 τούτων
659 1610 717 1640 καὶ
739 1620 818 1653 προς
836 1609 901 1644 τήν
919 1608 1090 1663 ἡμετέραν
1109 1604 1261 1643 αἴσθησιν
1283 1604 1366 1636 πολ-

366 1654 477 1698 λαχοῧ
502 1652 657 1699 γέγονεν·
684 1647 750 1690 ἤδη
775 1653 839 1699 γαρ
865 1653 1000 1696 σεισμός
1026 1664 1059 1683 εν
1085 1650 1204 1688 τόποις
1222 1651 1291 1681 τισὶ
1315 1659 1367 1694 γι-

367 1697 501 1741 νόμενος
535 1697 572 1729 οὗ
607 1695 769 1741 πρότερον
801 1695 917 1738 ἔληξε,
950 1698 1025 1741 πρὶν
1057 1693 1200 1740 ἐκρήξας
1233 1694 1278 1731 εἰς
1304 1692 1364 1725 τόν

368 1743 450 1796 ὑπὲρ
475 1742 538 1788 γῆς
563 1740 670 1773 τόπον
696 1741 840 1786 φανερῶς
865 1740 975 1782 ὥσπερ
1007 1738 1159 1784 ἐκνεφίας
1183 1736 1321 1780 ἐξῆλθεν
1347 1738 1363 1769 ὀ

367 1798 507 1824 κινησας
533 1785 673 1829 ἄνεμος,
702 1785 768 1817 οἷον
798 1787 857 1816 καὶ
891 1787 964 1828 περὶ
993 1785 1196 1829 Ἡράκλειαν
1222 1781 1360 1828 ἐγένετο

368 1831 431 1867 τήν
458 1829 490 1862 ἑν
518 1830 565 1871 τῷ
597 1829 711 1871 Πόντῳ
736 1832 879 1870 νεωστὶ,
909 1831 966 1861 καὶ
995 1828 1158 1873 πρότερον
1193 1830 1266 1871 περὶ
1299 1827 1364 1862 τήν

364 1876 470 1919 Ἰεράν
495 1874 614 1911 νῆσον·
642 1873 731 1911 αὕτη
757 1868 789 1905 δ’
815 1871 888 1906 ἐστὶ
913 1875 974 1918 μία
1000 1874 1068 1906 τῶν
1097 1872 1217 1906 Αἰόλου
1241 1872 1365 1904 καλου-

368 1918 475 1963 μένων
501 1918 627 1956 νήσων·
655 1919 687 1951 ἑν
713 1916 829 1961 ταύτῃ
854 1919 917 1964 γοίρ
944 1913 1105 1959 ἐξανώδει
1131 1929 1164 1950 τι
1190 1917 1254 1954 τῆς
1278 1916 1362 1962 γῆς,

367 1966 424 1995 καὶ
452 1961 547 2006 ἀνῄει
572 1963 639 1995 οἷον
655 1957 808 2006 λοφώδης
833 1962 932 2008 ὄγκος
949 1964 1042 2007 μετα
1058 1961 1181 2006 ψόφου·
1211 1960 1308 1998 τέλος
1325 1956 1363 1992 δὲ

367 2006 530 2054 ῥαγέντος
555 2005 672 2048 ἐξῆλθε
698 2007 832 2051 πνεῦμα
857 2008 944 2040 πολι)
968 2009 1026 2039 καὶ
1053 2008 1112 2038 τόν
1133 2005 1281 2050 φέψαλον
1306 2006 1363 2036 καὶ

368 2053 432 2088 τήν
458 2050 581 2096 τέφραν
601 2051 718 2092 ἀνῆκε,
737 2054 794 2084 καὶ
815 2050 944 2088 τήν,τε
969 2053 1168 2096 Λιπαραίων
1195 2049 1291 2083 πόλιν
1309 2047 1365 2082 οὖ-

367 2107 429 2128 σαν
455 2096 493 2129 οὗ
515 2095 622 2141 πόρρω
640 2097 753 2128 πᾶσαν
777 2095 1030 2140 κατετὲφρωσε,
1048 2097 1106 2127 καὶ
1125 2095 1170 2133 εὶς
1187 2095 1278 2132 ἐνίας
1296 2095 1363 2126 τῶν

366 2138 399 2173 ἐν
419 2140 556 2181 Ἰταλίᾳ
582 2140 711 2173 πόλεων
738 2138 850 2179 ἦλθεν.
876 2141 941 2172 Καὶ
960 2141 1016 2172 νῦν
1035 2140 1088 2172 ἔτι
1105 2138 1191 2173 ὅπου
1217 2140 1258 2172 τό
1282 2139 1365 2171 ἀνα-

366 2184 502 2229 φύσημα
535 2185 641 2218 τοῦτο
674 2183 831 2231 ἐγένετο,
857 2180 963 2222 δῆλόν
994 2185 1104 2217 ἐστιν·
1129 2187 1188 2217 καὶ
1219 2185 1283 2231 γάρ
1318 2180 1364 2220 δή

367 2229 428 2263 τοῦ
452 2228 627 2275 γινομένου
653 2231 752 2274 πυρός
773 2229 807 2261 ἐν
825 2230 869 2271 τῇ
895 2230 940 2275 γῇ
966 2227 1100 2266 ταύτην
1122 2228 1257 2267 οἰητέον
1275 2224 1363 2260 εἶναι

367 2274 430 2311 τήν
456 2274 585 2314 αἰτίαν,
604 2272 689 2306 ὅταν
714 2273 927 2318 κοπτόμενον
953 2272 1140 2318 ἑκπρησθῇ,
1164 2275 1298 2318 πρῶτον
1316 2273 1361 2311 εἱς

365 2317 467 2371 μικροὶ
488 2329 524 2349 κε
546 2317 772 2362 ματισθέντος
797 2319 859 2351 τοῦ
886 2317 992 2362 ἀέρος.

301 2364 482 2407 Τεκμηριον
507 2361 524 2394 δ
556 2362 629 2394 ἐστὶ
656 2364 717 2396 τοῦ
741 2365 807 2408 ῥεῖν
833 2364 899 2396 ύπό
925 2363 988 2399 τήν
1013 2363 1078 2416 γῆν
1104 2364 1152 2395 τά
1176 2361 1361 2407 πνεύματα

365 2409 423 2439 καὶ
448 2407 488 2439 τό
509 2405 682 2453 γινόμενον
701 2408 773 2453 περὶ
791 2406 926 2446 ταύτας
945 2409 1007 2445 τοὶς
1027 2418 1164 2446 νησους·
1192 2405 1278 2440 ὅταν
1295 2408 1361 2453 γαρ

369 2451 487 2496 α”νεμος
512 2450 617 2495 μέλλῃ
636 2449 849 2485 πνευσεῖσθαι
866 2451 977 2493 νότος,
997 2454 1218 2496 προσημαίνει
1240 2454 1362 2497 πρότε-

367 2506 438 2538 ρον·
465 2495 587 2541 ἠχοῦσι
611 2495 674 2542 γὰρ
701 2499 730 2530 οἱ
758 2494 858 2529 τόποι
885 2494 919 2538 ἐξ
942 2497 986 2528 ῶν
1003 2498 1140 2542 γίνεται
1164 2497 1212 2529 τοὶ
1237 2497 1304 2530 ἀνα
1329 2509 1363 2528 υ·

367 2539 524 2583 σήματα,
542 2535 601 2572 8ιοί
618 2542 658 2573 τό
677 2543 741 2579 τήν
761 2539 943 2573 θσίλατταν
969 2543 1027 2585 μὲν
1054 2539 1277 2586 προωθεῖσθαι
1295 2537 1360 2579 ηδη

368 2582 546 2628 πόρρωθεν,
573 2584 638 2618 ὑπό
663 2580 699 2618 δέ
726 2584 857 2622 ταύτης
883 2587 922 2618 τό
948 2586 985 2618 ἐκ
1011 2586 1074 2624 τῆς
1097 2586 1161 2632 γῆς
1187 2585 1363 2631 ἀναφυσώ-

393 2640 464 2660 ενον
492 2627 698 2661 ἀπωθεῖσθαι
723 2630 824 2663 πάλιν
843 2631 933 2671 εἴσω,
954 2629 1038 2673 ᾗπερ
1061 2629 1247 2676 ἐπέρχεται
1264 2632 1285 2668 η’
1304 2630 1362 2664 θοί-

366 2641 486 2705 {mm
510 2671 638 2715 ταύτῃ.
668 2676 760 2707 noter
782 2673 820 2706 δέ
844 2672 947 2718 ψόφον
974 2674 1051 2707 ἀνευ
1075 2676 1215 2720 σεισμοῦ
1239 2670 1299 2708 διαί
1323 2688 1361 2708 τε

369 2718 432 2753 τήν
457 2717 658 2775 εὗρυζωρίαν
680 2720 746 2751 τῶν
771 2717 886 2752 τόπων
914 2719 1136 2764 (ύπερχεῖται
1159 2733 1181 2767 γ
1249 2721 1294 2759 εἱς
1319 2722 1361 2753 τό

370 2762 492 2817 ἀχανὲς
523 2761 606 2805 ἔςω)
635 2765 692 2795 καὶ
724 2758 760 2795 δι’
799 2762 990 2809 ὀλιγότητα
1023 2765 1085 2797 τοῦ
1121 2765 1197 2798 ἀπω
1221 2764 1361 2810 ουμένου

369 2817 474 2850 αερος.

295 2849 371 2881 Ἔτι
396 2850 436 2882 τό
460 2850 610 2896 γίνεσθαι
641 2853 699 2885 τὸν
732 2850 826 2889 ἥλιον
853 2852 875 2885 ἀ
900 2851 1012 2889 λυώδη
1046 2856 1104 2885 καὶ
1131 2853 1361 2899 ἀμαυρότερον

369 2894 445 2926 α”νευ
470 2894 596 2939 νέφους,
615 2898 672 2928 καὶ
698 2897 761 2940 πρό
782 2897 848 2930 τῶν
867 2895 999 2941 ορθρίων
1017 2899 1162 2943 σεισμῶν
1181 2898 1290 2931 ἐνίοτε
1309 2910 1362 2936 νη-

368 2941 482 2983 νεμίαν
508 2950 546 2970 τε
570 2941 627 2971 καὶ
651 2940 748 2985 κρύος
771 2940 919 2995 ἰσχυρόν,
938 2945 1074 2984 σημεῖον
1101 2943 1163 2981 τῆς
1187 2942 1361 2998 εἰρημένης

369 2983 482 3020 αἰτίας
507 2983 616 3015 ἐστίν·
644 2984 703 3016 τόν
729 2997 767 3018 τε
785 2998 848 3032 γαρ
871 2983 966 3022 ἥλιον
987 2985 1146 3030 ἀχλυώδη
1171 2990 1229 3019 καὶ
1257 2999 1364 3032 αμαυ-

368 3027 421 3071 ρόν
449 3028 634 3073 ἀναγκαῖον
655 3026 741 3062 εἶναι
759 3031 959 3062 ὑπονοστεῖν
979 3030 1166 3075 ἀρχομένου
1185 3033 1248 3065 τοῦ
1266 3032 1364 3066 πνεύ-

368 3083 476 3147 ματος
509 3074 552 3109 εἱς
587 3073 651 3109 τήν
683 3075 747 3120 γῆν
779 3075 841 3107 τοῦ
874 3071 1077 3113 διαλύοντος
1102 3075 1162 3108 τόν
1189 3075 1274 3119 ἀέρα
1304 3079 1364 3109 καὶ

390 3118 607 3161 ιακρίνοντος,
625 3119 682 3149 καὶ
701 3118 781 3160 πρός
806 3118 870 3155 τήν
897 3117 939 3151 ἕω
963 3120 1021 3151 καὶ
1040 3122 1114 3164 περὶ
1132 3121 1212 3159 τούς
1231 3119 1361 3166 ὄρθρους

369 3162 525 3204 νηνεμίαν
552 3173 589 3192 τε
614 3164 671 3193 καὶ
688 3161 810 3208 ψῦχος·
837 3165 901 3201 τήν
921 3165 981 3207 μὲν
998 3165 1062 3209 γάρ
1080 3167 1239 3210 νηνεμίαν
1259 3165 1364 3212 ἀναγ-

368 3209 463 3237 καῖον
489 3206 530 3242 ὠς
555 3203 609 3237 ἐπὶ
635 3206 676 3239 τὸ
701 3209 787 3239 πολύ
813 3208 1025 3252 συμβαίνειν,
1050 3207 1206 3254 καθάπερ
1232 3211 1364 3254 εἴρηται

368 3251 425 3280 καὶ
458 3248 640 3292 πρότερον,
668 3251 735 3283 οἷον
761 3255 963 3296 μεταρροίας
988 3254 1065 3284 εἵσω
1090 3253 1267 3299 γινομένης
1301 3255 1363 3288 τοῦ

370 3291 574 3336 πνεύματος,
599 3296 656 3326 καὶ
682 3295 810 3340 μᾶλλον
836 3296 900 3340 πρὸ
925 3297 992 3328 τῶν
1019 3297 1178 3341 μειζόνων
1202 3299 1362 3343 σεισμῶν·

370 3338 415 3379 μή
440 3331 672 3381 διασπώμενον
697 3341 760 3385 γαρ
786 3340 827 3372 τό
853 3342 913 3384 μὲν
939 3340 1015 3382 ἔξω,
1038 3342 1080 3373 τό
1104 3337 1133 3373 ’δ’
1157 3340 1266 3383 ἐντός,
1286 3343 1360 3376 ἀλλ’

371 3379 487 3422 ἀθρόον
513 3382 689 3426 φερόμενον
716 3383 904 3429 ἀναγκαῖον
929 3384 1058 3429 ἰσχύειν
1083 3387 1225 3430 μᾶλλον.
1255 3389 1301 3420 Τό
1326 3382 1364 3419 δέ

371 3423 472 3468 ψῦχος
497 3426 670 3469 συμβαίνει
694 3426 752 3460 δια
778 3429 819 3459 τό
845 3428 909 3465 τήν
937 3428 1159 3472 ἀναθυμίασιν
1180 3433 1257 3463 εἴσω
1276 3443 1317 3463 πε
1340 3443 1366 3462 ι-

372 3467 565 3512 τρέπεσθαι,
588 3469 684 3524 φύσει
708 3471 829 3516 θερμήν
855 3472 959 3506 οὖσαν
983 3472 1056 3506 καθ’
1086 3474 1210 3512 αὐτήν.
1237 3476 1284 3509 Οὐ
1309 3443 1365 3508 δρο-

371 3513 466 3544 κοῧσι
483 3509 510 3543 δ’
533 3515 561 3545 οἱ
581 3526 694 3559 ανεμοι
712 3513 798 3548 εἶναι
815 3515 925 3561 θερμοὶ
942 3512 1001 3550 διαὶ
1018 3519 1059 3550 τό
1077 3523 1179 3551 κινεῖν
1200 3521 1261 3552 τόν
1280 3517 1364 3564 ἀέρα

373 3555 482 3598 πλήρη
507 3555 631 3602 ψυχρᾶς
656 3558 740 3592 ὄντα
765 3562 822 3592 καὶ
847 3562 973 3599 πολλῆς
1000 3558 1159 3606 ἀτμίδος,
1185 3562 1296 3608 ὥσπερ
1323 3565 1364 3596 τό

373 3600 505 3643 πνεῦμα
530 3603 570 3632 τό
594 3597 653 3634 8ιά
678 3605 740 3637 τοῦ
773 3603 949 3648 στόματος
982 3606 1191 3651 φυσώμενον·
1217 3609 1275 3639 καὶ
1299 3609 1363 3654 γάρ

1018 244 1606 285 METEOROLOGICORUM
1634 243 1728 279 LIB.
1760 243 1791 278 II

1496 330 1619 353 aestum
1643 323 1717 353 facit
1740 322 2013 353 immobilitatem:
2039 322 2101 353 hoc
2121 322 2206 353 enim
2229 323 2321 354 valde
2337 322 2500 364 frigidum,

1494 367 1555 397 hoc
1573 373 1679 397 autem
1703 367 1793 397 valde
1818 367 1938 397 siccum
1961 373 2016 397 est.
2041 367 2082 397 Et
2100 366 2132 396 in
2157 366 2348 398 siccitatibus
2367 367 2500 408 quidem

1495 421 1667 451 spumosus
1692 418 1760 441 aer:
1785 411 1847 441 hoc
1870 410 1979 451 ipsum
2002 410 2088 440 enirn
2111 417 2158 441 est
2181 411 2347 450 aucthS‚
2367 412 2499 452 quando

1493 455 1630 494 amplior
1654 454 1810 485 exhalatio
1834 454 1914 485 sicca
1943 454 2025 485 facta
2048 454 2143 485 fuerit
2165 465 2264 496 quam
2286 455 2442 495 humida;
2465 456 2499 486 in

1493 498 1647 539 pluviosis
1662 506 1770 529 autem
1786 498 1975 539 ampliorem
2003 498 2076 530 facit
2095 509 2167 529 eam
2191 509 2274 540 quae
2296 500 2382 530 intus
2406 500 2499 530 exha-

1493 542 1661 581 lationem,
1686 549 1717 573 et
1739 552 1778 573 eo
1802 543 1892 583 quod
1915 542 2083 583 recipiatur
2105 543 2138 573 in
2161 543 2397 584 angustioribus
2419 544 2499 575 locis

1494 593 1524 617 et
1547 586 1758 627 compellatur
1780 587 1813 617 in
1837 587 1996 618 minorem
2018 587 2128 618 locum
2151 587 2222 618 talis
2245 588 2431 628 segregatio,
2451 598 2498 619 re-

1492 630 1585 671 pletis
1609 630 1858 662 concavitatibus
1882 641 1976 672 aqua,
2001 641 2076 662 cum
2098 631 2251 672 inceperit
2274 632 2434 670 obtinere,
2459 642 2498 663 eo

1493 675 1583 715 quod
1606 675 1708 706 multa
1738 675 1771 705 in
1798 685 1934 716 parvum
1960 675 2072 706 locum
2095 676 2344 717 comprimatur,
2376 676 2500 708 fortiter

1492 725 1602 749 movet
1624 718 1726 750 fluens
1749 726 1862 750 ventus
1886 727 1917 751 et
1940 719 2113 751 offendens.

1425 807 1562 848 Oportet
1584 807 1671 838 enim
1693 807 1866 848 intelligere
1889 809 1979 850 quod
2002 809 2084 840 sicut
2105 808 2138 839 in
2167 818 2301 850 corpore
2323 815 2434 840 nostro
2467 815 2499 840 et

1491 859 1670 883 tremorum
1683 858 1714 882 et
1729 852 1884 892 pulsuum
1908 863 2002 884 causa
2026 859 2073 884 est
2102 852 2231 893 spiritus
2249 852 2413 894 intercepti
2436 852 2497 884 vir-

1492 904 1562 935 tus,
1586 896 1631 927 sic
1665 903 1696 927 et
1717 896 1751 926 in
1784 903 1866 927 terra
1887 897 2036 937 spiritum
2063 897 2166 928 simile
2200 897 2322 936 facere,
2353 904 2384 929 et
2411 897 2498 929 hunc

1492 941 1624 982 quidem
1642 948 1871 972 terraemotum
1893 941 1981 972 velut
1998 948 2172 973 tremorem
2192 952 2271 981 esse,
2286 942 2374 974 hunc
2388 949 2498 973 autem

1491 986 1579 1016 velut
1601 985 1744 1026 pulsum,
1761 991 1793 1016 et
1815 985 1897 1016 sicut
1918 985 2032 1017 accidit
2054 996 2148 1027 saepe
2171 993 2246 1027 post
2263 986 2496 1018 urinationem:

1491 1040 1548 1071 per
1571 1039 1687 1070 corpus
1719 1029 1807 1060 enim
1836 1029 1872 1060 fit
1894 1029 1982 1060 velut
2011 1036 2132 1061 tremor
2159 1031 2313 1072 quidam,
2344 1030 2497 1062 translato

1491 1074 1603 1115 spiritu
1627 1074 1667 1104 de
1690 1073 1767 1104 foris
1788 1073 1876 1105 intus
1900 1074 2027 1113 subito;
2058 1074 2132 1106 talia
2154 1075 2242 1106 enirn
2263 1073 2331 1106 fieri
2361 1081 2394 1106 et
2415 1074 2499 1106 circa

1491 1125 1616 1150 terram.
1641 1119 1804 1156 Quantam
1828 1124 1936 1150 autem
1959 1118 2073 1150 habeat
2096 1118 2224 1159 spiritus
2246 1118 2408 1158 virtutem,
2428 1128 2496 1150 non

1491 1163 1599 1194 solum
1615 1173 1652 1194 ex
1674 1163 1724 1193 his
1749 1173 1832 1203 quae
1854 1162 1887 1193 in
1911 1173 1982 1194 aere
2004 1162 2087 1194 fiunt
2109 1170 2236 1203 oportet
2256 1163 2412 1204 speculari
2431 1161 2498 1206 (hie

1490 1207 1623 1249 quidem
1638 1207 1725 1238 enim
1740 1214 1871 1247 propter
1893 1207 2146 1247 magnitudinem
2171 1207 2362 1239 existimabit
2383 1207 2497 1250 utique

1490 1251 1604 1293 aliquis
1620 1262 1716 1292 posse
1731 1251 1805 1283 talia
1828 1250 1955 1294 facere),
1972 1252 2027 1283 sed
2054 1258 2086 1283 et
2107 1252 2141 1283 in
2165 1252 2354 1293 corporibus
2377 1251 2498 1285 anima-

1489 1296 1588 1330 lium:
1602 1296 1700 1328 tetani
1711 1296 1798 1327 enim
1814 1303 1846 1327 et
1858 1296 1977 1337 spasmi
1994 1296 2122 1337 spiritus
2133 1297 2266 1338 quidem
2277 1302 2354 1328 suut
2365 1303 2476 1328 motus
2486 1319 2498 1336 ,

1489 1347 1615 1372 tantum
1629 1347 1738 1372 autem
1752 1340 1896 1381 vigorem
1914 1341 2043 1380 habent,
2067 1347 2103 1373 ut
2119 1341 2215 1372 multi
2228 1341 2326 1373 simul
2341 1347 2498 1373 tentantes

1488 1385 1520 1416 vi
1543 1392 1667 1424 tenere,
1691 1395 1758 1416 non
1781 1384 1906 1426 possint
1929 1384 2071 1416 obtinere
2095 1393 2224 1417 motum
2253 1384 2496 1419 infirmandum.

1488 1430 1568 1461 Tale
1590 1430 1699 1471 itaq-ue
1723 1436 1851 1470 oportet
1872 1429 2046 1470 intelligere
2069 1429 2190 1462 factum
2213 1437 2244 1462 et
2269 1430 2305 1462 in
2331 1436 2430 1462 term:
2460 1435 2498 1462 ut

1489 1481 1692 1516 comparetur
1714 1474 1755 1504 ad
1778 1484 1914 1515 parvum
1937 1474 2051 1506 maius.

1421 1607 1518 1648 Signa
1547 1614 1657 1639 autem
1687 1607 1807 1639 horum
1836 1614 1868 1639 et
1890 1608 1931 1639 ad
1954 1614 2102 1640 nostrum
2131 1618 2263 1640 sensum
2293 1618 2389 1650 saepe
2413 1607 2498 1642 facta

1487 1659 1572 1684 sunt.
1590 1653 1658 1683 Iam
1680 1652 1766 1683 enim
1788 1658 1998 1684 terraemotus
2020 1653 2054 1684 in
2073 1652 2268 1694 quibusdam
2290 1653 2373 1685 locis
2393 1652 2497 1686 factm

1487 1707 1555 1727 non
1571 1696 1659 1738 prius
1675 1696 1776 1735 desiit,
1801 1703 1973 1738 antequam
1996 1707 2167 1738 erumpens
2186 1698 2219 1728 in
2236 1707 2312 1729 eum
2327 1697 2385 1741 qui
2398 1707 2498 1739 super

1487 1748 1603 1773 terram
1619 1741 1731 1773 locum
1747 1741 1924 1780 manifeste,
1945 1748 1982 1773 ut
2010 1741 2180 1783 ecuephias
2198 1741 2292 1775 exivit
2309 1742 2373 1784 qui*
2391 1742 2498 1777 movit

1487 1793 1611 1817 ventuS.
1636 1786 1741 1824 Quale
1765 1793 1796 1817 et
1817 1785 1899 1817 circa
1922 1785 2110 1817 Heracleam
2133 1795 2205 1817 eam
2227 1796 2310 1828 quae
2331 1786 2367 1820 in
2386 1787 2496 1820 Ponto

1488 1830 1609 1862 factum
1637 1830 1698 1862 fuit
1728 1840 1852 1870 nuper,
1883 1837 1915 1861 et
1944 1830 2033 1871 prius
2063 1829 2145 1862 circa
2175 1830 2304 1862 Sacram
2331 1830 2495 1869 ineulm:

1487 1875 1565 1906 haec
1581 1881 1690 1906 autem
1705 1882 1753 1906 est
1769 1885 1834 1906 una
1856 1874 1950 1907 Aeoli
1973 1881 2160 1911 vocatarum
2178 1874 2368 1908 insularum.
2383 1875 2422 1909 ln
2435 1875 2497 1910 ht:

1488 1919 1575 1951 enim
1597 1919 1751 1951 intumuit
1779 1919 1901 1961 aliquid
1923 1926 2041 1959 terrae,
2071 1926 2102 1951 et
2131 1919 2273 1952 ascendit
2293 1919 2384 1954 velut
2403 1918 2497 1957 collis

1486 1964 1590 1995 moles
1620 1974 1695 1996 cum
1718 1971 1822 2003 sono;
1845 1964 1976 1995 tandem
1998 1970 2107 1996 autem
2127 1970 2234 2005 rupta,
2257 1963 2358 2001 exivit-
2373 1963 2498 1999 multus

1486 2008 1626 2049 spiritus,
1643 2015 1673 2040 et
1687 2008 1828 2039 favillam
1851 2015 1882 2040 et
1898 2008 2041 2040 cinerem
2057 2008 2202 2048 elevavit,
2219 2015 2251 2040 et
2265 2008 2497 2050 Liparaeorum

1487 2053 1646 2084 civitatem
1667 2063 1734 2084 non
1756 2053 1853 2094 longe
1877 2053 2063 2085 existentem
2081 2062 2215 2085 omnem
2237 2053 2443 2094 incineravit,
2464 2059 2497 2086 et

1485 2098 1526 2128 ad
1542 2098 1699 2139 quasdam
1714 2097 1747 2128 in
1764 2098 1852 2130 ltalia
1871 2097 2036 2130 civitatum
2053 2097 2150 2129 venit.
2165 2098 2207 2130 Et
2218 2107 2306 2131 nunc
2318 2097 2376 2131 ubi
2386 2097 2495 2133 muf-

1485 2142 1573 2173 flatio
1597 2142 1675 2173 haec
1699 2142 1781 2174 facta
1803 2141 1876 2182 fuit,
1899 2142 2007 2183 palam
2030 2148 2094 2175 est:
2119 2142 2238 2174 etenim
2259 2141 2335 2175 facti
2354 2141 2439 2185 ignia
2460 2141 2496 2174 in

1486 2193 1567 2218 terra
1581 2186 1664 2218 hanc
1680 2187 1862 2227 putandum
1885 2196 1952 2218 esse
1979 2197 2120 2226 causam,
2133 2197 2210 2219 cum
2228 2186 2373 2220 decisum
2384 2195 2496 2220 neten·

1485 2231 1595 2270 datur,
1619 2231 1725 2272 primo
1749 2231 1782 2262 in
1805 2241 1902 2272 parva
1925 2231 2071 2273 disrupto
2094 2241 2174 2264 aere.

1418 2366 1655 2406 Argumentum
1677 2371 1786 2396 autem
1815 2371 1862 2396 est
1888 2365 1979 2406 quod
2001 2364 2080 2397 flant
2107 2365 2167 2397 sub
2196 2371 2278 2396 tetra
2305 2363 2434 2406 spiritus
2463 2371 2497 2398 et

1484 2410 1575 2452 quod
1605 2408 1640 2441 fit
1663 2409 1745 2441 circa
1774 2409 1832 2440 has
1859 2409 2001 2440 insulas:
2025 2419 2102 2441 cum
2129 2409 2216 2441 enim
2237 2415 2353 2442 ventus
2382 2409 2496 2442 debent

1485 2453 1560 2485 flare
1575 2461 1691 2492 auster,
1703 2453 1934 2495 praesignificat
1946 2453 2048 2495 prius:
2069 2461 2185 2486 sonant
2196 2454 2283 2486 enim
2293 2453 2366 2487 loca
2374 2462 2414 2487 ex
2422 2453 2494 2496 qui-

1485 2499 1545 2530 bus
1559 2497 1641 2530 fiunt
1656 2498 1903 2538 exsufflationes,
1916 2505 2084 2539 propterea
2095 2498 2185 2540 quod
2199 2507 2287 2530 mare
2298 2497 2497 2540 propellatur

1484 2543 1550 2574 iam
1566 2543 1605 2574 de
1618 2543 1725 2583 longe,
1741 2543 1781 2573 ab
1804 2543 1867 2574 hoc
1883 2550 1992 2574 autem
2007 2543 2098 2584 quod
2112 2552 2150 2574 ex
2166 2549 2247 2574 terra
2261 2541 2432 2575 exsufflans
2446 2551 2495 2574 re-

1486 2587 1622 2628 pellatur
1643 2587 1760 2619 iterum
1783 2586 1880 2626 intus,
1904 2597 1970 2628 qua
1991 2586 2125 2629 quidem
2149 2587 2386 2628 supergreditur
2407 2595 2495 2619 mare

1483 2632 1553 2663 hac.
1574 2631 1663 2663 Facit
1685 2638 1794 2663 autem
1812 2641 1932 2663 sonum
1947 2631 2016 2663 sine
2040 2631 2169 2670 seismo,
2190 2638 2322 2673 propter
2343 2631 2494 2674 amplitu-

1485 2676 1594 2707 dinem
1609 2676 1759 2708 locorum
1774 2674 1961 2718 (effunditur
1977 2676 2064 2707 enim
2078 2676 2112 2707 in
2127 2675 2326 2708 immensum
2342 2673 2443 2720 esua)
2463 2682 2497 2708 et

1485 2727 1615 2762 propter
1638 2720 1832 2762 paucitatem
1854 2720 1974 2762 repulsi
1997 2720 2088 2752 aeris.

1418 2855 1533 2887 Adhuc
1557 2855 1624 2887 fieri
1647 2856 1750 2887 solem
1773 2854 1986 2900 caliginosum
2008 2861 2040 2887 et
2063 2854 2282 2887 obscuriorem
2303 2835 2506 2896 ainenubef

1486 2907 1517 2932 et
1539 2907 1612 2932 ante
1641 2900 1815 2932 matutinos
1843 2906 2053 2932 terraemotus
2083 2899 2257 2942 aliquando
2284 2899 2494 2942 tranquillite-

1486 2951 1552 2976 tem
1575 2952 1607 2976 et
1629 2944 1727 2985 frigus
1758 2944 1858 2983 forte,
1881 2944 2010 2984 signum
2033 2943 2134 2976 dictae
2157 2953 2271 2976 causae
2293 2950 2352 2976 eet.
2382 2943 2494 2976 Solem

1486 2989 1573 3021 enim
1593 2989 1805 3030 caliginosum
1828 2995 1859 3020 et
1882 2989 2057 3020 obscurum
2080 2988 2295 3020 necessarium
2318 2998 2398 3029 esse,
2412 2988 2494 3021 inti-

1487 3034 1593 3075 piente
1621 3033 1733 3075 spiritu
1762 3033 1909 3074 progredi
1939 3033 1973 3064 in
2005 3039 2121 3066 terram
2134 3055 2143 3072 ,
2165 3033 2373 3067 dissolvente..
2386 3042 2494 3066 aerem

1487 3085 1518 3109 et
1542 3078 1759 3119 disgregante,
1783 3084 1814 3110 et
1836 3078 1877 3108 ad
1900 3087 2050 3109 auroram
2079 3085 2111 3109 et
2138 3077 2315 3109 matutino·
2339 3077 2494 3120 mquil·

1486 3122 1672 3164 litatemque
1696 3129 1727 3154 et
1750 3121 1867 3163 frigus:
1892 3122 2154 3164 tranquillitatem
2176 3121 2309 3163 quidem
2332 3121 2421 3155 emm
2438 3131 2494 3154 ue-

1487 3167 1657 3198 cessarium
1681 3174 1727 3199 est
1743 3174 1779 3199 ut
1796 3167 1830 3198 in
1847 3166 2024 3208 plurimum
2047 3166 2198 3206 accidere,
2213 3166 2494 3208 quemadmodum

1486 3211 1608 3243 dictum
1631 3218 1678 3243 est
1701 3219 1732 3244 et
1748 3211 1847 3252 prius,
1863 3211 1951 3243 velut
1973 3221 2115 3252 regressu
2139 3210 2224 3242 intro
2243 3210 2328 3243 facto
2351 3209 2494 3252 spirituo,

1487 3262 1517 3287 et
1532 3256 1633 3296 magis
1649 3262 1721 3288 ante
1737 3256 1873 3288 maiores
1889 3262 2112 3288 terraemotus:
2133 3265 2200 3287 non
2219 3255 2392 3287 discretum
2405 3254 2495 3287 euim

1486 3300 1548 3332 hoc
1571 3299 1703 3341 quidem
1727 3307 1822 3340 extra,
1846 3300 1908 3332 hoc
1931 3307 2040 3332 autem
2061 3300 2164 3338 intus,
2187 3299 2243 3331 sed
2265 3306 2373 3332 totum
2394 3298 2494 3332 simul

1486 3344 1588 3376 latum
1619 3345 1832 3376 necessarium
1860 3345 1963 3376 valere
1991 3344 2103 3385 magis.
2134 3344 2247 3385 Frigus
2260 3350 2387 3376 -autem
2415 3342 2496 3376 acei-

1487 3388 1532 3420 dit
1564 3396 1732 3430 propterea
1762 3390 1852 3431 quod
1887 3389 2044 3421 exhalatio
2073 3389 2158 3420 intro
2194 3388 2326 3421 vertitur
2339 3410 2349 3427 ,
2379 3394 2494 3421 natura

1488 3433 1586 3464 calida
1603 3433 1736 3465 existens
1753 3434 1931 3465 secundum
1947 3443 1989 3465 se.
2013 3434 2088 3465 Non
2111 3433 2259 3464 videntur
2282 3439 2391 3465 autem
2405 3431 2494 3464 venti

1487 3487 1554 3508 esse
1567 3478 1658 3509 calidi
1678 3477 1754 3519 quia
1774 3485 1906 3510 movent
1923 3487 2030 3510 aerem
2044 3477 2230 3510 existentem
2242 3477 2375 3518 plenum
2386 3475 2494 3510 mutto

1488 3529 1519 3553 et
1534 3521 1649 3562 frigido
1665 3532 1802 3562 vapore,
1826 3522 1908 3554 sicut
1931 3522 2059 3563 spiritus
2081 3531 2137 3563 per
2160 3532 2197 3553 os
2221 3521 2423 3554 exsufflatus:
2447 3526 2493 3553 et-

1488 3566 1574 3596 enim
1602 3565 1653 3597 hic
1677 3566 1808 3607 quidem
1832 3567 1870 3597 de
1899 3576 2000 3607 prope
2024 3573 2071 3598 est
2094 3565 2235 3605 calidus,
2259 3565 2340 3598 sicut
2362 3572 2394 3598 et
2415 3574 2491 3598 cum

1488 3610 1630 3649 biamus,
1655 3611 1710 3641 sed
1734 3618 1860 3652 propter
1883 3611 2076 3652 paucitatem
2103 3612 2175 3642 non*
2193 3609 2336 3643 similiter
2358 3607 2493 3641 manife-
