2782 4134
1107 275 1217 311 CAP.
1247 276 1334 323 xn,
1366 275 1517 312 LECT.
1547 276 1654 313 xvn

281 365 379 400 rum,
399 360 442 389 ut
462 352 588 390 omnis
617 352 712 390 ordo
743 364 878 389 eorum
899 352 1074 390 videatur
1102 355 1351 391 arithmetico-

281 418 367 443 rum
389 419 484 454 esse,
505 407 602 444 idest
620 405 954 443 innumerabilium
985 409 1086 453 (non
1108 407 1209 444 enirn
1228 417 1354 456 potest

281 472 466 497 numerus
502 472 637 497 eorum
666 459 942 508 comprehendi
971 472 992 496 a
1021 460 1168 507 nobis);
1207 462 1245 499 in
1274 463 1353 500 aliis

2407 277 2478 324 189

1408 355 1537 402 Quam
1567 355 1723 403 quidem
1753 355 1913 393 litteram
1941 356 2156 393 Alexander
2186 356 2274 393 dicit
2300 368 2382 393 esse
2412 357 2477 394 de-

1407 408 1606 455 fectivam;
1637 416 1673 445 et
1701 416 1756 446 est
1784 409 2140 458 subintelligendum
2167 410 2273 458 quod
2301 422 2346 446 ea
2378 422 2476 458 quae

1408 461 1506 498 circa
1534 462 1610 498 hoc
1637 462 1824 500 excedunt
1851 471 2021 500 nostram
2050 462 2343 511 intelligentiam,
2365 475 2477 511 opor-

126 519 159 548 ἵζ’
282 521 411 550 autern
431 513 670 550 inferioribus
691 513 847 550 orbibus
863 513 892 540 ξς
911 513 1101 550 invenitur
1121 515 1354 562 singulariter
1407 522 1459 551 tet
1486 515 1606 563 magis
1630 516 1833 565 suscipere,
1864 529 1982 564 quam
2010 516 2171 565 amplius
2199 528 2381 564 quaerere
2409 528 2478 564 per

281 579 359 604 una
388 568 469 604 sola
496 567 613 614 stella,
640 567 690 604 ita
719 567 824 616 quod
853 579 932 604 non
960 567 1138 604 videntur
1166 569 1263 605 duae
1291 570 1353 605 vel
1409 580 1479 604 nos
1512 569 1628 617 ipsos.
1664 571 1756 606 Non
1789 577 1916 606 autem
1948 577 2003 606 est
2031 569 2268 606 consuetudo
2296 569 2477 606 Aristote-

281 621 410 669 plures
430 620 477 657 de
498 620 611 659 stellis
632 619 796 657 erraticis
814 620 954 657 infixae
974 632 1056 657 esse
1084 620 1150 657 uni
1169 622 1354 670 sphaerae
1409 621 1473 667 lis,
1504 623 1681 670 quamvis
1710 623 1756 660 sit
1783 623 2052 672 breviloquus,
2087 621 2282 660 defectivis
2318 622 2477 659 locutio-

282 673 427 711 mobili.
1410 673 1521 710 nibus
1558 675 1610 711 uti
1637 673 1683 722 ⁰⁹,
1714 684 1754 712 ut
1792 676 2007 725 Simplicius
2046 675 2144 713 dicit.
2185 676 2234 712 Et
2272 675 2358 712 ideo
2396 675 2476 724 ipse
2599 684 2627 709 oo

337 728 405 764 Est
433 734 562 764 autern
595 726 657 763 hic
690 726 1013 763 considerandum
1046 727 1152 775 quod
1180 734 1354 775 tempore
1409 726 1462 762 sic
1483 728 1654 774 exponit:
1676 729 1780 777 quod
1810 730 1858 766 de
1877 729 1934 766 his
1954 730 2053 766 bene
2072 741 2112 766 se
2141 729 2256 766 habet
2275 741 2475 778 quaerere,

281 780 494 818 Aristotelis
517 780 691 817 nondum
719 787 798 816 erat
826 780 1087 829 deprehensus
1115 787 1243 817 motus
1271 781 1355 817 stel-
1410 780 1478 816 sed
1499 781 1518 801 '³‘
1538 781 1612 816 hoc
1630 793 1710 818 non
1729 782 1778 818 ad
1797 783 1986 831 quoslibet
2003 782 2175 831 pertinet,
2196 783 2264 820 sed
2284 782 2409 819 solum
2429 783 2477 820 ad
2505 793 2683 815 ‘etsecundum
2693 800 2718 815 A·

282 833 407 870 larum
434 833 620 879 fixarum;
651 845 744 882 quas
779 834 1027 870 Ptolomaeus
1059 833 1169 882 ponit
1205 834 1355 871 moveri
1412 845 1478 869 eos
1499 833 1562 882 qui
1590 834 1674 882 plus
1702 833 1919 882 intelligunt.
1941 857 1965 864 -
1986 838 2180 873 Averroes
2199 843 2327 873 autem
2346 834 2384 872 in
2404 847 2474 872 suo

282 886 331 924 ab
365 887 562 924 occidente
590 886 630 924 in
659 886 846 924 orientem
880 899 995 935 super
1030 887 1142 935 polos
1175 887 1353 934 Zodiaci,
1411 894 1631 923 commento
1662 887 1814 935 exponit
1847 889 2059 926 secundum
2086 890 2162 927 hoc
2180 895 2208 936 “,
2238 897 2280 926 ut
2297 888 2478 936 intelliga-
2606 904 2623 919 ιι

282 939 513 989 quibuslibet
548 948 701 977 centum
736 940 845 977 annis
879 940 999 988 gradu
1032 953 1129 987 un0,
1165 941 1216 978 ita
1249 941 1354 989 quod
1410 953 1497 977 mus
1517 940 1623 989 quod
1642 940 1830 988 inquirere
1857 941 1903 977 de
1932 942 1989 978 his
2010 942 2294 990 quaestionibus
2315 949 2351 979 et
2378 941 2417 978 in
2437 954 2476 978 se

281 1000 361 1030 tota
389 993 577 1031 revolutio
613 1006 747 1030 earum
783 995 1020 1042 compleatur
1046 994 1085 1031 in
1113 994 1261 1042 triginta
1289 1007 1355 1032 sex
1410 994 1558 1030 bonurn
1579 1001 1646 1040 est,
1668 1001 1704 1030 et
1724 994 1839 1030 etiam
1864 995 1913 1031 ad
1932 995 2006 1031 hoc
2026 1003 2081 1032 est
2108 996 2196 1033 utile
2222 995 2328 1044 quod
2355 995 2476 1032 homo

282 1046 449 1085 millibus
465 1059 664 1084 annorum.
682 1048 731 1084 Et
745 1046 833 1084 ideo
849 1047 993 1097 antiqui
1008 1048 1205 1097 ponebant
1219 1049 1354 1097 sphae-
1410 1047 1531 1095 magis
1560 1059 1604 1084 ac
1633 1047 1754 1094 magis
1783 1046 1978 1095 intelligat:
2008 1049 2072 1097 qui
2111 1049 2212 1086 enim
2231 1061 2272 1086 se
2302 1048 2479 1085 exercitat

282 1112 366 1138 ram
395 1101 588 1138 stellarum
623 1100 787 1138 fixarum
817 1113 899 1138 esse
927 1101 1098 1151 primum
1126 1101 1288 1149 mobile,
1320 1109 1356 1139 et
1411 1101 1508 1138 circa
1523 1101 1754 1137 intellectum
1771 1100 2122 1149 difficilium,magis
2137 1109 2261 1151 potest
2274 1102 2478 1150 intelligere

126 1169 163 1193 ηη
283 1153 363 1191 eius
393 1166 475 1192 esse
503 1161 651 1191 tantum
679 1166 800 1191 unum
828 1162 990 1202 motum,
1018 1155 1084 1203 qui
1104 1163 1160 1192 est
1178 1160 1208 1178 ’Μ
1228 1163 1355 1192 motus
1410 1154 1493 1202 alia,
1508 1162 1550 1191 ut
1571 1153 1705 1191 dicitur
1724 1153 1763 1190 in
1784 1155 1832 1190 III
1854 1154 1899 1190 de
1917 1155 2057 1191 Anima
2076 1156 2107 1192 *.
2506 1166 2564 1215 'sci
2584 1172 2718 1214 'iv'1”'⁵³

237 1205 451 1258 dAEurnm.
481 1206 560 1246 Sed
589 1207 786 1257 supposito
814 1216 923 1245 motu
951 1209 1145 1246 stellarum
1173 1209 1353 1255 fixarum,
1465 1209 1539 1244 Ista
1567 1215 1695 1244 autern
1725 1219 1823 1256 quae
1848 1207 2072 1256 inquirenda
2091 1216 2193 1255 sunt,
2215 1208 2477 1246 difficultatem
2526 1208 2533 1214 ‘
2582 1209 2588 1215 '
2612 1199 2706 1214 ψη

278 1268 434 1310 ‘oportet
467 1261 590 1310 ipsam
623 1261 773 1299 moveri
806 1262 958 1299 duobus
993 1262 1182 1299 motibus:
1216 1261 1356 1299 scilicet
1409 1261 1568 1298 habent:
1588 1260 1678 1309 quia
1697 1260 1894 1299 modicum
1915 1261 1962 1297 de
1991 1261 2112 1298 causis
2133 1273 2264 1298 eorum
2283 1261 2478 1310 percipere

282 1321 393 1352 motu
420 1315 590 1364 proprio,
621 1315 686 1364 qui
717 1322 772 1352 est
799 1322 927 1352 motus
947 1316 1141 1352 stellarum
1166 1315 1353 1361 fixarum3
1408 1327 1628 1363 possumus,
1646 1322 1681 1351 et
1701 1314 1909 1351 accidentia
1930 1326 2063 1350 eorum
2082 1315 2202 1362 magis
2222 1322 2308 1351 sunt
2332 1322 2479 1352 remota

284 1375 322 1405 et
343 1375 452 1405 motu
473 1368 622 1416 diurno,
640 1369 704 1418 qui
720 1376 776 1406 est
790 1376 918 1406 motus
934 1381 1138 1417 supremae
1155 1369 1352 1418 sphaerae,
1409 1381 1432 1405 a
1448 1368 1663 1416 cognitione
1679 1374 1819 1414 nostra,
1835 1379 1952 1416 quam
1969 1367 2081 1404 etiam
2097 1368 2178 1416 ipsa
2194 1380 2355 1416 corpora
2376 1369 2479 1405 elon-

283 1433 383 1470 quae
412 1429 468 1459 est
495 1421 575 1459 sine
605 1422 730 1459 stellis.
1379 1411 1383 1466 Ι
1408 1429 1544 1469 gentur
1572 1434 1595 1458 a
1623 1421 1734 1458 nobis
1763 1421 1976 1458 secundum
2007 1422 2245 1470 corporalem
2274 1419 2399 1458 situm.
2431 1422 2480 1458 Et

339 1475 374 1512 8.
396 1474 548 1512 Deinde
569 1487 657 1512 cum
678 1474 782 1513 dicit:
798 1476 859 1512 De
876 1475 933 1512 his
952 1474 1102 1523 quidem
1123 1482 1206 1521 etc„
1228 1482 1354 1512 osten·
1409 1482 1555 1522 tamen,
1586 1475 1616 1511 si
1646 1487 1691 1511 ex
1720 1474 1776 1511 his
1806 1486 1903 1523 quae
1934 1473 2106 1511 dicentur
2135 1476 2439 1523 contemplemur
2459 1475 2478 1495 ²¹²
2507 1483 2721 1531 {nuffff‘gg'pc'ggfi‘

283 1527 339 1566 dit
356 1527 618 1566 difficultatem
637 1529 775 1566 harum
795 1528 1074 1578 quaestionum.
1105 1529 1155 1564 Et
1178 1527 1268 1565 dicit
1285 1528 1354 1565 bo·
1409 1528 1547 1565 harum
1586 1527 1866 1565 dubitationum
1903 1527 2126 1574 veritatem,
2165 1528 2361 1576 apparebit
2402 1540 2481 1565 non
2510 1543 2598 1558 exc-A·
2713 1525 2721 1532 ’

280 1593 377 1619 num
398 1593 480 1619 esse
509 1581 698 1630 inquirere
723 1583 771 1619 de
799 1581 857 1619 his
883 1581 1198 1619 dubitationibus:
1229 1581 1356 1619 subdit
1410 1594 1493 1618 esse
1527 1581 1782 1618 irrationabile
1810 1581 1848 1618 id
1877 1581 1981 1630 quod
2014 1580 2239 1630 inquirendo
2278 1581 2480 1618 dubitabile

35 1645 211 1670 umam.
283 1641 435 1672 autern:
459 1641 496 1672 et
521 1635 574 1673 ad
599 1647 684 1673 eam
713 1647 811 1684 quae
837 1635 890 1672 ad
909 1635 998 1684 plus
1017 1635 1300 1686 intelligentiam
1321 1637 1353 1672 ⁵.
1409 1635 1623 1672 videbatur.
2109 1641 2112 1643 ’

1466 1797 1506 1831 00)
1525 1798 1561 1823 sit
1580 1797 1760 1830 breviloquus.
1781 1795 1917 1830 defectivis
1936 1794 2111 1820 locutionibus
2131 1794 2178 1819 uti.
2191 1807 2211 1813 -
2231 1794 2282 1819 Pro
2301 1794 2481 1827 breviloquus,

1414 1834 1592 1867 breviloquius
1607 1833 1636 1862 E.
1655 1832 1790 1865 leviloquii
1805 1831 1840 1861 G,
1858 1830 2015 1863 breviloquit'
2032 1835 2079 1855 cet.
2094 1830 2194 1860 exc.A;
2215 1830 2350 1863 defectivis
2367 1837 2483 1854 corrum-

1414 1875 1479 1903 punt
1497 1870 1523 1894 in
1543 1870 1576 1895 de
1587 1869 1696 1903 suturis
1714 1868 1790 1892 codd.
1805 1875 1858 1892 exc.
1873 1866 1943 1891 AsE.

282 1800 376 1827 mbas
386 1799 511 1826 lectiones
519 1800 664 1832 coniungit,
676 1800 779 1825 incerta
789 1803 867 1825 tanta
877 1800 1029 1826 multitudo.
1036 1815 1055 1819 -
1062 1800 1112 1825 Pro
1119 1800 1358 1829 arithmeticorum,

283 1835 351 1862 sorte
363 1836 504 1869 legendum
517 1841 588 1861 esset
599 1835 868 1861 anarithmetieorum
881 1831 1090 1870 (ἀναριθμήτων),
1102 1835 1143 1860 hic
1157 1841 1182 1860 et
1192 1837 1218 1860 in
1229 1836 1359 1860 versione.

337 1870 380 1905 ζζ)
399 1871 514 1897 orbibus.
530 1885 549 1890 -
567 1871 681 1896 motibus
700 1871 775 1896 codd.
795 1879 849 1896 exc.
869 1871 914 1897 sE.
927 1885 947 1892 —
960 1871 1017 1896 Lin.
1032 1879 1089 1904 seq.
1103 1879 1149 1904 pro
1169 1871 1208 1896 ita
1226 1871 1310 1904 quod,
1331 1871 1357 1895 in

282 1906 380 1941 *quibus
398 1907 428 1939 P,
447 1907 474 1932 {n
490 1910 546 1940 'qua
561 1907 596 1938 C,
615 1914 683 1940 quae
695 1906 728 1938 G,
748 1906 774 1932 in
790 1914 858 1939 quae
877 1912 926 1932 cet.
946 1915 999 1932 exc.
1014 1908 1045 1932 A.
1061 1921 1080 1926 -
1098 1907 1189 1932 Statim
1209 1912 1267 1932 ante
1279 1907 1357 1935 duae,
1468 1905 1497 1939 ιι)
1517 1905 1632 1937 exponit
1650 1903 1794 1929 secundum
1814 1903 1871 1928 hoc.
1889 1916 1909 1921 —
1927 1901 2041 1934 exponit
2058 1901 2105 1926 sed
2123 1901 2188 1926 haec
2206 1901 2234 1925 P.
2248 1915 2266 1919 —
2281 1901 2331 1925 Pro
2350 1903 2393 1931 ut,
2413 1901 2484 1933 quod

282 1942 388 1968 codices
406 1943 465 1967 add.
484 1943 533 1968 vel.
545 1942 628 1967 —Pro
647 1942 761 1976 infixae,
786 1943 857 1975 quod
876 1943 966 1975 legunt
985 1943 1041 1973 PA,
1061 1943 1089 1976 pl
1108 1946 1135 1968 et
1154 1943 1269 1976 infixae,
1289 1942 1313 1967 st
1333 1945 1359 1967 et
1414 1942 1467 1966 AB.
1481 1955 1500 1960 -
1518 1941 1582 1966 Post
1600 1941 1664 1965 duas
1684 1940 1764 1980 lineas
1787 1946 1836 1980 pro
1859 1938 1905 1971 qui
1923 1937 2070 1978 enimletc..⁷
2090 1938 2112 1961 A
2133 1937 2207 1969 legit:
2227 1936 2273 1978 qui
2291 1936 2361 1961 enim
2379 1937 2483 1962 exerci—

275 1979 361 2012 flxae
379 1978 420 2007 in,
439 1983 489 2004 cet.
503 1981 530 2004 et
540 1978 629 2011 fixae.
1414 1980 1491 2002 tatur
1507 1980 1604 2002 contra
1623 1975 1682 2008 (pro
1701 1973 1786 2008 circa)
1801 1974 1962 1999 mte11ectum
1977 1973 2173 2006 difficillimum,
2194 1979 2280 2005 magns
2294 1975 2405 2004 praeter
2419 1970 2484 2005 (pro

338 2013 383 2046 ηη)
401 2014 448 2047 qui
465 2017 514 2039 est.
525 2027 545 2033 -
558 2014 604 2047 qui
622 2017 691 2039 esset
708 2014 738 2039 P.
751 2027 771 2033 -
784 2014 835 2038 Pro
855 2014 917 2043 Sed,
937 2014 1036 2039 scih'cet
1056 2014 1075 2038 Ρ
1095 2019 1120 2038 et
1140 2014 1215 2038 codd.
1229 2021 1284 2038 exc.
1298 2014 1330 2038 A.
1341 2026 1361 2032 -
1411 2012 1515 2046 potest)
1535 2013 1592 2037 alia
1611 2012 1773 2044 intelligere‚·
1792 2011 1869 2035 ceteri
1889 2017 1936 2042 pro
1954 2016 1983 2034 se
2001 2009 2136 2034 exercitat
2155 2007 2211 2049 (vel
2231 2015 2278 2049 pro
2296 2007 2483 2040 exercitatur),

285 2049 491 2075 Homoteleuton
505 2052 612 2082 oportet
626 2049 744 2082 ipsam...
757 2050 895 2075 stellarum
902 2050 1096 2084 fixarum-om.
1107 2049 1127 2074 P
1138 2055 1164 2074 et
1174 2049 1249 2074 codd.
1264 2057 1317 2074 exc.
1328 2049 1360 2074 A.
1413 2053 1534 2081 corrupte
1553 2048 1643 2081 legunt
1661 2050 1743 2072 extra
1767 2046 1857 2076 habet,
1878 2050 1903 2070 et
1922 2053 1982 2070 cum
2002 2045 2024 2068 A
2043 2044 2139 2069 habent
2158 2043 2353 2077 dffficillimum.
