2782 4134
135 421 144 430 ·
160 422 248 440 terram
263 424 299 439 ΑΒ.

134 473 145 483 ·
160 471 219 493 Ibid.
235 477 258 492 n.
269 471 290 492 8.

134 500 156 511 *⁸
172 498 219 520 Nec
232 504 255 519 Α.

136 579 145 587 ·
161 584 190 599 ex
207 583 254 599 om.
272 583 293 598 r.

133 738 145 749 ⁴
160 737 218 759 dicit
231 742 279 758 om.
294 742 332 758 ΑΒ.

132 843 142 852 “
157 841 268 869 quidlibet
289 843 294 865 ί
303 847 344 868 pro

131 868 223 896 quidem
231 867 274 889 sed
279 868 298 893 Ρ)
307 874 346 888 ΑΒ.

230 1006 242 1021 ν

133 1160 142 1169 ·
158 1160 181 1180 si
193 1159 280 1187 fontes
300 1159 343 1180 ha-

131 1186 213 1207 herent
225 1193 262 1207 AB.

130 1375 140 1386 ⁴⁵
154 1375 264 1397 videatur
278 1381 315 1396 ra.

129 1693 138 1701 ·
155 1691 226 1713 Num.
243 1697 292 1719 seq.

128 1747 139 1758 '⁸
153 1746 211 1767 Ibid.

129 2018 138 2027 '¹
150 2018 307 2037 commovetur
318 2022 340 2037 1³.

129 2333 138 2342 ·
152 2335 270 2361 apparent
283 2333 319 2355 ed.

129 2360 182 2387 1561.

380 274 455 310 388

375 351 636 401 pergrediatur
654 350 894 387 obstaculum
924 356 960 385 et
978 349 1116 402 iterum
1145 349 1250 394 fluat,
1271 347 1333 384 vel
1354 348 1441 383 sub-

377 412 569 453 mergatur
588 404 743 441 in.terra
756 403 787 450 ³⁸,
809 403 904 440 sicut
923 402 961 439 in
981 402 1108 439 multis
1128 401 1220 437 locis
1240 399 1384 446 accidit,
1401 407 1443 436 ut

377 471 491 507 supra
509 458 530 480 ²¹⁶
549 458 692 495 dictum
714 464 779 494 est.
800 456 911 493 Unde
932 467 1011 491 non
1029 455 1069 476 *²¹⁶
1087 460 1213 502 potest
1242 453 1315 489 dici
1335 452 1442 501 quod

376 519 477 549 tanta
514 523 613 560 aqua
646 510 740 547 sicut
773 521 873 557 aqua
905 508 1020 545 maris
1037 536 1045 554 ,
1074 506 1194 555 possit
1230 513 1440 554 spontanee

376 573 485 612 stare,
506 564 536 601 si
565 564 611 601 sit
639 576 683 600 ex
701 563 722 585 ’Β
740 562 917 599 fontibus.
948 559 1188 608 Relinquitur
1216 571 1304 607 ergo
1334 559 1440 607 quod

376 631 481 655 mare
510 629 589 654 non
616 617 755 654 habeat
782 616 916 651 fontes.

429 673 464 708 6.
488 671 706 707 Secundam
726 668 911 705 rationem
939 666 1046 715 ponit
1065 666 1134 703 ibi:
1160 666 1296 702 Adhuc
1314 671 1440 703 autem

375 725 553 773 quoniam
580 723 693 774 plura
720 727 807 758 sunt
834 727 902 757 etc.
937 721 986 756 Et
1015 719 1103 756 dicit
1129 719 1150 741 ’¹⁹
1178 719 1284 768 quod
1319 720 1440 756 multa

374 778 494 814 maria
514 784 600 813 sunt
627 787 724 824 quae
744 774 782 810 in
802 774 905 810 nullo
935 774 1020 809 loco
1042 772 1257 810 adinvicem
1280 772 1441 809 commi-

374 838 535 867 scentur.
556 830 658 866 Nam
675 839 780 864 mare
796 827 972 863 Rubrum
994 825 1233 874 coniungitur
1247 825 1404 874 quidem
1420 825 1440 847 ²¹⁸

374 884 584 921 secundum
611 880 806 918 modicum
827 879 876 916 ad
896 891 1002 916 mare
1023 880 1238 926 Oceanum,
1260 879 1365 927 quod
1385 886 1440 915 est

374 945 475 974 extra
501 937 708 972 Columnas
729 932 919 979 Herculis3
941 945 963 969 a
983 945 1060 981 quo
1081 933 1177 969 mari
1201 932 1361 968 omnino
1381 944 1439 968 se-

372 998 501 1039 parata
529 996 615 1025 sunt
635 998 741 1024 mare
762 987 987 1034 Hyrcanum
1007 992 1019 1006 ²·
1048 993 1084 1022 et
1105 985 1287 1034 Caspium
1318 985 1439 1033 (quod

373 1051 428 1079 est
455 1054 560 1079 mare
588 1040 832 1085 Ponticum);
867 1047 903 1076 et
930 1039 1147 1076 habitantur
1174 1038 1343 1087 undique
1370 1051 1440 1087 per

373 1096 581 1141 circuitum,
603 1095 653 1131 ita
677 1093 783 1141 quod
802 1105 882 1129 non
910 1093 1069 1130 laterent
1088 1093 1211 1129 fontes
1240 1092 1337 1128 illius
1357 1103 1437 1128 ma-

372 1150 432 1195 ris,
454 1149 483 1185 si
511 1148 602 1185 illud
630 1159 737 1184 mare
757 1146 880 1183 fontes
908 1147 1066 1183 haberet
1084 1145 1115 1182 ²¹⁸.
1137 1146 1229 1182 Non
1259 1157 1348 1193 ergo
1373 1157 1438 1182 ve-

372 1215 456 1239 rum
487 1209 541 1238 est
568 1200 675 1250 quod
703 1199 818 1236 maris
847 1199 920 1236 sint
947 1199 1062 1249 aliqui
1091 1199 1224 1236 fontes.

424 1268 459 1304 7.
482 1254 632 1292 Deinde
662 1266 750 1290 cum
772 1252 876 1290 dicit:
902 1253 1043 1290 Fluens
1066 1258 1191 1289 autem
1211 1264 1320 1289 mare
1337 1252 1438 1289 vide-

371 1316 431 1346 tur
451 1316 534 1355 etc„
555 1308 644 1356 quia
659 1307 698 1344 in
713 1306 945 1356 quibusdam
965 1306 1135 1343 maribus
1156 1313 1313 1355 apparet
1333 1317 1438 1342 corn-

372 1362 498 1399 munis
526 1361 668 1408 fluxus,
699 1373 746 1397 ne
778 1359 954 1396 credatur
976 1359 996 1381 '³‘
1025 1371 1131 1396 mare
1161 1371 1243 1396 esse
1271 1358 1439 1396 fluxibile

370 1424 553 1464 tanquam
578 1427 624 1451 ex
644 1413 811 1451 fontibus
830 1413 1057 1462 procedens,
1080 1412 1188 1449 cuius
1208 1411 1438 1449 contrarium

370 1470 409 1506 in
441 1468 566 1518 prima
598 1467 742 1505 ratione
777 1474 1051 1515 supposuerat,
1085 1466 1250 1514 assignat
1284 1477 1439 1502 causam

370 1523 495 1560 fluxus
516 1521 581 1570 qui
598 1521 750 1558 videtur
768 1520 806 1557 in
827 1519 935 1557 mari.
963 1519 1132 1556 Et-circa
1151 1520 1226 1556 hoc
1245 1519 1315 1556 tria
1333 1518 1437 1555 facit:

370 1576 496 1625 primo
517 1574 681 1612 ostendit
701 1586 819 1622 quare
840 1573 994 1622 aliquod
1014 1585 1121 1610 mare
1136 1573 1246 1619 fluat3
1267 1572 1437 1610 secundo

371 1629 586 1666 manifestat
604 1628 803 1677 quoddam
824 1627 928 1676 quod
949 1626 1142 1676 supponit,
1162 1638 1232 1675 per
1251 1626 1402 1674 signum
1413 1622 1437 1672 ε,

371 1683 439 1719 ibi:
475 1684 535 1720 De
562 1694 606 1718 eo
634 1687 759 1718 autem
785 1680 805 1702 ’¹‘
834 1688 923 1726 etc.;
953 1680 1061 1717 tertio
1099 1679 1338 1728 recapitulat,
1367 1679 1437 1716 ibi:

375 1736 485 1778 Quod
511 1735 658 1784 quidem
689 1734 805 1784 igitur
823 1733 843 1755 ²⁸
872 1742 941 1771 etc.

423 1789 600 1837 Assignat
615 1796 743 1825 autern
755 1788 880 1824 fluxus
891 1786 1007 1824 maris
1017 1793 1092 1823 tres
1105 1798 1249 1822 causas.
1263 1786 1438 1832 Quarum

370 1843 494 1892 prima
510 1850 576 1889 est,
593 1841 699 1890 quod
714 1853 820 1878 mare
839 1840 922 1878 fluit
939 1848 1096 1889 propter
1111 1839 1191 1876 eius
1211 1838 1436 1887 angustiam,

369 1896 435 1933 ubi
455 1908 501 1932 ex
517 1908 656 1943 magno
677 1895 812 1944 pelago
829 1893 1062 1942 restringitur
1076 1893 1114 1929 in
1130 1892 1329 1929 modicum
1349 1904 1436 1941 spa-

369 1950 476 1997 tium,
497 1956 654 1999 propter
681 1949 756 1985 hoc
784 1947 890 1996 quod
919 1953 1131 1984 coarctatur
1159 1946 1207 1983 ab
1242 1945 1437 1983 adiacente

370 2011 480 2040 terra.
501 2005 614 2051 Aqua
634 2009 761 2044 autem
788 2001 903 2038 maris
924 2012 1038 2049 saepe
1068 2007 1248 2037 movetur
1266 1999 1286 2021 ’¹‘
1306 1999 1383 2036 huc
1403 2006 1439 2036 et

369 2057 476 2103 illuc,
508 2064 544 2093 et
577 2055 743 2092 maxime
785 2054 999 2091 secundum
1039 2052 1351 2102 consequentiam
1389 2052 1438 2089 ad

369 2118 520 2147 motum
546 2110 670 2156 lunae,
692 2121 790 2158 quae
811 2108 1025 2145 secundum
1046 2115 1221 2144 naturam
1241 2106 1437 2155 propriam

368 2164 484 2201 habet
504 2175 753 2199 commovere
773 2161 977 2198 humidum
997 2166 1028 2197 ⁰:
1049 2161 1144 2197 haec
1164 2168 1293 2197 autem
1313 2172 1436 2208 aquae

370 2209 580 2254 commotio
602 2216 639 2253 in
659 2227 800 2263 magno
829 2214 925 2252 mari
955 2222 992 2251 et
1019 2215 1149 2263 amplo
1180 2220 1235 2250 est
1263 2212 1437 2251 immani-

369 2271 480 2316 festa;
502 2270 570 2307 sed
588 2269 655 2307 ubi
675 2269 848 2306 obtinent
861 2280 1027 2318 parvum
1048 2268 1177 2304 locum
1197 2274 1354 2316 propter
1373 2279 1438 2303 an-

369 2324 531 2372 gustiam
560 2331 694 2370 terrae,
725 2322 846 2370 magis
876 2328 1035 2371 apparet
1053 2320 1084 2358 ²⁸.

424 2377 601 2414 Secunda
622 2388 737 2413 causa
766 2383 832 2423 est,
853 2375 959 2424 quod
986 2374 1076 2412 illud
1096 2386 1203 2411 mare
1224 2373 1329 2422 quod
1349 2385 1439 2410 con-

421 2534 446 2569 v)
460 2535 629 2569 Hyrcanum.
646 2548 665 2554 -
684 2534 859 2559 Hircanicum
874 2533 928 2558 AB.
946 2547 965 2553 ·-
984 2532 1057 2557 Circa
1070 2532 1095 2557 id
1110 2532 1180 2565 quod
1197 2531 1369 2563 subiungitur,
1387 2532 1436 2556 Ca-

367 2571 453 2603 spium
473 2571 562 2603 (quod
581 2573 620 2595 est
644 2576 719 2594 mare
738 2569 908 2600 Ponticum),
928 2569 996 2593 iuvat
1019 2568 1144 2592 nonnulla
1167 2567 1337 2592 transcribere
1356 2575 1387 2592 ex
1406 2567 1436 2591 iis

369 2614 435 2639 quae
453 2605 532 2630 habet
550 2606 632 2630 ldeler
652 2603 808 2638 (Aristotelis
827 2604 1087 2636 Meteorologicorum
1108 2602 1164 2627 libri
1184 2603 1226 2634 1v,
1242 2603 1344 2636 Lipsiae
1363 2601 1437 2634 1834,

369 2643 516 2666 Comment.
535 2641 560 2665 in
574 2641 618 2665 lib.
633 2640 661 2669 ll.
681 2648 736 2673 cap.
750 2648 768 2670 ι,
787 2649 813 2664 n.
832 2638 888 2673 ιο);
909 2639 1009 2669 «Quod
1025 2638 1051 2663 h.
1065 2639 1082 2664 l.
1102 2643 1321 2663 commemoratur
1339 2638 1436 2671 Hyrca-

368 2677 440 2702 nium
454 2684 525 2701 mare
539 2677 640 2700 nullum
655 2676 724 2700 aliud
739 2683 798 2700 esse
814 2679 907 2707 potest,
921 2675 969 2699 nisi
985 2674 1056 2706 quod
1071 2682 1139 2698 nunc
1153 2681 1277 2698 vocamus
1290 2674 1401 2699 Aralsee

369 2712 484 2742 Staboni,
499 2711 582 2736 Plinio
601 2711 710 2743 aliisque
729 2711 887 2744 Hyrcanium
906 2717 977 2734 mare
996 2718 1048 2734 non
1064 2709 1195 2734 diversum
1215 2714 1255 2734 est
1272 2717 1287 2734 a
1305 2709 1401 2742 Caspio

370 2748 522 2772 Aristoteles
541 2747 660 2780 regiones
680 2747 745 2771 circa
759 2746 882 2779 Caspium
901 2753 973 2770 mare
992 2745 1058 2770 bene
1077 2744 1156 2775 novit,
1169 2750 1197 2769 ut
1215 2745 1274 2777 plus
1293 2745 1375 2770 semel
1389 2745 1437 2769 ob-

369 2783 488 2808 servandi
507 2783 583 2807 nobis
602 2782 704 2807 occasio
721 2782 809 2806 oblata
827 2786 879 2806 est:
900 2789 959 2806 cum
974 2781 1067 2805 deinde
1081 2785 1142 2814 post
1156 2780 1292 2805 Alexandri
1307 2781 1341 2805 M.
1361 2788 1437 2813 expe-

369 2819 492 2844 ditionem
512 2818 652 2843 earundem
671 2818 806 2849 regionum
821 2817 932 2849 cognitio
947 2823 1038 2841 manca
1057 2814 1137 2846 fieret,
1150 2821 1256 2849 propter
1275 2816 1436 2848 scriptorum.

369 2854 413 2887 qui
432 2853 634 2887 geographicum
653 2857 836 2885 argumentum
854 2857 1034 2881 tractaverunt,
1049 2852 1180 2884 ingentem
1199 2851 1375 2882 ambitionem,
1391 2859 1437 2876 no-

368 2890 498 2922 vandique
517 2889 646 2914 studium:
666 2888 753 2913 omnia
771 2889 819 2913 ista
843 2888 977 2912 obliterata
1001 2893 1062 2912 sunt
1081 2892 1106 2912 et
1125 2887 1220 2912 nostris
1246 2887 1352 2912 demum
1370 2892 1436 2912 tem-

368 2925 474 2958 poribus
494 2932 524 2949 ex
547 2925 674 2953 tenebris,
699 2932 752 2957 quo
771 2923 868 2948 tamdiu
893 2924 1036 2954 latuerunt,
1063 2922 1155 2947 iterum
1180 2930 1319 2948 emersere.
1336 2933 1348 2945 ›
1369 2923 1436 2947 Num

369 2960 521 2991 s.Thomas,
533 2966 636 2985 secutus
651 2959 676 2984 in
691 2959 781 2984 hac-re
794 2959 942 2992 opinionem
957 2958 1091 2983 Strabonis
1105 2963 1130 2983 et
1141 2958 1222 2988 Plinii,
1233 2959 1265 2983 ad
1279 2958 1437 2990 designanda

368 2996 394 3020 in
414 2996 540 3028 praesenti
566 2996 623 3020 loco
643 2996 695 3020 duo
719 2995 799 3019 maria
823 2995 953 3026 distincta,
979 2994 1103 3027 Caspium
1128 2993 1308 3027 interpretatus
1333 2994 1366 3019 sit
1390 3002 1437 3027 pro

370 3031 482 3060 Pontico,
502 3031 612 3056 iudicent
631 3030 722 3055 eruditi
742 3031 860 3055 lectores.

423 3066 446 3100 ξ)
466 3067 599 3099 quoddam
619 3067 690 3099 quod
707 3066 841 3098 supponit,
855 3073 908 3098 per
925 3065 1040 3099 signum.
1054 3079 1073 3083 -
1087 3065 1222 3098 quoddam
1241 3065 1346 3098 signum
1366 3065 1438 3098 quod

369 3103 494 3134 supponit
512 3103 564 3133 AB,
585 3103 631 3126 sed
651 3102 682 3127 cf.
702 3110 773 3126 num.
793 3102 839 3127 ult.

423 3138 448 3172 ο)
465 3145 531 3170 quae
544 3138 719 3163 secundum...
730 3137 878 3162 humidum.
891 3150 910 3157 -
922 3137 978 3161 Hoc
997 3144 1051 3161 om.
1060 3137 1114 3161 ΑΒ.
1126 3150 1146 3156 -
1160 3136 1211 3167 Qui
1223 3141 1349 3169 pergunt:
1370 3143 1437 3168 quae

370 3173 474 3204 quidem
493 3173 642 3198 commotio.
661 3187 680 3192 -
699 3174 748 3198 Pro
762 3179 879 3205 parvum
906 3173 1007 3201 locum,
1021 3175 1137 3205 propter
1155 3173 1240 3198 locum
1259 3173 1299 3203 A,
1314 3171 1435 3204 primum

369 3209 453 3233 locum
474 3209 502 3233 B.

423 3244 451 3277 π)
472 3245 615 3269 Heracleas
639 3245 790 3269 Columnas.
808 3258 827 3264 ·-
845 3244 991 3269 Herculeas
1010 3244 1153 3269 Columnas
1172 3243 1210 3268 Pa
1229 3243 1270 3268 hic
1290 3248 1316 3268 et
1334 3243 1359 3268 in
1378 3250 1436 3268 ver-

370 3278 454 3310 sione;
475 3279 506 3304 cf.
520 3280 666 3305 Comment.
686 3280 711 3304 in
731 3280 763 3305 de
785 3280 870 3310 Caelo,
893 3279 937 3304 lib.
951 3279 979 3310 ll,
999 3280 1058 3304 lect.
1072 3286 1158 3311 xan,
1178 3286 1250 3304 num.
1267 3278 1280 3304 3
1296 3279 1321 3304 in
1340 3277 1400 3304 fine.
1418 3293 1437 3298 —

1080 268 1670 307 METEOROLOGICORUM
1700 269 1795 305 LIB.
1827 271 1858 306 11
1884 258 1889 264 '

1497 346 1635 383 tinetur
1662 346 1759 384 infra
1787 348 1991 385 Heracleas
2017 349 2226 386 Columnas
2245 355 2276 397 π,
2306 357 2343 386 et
2369 362 2448 387 non
2477 363 2568 388 con-

1496 399 1663 437 tinuatur
1690 400 1812 449 alicui,
1834 401 1929 438 sicut
1956 402 2003 439 de
2033 402 2128 438 mari
2146 402 2307 439 Pontico
2327 402 2404 440 iam
2424 403 2567 441 dictum

1497 459 1553 489 est
1571 452 1606 490 *ε
1637 453 1754 500 istud,
1783 454 1962 502 inquam,
1992 455 2075 491 fluit
2101 462 2258 504 propter
2285 456 2567 494 multitudinem

1495 505 1718 543 fluviorum.
1735 508 1785 543 Et
1798 515 1954 557 propter
1969 508 2132 545 eandem
2150 521 2306 546 causam
2320 521 2444 546 unum
2459 522 2566 547 mare

1497 558 1661 596 decurrit
1688 559 1727 596 in
1747 560 1864 597 aliud:
1885 574 1976 598 narn
1997 561 2161 598 Maeotis
2180 562 2264 599 fluit
2282 561 2322 599 in
2341 574 2448 600 mare
2463 563 2565 600 Pon-

1494 612 1625 660 ticum,
1656 613 1858 650 Ponticum
1886 614 1970 651 fluit
1988 614 2025 651 in
2046 617 2233 663 Aegeum.
2264 616 2307 652 In
2326 615 2408 652 aliis
2437 623 2566 652 autem

1495 666 1666 703 maribus
1705 667 1831 704 minus
1869 668 1944 704 hoc
1980 668 2156 705 videtur:
2191 669 2260 706 sed
2292 668 2332 705 in
2352 669 2566 717 vpraedictis

1495 719 1665 756 maribus
1701 721 1777 757 hoc
1814 721 1950 758 accidit
1985 729 2143 770 propter
2179 721 2462 759 multitudinem
2495 722 2566 759 flu-

1495 772 1668 820 viorum,
1699 773 1789 822 quia
1816 773 1855 811 in
1886 775 2080 823 praedicta
2109 775 2230 812 maria
2258 775 2378 812 multa
2404 775 2567 813 flumina

1493 833 1643 863 intrant.

1548 878 1678 915 Tertia
1697 879 1792 916 ratio
1812 880 1938 917 fluxus
1959 888 2015 917 est
2034 887 2049 911 Ρ
2071 889 2227 930 propter
2241 882 2316 918 hoc
2331 881 2438 929 quod
2457 893 2564 919 mare

1494 939 1657 980 occupat
1676 933 1839 969 multum
1854 933 1902 970 de
1921 941 2021 970 terra
2039 935 2253 972 secundum
2272 934 2565 983 proportionem

1493 985 1709 1033 quantitatis
1738 998 1874 1034 aquae,
1905 994 1941 1023 et
1963 999 2084 1024 unum
2105 996 2161 1024 est
2179 988 2309 1025 minus
2327 988 2564 1037 profundum

1493 1050 1611 1086 quam
1633 1038 1754 1075 aliud:
1782 1038 1875 1075 illud
1903 1046 2032 1076 autem
2056 1041 2163 1089 quod
2183 1049 2238 1078 est
2261 1042 2389 1078 minus
2407 1041 2564 1090 profun-

1494 1092 1600 1139 dum,
1622 1103 1774 1140 semper
1793 1092 1958 1129 decurrit
1986 1093 2035 1130 ad
2062 1093 2300 1142 profundius.
2331 1094 2444 1132 Unde
2472 1093 2564 1132 illud

1493 1157 1599 1181 mare
1628 1157 1782 1194 semper
1809 1145 1961 1182 videtur
1984 1146 2223 1195 profundius,
2249 1147 2298 1184 ad
2327 1147 2433 1196 quod
2461 1147 2565 1189 aliud

1494 1198 1669 1245 decurrit,
1691 1198 1787 1235 sicut
1809 1198 2013 1236 Ponticum
2034 1207 2090 1236 est
2108 1200 2334 1248 profundius
2355 1200 2562 1248 Maeotide,

1495 1259 1530 1288 et
1549 1251 1709 1288 Pontico
1731 1264 1837 1288 mare
1856 1254 2044 1300 Aegeum,
2066 1261 2103 1290 et
2121 1255 2252 1301 Aegeo
2269 1253 2460 1301 Siculum;
2477 1254 2564 1291 Sar-

1494 1305 1622 1342 dicum
1643 1313 1771 1342 autern
1801 1313 1838 1342 et
1863 1306 2111 1354 Tyrrhenum
2140 1314 2228 1343 sunt
2249 1306 2562 1356 profundissima.

1495 1358 1571 1395 Sed
1590 1358 1727 1395 mare*
1742 1359 1848 1407 quod
1868 1366 1924 1396 est
1943 1367 2046 1397 extra
2062 1359 2286 1408 Columnas,
2302 1369 2382 1398 non
2402 1367 2458 1398 est
2474 1372 2564 1410 pro·

1493 1411 1672 1448 fundum:
1694 1413 1799 1461 quod
1819 1421 1977 1461 apparet
1997 1425 2041 1450 ex
2060 1413 2140 1450 luto
2169 1421 2378 1463 apparente
2402 1413 2443 1451 in
2461 1425 2563 1462 aqua

1493 1477 1591 1514 quae
1611 1465 1695 1502 fluit
1723 1477 1769 1502 ex
1787 1466 1888 1515 ips03
1911 1473 1947 1503 et
1964 1466 2078 1503 huius
2097 1466 2248 1514 signum
2269 1474 2325 1504 est
2343 1467 2450 1516 quod
2474 1474 2563 1505 sunt

1493 1518 1574 1555 sine
1592 1526 1722 1566 vento,
1747 1531 1793 1555 ac
1821 1519 1852 1556 si
1876 1519 2036 1557 existant
2054 1526 2068 1540 ⁹
2088 1520 2126 1557 in
2156 1520 2283 1569 aliqua
2312 1519 2561 1558 concavitate.

1495 1572 1599 1609 Sicut
1625 1572 1736 1620 igitur
1760 1572 2032 1621 particulariter
2059 1573 2168 1610 fluvii
2194 1574 2374 1611 videntur
2399 1574 2564 1612 fluentes

1494 1637 1539 1662 ex
1560 1625 1753 1662 altioribus
1774 1625 1867 1663 locis
1886 1626 1935 1664 ad
1951 1626 2186 1674 demissiora,
2203 1627 2310 1664 sicin
2324 1627 2422 1664 mari
2435 1627 2564 1666 fluxus

1493 1679 1536 1716 fit
1556 1691 1602 1715 ex
1631 1678 1826 1716 altioribus
1849 1679 1942 1716 locis
1961 1687 2095 1728 terrae,
2117 1693 2217 1729 quae
2237 1688 2325 1718 sunt
2343 1680 2393 1718 ad
2412 1687 2562 1730 septen-

1493 1732 1676 1769 trionem:
1705 1739 1748 1769 ut
1775 1732 1828 1769 sic
1852 1733 1973 1770 maria
1993 1733 2313 1782 septentrionalia,
2333 1746 2434 1783 quae
2454 1734 2562 1772 emit-

1493 1793 1577 1822 tunt
1604 1798 1766 1834 aquam,
1796 1799 1876 1823 non
1903 1786 1978 1824 sint
2011 1786 2062 1824 ita
2089 1787 2281 1836 profunda
2315 1787 2412 1825 sicut
2443 1787 2564 1825 maria

1494 1839 1773 1886 meridionalia,
1803 1851 1902 1888 quae
1933 1839 2129 1889 recipiunt.

1548 1893 1583 1929 8.
1614 1892 1762 1930 Deinde
1793 1905 1882 1930 cum
1911 1893 2020 1930 dicit:
2050 1894 2110 1930 De
2137 1905 2181 1930 eo
2209 1899 2335 1931 autem
2364 1900 2454 1940 etc.,
2483 1905 2565 1931 rna-

1492 1944 1642 1983 nifestat
1668 1958 1738 1995 per
1757 1946 1906 1994 signum
1935 1946 2134 1996 quoddam
2153 1946 2259 1996 quod
2280 1946 2424 1984 dixerat
2436 1945 2468 1994 ⁸⁸,
2493 1945 2563 1984 sci-

1491 1998 1578 2036 licet
1605 1999 1712 2048 quod
1739 2007 1839 2037 terra
1868 2012 1913 2036 ex
1941 2007 2048 2049 parte
2077 2000 2345 2050 septentrionis
2373 1999 2420 2037 sit
2442 1999 2563 2037 altior.

1492 2053 1542 2089 Et
1569 2052 1682 2090 huius
1719 2053 1870 2101 signum
1908 2053 2044 2103 accipit
2072 2066 2117 2091 ex
2149 2054 2226 2091 hoc
2262 2053 2369 2103 quod
2405 2052 2564 2103 quidam

1492 2105 1737 2155 antiquorum
1773 2107 2015 2144 crediderunt
2048 2107 2155 2155 quod
2183 2107 2241 2145 sol
2274 2120 2354 2145 non
2387 2106 2458 2144 iret
2491 2106 2564 2144 sub

1492 2167 1602 2206 terra,
1624 2160 1692 2197 sed
1720 2161 1845 2197 solum
1875 2160 1973 2198 circa
2001 2168 2142 2198 terram
2161 2166 2192 2208 '‚
2215 2168 2252 2198 et
2281 2161 2490 2210 dispareret
2517 2159 2566 2205 de

1492 2220 1604 2250 nocte
1639 2221 1796 2263 propter
1833 2214 2070 2252 altitudinem
2107 2213 2412 2264 septentrionalis
2441 2212 2565 2264 partis

1492 2266 1728 2304 occultantis.

1546 2320 1697 2358 Deinde
1718 2333 1807 2358 cum
1828 2320 1934 2358 dicit:
1958 2321 2070 2364 Quod
2095 2321 2245 2370 quidem
2265 2321 2383 2371 igitur
2403 2327 2486 2368 etc„
2507 2332 2565 2359 re-

1494 2373 1672 2422 capitulat
1701 2374 1808 2423 quod
1837 2374 1981 2412 dixerat
2000 2381 2029 2412 ⁹:
2059 2383 2096 2412 et
2124 2382 2181 2412 est
2199 2375 2358 2424 planum
2378 2374 2418 2412 in
2431 2373 2564 2412 littera.

1491 2531 1534 2555 ΑΒ
1555 2536 1678 2564 pergunt:
1696 2535 1723 2557 et
1742 2539 1793 2557 non
1813 2533 1988 2557 continuatur
2002 2532 2092 2562 alicui,
2111 2532 2181 2558 sicut
2193 2532 2226 2558 de
2245 2533 2316 2558 mari
2333 2532 2444 2558 Pomm
2463 2531 2564 2558 dictum

1491 2569 1538 2595 est,
1550 2566 1616 2601 fluit
1630 2570 1745 2599 propter
1764 2567 1960 2592 multitudinem
1973 2567 2137 2602 fluviorum.-
2155 2567 2219 2601 quia
2232 2567 2350 2593 Maeotis
2358 2568 2425 2602 fluit
2443 2567 2470 2594 in
2489 2574 2566 2594 mare

1492 2602 1631 2627 Ponticum
1643 2602 1710 2637 fluit
1728 2603 1754 2628 in
1775 2610 1850 2628 mare
1863 2604 2015 2636 Aegaeum5
2033 2606 2060 2628 et
2079 2608 2138 2628 ante
2156 2610 2209 2629 non
2227 2603 2404 2628 continuatur
2413 2611 2467 2628 om.
2481 2603 2529 2629 Pa.

1546 2637 1571 2671 ρ)
1592 2638 1662 2662 ratio
1680 2639 1778 2673 fluxus
1797 2642 1846 2664 est.
1863 2652 1882 2658 —
1900 2639 1958 2664 Hoc
1975 2647 2029 2664 om.
2048 2639 2095 2664 Pa.
2113 2652 2132 2659 -
2150 2639 2201 2664 Pro
2219 2642 2246 2664 et
2271 2647 2352 2664 unum
2376 2642 2416 2664 est
2441 2638 2565 2664 minus...

1486 2673 1709 2707 profundissima,
1729 2674 1774 2698 AB
1789 2674 1893 2706 legunt:
1909 2677 1935 2699 et
1950 2677 1990 2699 est
2004 2674 2092 2699 minus
2107 2674 2275 2709 profundum
2290 2674 2354 2707 quia
2373 2681 2449 2700 mare
2460 2681 2566 2707 semper

1491 2709 1597 2734 videtur
1617 2709 1782 2743 profundius
1805 2709 1843 2734 ad
1867 2709 1934 2735 illud
1959 2717 2035 2735 mare
2053 2710 2091 2735 ad
2114 2710 2187 2743 quod
2204 2710 2282 2744 fluit,
2308 2710 2377 2735 sicut
2396 2710 2499 2736 Pontus
2523 2713 2566 2736 est

1486 2745 1651 2778 profundius
1671 2745 1807 2770 Maeotide
1820 2745 1936 2777 paludes
1961 2748 1987 2770 et
2011 2745 2123 2770 Pontico
2148 2746 2232 2771 maris
2249 2747 2386 2779 Aegaeum
2409 2748 2436 2771 et
2457 2746 2565 2780 Aegaeo

1492 2780 1611 2805 Siculum
1633 2778 1668 2813 (si
1686 2788 1745 2805 cum
1765 2781 1848 2813 spatio
1866 2788 1949 2805 vacuo
1967 2781 2001 2815 Α)
2022 2780 2165 2806 Sar-dicum
2185 2784 2211 2806 et
2233 2781 2403 2815 Tyrrhenum
2421 2784 2486 2807 sunt
2497 2787 2565 2814 pro-

1504 2815 1660 2841 undissima.

1485 2816 1506 2849 s
1544 2850 1571 2886 σ)
1591 2854 1617 2876 et
1635 2851 1713 2876 huius
1727 2851 1832 2885 signum
1882 2852 2013 2877 existant.
2026 2866 2045 2872 -
2058 2855 2084 2878 et
2103 2852 2182 2878 huius
2194 2852 2301 2886 signum
2321 2855 2361 2878 est
2378 2851 2451 2885 quod
2468 2851 2493 2878 si
2511 2858 2564 2878 non

1490 2889 1569 2911 vento
1587 2894 1620 2912 ac
1638 2887 1662 2912 .ςί
1681 2887 1784 2912 existat
1798 2888 1851 2912 ΑΒ.
1871 2887 2000 2920 Suspicari
2020 2888 2078 2913 licet
2097 2888 2147 2913 hoc
2167 2888 2225 2913 loco
2239 2888 2281 2912 vel
2297 2887 2395 2920 aliquid
2409 2886 2563 2917 desiderari.

1490 2922 1531 2947 vel
1552 2922 1663 2947 subesse
1682 2923 1874 2956 corruptionem
1894 2923 2008 2956 aliquam
2032 2923 2110 2948 etiam
2129 2923 2155 2948 in
2175 2923 2258 2948 editis.
2276 2923 2364 2948 Verba
2381 2927 2468 2948 textu·
2487 2922 2566 2954 Quae

1490 2961 1580 2983 autem
1632 2958 1778 2989 existente,
1799 2959 1832 2983 ita
1851 2964 2015 2991 exponuntur
2039 2959 2071 2984 ab
2089 2959 2251 2984 Alexandro:
2271 2968 2284 2982 ε
2296 2959 2367 2984 Mare
2386 2962 2473 2984 autem
2491 2958 2564 2992 quod

1491 2999 1559 3018 extra
1570 2994 1712 3018 Columnas
1723 2999 1770 3023 est.
1778 3002 1830 3018 non
1841 2995 1930 3027 utique
1940 2994 2015 3019 valde
2025 2994 2182 3027 profundum
2193 2999 2241 3026 est,
2249 2994 2296 3019 aed
2304 2994 2410 3019 brevem
2421 2993 2563 3019 admodum

1491 3029 1692 3062 profunditatem
1707 3029 1792 3061 habet,
1803 3035 1830 3054 ut
1845 3038 1875 3055 ex
1890 3038 1972 3055 coeno
1987 3030 2045 3062 ipso
2059 3030 2226 3055 manifestum
2239 3035 2288 3055 est.
2301 3029 2360 3054 Non
2375 3034 2463 3055 autem
2475 3036 2506 3055 ex
2519 3028 2565 3054 illo

1491 3064 1600 3090 refluere
1614 3065 1715 3090 videt-ur
1730 3073 1804 3098 aqua.
1819 3070 1956 3098 propterea
1970 3066 2031 3099 quia
2044 3065 2069 3090 in
2084 3073 2198 3091 concavo
2212 3073 2284 3090 mare
2298 3065 2362 3090 illud
2377 3064 2468 3090 existit.
2483 3063 2564 3090 Cuius

1492 3100 1595 3132 signum
1606 3101 1705 3125 subdit:
1719 3101 1841 3133 quoniam
1856 3101 2053 3133 inspirituosum
2069 3106 2117 3132 est,
2127 3109 2156 3126 ac
2166 3105 2272 3134 propter
2282 3100 2467 3125 concavitatem
2479 3099 2563 3133 ipsam

1491 3137 1578 3160 nullos
1593 3136 1670 3161 habet
1683 3141 1775 3161 ventos
1786 3134 1937 3170 (Alexandri
1952 3136 2164 3169 Aphrodisiensis
2179 3136 2204 3162 in
2218 3137 2250 3161 [V
2266 3136 2346 3161 libros
2358 3135 2493 3161 Meteon-ol.
2506 3135 2564 3161 Ari—

1491 3171 1591 3196 stotelis
1606 3171 1804 3201 Commentatio‚
1819 3172 1966 3197 Alexandro
1979 3172 2171 3198 Piccolomineo
2186 3172 2333 3205 interprete.
2346 3172 2412 3197 Ven.
2430 3169 2539 3206 1561).»

1545 3206 1571 3241 τ)
1583 3207 1631 3232 sed
1642 3208 1727 3232 solum
1741 3207 1815 3232 circa
1829 3211 1940 3233 terram.
1951 3221 1972 3229 -
1985 3211 2011 3233 et
2024 3207 2097 3234 circa
2111 3211 2213 3234 terram
2226 3208 2280 3233 ΑΒ.
2289 3221 2308 3227 -
2317 3206 2397 3232 Iidem
2409 3211 2469 3240 post
2482 3213 2563 3232 unam

1491 3242 1535 3268 lin.
1554 3250 1602 3275 pro
1621 3243 1787 3272 occultantis,
1803 3244 1928 3269 occultat.
2493 3266 2497 3270 .

1545 3276 1570 3311 u)
1592 3278 1696 3304 Deinde
1746 3278 1866 3304 dixerat.
1879 3293 1898 3298 -
1913 3279 2017 3305 Deinde
2036 3279 2196 3312 recapitulat
2214 3277 2286 3312 quod
2304 3277 2405 3304 dictum
2428 3280 2469 3303 est
2487 3277 2536 3303 Pa.

929 3445 1667 3499 ——ss—Qessffl

2596 466 2605 475 ·
2620 464 2691 487 Num.
2707 472 2782 494 praee.

2591 1369 2601 1378 ·
2614 1370 2691 1391 naris
2703 1376 2742 1393 n.

2589 1955 2600 1967 ⁸
2613 1953 2687 1978 Num.
2695 1957 2782 1984 pram—,¹
