<?xml version="1.0" encoding="UTF-8"?>
<!DOCTYPE html PUBLIC "-//W3C//DTD XHTML 1.0 Transitional//EN"
    "http://www.w3.org/TR/xhtml1/DTD/xhtml1-transitional.dtd">
<html xmlns="http://www.w3.org/1999/xhtml" xml:lang="en" lang="en">
 <head>
  <title>
</title>
<meta http-equiv="Content-Type" content="text/html;charset=utf-8" />
  <meta name='ocr-system' content='tesseract 3.04.00' />
  <meta name='ocr-capabilities' content='ocr_page ocr_carea ocr_par ocr_line ocrx_word'/>
</head>
<body>
  <div class='ocr_page' id='page_1' title='image "./operaomniaiussui03thom/operaomniaiussui03thom_0596.png"; bbox 0 0 2690 4062; ppageno 0'>
   <div class='ocr_carea' id='block_1_1' title="bbox 57 2161 265 2190">
    <p class='ocr_par' dir='ltr' id='par_1_1' title="bbox 57 2161 265 2190">
     <span class='ocr_line' id='line_1_1' title="bbox 57 2161 265 2190; baseline 0 -6"><span class='ocrx_word' id='word_1_1' title='bbox 57 2163 67 2174; x_wconf 76' lang='lat'>⁸</span> <span class='ocrx_word' id='word_1_2' title='bbox 81 2161 200 2190; x_wconf 82' lang='lat' dir='ltr'>Leet.vn‚</span> <span class='ocrx_word' id='word_1_3' title='bbox 214 2168 238 2184; x_wconf 87' lang='lat' dir='ltr'>n.</span> <span class='ocrx_word' id='word_1_4' title='bbox 249 2168 265 2184; x_wconf 82' lang='lat'>1.</span> 
     </span>
    </p>
   </div>
   <div class='ocr_carea' id='block_1_2' title="bbox 56 2245 212 2275">
    <p class='ocr_par' dir='ltr' id='par_1_2' title="bbox 56 2245 212 2275">
     <span class='ocr_line' id='line_1_2' title="bbox 56 2245 212 2275; baseline 0 -7"><span class='ocrx_word' id='word_1_5' title='bbox 56 2246 68 2258; x_wconf 65' lang='lat'><strong><em>⁴</em></strong></span> <span class='ocrx_word' id='word_1_6' title='bbox 82 2245 140 2268; x_wconf 88' lang='lat' dir='ltr'>Ibid.</span> <span class='ocrx_word' id='word_1_7' title='bbox 154 2252 179 2268; x_wconf 89' lang='lat' dir='ltr'>n.</span> <span class='ocrx_word' id='word_1_8' title='bbox 192 2252 212 2275; x_wconf 86' lang='lat'>3.</span> 
     </span>
    </p>
   </div>
   <div class='ocr_carea' id='block_1_3' title="bbox 57 2382 265 2411">
    <p class='ocr_par' dir='ltr' id='par_1_3' title="bbox 57 2382 265 2411">
     <span class='ocr_line' id='line_1_3' title="bbox 57 2382 265 2411; baseline 0 -7"><span class='ocrx_word' id='word_1_9' title='bbox 57 2383 67 2393; x_wconf 78' lang='lat'>⁴²</span> <span class='ocrx_word' id='word_1_10' title='bbox 77 2382 139 2405; x_wconf 90' lang='lat' dir='ltr'>Lect.</span> <span class='ocrx_word' id='word_1_11' title='bbox 150 2389 199 2411; x_wconf 87' lang='lat' dir='ltr'>seq.</span> <span class='ocrx_word' id='word_1_12' title='bbox 212 2389 235 2404; x_wconf 91' lang='lat' dir='ltr'>n.</span> <span class='ocrx_word' id='word_1_13' title='bbox 246 2389 265 2411; x_wconf 87' lang='lat'>5.</span> 
     </span>
    </p>
   </div>
   <div class='ocr_carea' id='block_1_4' title="bbox 59 2514 268 2588">
    <p class='ocr_par' dir='ltr' id='par_1_4' title="bbox 59 2514 268 2588">
     <span class='ocr_line' id='line_1_4' title="bbox 61 2514 196 2543; baseline 0 -7"><span class='ocrx_word' id='word_1_14' title='bbox 61 2515 70 2525; x_wconf 83' lang='grc'><em>·</em></span> <span class='ocrx_word' id='word_1_15' title='bbox 88 2514 159 2536; x_wconf 89' lang='lat' dir='ltr'>Num.</span> <span class='ocrx_word' id='word_1_16' title='bbox 172 2522 196 2543; x_wconf 89' lang='lat'>4.</span> 
     </span>
     <span class='ocr_line' id='line_1_5' title="bbox 59 2559 268 2588; baseline 0.005 -7"><span class='ocrx_word' id='word_1_17' title='bbox 59 2560 69 2572; x_wconf 72' lang='lat'>⁸</span> <span class='ocrx_word' id='word_1_18' title='bbox 83 2559 148 2582; x_wconf 84' lang='lat' dir='ltr'>Lect.</span> <span class='ocrx_word' id='word_1_19' title='bbox 162 2566 211 2588; x_wconf 88' lang='lat' dir='ltr'>seq.</span> <span class='ocrx_word' id='word_1_20' title='bbox 221 2566 268 2582; x_wconf 89' lang='lat' dir='ltr'>n.1.</span> 
     </span>
    </p>
   </div>
   <div class='ocr_carea' id='block_1_5' title="bbox 59 2734 220 2763">
    <p class='ocr_par' dir='ltr' id='par_1_5' title="bbox 59 2734 220 2763">
     <span class='ocr_line' id='line_1_6' title="bbox 59 2734 220 2763; baseline 0.006 -7"><span class='ocrx_word' id='word_1_21' title='bbox 59 2735 68 2744; x_wconf 87' lang='grc'><em>·</em></span> <span class='ocrx_word' id='word_1_22' title='bbox 84 2734 156 2757; x_wconf 87' lang='lat' dir='ltr'>Num.</span> <span class='ocrx_word' id='word_1_23' title='bbox 171 2741 220 2763; x_wconf 81' lang='lat' dir='ltr'>seq.</span> 
     </span>
    </p>
   </div>
   <div class='ocr_carea' id='block_1_6' title="bbox 295 242 378 268">
    <p class='ocr_par' dir='ltr' id='par_1_6' title="bbox 295 242 378 268">
     <span class='ocr_line' id='line_1_7' title="bbox 295 242 378 268; baseline -0.012 0"><span class='ocrx_word' id='word_1_24' title='bbox 295 242 378 268; x_wconf 87' lang='lat' dir='ltr'>xcvl</span> 
     </span>
    </p>
   </div>
   <div class='ocr_carea' id='block_1_7' title="bbox 298 297 1361 1585">
    <p class='ocr_par' dir='ltr' id='par_1_7' title="bbox 298 297 1361 1585">
     <span class='ocr_line' id='line_1_8' title="bbox 362 297 1359 349; baseline -0.011 -11"><span class='ocrx_word' id='word_1_25' title='bbox 362 305 493 347; x_wconf 86' lang='grc' dir='ltr'>κύκλῳ,</span> <span class='ocrx_word' id='word_1_26' title='bbox 527 303 630 349; x_wconf 82' lang='grc' dir='ltr'>μικροὶ</span> <span class='ocrx_word' id='word_1_27' title='bbox 655 302 693 335; x_wconf 80' lang='grc' dir='ltr'>δὲ</span> <span class='ocrx_word' id='word_1_28' title='bbox 724 305 781 334; x_wconf 85' lang='grc' dir='ltr'>καὶ</span> <span class='ocrx_word' id='word_1_29' title='bbox 813 301 908 334; x_wconf 78' lang='grc' dir='ltr'>κατοὶ</span> <span class='ocrx_word' id='word_1_30' title='bbox 937 299 1071 344; x_wconf 83' lang='grc' dir='ltr'>μόριον,</span> <span class='ocrx_word' id='word_1_31' title='bbox 1104 301 1139 329; x_wconf 86' lang='grc' dir='ltr'>αἳ</span> <span class='ocrx_word' id='word_1_32' title='bbox 1169 297 1359 349; x_wconf 62' lang='grc' dir='ltr'>καλοῦνται</span> 
     </span>
     <span class='ocr_line' id='line_1_9' title="bbox 363 339 1347 418; baseline -0.01 -36"><span class='ocrx_word' id='word_1_33' title='bbox 363 345 496 395; x_wconf 66' lang='grc' dir='ltr'>ῥάβδοι,</span> <span class='ocrx_word' id='word_1_34' title='bbox 514 349 589 381; x_wconf 80' lang='grc' dir='ltr'>ἐπεὶ</span> <span class='ocrx_word' id='word_1_35' title='bbox 610 348 640 379; x_wconf 77' lang='grc' dir='ltr'>εἰ</span> <span class='ocrx_word' id='word_1_36' title='bbox 664 349 850 379; x_wconf 84' lang='grc' dir='ltr'>συνίστατο</span> <span class='ocrx_word' id='word_1_37' title='bbox 868 344 1014 381; x_wconf 77' lang='grc' dir='ltr'>τοιαύτη</span> <span class='ocrx_word' id='word_1_38' title='bbox 1036 342 1141 418; x_wconf 44' lang='grc' dir='ltr'>ἀξλύς</span> <span class='ocrx_word' id='word_1_39' title='bbox 1159 341 1215 392; x_wconf 51' lang='grc' dir='ltr'>ο’ί,α</span> <span class='ocrx_word' id='word_1_40' title='bbox 1231 339 1347 386; x_wconf 85' lang='grc' dir='ltr'>γένοιτ</span> 
     </span>
     <span class='ocr_line' id='line_1_10' title="bbox 366 385 1357 433; baseline -0.011 -7"><span class='ocrx_word' id='word_1_41' title='bbox 366 393 405 426; x_wconf 77' lang='grc' dir='ltr'>ὀὲν</span> <span class='ocrx_word' id='word_1_42' title='bbox 424 389 563 433; x_wconf 76' lang='grc' dir='ltr'>ὕδατος,</span> <span class='ocrx_word' id='word_1_43' title='bbox 577 391 599 428; x_wconf 76' lang='grc' dir='ltr'>ἦ</span> <span class='ocrx_word' id='word_1_44' title='bbox 614 403 704 428; x_wconf 90' lang='grc' dir='ltr'>τινος</span> <span class='ocrx_word' id='word_1_45' title='bbox 723 391 825 422; x_wconf 84' lang='grc' dir='ltr'>ἀλλου</span> <span class='ocrx_word' id='word_1_46' title='bbox 843 389 1001 433; x_wconf 89' lang='grc' dir='ltr'>μέλανος,</span> <span class='ocrx_word' id='word_1_47' title='bbox 1016 399 1061 419; x_wconf 86' lang='grc' dir='ltr'>κα</span> <span class='ocrx_word' id='word_1_48' title='bbox 1086 385 1169 428; x_wconf 86' lang='grc' dir='ltr'>οίπερ</span> <span class='ocrx_word' id='word_1_49' title='bbox 1184 385 1357 430; x_wconf 86' lang='grc' dir='ltr'>ελέγομεν,</span> 
     </span>
     <span class='ocr_line' id='line_1_11' title="bbox 298 429 1359 484; baseline -0.012 -13"><span class='ocrx_word' id='word_1_50' title='bbox 298 439 454 483; x_wconf 80' lang='grc' dir='ltr'>ἐφαίνετο</span> <span class='ocrx_word' id='word_1_51' title='bbox 474 436 514 470; x_wconf 74' lang='grc' dir='ltr'>ἂν</span> <span class='ocrx_word' id='word_1_52' title='bbox 534 438 555 473; x_wconf 78' lang='grc' dir='ltr'>ἡ</span> <span class='ocrx_word' id='word_1_53' title='bbox 572 433 631 480; x_wconf 77' lang='grc' dir='ltr'>ἶρις</span> <span class='ocrx_word' id='word_1_54' title='bbox 651 434 724 475; x_wconf 83' lang='grc' dir='ltr'>ὅλη,</span> <span class='ocrx_word' id='word_1_55' title='bbox 743 433 852 476; x_wconf 74' lang='grc' dir='ltr'>ὥσπερ</span> <span class='ocrx_word' id='word_1_56' title='bbox 871 434 891 468; x_wconf 79' lang='grc' dir='ltr'>ἡ</span> <span class='ocrx_word' id='word_1_57' title='bbox 911 434 983 475; x_wconf 80' lang='grc' dir='ltr'>περὶ</span> <span class='ocrx_word' id='word_1_58' title='bbox 1002 431 1082 468; x_wconf 77' lang='grc' dir='ltr'>τούς</span> <span class='ocrx_word' id='word_1_59' title='bbox 1097 429 1258 484; x_wconf 56' lang='grc' dir='ltr'>λύᾉνους·</span> <span class='ocrx_word' id='word_1_60' title='bbox 1286 430 1359 472; x_wconf 82' lang='grc' dir='ltr'>περὶ</span> 
     </span>
     <span class='ocr_line' id='line_1_12' title="bbox 364 474 1360 528; baseline -0.013 -13"><span class='ocrx_word' id='word_1_61' title='bbox 364 482 427 528; x_wconf 71' lang='grc' dir='ltr'>γαρ</span> <span class='ocrx_word' id='word_1_62' title='bbox 454 480 598 518; x_wconf 76' lang='grc' dir='ltr'>τούτους</span> <span class='ocrx_word' id='word_1_63' title='bbox 623 479 671 512; x_wconf 79' lang='grc' dir='ltr'>τοὶ</span> <span class='ocrx_word' id='word_1_64' title='bbox 694 480 841 511; x_wconf 81' lang='grc' dir='ltr'>πλεῖστα</span> <span class='ocrx_word' id='word_1_65' title='bbox 866 477 984 508; x_wconf 85' lang='grc' dir='ltr'>νοτίων</span> <span class='ocrx_word' id='word_1_66' title='bbox 1013 475 1118 507; x_wconf 83' lang='grc' dir='ltr'>ὄντων</span> <span class='ocrx_word' id='word_1_67' title='bbox 1144 474 1360 518; x_wconf 19' lang='grc' dir='ltr'>ιριςγγίνεται</span> 
     </span>
     <span class='ocr_line' id='line_1_13' title="bbox 364 515 1359 570; baseline -0.011 -12"><span class='ocrx_word' id='word_1_68' title='bbox 364 526 427 558; x_wconf 82' lang='grc' dir='ltr'>τοῦ</span> <span class='ocrx_word' id='word_1_69' title='bbox 451 526 626 570; x_wconf 83' lang='grc' dir='ltr'>χειμῶνος,</span> <span class='ocrx_word' id='word_1_70' title='bbox 644 522 798 567; x_wconf 69' lang='grc' dir='ltr'>μάλιστα</span> <span class='ocrx_word' id='word_1_71' title='bbox 822 516 860 552; x_wconf 80' lang='grc' dir='ltr'>δέ</span> <span class='ocrx_word' id='word_1_72' title='bbox 884 515 970 556; x_wconf 77' lang='grc' dir='ltr'>δήλη</span> <span class='ocrx_word' id='word_1_73' title='bbox 997 521 1130 565; x_wconf 85' lang='grc' dir='ltr'>γίνεται</span> <span class='ocrx_word' id='word_1_74' title='bbox 1151 522 1222 554; x_wconf 84' lang='grc' dir='ltr'>τοῖς</span> <span class='ocrx_word' id='word_1_75' title='bbox 1241 515 1359 569; x_wconf 67' lang='grc' dir='ltr'>ὁγρούς</span> 
     </span>
     <span class='ocr_line' id='line_1_14' title="bbox 366 560 1359 615; baseline -0.012 -13"><span class='ocrx_word' id='word_1_76' title='bbox 366 570 479 615; x_wconf 86' lang='grc' dir='ltr'>ἔχουσι</span> <span class='ocrx_word' id='word_1_77' title='bbox 511 568 589 606; x_wconf 80' lang='grc' dir='ltr'>τούς</span> <span class='ocrx_word' id='word_1_78' title='bbox 621 564 830 610; x_wconf 78' lang='grc' dir='ltr'>ὀφθαλμούς·</span> <span class='ocrx_word' id='word_1_79' title='bbox 857 562 990 597; x_wconf 82' lang='grc' dir='ltr'>τούτων</span> <span class='ocrx_word' id='word_1_80' title='bbox 1022 564 1087 607; x_wconf 78' lang='grc' dir='ltr'>γάρ</span> <span class='ocrx_word' id='word_1_81' title='bbox 1118 563 1138 598; x_wconf 78' lang='grc' dir='ltr'>ἡ</span> <span class='ocrx_word' id='word_1_82' title='bbox 1166 560 1359 612; x_wconf 33' lang='grc' dir='ltr'>ὄψιςῇταχμ</span> 
     </span>
     <span class='ocr_line' id='line_1_15' title="bbox 364 603 1359 646; baseline -0.01 -1"><span class='ocrx_word' id='word_1_83' title='bbox 364 609 401 645; x_wconf 76' lang='grc' dir='ltr'>δι’</span> <span class='ocrx_word' id='word_1_84' title='bbox 425 612 598 646; x_wconf 84' lang='grc' dir='ltr'>ἀσθένειαν</span> <span class='ocrx_word' id='word_1_85' title='bbox 622 610 829 643; x_wconf 80' lang='grc' dir='ltr'>ἀνακλᾶται.</span> <span class='ocrx_word' id='word_1_86' title='bbox 855 610 989 639; x_wconf 82' lang='grc' dir='ltr'>Γίνεται</span> <span class='ocrx_word' id='word_1_87' title='bbox 1013 603 1044 639; x_wconf 79' lang='grc' dir='ltr'>δ’</span> <span class='ocrx_word' id='word_1_88' title='bbox 1068 606 1136 638; x_wconf 89' lang='grc' dir='ltr'>ἀπό</span> <span class='ocrx_word' id='word_1_89' title='bbox 1157 618 1196 638; x_wconf 89' lang='grc' dir='ltr'>τε</span> <span class='ocrx_word' id='word_1_90' title='bbox 1214 616 1277 641; x_wconf 81' lang='grc' dir='ltr'>της</span> <span class='ocrx_word' id='word_1_91' title='bbox 1295 615 1359 636; x_wconf 90' lang='grc' dir='ltr'>του</span> 
     </span>
     <span class='ocr_line' id='line_1_16' title="bbox 367 648 1360 703; baseline -0.011 -13"><span class='ocrx_word' id='word_1_92' title='bbox 367 649 462 702; x_wconf 88' lang='grc' dir='ltr'>ἀέρος</span> <span class='ocrx_word' id='word_1_93' title='bbox 488 656 674 703; x_wconf 79' lang='grc' dir='ltr'>ὑγρότητος</span> <span class='ocrx_word' id='word_1_94' title='bbox 698 656 756 685; x_wconf 85' lang='grc' dir='ltr'>καὶ</span> <span class='ocrx_word' id='word_1_95' title='bbox 783 653 852 685; x_wconf 74' lang='grc' dir='ltr'>ἀπὸ</span> <span class='ocrx_word' id='word_1_96' title='bbox 876 650 1008 696; x_wconf 81' lang='grc' dir='ltr'>λιγνύος</span> <span class='ocrx_word' id='word_1_97' title='bbox 1034 651 1098 688; x_wconf 75' lang='grc' dir='ltr'>τῆς</span> <span class='ocrx_word' id='word_1_98' title='bbox 1117 648 1186 683; x_wconf 81' lang='grc' dir='ltr'>ἀπὸ</span> <span class='ocrx_word' id='word_1_99' title='bbox 1203 649 1266 685; x_wconf 82' lang='grc' dir='ltr'>τῆς</span> <span class='ocrx_word' id='word_1_100' title='bbox 1285 650 1360 692; x_wconf 83' lang='grc' dir='ltr'>φλο-</span> 
     </span>
     <span class='ocr_line' id='line_1_17' title="bbox 364 694 1360 747; baseline -0.012 -13"><span class='ocrx_word' id='word_1_101' title='bbox 364 703 422 747; x_wconf 83' lang='grc' dir='ltr'>γός</span> <span class='ocrx_word' id='word_1_102' title='bbox 449 699 675 745; x_wconf 77' lang='grc' dir='ltr'>ἀπορρεούσης</span> <span class='ocrx_word' id='word_1_103' title='bbox 700 699 757 728; x_wconf 86' lang='grc' dir='ltr'>καὶ</span> <span class='ocrx_word' id='word_1_104' title='bbox 782 697 1000 742; x_wconf 86' lang='grc' dir='ltr'>μιγνυμένης·</span> <span class='ocrx_word' id='word_1_105' title='bbox 1028 694 1111 728; x_wconf 85' lang='grc' dir='ltr'>τότε</span> <span class='ocrx_word' id='word_1_106' title='bbox 1135 694 1200 740; x_wconf 74' lang='grc' dir='ltr'>γὰρ</span> <span class='ocrx_word' id='word_1_107' title='bbox 1225 694 1360 739; x_wconf 89' lang='grc' dir='ltr'>γίνεται</span> 
     </span>
     <span class='ocr_line' id='line_1_18' title="bbox 366 734 1358 790; baseline -0.012 -11"><span class='ocrx_word' id='word_1_108' title='bbox 366 748 547 790; x_wconf 81' lang='grc' dir='ltr'>ἔνοπτρον,</span> <span class='ocrx_word' id='word_1_109' title='bbox 573 745 630 775; x_wconf 83' lang='grc' dir='ltr'>καὶ</span> <span class='ocrx_word' id='word_1_110' title='bbox 655 737 714 774; x_wconf 78' lang='grc' dir='ltr'>διαὶ</span> <span class='ocrx_word' id='word_1_111' title='bbox 741 742 805 777; x_wconf 71' lang='grc' dir='ltr'>τήν</span> <span class='ocrx_word' id='word_1_112' title='bbox 835 741 1016 782; x_wconf 82' lang='grc' dir='ltr'>μελανίαν·</span> <span class='ocrx_word' id='word_1_113' title='bbox 1042 734 1222 775; x_wconf 76' lang='grc' dir='ltr'>καπνώδης</span> <span class='ocrx_word' id='word_1_114' title='bbox 1248 735 1311 782; x_wconf 80' lang='grc' dir='ltr'>γσὶρ</span> <span class='ocrx_word' id='word_1_115' title='bbox 1338 737 1358 773; x_wconf 78' lang='grc' dir='ltr'>η’</span> 
     </span>
     <span class='ocr_line' id='line_1_19' title="bbox 362 780 1361 836; baseline -0.012 -13"><span class='ocrx_word' id='word_1_116' title='bbox 362 789 487 836; x_wconf 82' lang='grc' dir='ltr'>λιγνύς.</span> <span class='ocrx_word' id='word_1_117' title='bbox 514 789 560 820; x_wconf 69' lang='lat' dir='ltr'>To*</span> <span class='ocrx_word' id='word_1_118' title='bbox 583 782 621 819; x_wconf 78' lang='grc' dir='ltr'>δὲ</span> <span class='ocrx_word' id='word_1_119' title='bbox 645 786 708 819; x_wconf 80' lang='grc' dir='ltr'>τοῦ</span> <span class='ocrx_word' id='word_1_120' title='bbox 731 784 856 829; x_wconf 82' lang='grc' dir='ltr'>λύχνου</span> <span class='ocrx_word' id='word_1_121' title='bbox 881 785 946 828; x_wconf 85' lang='grc' dir='ltr'>φῶς</span> <span class='ocrx_word' id='word_1_122' title='bbox 965 780 1004 815; x_wconf 78' lang='grc' dir='ltr'>οὗ</span> <span class='ocrx_word' id='word_1_123' title='bbox 1019 783 1151 824; x_wconf 77' lang='grc' dir='ltr'>λευκὸν,</span> <span class='ocrx_word' id='word_1_124' title='bbox 1173 782 1264 814; x_wconf 77' lang='grc' dir='ltr'>ἀλλοὶ</span> <span class='ocrx_word' id='word_1_125' title='bbox 1281 792 1361 823; x_wconf 90' lang='grc' dir='ltr'>πορ-</span> 
     </span>
     <span class='ocr_line' id='line_1_20' title="bbox 363 821 1358 890; baseline -0.009 -25"><span class='ocrx_word' id='word_1_126' title='bbox 363 834 482 890; x_wconf 51' lang='grc' dir='ltr'>Ϋυροῧν</span> <span class='ocrx_word' id='word_1_127' title='bbox 507 833 664 875; x_wconf 84' lang='grc' dir='ltr'>φαίνεται</span> <span class='ocrx_word' id='word_1_128' title='bbox 689 828 798 870; x_wconf 86' lang='grc' dir='ltr'>κύκλῳ</span> <span class='ocrx_word' id='word_1_129' title='bbox 823 831 881 860; x_wconf 80' lang='grc' dir='ltr'>καὶ</span> <span class='ocrx_word' id='word_1_130' title='bbox 898 823 1038 872; x_wconf 75' lang='grc' dir='ltr'>ὶριῶδες,</span> <span class='ocrx_word' id='word_1_131' title='bbox 1058 826 1225 872; x_wconf 82' lang='grc' dir='ltr'>φοινικοῦν</span> <span class='ocrx_word' id='word_1_132' title='bbox 1250 821 1279 857; x_wconf 82' lang='grc' dir='ltr'>δ’</span> <span class='ocrx_word' id='word_1_133' title='bbox 1301 825 1358 856; x_wconf 77' lang='grc' dir='ltr'>οὗ·</span> 
     </span>
     <span class='ocr_line' id='line_1_21' title="bbox 363 869 1358 922; baseline -0.01 -12"><span class='ocrx_word' id='word_1_134' title='bbox 363 889 437 910; x_wconf 88' lang='grc' dir='ltr'>εστι</span> <span class='ocrx_word' id='word_1_135' title='bbox 461 877 524 922; x_wconf 72' lang='grc' dir='ltr'>γαῖρ</span> <span class='ocrx_word' id='word_1_136' title='bbox 550 874 572 911; x_wconf 78' lang='grc' dir='ltr'>ἥ</span> <span class='ocrx_word' id='word_1_137' title='bbox 597 873 628 908; x_wconf 92' lang='grc' dir='ltr'>τ’</span> <span class='ocrx_word' id='word_1_138' title='bbox 650 872 720 917; x_wconf 84' lang='grc' dir='ltr'>ὄψις</span> <span class='ocrx_word' id='word_1_139' title='bbox 747 874 842 919; x_wconf 83' lang='grc' dir='ltr'>ὀλίγη</span> <span class='ocrx_word' id='word_1_140' title='bbox 864 873 884 909; x_wconf 73' lang='grc' dir='ltr'>ἡ</span> <span class='ocrx_word' id='word_1_141' title='bbox 908 870 1144 915; x_wconf 78' lang='grc' dir='ltr'>ἀνακλωμένη,</span> <span class='ocrx_word' id='word_1_142' title='bbox 1170 871 1228 902; x_wconf 82' lang='grc' dir='ltr'>καὶ</span> <span class='ocrx_word' id='word_1_143' title='bbox 1252 869 1358 914; x_wconf 85' lang='grc' dir='ltr'>μέλαν</span> 
     </span>
     <span class='ocr_line' id='line_1_22' title="bbox 364 912 1359 964; baseline -0.009 -11"><span class='ocrx_word' id='word_1_144' title='bbox 364 922 404 955; x_wconf 76' lang='grc' dir='ltr'>τό</span> <span class='ocrx_word' id='word_1_145' title='bbox 430 920 603 964; x_wconf 83' lang='grc' dir='ltr'>ἔνοπτρον.</span> <span class='ocrx_word' id='word_1_146' title='bbox 637 920 644 930; x_wconf 80' lang='grc'><em>“</em></span> <span class='ocrx_word' id='word_1_147' title='bbox 723 918 731 929; x_wconf 86' lang='grc'>’</span> <span class='ocrx_word' id='word_1_148' title='bbox 762 915 831 950; x_wconf 72' lang='grc' dir='ltr'>ἀπὸ</span> <span class='ocrx_word' id='word_1_149' title='bbox 857 918 925 949; x_wconf 77' lang='grc' dir='ltr'>τῶν</span> <span class='ocrx_word' id='word_1_150' title='bbox 953 917 1074 948; x_wconf 81' lang='grc' dir='ltr'>κωπῶν</span> <span class='ocrx_word' id='word_1_151' title='bbox 1105 917 1171 949; x_wconf 83' lang='grc' dir='ltr'>τῶν</span> <span class='ocrx_word' id='word_1_152' title='bbox 1198 912 1359 958; x_wconf 80' lang='grc' dir='ltr'>ἀναφερο-</span> 
     </span>
     <span class='ocr_line' id='line_1_23' title="bbox 362 958 1356 1011; baseline -0.009 -14"><span class='ocrx_word' id='word_1_153' title='bbox 362 965 467 1011; x_wconf 84' lang='grc' dir='ltr'>μένων</span> <span class='ocrx_word' id='word_1_154' title='bbox 492 964 528 995; x_wconf 81' lang='grc' dir='ltr'>ἑκ</span> <span class='ocrx_word' id='word_1_155' title='bbox 553 963 615 1000; x_wconf 85' lang='grc' dir='ltr'>τῆς</span> <span class='ocrx_word' id='word_1_156' title='bbox 633 961 811 999; x_wconf 86' lang='grc' dir='ltr'>θαλοίττης</span> <span class='ocrx_word' id='word_1_157' title='bbox 829 958 887 1005; x_wconf 82' lang='grc' dir='ltr'>ἶρις</span> <span class='ocrx_word' id='word_1_158' title='bbox 913 961 958 1003; x_wconf 86' lang='grc' dir='ltr'>τῇ</span> <span class='ocrx_word' id='word_1_159' title='bbox 984 961 1044 1003; x_wconf 85' lang='grc' dir='ltr'>μὲν</span> <span class='ocrx_word' id='word_1_160' title='bbox 1065 958 1153 992; x_wconf 86' lang='grc' dir='ltr'>θέσει</span> <span class='ocrx_word' id='word_1_161' title='bbox 1171 959 1230 991; x_wconf 73' lang='grc' dir='ltr'>τόν</span> <span class='ocrx_word' id='word_1_162' title='bbox 1250 958 1356 990; x_wconf 80' lang='grc' dir='ltr'>αὐτόν</span> 
     </span>
     <span class='ocr_line' id='line_1_24' title="bbox 361 1000 1360 1056; baseline -0.008 -16"><span class='ocrx_word' id='word_1_163' title='bbox 361 1011 493 1056; x_wconf 83' lang='grc' dir='ltr'>γίνεται</span> <span class='ocrx_word' id='word_1_164' title='bbox 511 1006 635 1051; x_wconf 82' lang='grc' dir='ltr'>τρόπον</span> <span class='ocrx_word' id='word_1_165' title='bbox 654 1006 698 1048; x_wconf 84' lang='grc' dir='ltr'>τῇ</span> <span class='ocrx_word' id='word_1_166' title='bbox 717 1006 750 1037; x_wconf 81' lang='grc' dir='ltr'>ἐν</span> <span class='ocrx_word' id='word_1_167' title='bbox 769 1006 816 1047; x_wconf 81' lang='grc' dir='ltr'>τῷ</span> <span class='ocrx_word' id='word_1_168' title='bbox 835 1005 977 1049; x_wconf 79' lang='grc' dir='ltr'>οὐρανῷ,</span> <span class='ocrx_word' id='word_1_169' title='bbox 996 1005 1037 1037; x_wconf 76' lang='grc' dir='ltr'>τό</span> <span class='ocrx_word' id='word_1_170' title='bbox 1054 1000 1091 1036; x_wconf 77' lang='grc' dir='ltr'>δὲ</span> <span class='ocrx_word' id='word_1_171' title='bbox 1109 1004 1228 1048; x_wconf 80' lang='grc' dir='ltr'>χρῶμα</span> <span class='ocrx_word' id='word_1_172' title='bbox 1247 1003 1360 1046; x_wconf 84' lang='grc' dir='ltr'>ὁμοιο-</span> 
     </span>
     <span class='ocr_line' id='line_1_25' title="bbox 362 1045 1359 1098; baseline -0.01 -12"><span class='ocrx_word' id='word_1_173' title='bbox 362 1053 445 1098; x_wconf 81' lang='grc' dir='ltr'>τέρα</span> <span class='ocrx_word' id='word_1_174' title='bbox 469 1052 516 1094; x_wconf 85' lang='grc' dir='ltr'>τῇ</span> <span class='ocrx_word' id='word_1_175' title='bbox 541 1052 616 1093; x_wconf 79' lang='grc' dir='ltr'>περὶ</span> <span class='ocrx_word' id='word_1_176' title='bbox 641 1049 719 1086; x_wconf 75' lang='grc' dir='ltr'>τούς</span> <span class='ocrx_word' id='word_1_177' title='bbox 743 1049 902 1095; x_wconf 79' lang='grc' dir='ltr'>λύχνους·</span> <span class='ocrx_word' id='word_1_178' title='bbox 932 1048 968 1082; x_wconf 78' lang='grc' dir='ltr'>οὗ</span> <span class='ocrx_word' id='word_1_179' title='bbox 994 1047 1059 1094; x_wconf 83' lang='grc' dir='ltr'>γοὶρ</span> <span class='ocrx_word' id='word_1_180' title='bbox 1084 1048 1247 1091; x_wconf 77' lang='grc' dir='ltr'>φοινικῆν,</span> <span class='ocrx_word' id='word_1_181' title='bbox 1268 1045 1359 1078; x_wconf 85' lang='grc' dir='ltr'>ἀλλοὶ</span> 
     </span>
     <span class='ocr_line' id='line_1_26' title="bbox 362 1087 1357 1142; baseline -0.009 -12"><span class='ocrx_word' id='word_1_182' title='bbox 362 1097 528 1142; x_wconf 81' lang='grc' dir='ltr'>πορφυρᾶν</span> <span class='ocrx_word' id='word_1_183' title='bbox 553 1095 680 1140; x_wconf 70' lang='grc' dir='ltr'>ἔχουσα</span> <span class='ocrx_word' id='word_1_184' title='bbox 697 1097 854 1137; x_wconf 86' lang='grc' dir='ltr'>φαίνεται</span> <span class='ocrx_word' id='word_1_185' title='bbox 879 1093 943 1130; x_wconf 74' lang='grc' dir='ltr'>τήν</span> <span class='ocrx_word' id='word_1_186' title='bbox 968 1092 1092 1138; x_wconf 86' lang='grc' dir='ltr'>χρόαν·</span> <span class='ocrx_word' id='word_1_187' title='bbox 1118 1094 1139 1129; x_wconf 76' lang='grc' dir='ltr'>ἡ</span> <span class='ocrx_word' id='word_1_188' title='bbox 1157 1087 1186 1123; x_wconf 79' lang='grc' dir='ltr'>δ’</span> <span class='ocrx_word' id='word_1_189' title='bbox 1208 1090 1357 1124; x_wconf 85' lang='grc' dir='ltr'>ἀνοίκλα-</span> 
     </span>
     <span class='ocr_line' id='line_1_27' title="bbox 361 1131 1357 1183; baseline -0.008 -10"><span class='ocrx_word' id='word_1_190' title='bbox 361 1154 409 1179; x_wconf 87' lang='grc' dir='ltr'>σις</span> <span class='ocrx_word' id='word_1_191' title='bbox 437 1138 505 1172; x_wconf 74' lang='grc' dir='ltr'>ἀπὸ</span> <span class='ocrx_word' id='word_1_192' title='bbox 538 1132 604 1172; x_wconf 67' lang='grc' dir='ltr'>τῶν</span> <span class='ocrx_word' id='word_1_193' title='bbox 637 1150 695 1183; x_wconf 89' lang='grc' dir='ltr'>μικ</span> <span class='ocrx_word' id='word_1_194' title='bbox 719 1137 855 1171; x_wconf 85' lang='grc' dir='ltr'>οτοίτων</span> <span class='ocrx_word' id='word_1_195' title='bbox 883 1138 963 1181; x_wconf 81' lang='grc' dir='ltr'>μὲν,</span> <span class='ocrx_word' id='word_1_196' title='bbox 989 1138 1134 1181; x_wconf 82' lang='grc' dir='ltr'>συνεχῶν</span> <span class='ocrx_word' id='word_1_197' title='bbox 1159 1131 1197 1168; x_wconf 79' lang='grc' dir='ltr'>δὲ</span> <span class='ocrx_word' id='word_1_198' title='bbox 1221 1137 1357 1181; x_wconf 85' lang='grc' dir='ltr'>γίνεται</span> 
     </span>
     <span class='ocr_line' id='line_1_28' title="bbox 360 1149 1355 1231; baseline -0.006 -15"><span class='ocrx_word' id='word_1_199' title='bbox 360 1179 520 1231; x_wconf 77' lang='grc' dir='ltr'>ῥανίδων·</span> <span class='ocrx_word' id='word_1_200' title='bbox 554 1183 660 1216; x_wconf 81' lang='grc' dir='ltr'>αὗται</span> <span class='ocrx_word' id='word_1_201' title='bbox 694 1149 722 1215; x_wconf 62' lang='lat' dir='ltr'>g’</span> <span class='ocrx_word' id='word_1_202' title='bbox 756 1178 841 1226; x_wconf 74' lang='grc' dir='ltr'>ὕδωρ</span> <span class='ocrx_word' id='word_1_203' title='bbox 877 1181 1138 1226; x_wconf 83' lang='grc' dir='ltr'>ἀποκεκριμένον</span> <span class='ocrx_word' id='word_1_204' title='bbox 1175 1181 1255 1212; x_wconf 83' lang='grc' dir='ltr'>εἰσὶν</span> <span class='ocrx_word' id='word_1_205' title='bbox 1290 1174 1355 1216; x_wconf 80' lang='grc' dir='ltr'>ἤδη</span> 
     </span>
     <span class='ocr_line' id='line_1_29' title="bbox 361 1222 1355 1270; baseline -0.008 -8"><span class='ocrx_word' id='word_1_206' title='bbox 361 1229 549 1266; x_wconf 79' lang='grc' dir='ltr'>παντελῶς.</span> <span class='ocrx_word' id='word_1_207' title='bbox 575 1230 709 1260; x_wconf 87' lang='grc' dir='ltr'>Γίνεται</span> <span class='ocrx_word' id='word_1_208' title='bbox 733 1222 771 1259; x_wconf 80' lang='grc' dir='ltr'>δὲ</span> <span class='ocrx_word' id='word_1_209' title='bbox 794 1227 857 1259; x_wconf 79' lang='grc' dir='ltr'>κᾶν</span> <span class='ocrx_word' id='word_1_210' title='bbox 884 1238 933 1263; x_wconf 87' lang='grc' dir='ltr'>τις</span> <span class='ocrx_word' id='word_1_211' title='bbox 950 1228 1096 1263; x_wconf 74' lang='grc' dir='ltr'>λεπταῖς</span> <span class='ocrx_word' id='word_1_212' title='bbox 1114 1226 1240 1270; x_wconf 81' lang='grc' dir='ltr'>ῥανίσιν</span> <span class='ocrx_word' id='word_1_213' title='bbox 1257 1225 1355 1268; x_wconf 79' lang='grc' dir='ltr'>ραίνῃ</span> 
     </span>
     <span class='ocr_line' id='line_1_30' title="bbox 361 1266 1355 1317; baseline -0.007 -11"><span class='ocrx_word' id='word_1_214' title='bbox 361 1276 406 1311; x_wconf 80' lang='grc' dir='ltr'>είς</span> <span class='ocrx_word' id='word_1_215' title='bbox 431 1284 464 1306; x_wconf 92' lang='grc' dir='ltr'>τι</span> <span class='ocrx_word' id='word_1_216' title='bbox 489 1273 646 1305; x_wconf 81' lang='grc' dir='ltr'>τοιοῦτον</span> <span class='ocrx_word' id='word_1_217' title='bbox 671 1274 804 1317; x_wconf 86' lang='grc' dir='ltr'>χωρίον,</span> <span class='ocrx_word' id='word_1_218' title='bbox 825 1271 841 1303; x_wconf 84' lang='grc' dir='ltr'><strong><em>ὃ</em></strong></span> <span class='ocrx_word' id='word_1_219' title='bbox 863 1271 927 1307; x_wconf 71' lang='grc' dir='ltr'>τήν</span> <span class='ocrx_word' id='word_1_220' title='bbox 953 1269 1041 1302; x_wconf 85' lang='grc' dir='ltr'>θέσιν</span> <span class='ocrx_word' id='word_1_221' title='bbox 1067 1269 1148 1314; x_wconf 78' lang='grc' dir='ltr'>πρὸς</span> <span class='ocrx_word' id='word_1_222' title='bbox 1173 1269 1233 1301; x_wconf 74' lang='grc' dir='ltr'>τόν</span> <span class='ocrx_word' id='word_1_223' title='bbox 1259 1266 1355 1305; x_wconf 71' lang='grc' dir='ltr'>ἥλιον</span> 
     </span>
     <span class='ocr_line' id='line_1_31' title="bbox 361 1313 1354 1361; baseline -0.006 -11"><span class='ocrx_word' id='word_1_224' title='bbox 361 1316 589 1361; x_wconf 80' lang='grc' dir='ltr'>ἐστραμμένον</span> <span class='ocrx_word' id='word_1_225' title='bbox 623 1316 716 1358; x_wconf 75' lang='grc' dir='ltr'>ἐστὶ,</span> <span class='ocrx_word' id='word_1_226' title='bbox 742 1318 800 1347; x_wconf 81' lang='grc' dir='ltr'>καὶ</span> <span class='ocrx_word' id='word_1_227' title='bbox 826 1316 871 1358; x_wconf 82' lang='grc' dir='ltr'>τῇ</span> <span class='ocrx_word' id='word_1_228' title='bbox 897 1314 956 1359; x_wconf 81' lang='grc' dir='ltr'>μὲν</span> <span class='ocrx_word' id='word_1_229' title='bbox 983 1316 999 1346; x_wconf 87' lang='grc' dir='ltr'>ὁ</span> <span class='ocrx_word' id='word_1_230' title='bbox 1024 1313 1117 1351; x_wconf 78' lang='grc' dir='ltr'>ἥλιος</span> <span class='ocrx_word' id='word_1_231' title='bbox 1149 1313 1282 1359; x_wconf 81' lang='grc' dir='ltr'>ἀνέχει,</span> <span class='ocrx_word' id='word_1_232' title='bbox 1309 1313 1354 1354; x_wconf 84' lang='grc' dir='ltr'>τῇ</span> 
     </span>
     <span class='ocr_line' id='line_1_32' title="bbox 360 1357 1353 1406; baseline -0.006 -12"><span class='ocrx_word' id='word_1_233' title='bbox 360 1358 397 1394; x_wconf 77' lang='grc' dir='ltr'>δέ</span> <span class='ocrx_word' id='word_1_234' title='bbox 422 1361 571 1406; x_wconf 83' lang='grc' dir='ltr'>σχιοίζει·</span> <span class='ocrx_word' id='word_1_235' title='bbox 599 1358 631 1392; x_wconf 86' lang='grc' dir='ltr'>ὲν</span> <span class='ocrx_word' id='word_1_236' title='bbox 649 1362 697 1403; x_wconf 79' lang='grc' dir='ltr'>τῷ</span> <span class='ocrx_word' id='word_1_237' title='bbox 716 1358 861 1401; x_wconf 84' lang='grc' dir='ltr'>τοιούτῳ</span> <span class='ocrx_word' id='word_1_238' title='bbox 885 1361 964 1406; x_wconf 80' lang='grc' dir='ltr'>γοίρ,</span> <span class='ocrx_word' id='word_1_239' title='bbox 983 1358 1043 1391; x_wconf 80' lang='grc' dir='ltr'>ἑσίν</span> <span class='ocrx_word' id='word_1_240' title='bbox 1065 1360 1141 1391; x_wconf 73' lang='grc' dir='ltr'>εἵσω</span> <span class='ocrx_word' id='word_1_241' title='bbox 1167 1369 1217 1395; x_wconf 91' lang='grc' dir='ltr'>τις</span> <span class='ocrx_word' id='word_1_242' title='bbox 1242 1357 1353 1402; x_wconf 86' lang='grc' dir='ltr'>ῥαίνῃ,</span> 
     </span>
     <span class='ocr_line' id='line_1_33' title="bbox 360 1402 1356 1448; baseline -0.007 -10"><span class='ocrx_word' id='word_1_243' title='bbox 360 1407 407 1448; x_wconf 76' lang='grc' dir='ltr'>τῷ</span> <span class='ocrx_word' id='word_1_244' title='bbox 434 1406 557 1438; x_wconf 82' lang='grc' dir='ltr'>ἑστῶτι</span> <span class='ocrx_word' id='word_1_245' title='bbox 582 1405 698 1447; x_wconf 75' lang='grc' dir='ltr'>ἐκτὸς,</span> <span class='ocrx_word' id='word_1_246' title='bbox 727 1405 747 1448; x_wconf 83' lang='grc' dir='ltr'>ᾖ</span> <span class='ocrx_word' id='word_1_247' title='bbox 774 1403 1052 1437; x_wconf 84' lang='grc' dir='ltr'>ἑπαλλοίττουσιν</span> <span class='ocrx_word' id='word_1_248' title='bbox 1078 1405 1112 1435; x_wconf 79' lang='grc' dir='ltr'>αἱ</span> <span class='ocrx_word' id='word_1_249' title='bbox 1140 1402 1272 1440; x_wconf 77' lang='grc' dir='ltr'>ἀκτῖνες</span> <span class='ocrx_word' id='word_1_250' title='bbox 1297 1402 1356 1432; x_wconf 86' lang='grc' dir='ltr'>καὶ</span> 
     </span>
     <span class='ocr_line' id='line_1_34' title="bbox 361 1443 1356 1493; baseline -0.007 -10"><span class='ocrx_word' id='word_1_251' title='bbox 361 1451 494 1483; x_wconf 82' lang='grc' dir='ltr'>ποιοῦσι</span> <span class='ocrx_word' id='word_1_252' title='bbox 519 1450 583 1487; x_wconf 73' lang='grc' dir='ltr'>τήν</span> <span class='ocrx_word' id='word_1_253' title='bbox 608 1452 720 1491; x_wconf 79' lang='grc' dir='ltr'>σκιοὶν,</span> <span class='ocrx_word' id='word_1_254' title='bbox 742 1451 901 1493; x_wconf 87' lang='grc' dir='ltr'>φαίνεται</span> <span class='ocrx_word' id='word_1_255' title='bbox 924 1445 999 1493; x_wconf 85' lang='grc' dir='ltr'>ἶρις.</span> <span class='ocrx_word' id='word_1_256' title='bbox 1032 1448 1068 1479; x_wconf 92' lang='lat'>&#39;0</span> <span class='ocrx_word' id='word_1_257' title='bbox 1091 1443 1129 1479; x_wconf 69' lang='grc' dir='ltr'>δὲ</span> <span class='ocrx_word' id='word_1_258' title='bbox 1150 1446 1274 1492; x_wconf 80' lang='grc' dir='ltr'>τρόπος</span> <span class='ocrx_word' id='word_1_259' title='bbox 1297 1447 1356 1477; x_wconf 82' lang='grc' dir='ltr'>καὶ</span> 
     </span>
     <span class='ocr_line' id='line_1_35' title="bbox 360 1491 1354 1540; baseline -0.004 -14"><span class='ocrx_word' id='word_1_260' title='bbox 360 1496 381 1531; x_wconf 77' lang='grc' dir='ltr'>ἢ</span> <span class='ocrx_word' id='word_1_261' title='bbox 405 1493 493 1540; x_wconf 84' lang='grc' dir='ltr'>χρόα</span> <span class='ocrx_word' id='word_1_262' title='bbox 518 1496 618 1539; x_wconf 83' lang='grc' dir='ltr'>ὁμοία</span> <span class='ocrx_word' id='word_1_263' title='bbox 649 1497 706 1526; x_wconf 86' lang='grc' dir='ltr'>καὶ</span> <span class='ocrx_word' id='word_1_264' title='bbox 733 1495 774 1526; x_wconf 73' lang='grc' dir='ltr'>τό</span> <span class='ocrx_word' id='word_1_265' title='bbox 800 1495 911 1525; x_wconf 79' lang='grc' dir='ltr'>αἴτιον</span> <span class='ocrx_word' id='word_1_266' title='bbox 938 1492 978 1525; x_wconf 71' lang='grc' dir='ltr'>τό</span> <span class='ocrx_word' id='word_1_267' title='bbox 1005 1493 1095 1524; x_wconf 76' lang='grc' dir='ltr'>αὑτό</span> <span class='ocrx_word' id='word_1_268' title='bbox 1120 1492 1166 1534; x_wconf 79' lang='grc' dir='ltr'>τῇ</span> <span class='ocrx_word' id='word_1_269' title='bbox 1194 1491 1263 1524; x_wconf 79' lang='grc' dir='ltr'>ἀπὸ</span> <span class='ocrx_word' id='word_1_270' title='bbox 1288 1491 1354 1523; x_wconf 85' lang='grc' dir='ltr'>τῶν</span> 
     </span>
     <span class='ocr_line' id='line_1_36' title="bbox 358 1537 1241 1585; baseline -0.006 -14"><span class='ocrx_word' id='word_1_271' title='bbox 358 1540 495 1571; x_wconf 81' lang='grc' dir='ltr'>κωπῶν·</span> <span class='ocrx_word' id='word_1_272' title='bbox 523 1539 570 1581; x_wconf 87' lang='grc' dir='ltr'>τῇ</span> <span class='ocrx_word' id='word_1_273' title='bbox 594 1539 658 1585; x_wconf 82' lang='grc' dir='ltr'>γάρ</span> <span class='ocrx_word' id='word_1_274' title='bbox 683 1540 767 1584; x_wconf 86' lang='grc' dir='ltr'>χειρὶ</span> <span class='ocrx_word' id='word_1_275' title='bbox 790 1538 888 1580; x_wconf 77' lang='grc' dir='ltr'>κώπῃ</span> <span class='ocrx_word' id='word_1_276' title='bbox 913 1537 1042 1582; x_wconf 80' lang='grc' dir='ltr'>χρῆται</span> <span class='ocrx_word' id='word_1_277' title='bbox 1069 1537 1084 1568; x_wconf 89' lang='grc' dir='ltr'>ό</span> <span class='ocrx_word' id='word_1_278' title='bbox 1109 1537 1241 1581; x_wconf 85' lang='grc' dir='ltr'>ῥαίνων.</span> 
     </span>
    </p>
   </div>
   <div class='ocr_carea' id='block_1_8' title="bbox 338 1643 545 1838">
    <p class='ocr_par' dir='ltr' id='par_1_8' title="bbox 338 1643 545 1838">
     <span class='ocr_line' id='line_1_37' title="bbox 338 1643 545 1838; baseline 0 0"><span class='ocrx_word' id='word_1_279' title='bbox 338 1643 545 1838; x_wconf 95' lang='lat' dir='ltr'>  </span> 
     </span>
    </p>
   </div>
   <div class='ocr_carea' id='block_1_9' title="bbox 293 1621 1358 3441">
    <p class='ocr_par' dir='ltr' id='par_1_9' title="bbox 373 1621 1356 1805">
     <span class='ocr_line' id='line_1_38' title="bbox 428 1621 1355 1670; baseline -0.005 -11"><span class='ocrx_word' id='word_1_280' title='bbox 428 1658 450 1669; x_wconf 80' lang='grc'>,,</span> <span class='ocrx_word' id='word_1_281' title='bbox 514 1658 523 1667; x_wconf 15' lang='grc' dir='ltr'>,Α</span> <span class='ocrx_word' id='word_1_282' title='bbox 548 1634 699 1670; x_wconf 89' lang='lat' dir='ltr'>ostquam</span> <span class='ocrx_word' id='word_1_283' title='bbox 724 1623 948 1668; x_wconf 91' lang='lat' dir='ltr'>Philosophus</span> <span class='ocrx_word' id='word_1_284' title='bbox 972 1623 1200 1657; x_wconf 87' lang='lat' dir='ltr'>determinavit</span> <span class='ocrx_word' id='word_1_285' title='bbox 1219 1622 1259 1656; x_wconf 92' lang='lat' dir='ltr'>de</span> <span class='ocrx_word' id='word_1_286' title='bbox 1279 1621 1355 1655; x_wconf 91' lang='lat' dir='ltr'>halo</span> 
     </span>
     <span class='ocr_line' id='line_1_39' title="bbox 373 1665 1355 1713; baseline -0.005 -9"><span class='ocrx_word' id='word_1_287' title='bbox 373 1683 377 1694; x_wconf 60' lang='lat' dir='ltr'>v</span> <span class='ocrx_word' id='word_1_288' title='bbox 416 1665 435 1705; x_wconf 54' lang='grc' dir='ltr'>ζ,</span> <span class='ocrx_word' id='word_1_289' title='bbox 456 1668 467 1686; x_wconf 65' lang='lat'>³</span> <span class='ocrx_word' id='word_1_290' title='bbox 503 1681 581 1706; x_wconf 47' lang='lat' dir='ltr'>mm</span> <span class='ocrx_word' id='word_1_291' title='bbox 605 1668 747 1713; x_wconf 90' lang='lat' dir='ltr'>speciali,</span> <span class='ocrx_word' id='word_1_292' title='bbox 772 1668 966 1702; x_wconf 89' lang='lat' dir='ltr'><strong>determinat</strong></span> <span class='ocrx_word' id='word_1_293' title='bbox 988 1679 1077 1700; x_wconf 90' lang='lat' dir='ltr'>nunc</span> <span class='ocrx_word' id='word_1_294' title='bbox 1099 1667 1138 1701; x_wconf 93' lang='lat' dir='ltr'>de</span> <span class='ocrx_word' id='word_1_295' title='bbox 1158 1666 1238 1700; x_wconf 89' lang='lat' dir='ltr'>iride</span> <span class='ocrx_word' id='word_1_296' title='bbox 1257 1667 1355 1700; x_wconf 90' lang='lat' dir='ltr'>etiam</span> 
     </span>
     <span class='ocr_line' id='line_1_40' title="bbox 492 1710 1355 1757; baseline -0.003 -11"><span class='ocrx_word' id='word_1_297' title='bbox 492 1722 531 1755; x_wconf 43' lang='grc' dir='ltr'>ῃ,</span> <span class='ocrx_word' id='word_1_298' title='bbox 548 1714 581 1746; x_wconf 90' lang='lat' dir='ltr'>in</span> <span class='ocrx_word' id='word_1_299' title='bbox 605 1713 746 1757; x_wconf 91' lang='lat' dir='ltr'>speciali.</span> <span class='ocrx_word' id='word_1_300' title='bbox 771 1713 813 1746; x_wconf 90' lang='lat' dir='ltr'>Et</span> <span class='ocrx_word' id='word_1_301' title='bbox 836 1713 920 1746; x_wconf 87' lang='lat' dir='ltr'>circa</span> <span class='ocrx_word' id='word_1_302' title='bbox 943 1711 1007 1745; x_wconf 93' lang='lat' dir='ltr'>hoc</span> <span class='ocrx_word' id='word_1_303' title='bbox 1032 1711 1098 1745; x_wconf 94' lang='lat' dir='ltr'>duo</span> <span class='ocrx_word' id='word_1_304' title='bbox 1122 1710 1215 1745; x_wconf 90' lang='lat' dir='ltr'>facit:</span> <span class='ocrx_word' id='word_1_305' title='bbox 1247 1711 1355 1755; x_wconf 91' lang='lat' dir='ltr'>primo</span> 
     </span>
     <span class='ocr_line' id='line_1_41' title="bbox 493 1754 1356 1805; baseline -0.003 -14"><span class='ocrx_word' id='word_1_306' title='bbox 493 1793 497 1805; x_wconf 35' lang='grc' dir='ltr'>γ</span> <span class='ocrx_word' id='word_1_307' title='bbox 518 1776 532 1799; x_wconf 71' lang='lat'><em>5</em></span> <span class='ocrx_word' id='word_1_308' title='bbox 547 1758 725 1802; x_wconf 88' lang='lat' dir='ltr'>praemittit</span> <span class='ocrx_word' id='word_1_309' title='bbox 748 1757 964 1790; x_wconf 90' lang='lat' dir='ltr'>intentionem</span> <span class='ocrx_word' id='word_1_310' title='bbox 989 1767 1093 1796; x_wconf 89' lang='lat' dir='ltr'>suam,</span> <span class='ocrx_word' id='word_1_311' title='bbox 1118 1765 1150 1789; x_wconf 93' lang='lat' dir='ltr'>et</span> <span class='ocrx_word' id='word_1_312' title='bbox 1170 1755 1249 1789; x_wconf 90' lang='lat' dir='ltr'>dicit</span> <span class='ocrx_word' id='word_1_313' title='bbox 1265 1754 1356 1800; x_wconf 92' lang='lat' dir='ltr'>quod</span> 
     </span>
    </p>

    <p class='ocr_par' dir='ltr' id='par_1_10' title="bbox 293 1799 1356 1978">
     <span class='ocr_line' id='line_1_42' title="bbox 491 1799 1355 1845; baseline -0.002 -10"><span class='ocrx_word' id='word_1_314' title='bbox 491 1808 514 1819; x_wconf 80' lang='lat'>‘¹‘</span> <span class='ocrx_word' id='word_1_315' title='bbox 548 1802 671 1835; x_wconf 91' lang='lat' dir='ltr'>dictum</span> <span class='ocrx_word' id='word_1_316' title='bbox 688 1810 736 1835; x_wconf 89' lang='lat' dir='ltr'>est</span> <span class='ocrx_word' id='word_1_317' title='bbox 753 1802 853 1845; x_wconf 91' lang='lat' dir='ltr'>prius,</span> <span class='ocrx_word' id='word_1_318' title='bbox 893 1800 960 1834; x_wconf 92' lang='lat' dir='ltr'>uod</span> <span class='ocrx_word' id='word_1_319' title='bbox 985 1801 1039 1833; x_wconf 89' lang='lat' dir='ltr'>iris</span> <span class='ocrx_word' id='word_1_320' title='bbox 1059 1809 1108 1833; x_wconf 92' lang='lat' dir='ltr'>est</span> <span class='ocrx_word' id='word_1_321' title='bbox 1124 1799 1285 1845; x_wconf 82' lang='lat' dir='ltr'>quaedam</span> <span class='ocrx_word' id='word_1_322' title='bbox 1304 1811 1355 1833; x_wconf 91' lang='lat' dir='ltr'>re-</span> 
     </span>
     <span class='ocr_line' id='line_1_43' title="bbox 294 1843 1356 1886; baseline -0.002 -7"><span class='ocrx_word' id='word_1_323' title='bbox 294 1845 423 1885; x_wconf 84' lang='lat' dir='ltr'>fractio,</span> <span class='ocrx_word' id='word_1_324' title='bbox 448 1845 570 1879; x_wconf 89' lang='lat' dir='ltr'>scilicet</span> <span class='ocrx_word' id='word_1_325' title='bbox 594 1845 779 1886; x_wconf 89' lang='lat' dir='ltr'>causaliter,</span> <span class='ocrx_word' id='word_1_326' title='bbox 802 1854 839 1878; x_wconf 92' lang='lat' dir='ltr'>ut</span> <span class='ocrx_word' id='word_1_327' title='bbox 885 1853 985 1878; x_wconf 84' lang='lat' dir='ltr'>ictum</span> <span class='ocrx_word' id='word_1_328' title='bbox 1010 1853 1074 1886; x_wconf 89' lang='lat' dir='ltr'>est;</span> <span class='ocrx_word' id='word_1_329' title='bbox 1102 1844 1160 1878; x_wconf 90' lang='lat' dir='ltr'>sed</span> <span class='ocrx_word' id='word_1_330' title='bbox 1206 1843 1289 1877; x_wconf 90' lang='lat' dir='ltr'>ualis</span> <span class='ocrx_word' id='word_1_331' title='bbox 1314 1844 1356 1877; x_wconf 92' lang='lat' dir='ltr'>sit</span> 
     </span>
     <span class='ocr_line' id='line_1_44' title="bbox 293 1888 1354 1934; baseline -0.001 -11"><span class='ocrx_word' id='word_1_332' title='bbox 293 1889 452 1930; x_wconf 70' lang='lat' dir='ltr'>refracfio,</span> <span class='ocrx_word' id='word_1_333' title='bbox 469 1899 501 1923; x_wconf 91' lang='lat' dir='ltr'>et</span> <span class='ocrx_word' id='word_1_334' title='bbox 520 1899 653 1934; x_wconf 91' lang='lat' dir='ltr'>propter</span> <span class='ocrx_word' id='word_1_335' title='bbox 669 1901 767 1934; x_wconf 89' lang='lat' dir='ltr'>quam</span> <span class='ocrx_word' id='word_1_336' title='bbox 788 1901 930 1929; x_wconf 86' lang='lat' dir='ltr'>causam,</span> <span class='ocrx_word' id='word_1_337' title='bbox 949 1898 981 1922; x_wconf 92' lang='lat' dir='ltr'>et</span> <span class='ocrx_word' id='word_1_338' title='bbox 998 1888 1170 1934; x_wconf 91' lang='lat' dir='ltr'>quomodo</span> <span class='ocrx_word' id='word_1_339' title='bbox 1214 1897 1270 1922; x_wconf 90' lang='lat' dir='ltr'>ant</span> <span class='ocrx_word' id='word_1_340' title='bbox 1287 1889 1354 1922; x_wconf 90' lang='lat' dir='ltr'>sin-</span> 
     </span>
     <span class='ocr_line' id='line_1_45' title="bbox 293 1933 1114 1978; baseline -0.001 -11"><span class='ocrx_word' id='word_1_341' title='bbox 293 1933 370 1978; x_wconf 90' lang='lat' dir='ltr'>gula</span> <span class='ocrx_word' id='word_1_342' title='bbox 394 1934 571 1968; x_wconf 87' lang='lat' dir='ltr'>accidentia</span> <span class='ocrx_word' id='word_1_343' title='bbox 595 1935 678 1967; x_wconf 90' lang='lat' dir='ltr'>circa</span> <span class='ocrx_word' id='word_1_344' title='bbox 702 1933 828 1974; x_wconf 88' lang='lat' dir='ltr'>iridem,</span> <span class='ocrx_word' id='word_1_345' title='bbox 852 1933 991 1967; x_wconf 87' lang='lat' dir='ltr'>dicimus</span> <span class='ocrx_word' id='word_1_346' title='bbox 1015 1945 1114 1966; x_wconf 89' lang='lat' dir='ltr'>nunc.</span> 
     </span>
    </p>

    <p class='ocr_par' dir='ltr' id='par_1_11' title="bbox 293 1977 1357 2377">
     <span class='ocr_line' id='line_1_46' title="bbox 349 1977 1357 2022; baseline -0.001 -11"><span class='ocrx_word' id='word_1_347' title='bbox 349 1988 380 2011; x_wconf 87' lang='lat'>2.</span> <span class='ocrx_word' id='word_1_348' title='bbox 401 1978 553 2012; x_wconf 92' lang='lat' dir='ltr'>Secundo</span> <span class='ocrx_word' id='word_1_349' title='bbox 570 1978 628 2012; x_wconf 88' lang='lat' dir='ltr'>ibi:</span> <span class='ocrx_word' id='word_1_350' title='bbox 644 1979 686 2013; x_wconf 85' lang='lat' dir='ltr'>Re</span> <span class='ocrx_word' id='word_1_351' title='bbox 699 1985 800 2012; x_wconf 82' lang='lat' dir='ltr'>ractus</span> <span class='ocrx_word' id='word_1_352' title='bbox 814 1978 932 2022; x_wconf 82' lang='lat' dir='ltr'>quidem</span> <span class='ocrx_word' id='word_1_353' title='bbox 947 1978 1042 2022; x_wconf 81' lang='lat' dir='ltr'>igitur</span> <span class='ocrx_word' id='word_1_354' title='bbox 1057 1987 1128 2018; x_wconf 66' lang='lat' dir='ltr'>etc„</span> <span class='ocrx_word' id='word_1_355' title='bbox 1146 1977 1357 2022; x_wconf 89' lang='lat' dir='ltr'>prosequitur</span> 
     </span>
     <span class='ocr_line' id='line_1_47' title="bbox 294 2021 1357 2066; baseline 0 -11"><span class='ocrx_word' id='word_1_356' title='bbox 294 2023 511 2056; x_wconf 90' lang='lat' dir='ltr'>intentionem</span> <span class='ocrx_word' id='word_1_357' title='bbox 535 2034 638 2056; x_wconf 89' lang='lat' dir='ltr'>suam.</span> <span class='ocrx_word' id='word_1_358' title='bbox 693 2031 705 2055; x_wconf 94' lang='lat' dir='ltr'>t</span> <span class='ocrx_word' id='word_1_359' title='bbox 721 2023 804 2056; x_wconf 89' lang='lat' dir='ltr'>circa</span> <span class='ocrx_word' id='word_1_360' title='bbox 828 2022 892 2055; x_wconf 92' lang='lat' dir='ltr'>hoc</span> <span class='ocrx_word' id='word_1_361' title='bbox 908 2023 967 2055; x_wconf 89' lang='lat' dir='ltr'>tria</span> <span class='ocrx_word' id='word_1_362' title='bbox 982 2021 1071 2055; x_wconf 89' lang='lat' dir='ltr'>facit:</span> <span class='ocrx_word' id='word_1_363' title='bbox 1089 2023 1196 2066; x_wconf 90' lang='lat' dir='ltr'>primo</span> <span class='ocrx_word' id='word_1_364' title='bbox 1213 2021 1357 2055; x_wconf 91' lang='lat' dir='ltr'>ostendit</span> 
     </span>
     <span class='ocr_line' id='line_1_48' title="bbox 294 2066 1355 2111; baseline -0.001 -11"><span class='ocrx_word' id='word_1_365' title='bbox 294 2078 424 2100; x_wconf 91' lang='lat' dir='ltr'>causam</span> <span class='ocrx_word' id='word_1_366' title='bbox 440 2075 472 2100; x_wconf 92' lang='lat' dir='ltr'>et</span> <span class='ocrx_word' id='word_1_367' title='bbox 486 2066 624 2100; x_wconf 91' lang='lat' dir='ltr'>modum</span> <span class='ocrx_word' id='word_1_368' title='bbox 640 2067 860 2111; x_wconf 89' lang='lat' dir='ltr'>generationis</span> <span class='ocrx_word' id='word_1_369' title='bbox 877 2066 1027 2100; x_wconf 87' lang='lat' dir='ltr'>colorum</span> <span class='ocrx_word' id='word_1_370' title='bbox 1043 2067 1077 2099; x_wconf 90' lang='lat' dir='ltr'>in</span> <span class='ocrx_word' id='word_1_371' title='bbox 1094 2066 1188 2107; x_wconf 91' lang='lat' dir='ltr'>iride;</span> <span class='ocrx_word' id='word_1_372' title='bbox 1208 2066 1355 2100; x_wconf 91' lang='lat' dir='ltr'>secundo</span> 
     </span>
     <span class='ocr_line' id='line_1_49' title="bbox 293 2110 1355 2156; baseline 0 -12"><span class='ocrx_word' id='word_1_373' title='bbox 293 2111 484 2144; x_wconf 86' lang='lat' dir='ltr'>determinat</span> <span class='ocrx_word' id='word_1_374' title='bbox 508 2110 547 2144; x_wconf 92' lang='lat' dir='ltr'>de</span> <span class='ocrx_word' id='word_1_375' title='bbox 562 2123 599 2144; x_wconf 92' lang='lat' dir='ltr'>ea</span> <span class='ocrx_word' id='word_1_376' title='bbox 615 2120 775 2156; x_wconf 90' lang='lat' dir='ltr'>quantum</span> <span class='ocrx_word' id='word_1_377' title='bbox 791 2110 831 2144; x_wconf 93' lang='lat' dir='ltr'>ad</span> <span class='ocrx_word' id='word_1_378' title='bbox 851 2110 989 2155; x_wconf 87' lang='lat' dir='ltr'>figuram</span> <span class='ocrx_word' id='word_1_379' title='bbox 1010 2119 1043 2144; x_wconf 94' lang='lat' dir='ltr'>et</span> <span class='ocrx_word' id='word_1_380' title='bbox 1066 2112 1300 2155; x_wconf 87' lang='lat' dir='ltr'>consequentia</span> <span class='ocrx_word' id='word_1_381' title='bbox 1319 2110 1355 2144; x_wconf 90' lang='lat' dir='ltr'>fi-</span> 
     </span>
     <span class='ocr_line' id='line_1_50' title="bbox 293 2155 1355 2200; baseline 0.001 -13"><span class='ocrx_word' id='word_1_382' title='bbox 293 2166 407 2199; x_wconf 90' lang='lat' dir='ltr'>guram</span> <span class='ocrx_word' id='word_1_383' title='bbox 424 2155 504 2196; x_wconf 87' lang='lat' dir='ltr'>eius,</span> <span class='ocrx_word' id='word_1_384' title='bbox 515 2155 576 2189; x_wconf 91' lang='lat' dir='ltr'>ibi:</span> <span class='ocrx_word' id='word_1_385' title='bbox 593 2155 748 2198; x_wconf 84' lang='lat' dir='ltr'>Quoniam</span> <span class='ocrx_word' id='word_1_386' title='bbox 763 2162 862 2189; x_wconf 81' lang='lat' dir='ltr'>autem</span> <span class='ocrx_word' id='word_1_387' title='bbox 878 2167 970 2200; x_wconf 79' lang='lat' dir='ltr'>neque</span> <span class='ocrx_word' id='word_1_388' title='bbox 985 2155 1155 2189; x_wconf 74' lang='lat' dir='ltr'>circulum*</span> <span class='ocrx_word' id='word_1_389' title='bbox 1170 2164 1242 2197; x_wconf 87' lang='lat' dir='ltr'>etc.;</span> <span class='ocrx_word' id='word_1_390' title='bbox 1259 2156 1355 2189; x_wconf 90' lang='lat' dir='ltr'>tertio</span> 
     </span>
     <span class='ocr_line' id='line_1_51' title="bbox 293 2199 1355 2244; baseline 0.001 -12"><span class='ocrx_word' id='word_1_391' title='bbox 293 2199 486 2232; x_wconf 83' lang='lat' dir='ltr'>determinat</span> <span class='ocrx_word' id='word_1_392' title='bbox 516 2199 555 2233; x_wconf 93' lang='lat' dir='ltr'>de</span> <span class='ocrx_word' id='word_1_393' title='bbox 578 2208 726 2244; x_wconf 89' lang='lat' dir='ltr'>tempore</span> <span class='ocrx_word' id='word_1_394' title='bbox 757 2209 790 2233; x_wconf 93' lang='lat' dir='ltr'>et</span> <span class='ocrx_word' id='word_1_395' title='bbox 812 2199 915 2233; x_wconf 92' lang='lat' dir='ltr'>modo</span> <span class='ocrx_word' id='word_1_396' title='bbox 944 2200 1156 2244; x_wconf 84' lang='lat' dir='ltr'>apparitionis</span> <span class='ocrx_word' id='word_1_397' title='bbox 1180 2200 1269 2240; x_wconf 90' lang='lat' dir='ltr'>eius,</span> <span class='ocrx_word' id='word_1_398' title='bbox 1294 2199 1355 2234; x_wconf 90' lang='lat' dir='ltr'>ibi:</span> 
     </span>
     <span class='ocr_line' id='line_1_52' title="bbox 296 2243 1356 2286; baseline 0.002 -10"><span class='ocrx_word' id='word_1_399' title='bbox 296 2243 387 2286; x_wconf 84' lang='lat' dir='ltr'>Quod</span> <span class='ocrx_word' id='word_1_400' title='bbox 400 2249 498 2277; x_wconf 83' lang='lat' dir='ltr'>autem</span> <span class='ocrx_word' id='word_1_401' title='bbox 519 2244 551 2277; x_wconf 87' lang='lat' dir='ltr'>in</span> <span class='ocrx_word' id='word_1_402' title='bbox 570 2244 735 2279; x_wconf 83' lang='lat' dir='ltr'>minoribus</span> <span class='ocrx_word' id='word_1_403' title='bbox 750 2245 768 2265; x_wconf 93' lang='lat'><em>*</em></span> <span class='ocrx_word' id='word_1_404' title='bbox 788 2253 847 2277; x_wconf 94' lang='lat' dir='ltr'>etc.</span> <span class='ocrx_word' id='word_1_405' title='bbox 869 2244 978 2277; x_wconf 88' lang='lat' dir='ltr'>Prima</span> <span class='ocrx_word' id='word_1_406' title='bbox 1001 2245 1120 2277; x_wconf 88' lang='lat' dir='ltr'>iterum</span> <span class='ocrx_word' id='word_1_407' title='bbox 1144 2243 1300 2278; x_wconf 89' lang='lat' dir='ltr'>dividitur</span> <span class='ocrx_word' id='word_1_408' title='bbox 1323 2245 1356 2278; x_wconf 91' lang='lat' dir='ltr'>in</span> 
     </span>
     <span class='ocr_line' id='line_1_53' title="bbox 294 2288 1356 2332; baseline 0.002 -12"><span class='ocrx_word' id='word_1_409' title='bbox 294 2288 373 2321; x_wconf 89' lang='lat' dir='ltr'>duas</span> <span class='ocrx_word' id='word_1_410' title='bbox 390 2296 512 2331; x_wconf 90' lang='lat' dir='ltr'>partes:</span> <span class='ocrx_word' id='word_1_411' title='bbox 537 2289 571 2321; x_wconf 91' lang='lat' dir='ltr'>in</span> <span class='ocrx_word' id='word_1_412' title='bbox 587 2289 691 2332; x_wconf 91' lang='lat' dir='ltr'>prima</span> <span class='ocrx_word' id='word_1_413' title='bbox 711 2288 904 2322; x_wconf 83' lang='lat' dir='ltr'>determinat</span> <span class='ocrx_word' id='word_1_414' title='bbox 920 2288 959 2322; x_wconf 92' lang='lat' dir='ltr'>de</span> <span class='ocrx_word' id='word_1_415' title='bbox 976 2289 1187 2332; x_wconf 86' lang='lat' dir='ltr'>generatione</span> <span class='ocrx_word' id='word_1_416' title='bbox 1204 2288 1356 2322; x_wconf 90' lang='lat' dir='ltr'>colorum</span> 
     </span>
     <span class='ocr_line' id='line_1_54' title="bbox 294 2331 1355 2377; baseline 0.002 -13"><span class='ocrx_word' id='word_1_417' title='bbox 294 2331 539 2376; x_wconf 89' lang='lat' dir='ltr'>principalium;</span> <span class='ocrx_word' id='word_1_418' title='bbox 564 2333 598 2365; x_wconf 92' lang='lat' dir='ltr'>in</span> <span class='ocrx_word' id='word_1_419' title='bbox 617 2332 760 2366; x_wconf 88' lang='lat' dir='ltr'>secunda</span> <span class='ocrx_word' id='word_1_420' title='bbox 784 2332 822 2366; x_wconf 94' lang='lat' dir='ltr'>de</span> <span class='ocrx_word' id='word_1_421' title='bbox 843 2333 1053 2377; x_wconf 89' lang='lat' dir='ltr'>generatione</span> <span class='ocrx_word' id='word_1_422' title='bbox 1075 2332 1226 2366; x_wconf 90' lang='lat' dir='ltr'>colorum</span> <span class='ocrx_word' id='word_1_423' title='bbox 1244 2334 1355 2366; x_wconf 89' lang='lat' dir='ltr'>minus</span> 
     </span>
    </p>

    <p class='ocr_par' dir='ltr' id='par_1_12' title="bbox 315 2376 1357 2422">
     <span class='ocr_line' id='line_1_55' title="bbox 315 2376 1357 2422; baseline 0.002 -13"><span class='ocrx_word' id='word_1_424' title='bbox 315 2376 531 2420; x_wconf 89' lang='lat' dir='ltr'>rincipalium‚</span> <span class='ocrx_word' id='word_1_425' title='bbox 548 2376 608 2410; x_wconf 88' lang='lat' dir='ltr'>ibi:</span> <span class='ocrx_word' id='word_1_426' title='bbox 633 2377 767 2411; x_wconf 81' lang='lat' dir='ltr'>Xanthos</span> <span class='ocrx_word' id='word_1_427' title='bbox 788 2383 887 2411; x_wconf 80' lang='lat' dir='ltr'>autem</span> <span class='ocrx_word' id='word_1_428' title='bbox 902 2377 918 2394; x_wconf 72' lang='lat'>⁸¹</span> <span class='ocrx_word' id='word_1_429' title='bbox 933 2386 994 2410; x_wconf 90' lang='lat' dir='ltr'>etc.</span> <span class='ocrx_word' id='word_1_430' title='bbox 1020 2377 1116 2412; x_wconf 90' lang='lat' dir='ltr'>Circa</span> <span class='ocrx_word' id='word_1_431' title='bbox 1132 2378 1277 2422; x_wconf 88' lang='lat' dir='ltr'>primum</span> <span class='ocrx_word' id='word_1_432' title='bbox 1296 2378 1357 2411; x_wconf 88' lang='lat' dir='ltr'>tria</span> 
     </span>
    </p>

    <p class='ocr_par' dir='ltr' id='par_1_13' title="bbox 293 2388 1356 2774">
     <span class='ocr_line' id='line_1_56' title="bbox 293 2388 1355 2465; baseline 0.002 -12"><span class='ocrx_word' id='word_1_433' title='bbox 293 2388 385 2453; x_wconf 39' lang='lat' dir='ltr'>iacit:</span> <span class='ocrx_word' id='word_1_434' title='bbox 433 2421 517 2453; x_wconf 91' lang='lat' dir='ltr'>rimo</span> <span class='ocrx_word' id='word_1_435' title='bbox 542 2420 735 2455; x_wconf 86' lang='lat' dir='ltr'>determinat</span> <span class='ocrx_word' id='word_1_436' title='bbox 750 2421 790 2455; x_wconf 93' lang='lat' dir='ltr'>de</span> <span class='ocrx_word' id='word_1_437' title='bbox 806 2422 1015 2465; x_wconf 88' lang='lat' dir='ltr'>generatione</span> <span class='ocrx_word' id='word_1_438' title='bbox 1041 2421 1191 2455; x_wconf 89' lang='lat' dir='ltr'>colorum</span> <span class='ocrx_word' id='word_1_439' title='bbox 1214 2421 1305 2456; x_wconf 91' lang='lat' dir='ltr'>iridis</span> <span class='ocrx_word' id='word_1_440' title='bbox 1322 2423 1355 2456; x_wconf 92' lang='lat' dir='ltr'>in</span> 
     </span>
     <span class='ocr_line' id='line_1_57' title="bbox 294 2432 1356 2511; baseline 0.003 -14"><span class='ocrx_word' id='word_1_441' title='bbox 294 2432 457 2508; x_wconf 70' lang='lat' dir='ltr'>generali3</span> <span class='ocrx_word' id='word_1_442' title='bbox 487 2465 632 2498; x_wconf 88' lang='lat' dir='ltr'>secundo</span> <span class='ocrx_word' id='word_1_443' title='bbox 656 2465 695 2499; x_wconf 92' lang='lat' dir='ltr'>de</span> <span class='ocrx_word' id='word_1_444' title='bbox 719 2467 928 2510; x_wconf 86' lang='lat' dir='ltr'>generatione</span> <span class='ocrx_word' id='word_1_445' title='bbox 960 2467 1056 2510; x_wconf 88' lang='lat' dir='ltr'>primi</span> <span class='ocrx_word' id='word_1_446' title='bbox 1081 2466 1201 2500; x_wconf 89' lang='lat' dir='ltr'>coloris</span> <span class='ocrx_word' id='word_1_447' title='bbox 1225 2467 1260 2500; x_wconf 91' lang='lat' dir='ltr'>in</span> <span class='ocrx_word' id='word_1_448' title='bbox 1283 2478 1356 2511; x_wconf 92' lang='lat' dir='ltr'>spe-</span> 
     </span>
     <span class='ocr_line' id='line_1_58' title="bbox 295 2508 1355 2555; baseline 0.003 -14"><span class='ocrx_word' id='word_1_449' title='bbox 295 2508 377 2549; x_wconf 88' lang='lat' dir='ltr'>ciali,</span> <span class='ocrx_word' id='word_1_450' title='bbox 394 2508 454 2542; x_wconf 88' lang='lat' dir='ltr'>ibi:</span> <span class='ocrx_word' id='word_1_451' title='bbox 482 2509 572 2551; x_wconf 85' lang='lat' dir='ltr'>Quod</span> <span class='ocrx_word' id='word_1_452' title='bbox 592 2510 710 2554; x_wconf 81' lang='lat' dir='ltr'>quidem</span> <span class='ocrx_word' id='word_1_453' title='bbox 732 2511 825 2554; x_wconf 50' lang='lat' dir='ltr'>igitar</span> <span class='ocrx_word' id='word_1_454' title='bbox 847 2511 901 2544; x_wconf 86' lang='lat' dir='ltr'>iris</span> <span class='ocrx_word' id='word_1_455' title='bbox 916 2510 931 2527; x_wconf 76' lang='lat'>&#39;¹¹</span> <span class='ocrx_word' id='word_1_456' title='bbox 948 2519 1025 2551; x_wconf 91' lang='lat' dir='ltr'>etc.;</span> <span class='ocrx_word' id='word_1_457' title='bbox 1049 2511 1145 2544; x_wconf 87' lang='lat' dir='ltr'>tertio</span> <span class='ocrx_word' id='word_1_458' title='bbox 1162 2510 1202 2544; x_wconf 93' lang='lat' dir='ltr'>de</span> <span class='ocrx_word' id='word_1_459' title='bbox 1219 2522 1355 2555; x_wconf 90' lang='lat' dir='ltr'>genera-</span> 
     </span>
     <span class='ocr_line' id='line_1_59' title="bbox 294 2552 1354 2597; baseline 0.003 -12"><span class='ocrx_word' id='word_1_460' title='bbox 294 2553 383 2586; x_wconf 90' lang='lat' dir='ltr'>tione</span> <span class='ocrx_word' id='word_1_461' title='bbox 407 2552 545 2586; x_wconf 89' lang='lat' dir='ltr'>aliorum</span> <span class='ocrx_word' id='word_1_462' title='bbox 569 2553 736 2595; x_wconf 87' lang='lat' dir='ltr'>colorum,</span> <span class='ocrx_word' id='word_1_463' title='bbox 761 2554 824 2588; x_wconf 91' lang='lat' dir='ltr'>ibi:</span> <span class='ocrx_word' id='word_1_464' title='bbox 853 2554 1008 2597; x_wconf 85' lang='lat' dir='ltr'>Quoniam</span> <span class='ocrx_word' id='word_1_465' title='bbox 1031 2561 1131 2589; x_wconf 73' lang='lat' dir='ltr'>autem</span> <span class='ocrx_word' id='word_1_466' title='bbox 1154 2555 1234 2590; x_wconf 86' lang='lat' dir='ltr'>color</span> <span class='ocrx_word' id='word_1_467' title='bbox 1255 2557 1274 2577; x_wconf 81' lang='lat'>*</span> <span class='ocrx_word' id='word_1_468' title='bbox 1293 2564 1354 2589; x_wconf 91' lang='lat' dir='ltr'>etc.</span> 
     </span>
     <span class='ocr_line' id='line_1_60' title="bbox 296 2597 1356 2644; baseline 0.004 -15"><span class='ocrx_word' id='word_1_469' title='bbox 296 2597 390 2630; x_wconf 91' lang='lat' dir='ltr'>Circa</span> <span class='ocrx_word' id='word_1_470' title='bbox 414 2597 556 2640; x_wconf 89' lang='lat' dir='ltr'>primum</span> <span class='ocrx_word' id='word_1_471' title='bbox 580 2598 697 2631; x_wconf 88' lang='lat' dir='ltr'>iterum</span> <span class='ocrx_word' id='word_1_472' title='bbox 721 2598 788 2632; x_wconf 91' lang='lat' dir='ltr'>duo</span> <span class='ocrx_word' id='word_1_473' title='bbox 812 2598 907 2632; x_wconf 87' lang='lat' dir='ltr'>facit:</span> <span class='ocrx_word' id='word_1_474' title='bbox 940 2601 1047 2643; x_wconf 90' lang='lat' dir='ltr'>primo</span> <span class='ocrx_word' id='word_1_475' title='bbox 1072 2601 1167 2644; x_wconf 91' lang='lat' dir='ltr'>ponit</span> <span class='ocrx_word' id='word_1_476' title='bbox 1190 2599 1356 2644; x_wconf 88' lang='lat' dir='ltr'>quandam</span> 
     </span>
     <span class='ocr_line' id='line_1_61' title="bbox 295 2641 1355 2687; baseline 0.005 -14"><span class='ocrx_word' id='word_1_477' title='bbox 295 2652 356 2685; x_wconf 91' lang='lat' dir='ltr'>sup</span> <span class='ocrx_word' id='word_1_478' title='bbox 383 2641 558 2674; x_wconf 90' lang='lat' dir='ltr'>ositionem</span> <span class='ocrx_word' id='word_1_479' title='bbox 581 2643 795 2676; x_wconf 88' lang='lat' dir='ltr'>necessariam</span> <span class='ocrx_word' id='word_1_480' title='bbox 812 2643 851 2677; x_wconf 88' lang='lat' dir='ltr'>ad</span> <span class='ocrx_word' id='word_1_481' title='bbox 868 2645 1090 2687; x_wconf 86' lang='lat' dir='ltr'>propositum;</span> <span class='ocrx_word' id='word_1_482' title='bbox 1115 2643 1262 2678; x_wconf 91' lang='lat' dir='ltr'>secundo</span> <span class='ocrx_word' id='word_1_483' title='bbox 1278 2655 1355 2678; x_wconf 86' lang='lat' dir='ltr'>con-</span> 
     </span>
     <span class='ocr_line' id='line_1_62' title="bbox 296 2684 1356 2731; baseline 0.005 -14"><span class='ocrx_word' id='word_1_484' title='bbox 296 2684 347 2718; x_wconf 90' lang='lat' dir='ltr'>clu</span> <span class='ocrx_word' id='word_1_485' title='bbox 374 2685 397 2718; x_wconf 88' lang='lat' dir='ltr'>it</span> <span class='ocrx_word' id='word_1_486' title='bbox 415 2685 552 2718; x_wconf 92' lang='lat' dir='ltr'>modum</span> <span class='ocrx_word' id='word_1_487' title='bbox 576 2687 794 2729; x_wconf 87' lang='lat' dir='ltr'>generationis</span> <span class='ocrx_word' id='word_1_488' title='bbox 818 2687 967 2721; x_wconf 87' lang='lat' dir='ltr'>colorum</span> <span class='ocrx_word' id='word_1_489' title='bbox 992 2688 1091 2729; x_wconf 91' lang='lat' dir='ltr'>iridis,</span> <span class='ocrx_word' id='word_1_490' title='bbox 1109 2688 1170 2722; x_wconf 89' lang='lat' dir='ltr'>ibi:</span> <span class='ocrx_word' id='word_1_491' title='bbox 1198 2688 1356 2731; x_wconf 83' lang='lat' dir='ltr'>Quoniam</span> 
     </span>
     <span class='ocr_line' id='line_1_63' title="bbox 295 2730 1264 2774; baseline 0.003 -12"><span class='ocrx_word' id='word_1_492' title='bbox 295 2735 394 2762; x_wconf 84' lang='lat' dir='ltr'>autem</span> <span class='ocrx_word' id='word_1_493' title='bbox 417 2735 443 2762; x_wconf 82' lang='lat' dir='ltr'>et</span> <span class='ocrx_word' id='word_1_494' title='bbox 465 2730 664 2774; x_wconf 65' lang='lat' dir='ltr'>manifestum.</span> <span class='ocrx_word' id='word_1_495' title='bbox 681 2733 698 2752; x_wconf 90' lang='lat'><em>*</em></span> <span class='ocrx_word' id='word_1_496' title='bbox 714 2740 774 2764; x_wconf 90' lang='lat' dir='ltr'>etc.</span> <span class='ocrx_word' id='word_1_497' title='bbox 1260 2759 1264 2764; x_wconf 90' lang='lat'><em>.</em></span> 
     </span>
    </p>

    <p class='ocr_par' dir='ltr' id='par_1_14' title="bbox 294 2774 1358 3441">
     <span class='ocr_line' id='line_1_64' title="bbox 350 2774 1355 2820; baseline 0.004 -13"><span class='ocrx_word' id='word_1_498' title='bbox 350 2774 439 2807; x_wconf 89' lang='lat' dir='ltr'>Dicit</span> <span class='ocrx_word' id='word_1_499' title='bbox 461 2785 539 2817; x_wconf 87' lang='lat' dir='ltr'>ergo</span> <span class='ocrx_word' id='word_1_500' title='bbox 563 2775 670 2818; x_wconf 92' lang='lat' dir='ltr'>primo</span> <span class='ocrx_word' id='word_1_501' title='bbox 698 2775 788 2820; x_wconf 92' lang='lat' dir='ltr'>quod</span> <span class='ocrx_word' id='word_1_502' title='bbox 815 2775 924 2809; x_wconf 91' lang='lat' dir='ltr'>radius</span> <span class='ocrx_word' id='word_1_503' title='bbox 948 2776 1081 2810; x_wconf 92' lang='lat' dir='ltr'>visualis</span> <span class='ocrx_word' id='word_1_504' title='bbox 1108 2785 1205 2810; x_wconf 89' lang='lat' dir='ltr'>natus</span> <span class='ocrx_word' id='word_1_505' title='bbox 1233 2786 1283 2811; x_wconf 91' lang='lat' dir='ltr'>est</span> <span class='ocrx_word' id='word_1_506' title='bbox 1305 2789 1355 2811; x_wconf 89' lang='lat' dir='ltr'>re-</span> 
     </span>
     <span class='ocr_line' id='line_1_65' title="bbox 294 2816 1356 2864; baseline 0.006 -15"><span class='ocrx_word' id='word_1_507' title='bbox 294 2816 398 2861; x_wconf 88' lang='lat' dir='ltr'>frangi</span> <span class='ocrx_word' id='word_1_508' title='bbox 414 2817 452 2850; x_wconf 91' lang='lat' dir='ltr'>ab</span> <span class='ocrx_word' id='word_1_509' title='bbox 469 2819 560 2851; x_wconf 90' lang='lat' dir='ltr'>omni</span> <span class='ocrx_word' id='word_1_510' title='bbox 585 2830 722 2863; x_wconf 90' lang='lat' dir='ltr'>corpore</span> <span class='ocrx_word' id='word_1_511' title='bbox 741 2819 840 2864; x_wconf 90' lang='lat' dir='ltr'>plano</span> <span class='ocrx_word' id='word_1_512' title='bbox 857 2829 889 2853; x_wconf 95' lang='lat' dir='ltr'>et</span> <span class='ocrx_word' id='word_1_513' title='bbox 905 2821 1089 2862; x_wconf 90' lang='lat' dir='ltr'>terminato,</span> <span class='ocrx_word' id='word_1_514' title='bbox 1107 2822 1191 2855; x_wconf 90' lang='lat' dir='ltr'>sicut</span> <span class='ocrx_word' id='word_1_515' title='bbox 1207 2831 1285 2855; x_wconf 90' lang='lat' dir='ltr'>sunt</span> <span class='ocrx_word' id='word_1_516' title='bbox 1301 2833 1356 2855; x_wconf 91' lang='lat' dir='ltr'>aer</span> 
     </span>
     <span class='ocr_line' id='line_1_66' title="bbox 296 2861 1355 2910; baseline 0.007 -17"><span class='ocrx_word' id='word_1_517' title='bbox 296 2870 327 2894; x_wconf 92' lang='lat' dir='ltr'>et</span> <span class='ocrx_word' id='word_1_518' title='bbox 343 2873 435 2905; x_wconf 89' lang='lat' dir='ltr'>aqua.</span> <span class='ocrx_word' id='word_1_519' title='bbox 461 2861 565 2902; x_wconf 87' lang='lat' dir='ltr'>Quod</span> <span class='ocrx_word' id='word_1_520' title='bbox 582 2871 690 2896; x_wconf 88' lang='lat' dir='ltr'>autem</span> <span class='ocrx_word' id='word_1_521' title='bbox 707 2863 908 2908; x_wconf 87' lang='lat' dir='ltr'>refrangatur</span> <span class='ocrx_word' id='word_1_522' title='bbox 925 2864 963 2898; x_wconf 88' lang='lat' dir='ltr'>ab</span> <span class='ocrx_word' id='word_1_523' title='bbox 981 2876 1052 2899; x_wconf 89' lang='lat' dir='ltr'>aere</span> <span class='ocrx_word' id='word_1_524' title='bbox 1074 2865 1190 2910; x_wconf 89' lang='lat' dir='ltr'>probat</span> <span class='ocrx_word' id='word_1_525' title='bbox 1236 2874 1355 2900; x_wconf 91' lang='lat' dir='ltr'>uatuor</span> 
     </span>
     <span class='ocr_line' id='line_1_67' title="bbox 295 2905 1354 2954; baseline 0.007 -17"><span class='ocrx_word' id='word_1_526' title='bbox 295 2905 405 2948; x_wconf 75' lang='lat' dir='ltr'>signis,</span> <span class='ocrx_word' id='word_1_527' title='bbox 430 2906 578 2939; x_wconf 89' lang='lat' dir='ltr'>Primum</span> <span class='ocrx_word' id='word_1_528' title='bbox 597 2916 646 2940; x_wconf 90' lang='lat' dir='ltr'>est</span> <span class='ocrx_word' id='word_1_529' title='bbox 666 2908 742 2952; x_wconf 90' lang='lat' dir='ltr'>quia</span> <span class='ocrx_word' id='word_1_530' title='bbox 766 2908 997 2953; x_wconf 92' lang='lat' dir='ltr'>Antipheronti</span> <span class='ocrx_word' id='word_1_531' title='bbox 1019 2919 1034 2935; x_wconf 76' lang='grc' dir='ltr'><strong>α</strong></span> <span class='ocrx_word' id='word_1_532' title='bbox 1054 2918 1188 2954; x_wconf 87' lang='lat' dir='ltr'>propter</span> <span class='ocrx_word' id='word_1_533' title='bbox 1232 2910 1354 2944; x_wconf 85' lang='lat' dir='ltr'>ebilita-</span> 
     </span>
     <span class='ocr_line' id='line_1_68' title="bbox 296 2950 1355 2997; baseline 0.007 -16"><span class='ocrx_word' id='word_1_534' title='bbox 296 2958 361 2982; x_wconf 91' lang='lat' dir='ltr'>tem</span> <span class='ocrx_word' id='word_1_535' title='bbox 378 2950 428 2982; x_wconf 91' lang='lat' dir='ltr'>sui</span> <span class='ocrx_word' id='word_1_536' title='bbox 444 2951 534 2983; x_wconf 86' lang='lat' dir='ltr'>visus</span> <span class='ocrx_word' id='word_1_537' title='bbox 550 2951 678 2992; x_wconf 87' lang='lat' dir='ltr'>accidit,</span> <span class='ocrx_word' id='word_1_538' title='bbox 702 2952 791 2996; x_wconf 92' lang='lat' dir='ltr'>quod</span> <span class='ocrx_word' id='word_1_539' title='bbox 808 2962 937 2997; x_wconf 85' lang='lat' dir='ltr'>semper</span> <span class='ocrx_word' id='word_1_540' title='bbox 954 2953 1083 2987; x_wconf 86' lang='lat' dir='ltr'>videbat</span> <span class='ocrx_word' id='word_1_541' title='bbox 1107 2954 1355 2988; x_wconf 89' lang='lat' dir='ltr'>similitudinem</span> 
     </span>
     <span class='ocr_line' id='line_1_69' title="bbox 296 2993 1355 3042; baseline 0.008 -17"><span class='ocrx_word' id='word_1_542' title='bbox 296 3004 372 3026; x_wconf 87' lang='lat' dir='ltr'>suae</span> <span class='ocrx_word' id='word_1_543' title='bbox 396 2993 488 3027; x_wconf 87' lang='lat' dir='ltr'>faciei</span> <span class='ocrx_word' id='word_1_544' title='bbox 504 2995 538 3027; x_wconf 91' lang='lat' dir='ltr'>in</span> <span class='ocrx_word' id='word_1_545' title='bbox 554 3005 625 3028; x_wconf 91' lang='lat' dir='ltr'>aere</span> <span class='ocrx_word' id='word_1_546' title='bbox 649 2996 722 3040; x_wconf 92' lang='lat' dir='ltr'>ipso</span> <span class='ocrx_word' id='word_1_547' title='bbox 747 2997 945 3041; x_wconf 87' lang='lat' dir='ltr'>aspiciendo,</span> <span class='ocrx_word' id='word_1_548' title='bbox 970 3007 1105 3042; x_wconf 91' lang='lat' dir='ltr'>propter</span> <span class='ocrx_word' id='word_1_549' title='bbox 1126 2998 1355 3032; x_wconf 86' lang='lat' dir='ltr'>refractionem</span> 
     </span>
     <span class='ocr_line' id='line_1_70' title="bbox 296 3037 1356 3087; baseline 0.008 -18"><span class='ocrx_word' id='word_1_550' title='bbox 296 3048 372 3070; x_wconf 88' lang='lat' dir='ltr'>suae</span> <span class='ocrx_word' id='word_1_551' title='bbox 392 3037 483 3071; x_wconf 89' lang='lat' dir='ltr'>faciei</span> <span class='ocrx_word' id='word_1_552' title='bbox 503 3039 535 3071; x_wconf 93' lang='lat' dir='ltr'>in</span> <span class='ocrx_word' id='word_1_553' title='bbox 553 3050 642 3072; x_wconf 90' lang='lat' dir='ltr'>aere:</span> <span class='ocrx_word' id='word_1_554' title='bbox 667 3041 798 3084; x_wconf 89' lang='lat' dir='ltr'>signum</span> <span class='ocrx_word' id='word_1_555' title='bbox 822 3050 871 3075; x_wconf 91' lang='lat' dir='ltr'>est</span> <span class='ocrx_word' id='word_1_556' title='bbox 894 3042 992 3085; x_wconf 89' lang='lat' dir='ltr'>igitur</span> <span class='ocrx_word' id='word_1_557' title='bbox 1015 3042 1106 3087; x_wconf 90' lang='lat' dir='ltr'>quod</span> <span class='ocrx_word' id='word_1_558' title='bbox 1130 3042 1280 3076; x_wconf 90' lang='lat' dir='ltr'>refractio</span> <span class='ocrx_word' id='word_1_559' title='bbox 1300 3042 1356 3077; x_wconf 90' lang='lat' dir='ltr'>fiat</span> 
     </span>
     <span class='ocr_line' id='line_1_71' title="bbox 296 3081 1355 3132; baseline 0.007 -18"><span class='ocrx_word' id='word_1_560' title='bbox 296 3081 329 3114; x_wconf 92' lang='lat' dir='ltr'>in</span> <span class='ocrx_word' id='word_1_561' title='bbox 354 3092 434 3115; x_wconf 85' lang='lat' dir='ltr'>aere.</span> <span class='ocrx_word' id='word_1_562' title='bbox 451 3101 469 3106; x_wconf 99' lang='lat'>-</span> <span class='ocrx_word' id='word_1_563' title='bbox 486 3082 739 3127; x_wconf 86' lang='lat' dir='ltr'>Intelligendum</span> <span class='ocrx_word' id='word_1_564' title='bbox 770 3094 818 3118; x_wconf 91' lang='lat' dir='ltr'>est</span> <span class='ocrx_word' id='word_1_565' title='bbox 841 3095 950 3119; x_wconf 89' lang='lat' dir='ltr'>autem</span> <span class='ocrx_word' id='word_1_566' title='bbox 982 3087 1066 3120; x_wconf 89' lang='lat' dir='ltr'>circa</span> <span class='ocrx_word' id='word_1_567' title='bbox 1095 3086 1182 3121; x_wconf 92' lang='lat' dir='ltr'>istud</span> <span class='ocrx_word' id='word_1_568' title='bbox 1210 3087 1355 3132; x_wconf 90' lang='lat' dir='ltr'>primum</span> 
     </span>
     <span class='ocr_line' id='line_1_72' title="bbox 297 3126 1355 3176; baseline 0.009 -19"><span class='ocrx_word' id='word_1_569' title='bbox 297 3126 438 3168; x_wconf 89' lang='lat' dir='ltr'>signum,</span> <span class='ocrx_word' id='word_1_570' title='bbox 458 3126 547 3170; x_wconf 91' lang='lat' dir='ltr'>quod</span> <span class='ocrx_word' id='word_1_571' title='bbox 567 3127 758 3162; x_wconf 86' lang='lat' dir='ltr'>Aristoteles</span> <span class='ocrx_word' id='word_1_572' title='bbox 782 3129 834 3162; x_wconf 91' lang='lat' dir='ltr'>hic</span> <span class='ocrx_word' id='word_1_573' title='bbox 858 3129 1004 3174; x_wconf 92' lang='lat' dir='ltr'>loquitur</span> <span class='ocrx_word' id='word_1_574' title='bbox 1024 3131 1206 3165; x_wconf 89' lang='lat' dir='ltr'>secundum</span> <span class='ocrx_word' id='word_1_575' title='bbox 1225 3132 1355 3176; x_wconf 90' lang='lat' dir='ltr'>opinio-</span> 
     </span>
     <span class='ocr_line' id='line_1_73' title="bbox 297 3170 1355 3221; baseline 0.009 -20"><span class='ocrx_word' id='word_1_576' title='bbox 297 3180 374 3202; x_wconf 91' lang='lat' dir='ltr'>nem</span> <span class='ocrx_word' id='word_1_577' title='bbox 390 3170 462 3202; x_wconf 84' lang='lat' dir='ltr'>·anti</span> <span class='ocrx_word' id='word_1_578' title='bbox 487 3182 606 3204; x_wconf 91' lang='lat' dir='ltr'>uorum</span> <span class='ocrx_word' id='word_1_579' title='bbox 629 3172 945 3214; x_wconf 88' lang='lat' dir='ltr'>mathematicorum,</span> <span class='ocrx_word' id='word_1_580' title='bbox 971 3184 1006 3208; x_wconf 92' lang='lat' dir='ltr'>ut</span> <span class='ocrx_word' id='word_1_581' title='bbox 1029 3175 1154 3209; x_wconf 88' lang='lat' dir='ltr'>dictum</span> <span class='ocrx_word' id='word_1_582' title='bbox 1177 3185 1226 3210; x_wconf 88' lang='lat' dir='ltr'>est</span> <span class='ocrx_word' id='word_1_583' title='bbox 1245 3187 1355 3221; x_wconf 89' lang='lat' dir='ltr'>supra,</span> 
     </span>
     <span class='ocr_line' id='line_1_74' title="bbox 298 3212 1354 3263; baseline 0.009 -18"><span class='ocrx_word' id='word_1_584' title='bbox 298 3212 353 3246; x_wconf 90' lang='lat' dir='ltr'>sed</span> <span class='ocrx_word' id='word_1_585' title='bbox 370 3224 468 3247; x_wconf 93' lang='lat' dir='ltr'>secun</span> <span class='ocrx_word' id='word_1_586' title='bbox 494 3226 550 3247; x_wconf 90' lang='lat' dir='ltr'>um</span> <span class='ocrx_word' id='word_1_587' title='bbox 566 3216 734 3250; x_wconf 90' lang='lat' dir='ltr'>veritatem</span> <span class='ocrx_word' id='word_1_588' title='bbox 754 3217 807 3250; x_wconf 90' lang='lat' dir='ltr'>illa</span> <span class='ocrx_word' id='word_1_589' title='bbox 823 3226 872 3251; x_wconf 92' lang='lat' dir='ltr'>est</span> <span class='ocrx_word' id='word_1_590' title='bbox 888 3229 983 3252; x_wconf 89' lang='lat' dir='ltr'>causa</span> <span class='ocrx_word' id='word_1_591' title='bbox 1000 3220 1162 3263; x_wconf 87' lang='lat' dir='ltr'>passionis</span> <span class='ocrx_word' id='word_1_592' title='bbox 1179 3220 1354 3254; x_wconf 85' lang='lat' dir='ltr'>accidentis</span> 
     </span>
     <span class='ocr_line' id='line_1_75' title="bbox 298 3257 1356 3307; baseline 0.009 -18"><span class='ocrx_word' id='word_1_593' title='bbox 298 3257 381 3290; x_wconf 89' lang='lat' dir='ltr'>circa</span> <span class='ocrx_word' id='word_1_594' title='bbox 393 3258 676 3302; x_wconf 89' lang='lat' dir='ltr'>Antipherontem,</span> <span class='ocrx_word' id='word_1_595' title='bbox 712 3261 779 3294; x_wconf 91' lang='lat' dir='ltr'>uod</span> <span class='ocrx_word' id='word_1_596' title='bbox 792 3262 875 3295; x_wconf 89' lang='lat' dir='ltr'>circa</span> <span class='ocrx_word' id='word_1_597' title='bbox 892 3263 1050 3307; x_wconf 91' lang='lat' dir='ltr'>pupillam</span> <span class='ocrx_word' id='word_1_598' title='bbox 1065 3265 1135 3297; x_wconf 91' lang='lat' dir='ltr'>eius</span> <span class='ocrx_word' id='word_1_599' title='bbox 1151 3273 1220 3298; x_wconf 88' lang='lat' dir='ltr'>erat</span> <span class='ocrx_word' id='word_1_600' title='bbox 1235 3264 1356 3298; x_wconf 90' lang='lat' dir='ltr'>humor</span> 
     </span>
     <span class='ocr_line' id='line_1_76' title="bbox 298 3301 1356 3353; baseline 0.01 -21"><span class='ocrx_word' id='word_1_601' title='bbox 298 3301 486 3351; x_wconf 75' lang='lat' dir='ltr'>innaturalis</span> <span class='ocrx_word' id='word_1_602' title='bbox 509 3314 653 3346; x_wconf 85' lang='lat' dir='ltr'>grossuS,</span> <span class='ocrx_word' id='word_1_603' title='bbox 677 3316 694 3338; x_wconf 94' lang='lat' dir='ltr'>a</span> <span class='ocrx_word' id='word_1_604' title='bbox 709 3313 814 3338; x_wconf 89' lang='lat' dir='ltr'>terans</span> <span class='ocrx_word' id='word_1_605' title='bbox 837 3307 964 3347; x_wconf 90' lang='lat' dir='ltr'>visum,</span> <span class='ocrx_word' id='word_1_606' title='bbox 993 3316 1025 3340; x_wconf 92' lang='lat' dir='ltr'>et</span> <span class='ocrx_word' id='word_1_607' title='bbox 1054 3308 1124 3352; x_wconf 92' lang='lat' dir='ltr'>ipse</span> <span class='ocrx_word' id='word_1_608' title='bbox 1172 3318 1283 3353; x_wconf 90' lang='lat' dir='ltr'>ropter</span> <span class='ocrx_word' id='word_1_609' title='bbox 1307 3310 1356 3342; x_wconf 91' lang='lat' dir='ltr'>in-</span> 
     </span>
     <span class='ocr_line' id='line_1_77' title="bbox 298 3320 1355 3386; baseline 0.01 -10"><span class='ocrx_word' id='word_1_610' title='bbox 298 3343 482 3378; x_wconf 78' lang='lat' dir='ltr'>firmitatem</span> <span class='ocrx_word' id='word_1_611' title='bbox 506 3346 666 3381; x_wconf 90' lang='lat' dir='ltr'>iudicabat</span> <span class='ocrx_word' id='word_1_612' title='bbox 697 3348 736 3382; x_wconf 92' lang='lat' dir='ltr'>de</span> <span class='ocrx_word' id='word_1_613' title='bbox 760 3350 822 3382; x_wconf 93' lang='lat' dir='ltr'>isto</span> <span class='ocrx_word' id='word_1_614' title='bbox 851 3349 989 3384; x_wconf 90' lang='lat' dir='ltr'>humore</span> <span class='ocrx_word' id='word_1_615' title='bbox 1018 3360 1050 3385; x_wconf 91' lang='lat' dir='ltr'>et</span> <span class='ocrx_word' id='word_1_616' title='bbox 1073 3351 1112 3386; x_wconf 91' lang='lat' dir='ltr'>de</span> <span class='ocrx_word' id='word_1_617' title='bbox 1137 3320 1227 3386; x_wconf 55' lang='lat' dir='ltr'>idolo</span> <span class='ocrx_word' id='word_1_618' title='bbox 1252 3354 1285 3386; x_wconf 90' lang='lat' dir='ltr'>in</span> <span class='ocrx_word' id='word_1_619' title='bbox 1315 3365 1355 3386; x_wconf 92' lang='lat' dir='ltr'>eo</span> 
     </span>
     <span class='ocr_line' id='line_1_78' title="bbox 299 3391 1358 3441; baseline 0.01 -21"><span class='ocrx_word' id='word_1_620' title='bbox 299 3398 480 3432; x_wconf 77' lang='lat' dir='ltr'>impresso,</span> <span class='ocrx_word' id='word_1_621' title='bbox 510 3391 593 3424; x_wconf 92' lang='lat' dir='ltr'>sicut</span> <span class='ocrx_word' id='word_1_622' title='bbox 624 3391 663 3425; x_wconf 95' lang='lat' dir='ltr'>de</span> <span class='ocrx_word' id='word_1_623' title='bbox 692 3393 836 3437; x_wconf 89' lang='lat' dir='ltr'>quodam</span> <span class='ocrx_word' id='word_1_624' title='bbox 865 3395 1067 3429; x_wconf 86' lang='lat' dir='ltr'>extrinseco:</span> <span class='ocrx_word' id='word_1_625' title='bbox 1100 3397 1176 3441; x_wconf 92' lang='lat' dir='ltr'>quia</span> <span class='ocrx_word' id='word_1_626' title='bbox 1206 3396 1358 3431; x_wconf 91' lang='lat' dir='ltr'>utebatur</span> 
     </span>
    </p>
   </div>
   <div class='ocr_carea' id='block_1_10' title="bbox 1385 498 1388 1050">
    <p class='ocr_par' dir='ltr' id='par_1_15' title="bbox 1385 498 1388 1050">
     <span class='ocr_line' id='line_1_79' title="bbox 1385 498 1388 1050; baseline 0 0"><span class='ocrx_word' id='word_1_627' title='bbox 1385 498 1388 1050; x_wconf 95' lang='lat' dir='ltr'> </span> 
     </span>
    </p>
   </div>
   <div class='ocr_carea' id='block_1_11' title="bbox 1384 498 1389 1207">
    <p class='ocr_par' dir='ltr' id='par_1_16' title="bbox 1384 498 1389 1207">
     <span class='ocr_line' id='line_1_80' title="bbox 1384 498 1389 1207; baseline 0 0"><span class='ocrx_word' id='word_1_628' title='bbox 1384 498 1389 1207; x_wconf 95' lang='lat' dir='ltr'> </span> 
     </span>
    </p>
   </div>
   <div class='ocr_carea' id='block_1_12' title="bbox 1033 217 1826 260">
    <p class='ocr_par' dir='ltr' id='par_1_17' title="bbox 1033 217 1826 260">
     <span class='ocr_line' id='line_1_81' title="bbox 1033 217 1826 260; baseline -0.01 0"><span class='ocrx_word' id='word_1_629' title='bbox 1033 218 1620 260; x_wconf 89' lang='lat' dir='ltr'>METEOROLOGICORUM</span> <span class='ocrx_word' id='word_1_630' title='bbox 1649 217 1744 253; x_wconf 92' lang='lat' dir='ltr'>LIB.</span> <span class='ocrx_word' id='word_1_631' title='bbox 1776 218 1826 253; x_wconf 92' lang='lat'>111</span> 
     </span>
    </p>
   </div>
   <div class='ocr_carea' id='block_1_13' title="bbox 1481 293 2491 380">
    <p class='ocr_par' dir='ltr' id='par_1_18' title="bbox 1481 293 2491 380">
     <span class='ocr_line' id='line_1_82' title="bbox 1482 293 2491 335; baseline 0 -9"><span class='ocrx_word' id='word_1_632' title='bbox 1482 296 1647 333; x_wconf 90' lang='lat' dir='ltr'>Quoniam</span> <span class='ocrx_word' id='word_1_633' title='bbox 1663 295 1689 325; x_wconf 92' lang='lat' dir='ltr'>si</span> <span class='ocrx_word' id='word_1_634' title='bbox 1710 301 1867 326; x_wconf 79' lang='lat' dir='ltr'>constaret</span> <span class='ocrx_word' id='word_1_635' title='bbox 1890 294 1962 325; x_wconf 87' lang='lat' dir='ltr'>talis</span> <span class='ocrx_word' id='word_1_636' title='bbox 1987 294 2102 334; x_wconf 79' lang='lat' dir='ltr'>caligo,</span> <span class='ocrx_word' id='word_1_637' title='bbox 2119 293 2221 334; x_wconf 88' lang='lat' dir='ltr'>qualis</span> <span class='ocrx_word' id='word_1_638' title='bbox 2244 293 2299 326; x_wconf 88' lang='lat' dir='ltr'>fiet</span> <span class='ocrx_word' id='word_1_639' title='bbox 2321 294 2433 335; x_wconf 90' lang='lat' dir='ltr'>utique</span> <span class='ocrx_word' id='word_1_640' title='bbox 2451 295 2491 326; x_wconf 76' lang='lat' dir='ltr'>ab</span> 
     </span>
     <span class='ocr_line' id='line_1_83' title="bbox 1481 338 2270 380; baseline 0 -10"><span class='ocrx_word' id='word_1_641' title='bbox 1481 350 1565 380; x_wconf 87' lang='lat' dir='ltr'>aqua</span> <span class='ocrx_word' id='word_1_642' title='bbox 1588 346 1644 370; x_wconf 88' lang='lat' dir='ltr'>aut</span> <span class='ocrx_word' id='word_1_643' title='bbox 1667 339 1776 380; x_wconf 84' lang='lat' dir='ltr'>aliquo</span> <span class='ocrx_word' id='word_1_644' title='bbox 1800 338 1863 369; x_wconf 81' lang='lat' dir='ltr'>alio</span> <span class='ocrx_word' id='word_1_645' title='bbox 1888 338 1991 378; x_wconf 90' lang='lat' dir='ltr'>nigro,</span> <span class='ocrx_word' id='word_1_646' title='bbox 2016 338 2098 369; x_wconf 86' lang='lat' dir='ltr'>sicut</span> <span class='ocrx_word' id='word_1_647' title='bbox 2122 338 2270 370; x_wconf 81' lang='lat' dir='ltr'>dicimus.</span> 
     </span>
    </p>
   </div>
   <div class='ocr_carea' id='block_1_14' title="bbox 1415 422 2541 1442">
    <p class='ocr_par' dir='ltr' id='par_1_19' title="bbox 1415 422 2541 1442">
     <span class='ocr_line' id='line_1_84' title="bbox 1415 422 2492 469; baseline -0.001 -10"><span class='ocrx_word' id='word_1_648' title='bbox 1415 430 1555 469; x_wconf 82' lang='lat' dir='ltr'>Apparet</span> <span class='ocrx_word' id='word_1_649' title='bbox 1579 427 1690 468; x_wconf 91' lang='lat' dir='ltr'>utique</span> <span class='ocrx_word' id='word_1_650' title='bbox 1713 426 1766 457; x_wconf 89' lang='lat' dir='ltr'>iris</span> <span class='ocrx_word' id='word_1_651' title='bbox 1789 433 1873 464; x_wconf 82' lang='lat' dir='ltr'>tota,</span> <span class='ocrx_word' id='word_1_652' title='bbox 1898 426 1980 457; x_wconf 91' lang='lat' dir='ltr'>sicut</span> <span class='ocrx_word' id='word_1_653' title='bbox 2009 436 2092 467; x_wconf 83' lang='lat' dir='ltr'>quae</span> <span class='ocrx_word' id='word_1_654' title='bbox 2115 426 2197 457; x_wconf 81' lang='lat' dir='ltr'>circa</span> <span class='ocrx_word' id='word_1_655' title='bbox 2218 422 2374 458; x_wconf 74' lang='lat' dir='ltr'>lucernas.</span> <span class='ocrx_word' id='word_1_656' title='bbox 2399 427 2492 458; x_wconf 82' lang='lat' dir='ltr'>Circa</span> 
     </span>
     <span class='ocr_line' id='line_1_85' title="bbox 1481 470 2492 510; baseline -0.001 -7"><span class='ocrx_word' id='word_1_657' title='bbox 1481 473 1538 503; x_wconf 86' lang='lat' dir='ltr'>has</span> <span class='ocrx_word' id='word_1_658' title='bbox 1554 471 1640 502; x_wconf 90' lang='lat' dir='ltr'>enim</span> <span class='ocrx_word' id='word_1_659' title='bbox 1656 471 1833 502; x_wconf 90' lang='lat' dir='ltr'>secundum</span> <span class='ocrx_word' id='word_1_660' title='bbox 1850 470 1989 510; x_wconf 88' lang='lat' dir='ltr'>plurima</span> <span class='ocrx_word' id='word_1_661' title='bbox 2004 470 2194 501; x_wconf 82' lang='lat' dir='ltr'>australibus</span> <span class='ocrx_word' id='word_1_662' title='bbox 2209 470 2425 510; x_wconf 85' lang='lat' dir='ltr'>existentibus,</span> <span class='ocrx_word' id='word_1_663' title='bbox 2437 471 2492 502; x_wconf 87' lang='lat' dir='ltr'>iris</span> 
     </span>
     <span class='ocr_line' id='line_1_86' title="bbox 1479 513 2490 546; baseline 0 0"><span class='ocrx_word' id='word_1_664' title='bbox 1479 515 1516 546; x_wconf 86' lang='lat' dir='ltr'>fit</span> <span class='ocrx_word' id='word_1_665' title='bbox 1538 515 1653 546; x_wconf 89' lang='lat' dir='ltr'>hieme.</span> <span class='ocrx_word' id='word_1_666' title='bbox 1677 514 1815 546; x_wconf 84' lang='lat' dir='ltr'>Maxime</span> <span class='ocrx_word' id='word_1_667' title='bbox 1830 521 1938 545; x_wconf 89' lang='lat' dir='ltr'>autem</span> <span class='ocrx_word' id='word_1_668' title='bbox 1954 513 2122 545; x_wconf 83' lang='lat' dir='ltr'>manifesta</span> <span class='ocrx_word' id='word_1_669' title='bbox 2144 513 2181 546; x_wconf 86' lang='lat' dir='ltr'>fit</span> <span class='ocrx_word' id='word_1_670' title='bbox 2195 514 2348 546; x_wconf 81' lang='lat' dir='ltr'>humidos</span> <span class='ocrx_word' id='word_1_671' title='bbox 2371 515 2490 546; x_wconf 82' lang='lat' dir='ltr'>haben-</span> 
     </span>
     <span class='ocr_line' id='line_1_87' title="bbox 1481 558 2492 600; baseline 0 -9"><span class='ocrx_word' id='word_1_672' title='bbox 1481 560 1565 591; x_wconf 90' lang='lat' dir='ltr'>tibus</span> <span class='ocrx_word' id='word_1_673' title='bbox 1581 559 1712 590; x_wconf 91' lang='lat' dir='ltr'>oculos:</span> <span class='ocrx_word' id='word_1_674' title='bbox 1730 559 1849 588; x_wconf 91' lang='lat' dir='ltr'>horum</span> <span class='ocrx_word' id='word_1_675' title='bbox 1865 558 1952 589; x_wconf 87' lang='lat' dir='ltr'>enim</span> <span class='ocrx_word' id='word_1_676' title='bbox 1966 558 2054 589; x_wconf 88' lang='lat' dir='ltr'>visus</span> <span class='ocrx_word' id='word_1_677' title='bbox 2070 558 2134 590; x_wconf 92' lang='lat' dir='ltr'>cito</span> <span class='ocrx_word' id='word_1_678' title='bbox 2150 565 2282 600; x_wconf 88' lang='lat' dir='ltr'>propter</span> <span class='ocrx_word' id='word_1_679' title='bbox 2296 559 2492 591; x_wconf 80' lang='lat' dir='ltr'>debilitatem</span> 
     </span>
     <span class='ocr_line' id='line_1_88' title="bbox 1481 602 2492 643; baseline 0 -9"><span class='ocrx_word' id='word_1_680' title='bbox 1481 603 1678 643; x_wconf 84' lang='lat' dir='ltr'>refrangitur.</span> <span class='ocrx_word' id='word_1_681' title='bbox 1703 602 1755 633; x_wconf 86' lang='lat' dir='ltr'>Fit</span> <span class='ocrx_word' id='word_1_682' title='bbox 1777 608 1885 633; x_wconf 86' lang='lat' dir='ltr'>autem</span> <span class='ocrx_word' id='word_1_683' title='bbox 1902 609 1933 634; x_wconf 89' lang='lat' dir='ltr'>et</span> <span class='ocrx_word' id='word_1_684' title='bbox 1955 603 1994 633; x_wconf 85' lang='lat' dir='ltr'>ab</span> <span class='ocrx_word' id='word_1_685' title='bbox 2011 602 2201 634; x_wconf 81' lang='lat' dir='ltr'>humiditate</span> <span class='ocrx_word' id='word_1_686' title='bbox 2218 603 2298 635; x_wconf 84' lang='lat' dir='ltr'>aeris</span> <span class='ocrx_word' id='word_1_687' title='bbox 2314 610 2346 635; x_wconf 92' lang='lat' dir='ltr'>et</span> <span class='ocrx_word' id='word_1_688' title='bbox 2359 604 2400 635; x_wconf 81' lang='lat' dir='ltr'>ab</span> <span class='ocrx_word' id='word_1_689' title='bbox 2419 614 2492 634; x_wconf 87' lang='lat' dir='ltr'>eva-</span> 
     </span>
     <span class='ocr_line' id='line_1_89' title="bbox 1481 646 2492 689; baseline 0.002 -11"><span class='ocrx_word' id='word_1_690' title='bbox 1481 648 1648 689; x_wconf 83' lang='lat' dir='ltr'>poratione</span> <span class='ocrx_word' id='word_1_691' title='bbox 1672 657 1690 677; x_wconf 82' lang='lat' dir='ltr'>a</span> <span class='ocrx_word' id='word_1_692' title='bbox 1714 646 1844 677; x_wconf 84' lang='lat' dir='ltr'>flamma</span> <span class='ocrx_word' id='word_1_693' title='bbox 1872 646 2031 678; x_wconf 90' lang='lat' dir='ltr'>defluente</span> <span class='ocrx_word' id='word_1_694' title='bbox 2055 653 2086 678; x_wconf 92' lang='lat' dir='ltr'>et</span> <span class='ocrx_word' id='word_1_695' title='bbox 2108 647 2220 678; x_wconf 83' lang='lat' dir='ltr'>mixta:</span> <span class='ocrx_word' id='word_1_696' title='bbox 2244 654 2322 679; x_wconf 88' lang='lat' dir='ltr'>tunc</span> <span class='ocrx_word' id='word_1_697' title='bbox 2345 648 2431 679; x_wconf 85' lang='lat' dir='ltr'>enim</span> <span class='ocrx_word' id='word_1_698' title='bbox 2454 647 2492 680; x_wconf 88' lang='lat' dir='ltr'>fit</span> 
     </span>
     <span class='ocr_line' id='line_1_90' title="bbox 1482 691 2491 733; baseline 0 -10"><span class='ocrx_word' id='word_1_699' title='bbox 1482 692 1660 732; x_wconf 90' lang='lat' dir='ltr'>speculum,</span> <span class='ocrx_word' id='word_1_700' title='bbox 1685 697 1716 721; x_wconf 93' lang='lat' dir='ltr'>et</span> <span class='ocrx_word' id='word_1_701' title='bbox 1738 697 1870 731; x_wconf 88' lang='lat' dir='ltr'>propter</span> <span class='ocrx_word' id='word_1_702' title='bbox 1885 691 2100 731; x_wconf 84' lang='lat' dir='ltr'>nigredinem:</span> <span class='ocrx_word' id='word_1_703' title='bbox 2125 691 2254 722; x_wconf 83' lang='lat' dir='ltr'>fumosa</span> <span class='ocrx_word' id='word_1_704' title='bbox 2269 692 2356 723; x_wconf 88' lang='lat' dir='ltr'>enim</span> <span class='ocrx_word' id='word_1_705' title='bbox 2372 702 2491 733; x_wconf 81' lang='lat' dir='ltr'>evapo-</span> 
     </span>
     <span class='ocr_line' id='line_1_91' title="bbox 1481 735 2492 778; baseline 0.001 -11"><span class='ocrx_word' id='word_1_706' title='bbox 1481 736 1573 767; x_wconf 85' lang='lat' dir='ltr'>ratio.</span> <span class='ocrx_word' id='word_1_707' title='bbox 1589 737 1751 766; x_wconf 90' lang='lat' dir='ltr'>Lucernae</span> <span class='ocrx_word' id='word_1_708' title='bbox 1763 742 1871 766; x_wconf 84' lang='lat' dir='ltr'>autem</span> <span class='ocrx_word' id='word_1_709' title='bbox 1883 735 1995 766; x_wconf 90' lang='lat' dir='ltr'>lumen</span> <span class='ocrx_word' id='word_1_710' title='bbox 2007 745 2074 766; x_wconf 92' lang='lat' dir='ltr'>non</span> <span class='ocrx_word' id='word_1_711' title='bbox 2084 736 2206 774; x_wconf 85' lang='lat' dir='ltr'>album,</span> <span class='ocrx_word' id='word_1_712' title='bbox 2219 736 2275 767; x_wconf 90' lang='lat' dir='ltr'>sed</span> <span class='ocrx_word' id='word_1_713' title='bbox 2290 746 2492 778; x_wconf 86' lang='lat' dir='ltr'>purpureum</span> 
     </span>
     <span class='ocr_line' id='line_1_92' title="bbox 1481 778 2491 820; baseline 0.003 -11"><span class='ocrx_word' id='word_1_714' title='bbox 1481 787 1612 820; x_wconf 84' lang='lat' dir='ltr'>apparet</span> <span class='ocrx_word' id='word_1_715' title='bbox 1628 779 1746 810; x_wconf 86' lang='lat' dir='ltr'>circulo</span> <span class='ocrx_word' id='word_1_716' title='bbox 1761 785 1793 810; x_wconf 86' lang='lat' dir='ltr'>et</span> <span class='ocrx_word' id='word_1_717' title='bbox 1805 778 1906 818; x_wconf 83' lang='lat' dir='ltr'>iriale,</span> <span class='ocrx_word' id='word_1_718' title='bbox 1922 779 2098 820; x_wconf 87' lang='lat' dir='ltr'>puniceum</span> <span class='ocrx_word' id='word_1_719' title='bbox 2111 786 2220 812; x_wconf 84' lang='lat' dir='ltr'>autem</span> <span class='ocrx_word' id='word_1_720' title='bbox 2235 788 2320 811; x_wconf 84' lang='lat' dir='ltr'>non:</span> <span class='ocrx_word' id='word_1_721' title='bbox 2341 787 2389 812; x_wconf 81' lang='lat' dir='ltr'>est</span> <span class='ocrx_word' id='word_1_722' title='bbox 2403 780 2491 812; x_wconf 80' lang='lat' dir='ltr'>enim</span> 
     </span>
     <span class='ocr_line' id='line_1_93' title="bbox 1479 823 2490 866; baseline 0.002 -11"><span class='ocrx_word' id='word_1_723' title='bbox 1479 824 1566 855; x_wconf 89' lang='lat' dir='ltr'>visus</span> <span class='ocrx_word' id='word_1_724' title='bbox 1583 824 1659 864; x_wconf 89' lang='lat' dir='ltr'>quia</span> <span class='ocrx_word' id='word_1_725' title='bbox 1674 833 1812 864; x_wconf 76' lang='lat' dir='ltr'>paucus,</span> <span class='ocrx_word' id='word_1_726' title='bbox 1832 823 1889 865; x_wconf 89' lang='lat' dir='ltr'>qui</span> <span class='ocrx_word' id='word_1_727' title='bbox 1904 823 2094 866; x_wconf 81' lang='lat' dir='ltr'>refrangitur</span> <span class='ocrx_word' id='word_1_728' title='bbox 2116 831 2148 856; x_wconf 89' lang='lat' dir='ltr'>et</span> <span class='ocrx_word' id='word_1_729' title='bbox 2161 825 2290 865; x_wconf 81' lang='lat' dir='ltr'>nigrum</span> <span class='ocrx_word' id='word_1_730' title='bbox 2309 825 2490 866; x_wconf 83' lang='lat' dir='ltr'>speculum.</span> 
     </span>
     <span class='ocr_line' id='line_1_94' title="bbox 1481 867 2491 910; baseline 0.003 -12"><span class='ocrx_word' id='word_1_731' title='bbox 1481 869 1572 906; x_wconf 84' lang='lat' dir='ltr'>Quae</span> <span class='ocrx_word' id='word_1_732' title='bbox 1588 875 1696 899; x_wconf 83' lang='lat' dir='ltr'>autem</span> <span class='ocrx_word' id='word_1_733' title='bbox 1715 878 1734 898; x_wconf 83' lang='lat' dir='ltr'>a</span> <span class='ocrx_word' id='word_1_734' title='bbox 1749 867 1846 898; x_wconf 79' lang='lat' dir='ltr'>remis</span> <span class='ocrx_word' id='word_1_735' title='bbox 1864 877 1994 899; x_wconf 87' lang='lat' dir='ltr'>sursum</span> <span class='ocrx_word' id='word_1_736' title='bbox 2015 867 2088 900; x_wconf 77' lang='lat' dir='ltr'>latis</span> <span class='ocrx_word' id='word_1_737' title='bbox 2101 879 2140 900; x_wconf 86' lang='lat' dir='ltr'>ex</span> <span class='ocrx_word' id='word_1_738' title='bbox 2153 869 2234 900; x_wconf 84' lang='lat' dir='ltr'>mari</span> <span class='ocrx_word' id='word_1_739' title='bbox 2247 869 2491 910; x_wconf 77' lang='lat' dir='ltr'>iris‚.positione</span> 
     </span>
     <span class='ocr_line' id='line_1_95' title="bbox 1479 911 2490 954; baseline 0.003 -12"><span class='ocrx_word' id='word_1_740' title='bbox 1479 913 1612 954; x_wconf 89' lang='lat' dir='ltr'>quidem</span> <span class='ocrx_word' id='word_1_741' title='bbox 1635 913 1752 943; x_wconf 89' lang='lat' dir='ltr'>eodem</span> <span class='ocrx_word' id='word_1_742' title='bbox 1774 911 1810 943; x_wconf 89' lang='lat' dir='ltr'>fit</span> <span class='ocrx_word' id='word_1_743' title='bbox 1825 912 1925 943; x_wconf 89' lang='lat' dir='ltr'>modo</span> <span class='ocrx_word' id='word_1_744' title='bbox 1949 912 1990 951; x_wconf 89' lang='lat' dir='ltr'>ei,</span> <span class='ocrx_word' id='word_1_745' title='bbox 2013 922 2097 953; x_wconf 80' lang='lat' dir='ltr'>quae</span> <span class='ocrx_word' id='word_1_746' title='bbox 2119 913 2153 944; x_wconf 90' lang='lat' dir='ltr'>in</span> <span class='ocrx_word' id='word_1_747' title='bbox 2177 913 2277 953; x_wconf 85' lang='lat' dir='ltr'>caelo,</span> <span class='ocrx_word' id='word_1_748' title='bbox 2301 914 2410 946; x_wconf 88' lang='lat' dir='ltr'>colore</span> <span class='ocrx_word' id='word_1_749' title='bbox 2432 923 2490 945; x_wconf 84' lang='lat' dir='ltr'>au-</span> 
     </span>
     <span class='ocr_line' id='line_1_96' title="bbox 1479 956 2491 1000; baseline 0.003 -13"><span class='ocrx_word' id='word_1_750' title='bbox 1479 964 1546 988; x_wconf 89' lang='lat' dir='ltr'>tem</span> <span class='ocrx_word' id='word_1_751' title='bbox 1568 956 1704 987; x_wconf 86' lang='lat' dir='ltr'>similior</span> <span class='ocrx_word' id='word_1_752' title='bbox 1727 956 1774 995; x_wconf 79' lang='lat' dir='ltr'>ei,</span> <span class='ocrx_word' id='word_1_753' title='bbox 1797 966 1881 997; x_wconf 82' lang='lat' dir='ltr'>quae</span> <span class='ocrx_word' id='word_1_754' title='bbox 1904 956 1986 989; x_wconf 82' lang='lat' dir='ltr'>cirea</span> <span class='ocrx_word' id='word_1_755' title='bbox 2007 956 2168 989; x_wconf 80' lang='lat' dir='ltr'>lucernas:</span> <span class='ocrx_word' id='word_1_756' title='bbox 2195 968 2264 989; x_wconf 83' lang='lat' dir='ltr'>uon</span> <span class='ocrx_word' id='word_1_757' title='bbox 2286 958 2373 989; x_wconf 88' lang='lat' dir='ltr'>enim</span> <span class='ocrx_word' id='word_1_758' title='bbox 2396 957 2491 1000; x_wconf 83' lang='lat' dir='ltr'>puni·</span> 
     </span>
     <span class='ocr_line' id='line_1_97' title="bbox 1480 1000 2490 1042; baseline 0.003 -11"><span class='ocrx_word' id='word_1_759' title='bbox 1480 1011 1574 1032; x_wconf 87' lang='lat' dir='ltr'>ceum</span> <span class='ocrx_word' id='word_1_760' title='bbox 1590 1001 1646 1031; x_wconf 90' lang='lat' dir='ltr'>sed</span> <span class='ocrx_word' id='word_1_761' title='bbox 1662 1010 1863 1042; x_wconf 87' lang='lat' dir='ltr'>purpureum</span> <span class='ocrx_word' id='word_1_762' title='bbox 1885 1000 2006 1032; x_wconf 81' lang='lat' dir='ltr'>habens</span> <span class='ocrx_word' id='word_1_763' title='bbox 2021 1000 2146 1033; x_wconf 79' lang='lat' dir='ltr'>videtur</span> <span class='ocrx_word' id='word_1_764' title='bbox 2161 1002 2321 1042; x_wconf 87' lang='lat' dir='ltr'>colorem;</span> <span class='ocrx_word' id='word_1_765' title='bbox 2344 1002 2490 1034; x_wconf 80' lang='lat' dir='ltr'>refractio</span> 
     </span>
     <span class='ocr_line' id='line_1_98' title="bbox 1479 1045 2488 1088; baseline 0.002 -12"><span class='ocrx_word' id='word_1_766' title='bbox 1479 1052 1587 1077; x_wconf 85' lang='lat' dir='ltr'>autem</span> <span class='ocrx_word' id='word_1_767' title='bbox 1603 1056 1622 1076; x_wconf 80' lang='lat' dir='ltr'>a</span> <span class='ocrx_word' id='word_1_768' title='bbox 1636 1045 1831 1086; x_wconf 80' lang='lat' dir='ltr'>parvissimis</span> <span class='ocrx_word' id='word_1_769' title='bbox 1853 1045 1998 1087; x_wconf 85' lang='lat' dir='ltr'>quidem,</span> <span class='ocrx_word' id='word_1_770' title='bbox 2014 1045 2175 1077; x_wconf 84' lang='lat' dir='ltr'>continuis</span> <span class='ocrx_word' id='word_1_771' title='bbox 2197 1053 2307 1078; x_wconf 83' lang='lat' dir='ltr'>autem</span> <span class='ocrx_word' id='word_1_772' title='bbox 2321 1046 2359 1078; x_wconf 89' lang='lat' dir='ltr'>fit</span> <span class='ocrx_word' id='word_1_773' title='bbox 2372 1047 2488 1088; x_wconf 76' lang='lat' dir='ltr'>guttis:</span> 
     </span>
     <span class='ocr_line' id='line_1_99' title="bbox 1478 1090 2491 1131; baseline 0.003 -11"><span class='ocrx_word' id='word_1_774' title='bbox 1478 1090 1549 1120; x_wconf 85' lang='lat' dir='ltr'>hae·</span> <span class='ocrx_word' id='word_1_775' title='bbox 1562 1096 1670 1121; x_wconf 81' lang='lat' dir='ltr'>autem</span> <span class='ocrx_word' id='word_1_776' title='bbox 1693 1099 1778 1130; x_wconf 81' lang='lat' dir='ltr'>aqua</span> <span class='ocrx_word' id='word_1_777' title='bbox 1800 1096 1960 1131; x_wconf 75' lang='lat' dir='ltr'>segregata</span> <span class='ocrx_word' id='word_1_778' title='bbox 1988 1096 2064 1121; x_wconf 89' lang='lat' dir='ltr'>sunt</span> <span class='ocrx_word' id='word_1_779' title='bbox 2086 1090 2224 1131; x_wconf 86' lang='lat' dir='ltr'>penitus.</span> <span class='ocrx_word' id='word_1_780' title='bbox 2254 1091 2305 1123; x_wconf 88' lang='lat' dir='ltr'>Fit</span> <span class='ocrx_word' id='word_1_781' title='bbox 2327 1097 2437 1126; x_wconf 80' lang='lat' dir='ltr'>autem</span> <span class='ocrx_word' id='word_1_782' title='bbox 2458 1097 2491 1123; x_wconf 82' lang='lat' dir='ltr'>et</span> 
     </span>
     <span class='ocr_line' id='line_1_100' title="bbox 1479 1133 2492 1177; baseline 0.002 -12"><span class='ocrx_word' id='word_1_783' title='bbox 1479 1134 1505 1165; x_wconf 91' lang='lat' dir='ltr'>si</span> <span class='ocrx_word' id='word_1_784' title='bbox 1529 1134 1600 1175; x_wconf 89' lang='lat' dir='ltr'>quis</span> <span class='ocrx_word' id='word_1_785' title='bbox 1623 1134 1793 1165; x_wconf 87' lang='lat' dir='ltr'>subtilibus</span> <span class='ocrx_word' id='word_1_786' title='bbox 1821 1133 2036 1165; x_wconf 81' lang='lat' dir='ltr'>rorationibus</span> <span class='ocrx_word' id='word_1_787' title='bbox 2066 1142 2151 1166; x_wconf 88' lang='lat' dir='ltr'>roret</span> <span class='ocrx_word' id='word_1_788' title='bbox 2172 1135 2207 1166; x_wconf 88' lang='lat' dir='ltr'>in</span> <span class='ocrx_word' id='word_1_789' title='bbox 2229 1135 2372 1177; x_wconf 80' lang='lat' dir='ltr'>aliquem</span> <span class='ocrx_word' id='word_1_790' title='bbox 2393 1135 2492 1167; x_wconf 72' lang='lat' dir='ltr'>talem</span> 
     </span>
     <span class='ocr_line' id='line_1_101' title="bbox 1477 1178 2541 1222; baseline 0.003 -13"><span class='ocrx_word' id='word_1_791' title='bbox 1477 1179 1599 1217; x_wconf 88' lang='lat' dir='ltr'>locum,</span> <span class='ocrx_word' id='word_1_792' title='bbox 1623 1179 1680 1220; x_wconf 89' lang='lat' dir='ltr'>qui</span> <span class='ocrx_word' id='word_1_793' title='bbox 1703 1178 1865 1219; x_wconf 88' lang='lat' dir='ltr'>positione</span> <span class='ocrx_word' id='word_1_794' title='bbox 1887 1179 1928 1210; x_wconf 78' lang='lat' dir='ltr'>ad</span> <span class='ocrx_word' id='word_1_795' title='bbox 1951 1178 2055 1210; x_wconf 87' lang='lat' dir='ltr'>solem</span> <span class='ocrx_word' id='word_1_796' title='bbox 2077 1189 2188 1210; x_wconf 84' lang='lat' dir='ltr'>versus</span> <span class='ocrx_word' id='word_1_797' title='bbox 2210 1179 2265 1211; x_wconf 87' lang='lat' dir='ltr'>sit:</span> <span class='ocrx_word' id='word_1_798' title='bbox 2290 1186 2323 1212; x_wconf 88' lang='lat' dir='ltr'>et</span> <span class='ocrx_word' id='word_1_799' title='bbox 2343 1179 2404 1212; x_wconf 69' lang='lat' dir='ltr'>hac</span> <span class='ocrx_word' id='word_1_800' title='bbox 2418 1179 2504 1222; x_wconf 77' lang='lat' dir='ltr'>qui-,</span> <span class='ocrx_word' id='word_1_801' title='bbox 2533 1218 2541 1221; x_wconf 30' lang='lat' dir='ltr'><em>s</em></span> 
     </span>
     <span class='ocr_line' id='line_1_102' title="bbox 1478 1223 2491 1264; baseline 0.003 -11"><span class='ocrx_word' id='word_1_802' title='bbox 1478 1223 1551 1253; x_wconf 89' lang='lat' dir='ltr'>dem</span> <span class='ocrx_word' id='word_1_803' title='bbox 1576 1223 1626 1254; x_wconf 92' lang='lat' dir='ltr'>sol</span> <span class='ocrx_word' id='word_1_804' title='bbox 1647 1223 1794 1262; x_wconf 85' lang='lat' dir='ltr'>illustret,</span> <span class='ocrx_word' id='word_1_805' title='bbox 1810 1223 1870 1254; x_wconf 79' lang='lat' dir='ltr'>hac</span> <span class='ocrx_word' id='word_1_806' title='bbox 1884 1230 1994 1254; x_wconf 81' lang='lat' dir='ltr'>autem</span> <span class='ocrx_word' id='word_1_807' title='bbox 2008 1223 2123 1255; x_wconf 80' lang='lat' dir='ltr'>umbra</span> <span class='ocrx_word' id='word_1_808' title='bbox 2139 1223 2197 1255; x_wconf 82' lang='lat' dir='ltr'>sit:</span> <span class='ocrx_word' id='word_1_809' title='bbox 2221 1223 2255 1255; x_wconf 90' lang='lat' dir='ltr'>in</span> <span class='ocrx_word' id='word_1_810' title='bbox 2278 1224 2334 1256; x_wconf 78' lang='lat' dir='ltr'>tali</span> <span class='ocrx_word' id='word_1_811' title='bbox 2348 1223 2447 1264; x_wconf 84' lang='lat' dir='ltr'>enim,</span> <span class='ocrx_word' id='word_1_812' title='bbox 2463 1223 2491 1255; x_wconf 76' lang='grc' dir='ltr'><strong>ιὶ</strong></span> 
     </span>
     <span class='ocr_line' id='line_1_103' title="bbox 1478 1267 2492 1309; baseline 0.003 -11"><span class='ocrx_word' id='word_1_813' title='bbox 1478 1267 1561 1308; x_wconf 89' lang='lat' dir='ltr'>quis·</span> <span class='ocrx_word' id='word_1_814' title='bbox 1574 1267 1660 1298; x_wconf 89' lang='lat' dir='ltr'>intus</span> <span class='ocrx_word' id='word_1_815' title='bbox 1684 1274 1779 1306; x_wconf 87' lang='lat' dir='ltr'>roret,</span> <span class='ocrx_word' id='word_1_816' title='bbox 1803 1267 1910 1299; x_wconf 87' lang='lat' dir='ltr'>statim</span> <span class='ocrx_word' id='word_1_817' title='bbox 1934 1274 2021 1299; x_wconf 81' lang='lat' dir='ltr'>extra</span> <span class='ocrx_word' id='word_1_818' title='bbox 2044 1274 2308 1309; x_wconf 81' lang='lat' dir='ltr'>supermutantur</span> <span class='ocrx_word' id='word_1_819' title='bbox 2329 1268 2427 1308; x_wconf 48' lang='lat' dir='ltr'>radin</span> <span class='ocrx_word' id='word_1_820' title='bbox 2457 1274 2492 1301; x_wconf 88' lang='lat' dir='ltr'>et</span> 
     </span>
     <span class='ocr_line' id='line_1_104' title="bbox 1478 1311 2490 1355; baseline 0.003 -13"><span class='ocrx_word' id='word_1_821' title='bbox 1478 1311 1599 1343; x_wconf 85' lang='lat' dir='ltr'>faciunt</span> <span class='ocrx_word' id='word_1_822' title='bbox 1621 1312 1771 1343; x_wconf 86' lang='lat' dir='ltr'>umbram</span> <span class='ocrx_word' id='word_1_823' title='bbox 1789 1322 1940 1355; x_wconf 80' lang='lat' dir='ltr'>apparere</span> <span class='ocrx_word' id='word_1_824' title='bbox 1959 1311 2083 1344; x_wconf 87' lang='lat' dir='ltr'>iridem.</span> <span class='ocrx_word' id='word_1_825' title='bbox 2107 1313 2226 1353; x_wconf 78' lang='lat' dir='ltr'>Modus</span> <span class='ocrx_word' id='word_1_826' title='bbox 2249 1319 2361 1345; x_wconf 76' lang='lat' dir='ltr'>autem</span> <span class='ocrx_word' id='word_1_827' title='bbox 2381 1319 2419 1345; x_wconf 83' lang='lat' dir='ltr'>et</span> <span class='ocrx_word' id='word_1_828' title='bbox 2435 1322 2490 1345; x_wconf 89' lang='lat' dir='ltr'>co-</span> 
     </span>
     <span class='ocr_line' id='line_1_105' title="bbox 1477 1355 2490 1399; baseline 0.003 -13"><span class='ocrx_word' id='word_1_829' title='bbox 1477 1355 1593 1387; x_wconf 83' lang='lat' dir='ltr'>loratio</span> <span class='ocrx_word' id='word_1_830' title='bbox 1617 1356 1740 1395; x_wconf 86' lang='lat' dir='ltr'>similis,</span> <span class='ocrx_word' id='word_1_831' title='bbox 1765 1362 1797 1388; x_wconf 93' lang='lat' dir='ltr'>et</span> <span class='ocrx_word' id='word_1_832' title='bbox 1817 1366 1912 1388; x_wconf 82' lang='lat' dir='ltr'>causa</span> <span class='ocrx_word' id='word_1_833' title='bbox 1935 1357 2047 1388; x_wconf 84' lang='lat' dir='ltr'>eadem</span> <span class='ocrx_word' id='word_1_834' title='bbox 2070 1357 2100 1389; x_wconf 85' lang='lat' dir='ltr'>ei</span> <span class='ocrx_word' id='word_1_835' title='bbox 2114 1367 2198 1399; x_wconf 81' lang='lat' dir='ltr'>quae</span> <span class='ocrx_word' id='word_1_836' title='bbox 2220 1367 2240 1388; x_wconf 81' lang='lat' dir='ltr'>a</span> <span class='ocrx_word' id='word_1_837' title='bbox 2253 1357 2490 1393; x_wconf 24' lang='lat' dir='ltr'>remim-*manu</span> 
     </span>
     <span class='ocr_line' id='line_1_106' title="bbox 1478 1400 2030 1442; baseline 0.002 -11"><span class='ocrx_word' id='word_1_838' title='bbox 1478 1400 1565 1432; x_wconf 87' lang='lat' dir='ltr'>enim</span> <span class='ocrx_word' id='word_1_839' title='bbox 1587 1411 1648 1442; x_wconf 90' lang='lat' dir='ltr'>pro</span> <span class='ocrx_word' id='word_1_840' title='bbox 1671 1411 1762 1432; x_wconf 86' lang='lat' dir='ltr'>remo</span> <span class='ocrx_word' id='word_1_841' title='bbox 1786 1401 1887 1433; x_wconf 86' lang='lat' dir='ltr'>utitur</span> <span class='ocrx_word' id='word_1_842' title='bbox 1909 1411 2030 1432; x_wconf 83' lang='lat' dir='ltr'>rorans.</span> 
     </span>
    </p>
   </div>
   <div class='ocr_carea' id='block_1_15' title="bbox 1409 1619 2494 3444">
    <p class='ocr_par' dir='ltr' id='par_1_20' title="bbox 1409 1619 2494 2588">
     <span class='ocr_line' id='line_1_107' title="bbox 1411 1619 2485 1667; baseline 0.004 -13"><span class='ocrx_word' id='word_1_843' title='bbox 1411 1619 1537 1665; x_wconf 89' lang='lat' dir='ltr'>pupilla</span> <span class='ocrx_word' id='word_1_844' title='bbox 1560 1621 1655 1666; x_wconf 90' lang='lat' dir='ltr'>quasi</span> <span class='ocrx_word' id='word_1_845' title='bbox 1677 1620 1828 1665; x_wconf 87' lang='lat' dir='ltr'>speculo,</span> <span class='ocrx_word' id='word_1_846' title='bbox 1845 1629 1879 1654; x_wconf 89' lang='lat' dir='ltr'>et</span> <span class='ocrx_word' id='word_1_847' title='bbox 1900 1620 2043 1655; x_wconf 88' lang='lat' dir='ltr'>humore</span> <span class='ocrx_word' id='word_1_848' title='bbox 2066 1621 2162 1667; x_wconf 69' lang='lat' dir='ltr'>quasi</span> <span class='ocrx_word' id='word_1_849' title='bbox 2185 1621 2328 1663; x_wconf 90' lang='lat' dir='ltr'>obiecto,</span> <span class='ocrx_word' id='word_1_850' title='bbox 2343 1622 2378 1657; x_wconf 77' lang='lat' dir='ltr'>et&#39;</span> <span class='ocrx_word' id='word_1_851' title='bbox 2398 1622 2485 1658; x_wconf 82' lang='lat' dir='ltr'>iudi-</span> 
     </span>
     <span class='ocr_line' id='line_1_108' title="bbox 1411 1664 2489 1712; baseline 0.004 -14"><span class='ocrx_word' id='word_1_852' title='bbox 1411 1665 1503 1699; x_wconf 89' lang='lat' dir='ltr'>cabat</span> <span class='ocrx_word' id='word_1_853' title='bbox 1526 1666 1638 1710; x_wconf 88' lang='lat' dir='ltr'>ipsum</span> <span class='ocrx_word' id='word_1_854' title='bbox 1661 1676 1733 1699; x_wconf 91' lang='lat' dir='ltr'>esse</span> <span class='ocrx_word' id='word_1_855' title='bbox 1757 1664 1931 1700; x_wconf 87' lang='lat' dir='ltr'>hominem</span> <span class='ocrx_word' id='word_1_856' title='bbox 1953 1665 2190 1707; x_wconf 81' lang='lat' dir='ltr'>ambulantem,</span> <span class='ocrx_word' id='word_1_857' title='bbox 2215 1675 2353 1712; x_wconf 82' lang='lat' dir='ltr'>propter</span> <span class='ocrx_word' id='word_1_858' title='bbox 2374 1667 2489 1703; x_wconf 72' lang='lat' dir='ltr'>simili-</span> 
     </span>
     <span class='ocr_line' id='line_1_109' title="bbox 1410 1709 2488 1754; baseline 0.003 -11"><span class='ocrx_word' id='word_1_859' title='bbox 1410 1709 1559 1744; x_wconf 89' lang='lat' dir='ltr'>tudinem</span> <span class='ocrx_word' id='word_1_860' title='bbox 1575 1710 1739 1754; x_wconf 89' lang='lat' dir='ltr'>passionis</span> <span class='ocrx_word' id='word_1_861' title='bbox 1757 1721 1775 1743; x_wconf 92' lang='lat' dir='ltr'>a</span> <span class='ocrx_word' id='word_1_862' title='bbox 1801 1710 1945 1754; x_wconf 89' lang='lat' dir='ltr'>parentis</span> <span class='ocrx_word' id='word_1_863' title='bbox 1961 1710 1997 1744; x_wconf 87' lang='lat' dir='ltr'>in</span> <span class='ocrx_word' id='word_1_864' title='bbox 2013 1709 2124 1744; x_wconf 86' lang='lat' dir='ltr'>colore</span> <span class='ocrx_word' id='word_1_865' title='bbox 2141 1719 2174 1744; x_wconf 91' lang='lat' dir='ltr'>et</span> <span class='ocrx_word' id='word_1_866' title='bbox 2189 1710 2381 1748; x_wconf 71' lang='lat' dir='ltr'>lineatione.</span> <span class='ocrx_word' id='word_1_867' title='bbox 2392 1711 2488 1747; x_wconf 80' lang='lat' dir='ltr'>Sicut</span> 
     </span>
     <span class='ocr_line' id='line_1_110' title="bbox 1410 1753 2486 1800; baseline 0.006 -13"><span class='ocrx_word' id='word_1_868' title='bbox 1410 1754 1482 1788; x_wconf 87' lang='lat' dir='ltr'>aliis</span> <span class='ocrx_word' id='word_1_869' title='bbox 1494 1753 1718 1789; x_wconf 90' lang='lat' dir='ltr'>laborantibus</span> <span class='ocrx_word' id='word_1_870' title='bbox 1734 1755 1769 1788; x_wconf 89' lang='lat' dir='ltr'>in</span> <span class='ocrx_word' id='word_1_871' title='bbox 1793 1755 1923 1788; x_wconf 88' lang='lat' dir='ltr'>rmitate</span> <span class='ocrx_word' id='word_1_872' title='bbox 1940 1753 2118 1789; x_wconf 87' lang='lat' dir='ltr'>oculorum</span> <span class='ocrx_word' id='word_1_873' title='bbox 2129 1763 2266 1800; x_wconf 82' lang='lat' dir='ltr'>apparet</span> <span class='ocrx_word' id='word_1_874' title='bbox 2281 1754 2486 1799; x_wconf 68' lang='lat' dir='ltr'>telaamnea-</span> 
     </span>
     <span class='ocr_line' id='line_1_111' title="bbox 1410 1797 2488 1844; baseline 0.005 -12"><span class='ocrx_word' id='word_1_875' title='bbox 1410 1810 1484 1832; x_wconf 91' lang='lat' dir='ltr'>rum</span> <span class='ocrx_word' id='word_1_876' title='bbox 1501 1807 1575 1832; x_wconf 90' lang='lat' dir='ltr'>ante</span> <span class='ocrx_word' id='word_1_877' title='bbox 1599 1797 1728 1839; x_wconf 93' lang='lat' dir='ltr'>oculos,</span> <span class='ocrx_word' id='word_1_878' title='bbox 1747 1797 1946 1844; x_wconf 90' lang='lat' dir='ltr'>quibusdam</span> <span class='ocrx_word' id='word_1_879' title='bbox 1965 1807 2077 1834; x_wconf 87' lang='lat' dir='ltr'>autem</span> <span class='ocrx_word' id='word_1_880' title='bbox 2095 1810 2230 1833; x_wconf 85' lang='lat' dir='ltr'>muscae</span> <span class='ocrx_word' id='word_1_881' title='bbox 2245 1798 2397 1836; x_wconf 69' lang='lat' dir='ltr'>volam</span> <span class='ocrx_word' id='word_1_882' title='bbox 2409 1809 2488 1844; x_wconf 58' lang='lat' dir='ltr'>etc„</span> 
     </span>
     <span class='ocr_line' id='line_1_112' title="bbox 1411 1842 2494 1888; baseline 0.005 -11"><span class='ocrx_word' id='word_1_883' title='bbox 1411 1855 1487 1877; x_wconf 91' lang='lat' dir='ltr'>cum</span> <span class='ocrx_word' id='word_1_884' title='bbox 1511 1851 1623 1878; x_wconf 89' lang='lat' dir='ltr'>tamen</span> <span class='ocrx_word' id='word_1_885' title='bbox 1645 1843 1688 1876; x_wconf 92' lang='lat' dir='ltr'>sit</span> <span class='ocrx_word' id='word_1_886' title='bbox 1711 1842 1833 1877; x_wconf 89' lang='lat' dir='ltr'>humor</span> <span class='ocrx_word' id='word_1_887' title='bbox 1855 1844 1890 1877; x_wconf 91' lang='lat' dir='ltr'>in</span> <span class='ocrx_word' id='word_1_888' title='bbox 1919 1842 2046 1888; x_wconf 86' lang='lat' dir='ltr'>pupilla</span> <span class='ocrx_word' id='word_1_889' title='bbox 2067 1854 2248 1888; x_wconf 76' lang='lat' dir='ltr'>respersus·</span> <span class='ocrx_word' id='word_1_890' title='bbox 2262 1843 2494 1882; x_wconf 69' lang='lat' dir='ltr'>-Secundun&#39;</span> 
     </span>
     <span class='ocr_line' id='line_1_113' title="bbox 1410 1887 2488 1933; baseline 0.003 -12"><span class='ocrx_word' id='word_1_891' title='bbox 1410 1888 1435 1921; x_wconf 85' lang='lat' dir='ltr'>s&#39;</span> <span class='ocrx_word' id='word_1_892' title='bbox 1485 1899 1543 1921; x_wconf 89' lang='lat' dir='ltr'>um</span> <span class='ocrx_word' id='word_1_893' title='bbox 1567 1896 1627 1928; x_wconf 88' lang='lat' dir='ltr'>est,</span> <span class='ocrx_word' id='word_1_894' title='bbox 1651 1887 1728 1933; x_wconf 91' lang='lat' dir='ltr'>quia</span> <span class='ocrx_word' id='word_1_895' title='bbox 1751 1888 1958 1922; x_wconf 84' lang='lat' dir='ltr'>summitates</span> <span class='ocrx_word' id='word_1_896' title='bbox 1982 1888 2137 1930; x_wconf 75' lang='lat' dir='ltr'>navium,</span> <span class='ocrx_word' id='word_1_897' title='bbox 2165 1887 2290 1930; x_wconf 80' lang='lat' dir='ltr'>scilicet</span> <span class='ocrx_word' id='word_1_898' title='bbox 2305 1889 2488 1926; x_wconf 73' lang='lat' dir='ltr'>,summitas</span> 
     </span>
     <span class='ocr_line' id='line_1_114' title="bbox 1410 1899 2488 1974; baseline 0.002 -8"><span class='ocrx_word' id='word_1_899' title='bbox 1410 1899 1534 1966; x_wconf 44' lang='lat' dir='ltr'>affinis</span> <span class='ocrx_word' id='word_1_900' title='bbox 1551 1932 1655 1973; x_wconf 87' lang='lat' dir='ltr'>navis,</span> <span class='ocrx_word' id='word_1_901' title='bbox 1671 1941 1704 1966; x_wconf 89' lang='lat' dir='ltr'>et</span> <span class='ocrx_word' id='word_1_902' title='bbox 1727 1932 1827 1966; x_wconf 87' lang='lat' dir='ltr'>etiam</span> <span class='ocrx_word' id='word_1_903' title='bbox 1843 1941 1975 1967; x_wconf 90' lang='lat' dir='ltr'>montes</span> <span class='ocrx_word' id='word_1_904' title='bbox 1999 1931 2056 1966; x_wconf 88' lang='lat' dir='ltr'>alti</span> <span class='ocrx_word' id='word_1_905' title='bbox 2072 1933 2106 1967; x_wconf 89' lang='lat' dir='ltr'>in</span> <span class='ocrx_word' id='word_1_906' title='bbox 2122 1942 2224 1974; x_wconf 87' lang='lat' dir='ltr'>mare,</span> <span class='ocrx_word' id='word_1_907' title='bbox 2239 1932 2394 1969; x_wconf 78' lang='lat' dir='ltr'>videntur</span> <span class='ocrx_word' id='word_1_908' title='bbox 2415 1932 2488 1968; x_wconf 84' lang='lat' dir='ltr'>bre-</span> 
     </span>
     <span class='ocr_line' id='line_1_115' title="bbox 1410 1977 2488 2024; baseline 0.003 -14"><span class='ocrx_word' id='word_1_909' title='bbox 1410 1977 1518 2010; x_wconf 88' lang='lat' dir='ltr'>viores</span> <span class='ocrx_word' id='word_1_910' title='bbox 1542 1986 1575 2010; x_wconf 92' lang='lat' dir='ltr'>et</span> <span class='ocrx_word' id='word_1_911' title='bbox 1597 1977 1798 2021; x_wconf 86' lang='lat' dir='ltr'>grossiores:</span> <span class='ocrx_word' id='word_1_912' title='bbox 1815 1977 1894 2022; x_wconf 83' lang='lat' dir='ltr'>quia</span> <span class='ocrx_word' id='word_1_913' title='bbox 1912 1988 1967 2010; x_wconf 88' lang='lat' dir='ltr'>aer</span> <span class='ocrx_word' id='word_1_914' title='bbox 1990 1988 2090 2021; x_wconf 84' lang='lat' dir='ltr'>supra</span> <span class='ocrx_word' id='word_1_915' title='bbox 2105 1989 2195 2012; x_wconf 85' lang='lat' dir='ltr'>mare</span> <span class='ocrx_word' id='word_1_916' title='bbox 2219 1978 2363 2013; x_wconf 86' lang='lat' dir='ltr'>existens</span> <span class='ocrx_word' id='word_1_917' title='bbox 2379 1978 2488 2024; x_wconf 75' lang='lat' dir='ltr'>mgis</span> 
     </span>
     <span class='ocr_line' id='line_1_116' title="bbox 1410 2020 2486 2067; baseline 0.004 -13"><span class='ocrx_word' id='word_1_918' title='bbox 1410 2020 1536 2055; x_wconf 85' lang='lat' dir='ltr'>accedit</span> <span class='ocrx_word' id='word_1_919' title='bbox 1559 2020 1599 2055; x_wconf 88' lang='lat' dir='ltr'>ad</span> <span class='ocrx_word' id='word_1_920' title='bbox 1623 2020 1877 2066; x_wconf 89' lang='lat' dir='ltr'>dispositionem</span> <span class='ocrx_word' id='word_1_921' title='bbox 1901 2021 2014 2066; x_wconf 81' lang='lat' dir='ltr'>opaci,</span> <span class='ocrx_word' id='word_1_922' title='bbox 2038 2022 2115 2067; x_wconf 87' lang='lat' dir='ltr'>quia</span> <span class='ocrx_word' id='word_1_923' title='bbox 2139 2030 2188 2056; x_wconf 89' lang='lat' dir='ltr'>est</span> <span class='ocrx_word' id='word_1_924' title='bbox 2211 2022 2419 2067; x_wconf 62' lang='lat' dir='ltr'>ingrossata}</span> <span class='ocrx_word' id='word_1_925' title='bbox 2445 2022 2486 2058; x_wconf 82' lang='lat' dir='ltr'>ab</span> 
     </span>
     <span class='ocr_line' id='line_1_117' title="bbox 1410 2064 2488 2113; baseline 0.004 -14"><span class='ocrx_word' id='word_1_926' title='bbox 1410 2065 1604 2100; x_wconf 85' lang='lat' dir='ltr'>humiditate</span> <span class='ocrx_word' id='word_1_927' title='bbox 1628 2074 1661 2100; x_wconf 92' lang='lat' dir='ltr'>et</span> <span class='ocrx_word' id='word_1_928' title='bbox 1684 2064 1860 2110; x_wconf 84' lang='lat' dir='ltr'>frigiditate</span> <span class='ocrx_word' id='word_1_929' title='bbox 1883 2066 2004 2107; x_wconf 86' lang='lat' dir='ltr'>maris,</span> <span class='ocrx_word' id='word_1_930' title='bbox 2027 2077 2068 2100; x_wconf 83' lang='lat' dir='ltr'>ex</span> <span class='ocrx_word' id='word_1_931' title='bbox 2090 2077 2160 2111; x_wconf 89' lang='lat' dir='ltr'>quo</span> <span class='ocrx_word' id='word_1_932' title='bbox 2183 2074 2300 2111; x_wconf 57' lang='lat' dir='ltr'>potest.</span> <span class='ocrx_word' id='word_1_933' title='bbox 2316 2070 2488 2113; x_wconf 68' lang='lat' dir='ltr'>oesespe·</span> 
     </span>
     <span class='ocr_line' id='line_1_118' title="bbox 1411 2109 2487 2157; baseline 0.004 -14"><span class='ocrx_word' id='word_1_934' title='bbox 1411 2109 1535 2151; x_wconf 91' lang='lat' dir='ltr'>culum,</span> <span class='ocrx_word' id='word_1_935' title='bbox 1553 2109 1644 2155; x_wconf 89' lang='lat' dir='ltr'>quod</span> <span class='ocrx_word' id='word_1_936' title='bbox 1667 2121 1737 2144; x_wconf 89' lang='lat' dir='ltr'>non</span> <span class='ocrx_word' id='word_1_937' title='bbox 1761 2118 1875 2155; x_wconf 88' lang='lat' dir='ltr'>posset</span> <span class='ocrx_word' id='word_1_938' title='bbox 1897 2121 1969 2144; x_wconf 90' lang='lat' dir='ltr'>esse</span> <span class='ocrx_word' id='word_1_939' title='bbox 1989 2110 2053 2144; x_wconf 89' lang='lat' dir='ltr'>nisi</span> <span class='ocrx_word' id='word_1_940' title='bbox 2075 2121 2130 2144; x_wconf 87' lang='lat' dir='ltr'>aer</span> <span class='ocrx_word' id='word_1_941' title='bbox 2145 2119 2231 2145; x_wconf 87' lang='lat' dir='ltr'>esset</span> <span class='ocrx_word' id='word_1_942' title='bbox 2245 2110 2359 2157; x_wconf 76' lang='lat' dir='ltr'>aliquo</span> <span class='ocrx_word' id='word_1_943' title='bbox 2379 2110 2487 2149; x_wconf 78' lang='lat' dir='ltr'>modo</span> 
     </span>
     <span class='ocr_line' id='line_1_119' title="bbox 1410 2154 2487 2202; baseline 0.004 -14"><span class='ocrx_word' id='word_1_944' title='bbox 1410 2155 1604 2200; x_wconf 88' lang='lat' dir='ltr'>inspissatus</span> <span class='ocrx_word' id='word_1_945' title='bbox 1627 2163 1661 2189; x_wconf 90' lang='lat' dir='ltr'>et</span> <span class='ocrx_word' id='word_1_946' title='bbox 1683 2155 1898 2199; x_wconf 87' lang='lat' dir='ltr'>ingrossatus.</span> <span class='ocrx_word' id='word_1_947' title='bbox 1911 2173 1934 2181; x_wconf 93' lang='lat'>-</span> <span class='ocrx_word' id='word_1_948' title='bbox 1951 2154 2106 2194; x_wconf 86' lang='lat' dir='ltr'>Tertium</span> <span class='ocrx_word' id='word_1_949' title='bbox 2129 2154 2487 2202; x_wconf 65' lang='lat' dir='ltr'>signumquod&#39;refra-</span> 
     </span>
     <span class='ocr_line' id='line_1_120' title="bbox 1411 2198 2488 2247; baseline 0.004 -15"><span class='ocrx_word' id='word_1_950' title='bbox 1411 2200 1476 2234; x_wconf 91' lang='lat' dir='ltr'>ctio</span> <span class='ocrx_word' id='word_1_951' title='bbox 1499 2198 1556 2233; x_wconf 85' lang='lat' dir='ltr'>fiat</span> <span class='ocrx_word' id='word_1_952' title='bbox 1579 2198 1618 2233; x_wconf 89' lang='lat' dir='ltr'>ab</span> <span class='ocrx_word' id='word_1_953' title='bbox 1643 2210 1716 2235; x_wconf 91' lang='lat' dir='ltr'>aere</span> <span class='ocrx_word' id='word_1_954' title='bbox 1740 2200 1801 2233; x_wconf 84' lang='lat' dir='ltr'>ita</span> <span class='ocrx_word' id='word_1_955' title='bbox 1816 2200 2016 2238; x_wconf 88' lang='lat' dir='ltr'>consistente</span> <span class='ocrx_word' id='word_1_956' title='bbox 2049 2207 2083 2234; x_wconf 89' lang='lat' dir='ltr'>et</span> <span class='ocrx_word' id='word_1_957' title='bbox 2111 2200 2318 2245; x_wconf 72' lang='lat' dir='ltr'>inspissam,v</span> <span class='ocrx_word' id='word_1_958' title='bbox 2331 2208 2383 2240; x_wconf 67' lang='lat' dir='ltr'>est</span> <span class='ocrx_word' id='word_1_959' title='bbox 2406 2201 2488 2247; x_wconf 75' lang='lat' dir='ltr'>quia</span> 
     </span>
     <span class='ocr_line' id='line_1_121' title="bbox 1411 2243 2487 2289; baseline 0.004 -12"><span class='ocrx_word' id='word_1_960' title='bbox 1411 2255 1487 2277; x_wconf 89' lang='lat' dir='ltr'>cum</span> <span class='ocrx_word' id='word_1_961' title='bbox 1511 2243 1592 2278; x_wconf 86' lang='lat' dir='ltr'>flant</span> <span class='ocrx_word' id='word_1_962' title='bbox 1615 2244 1703 2285; x_wconf 84' lang='lat' dir='ltr'>euri,</span> <span class='ocrx_word' id='word_1_963' title='bbox 1728 2244 1785 2289; x_wconf 92' lang='lat' dir='ltr'>qui</span> <span class='ocrx_word' id='word_1_964' title='bbox 1809 2253 1887 2278; x_wconf 87' lang='lat' dir='ltr'>sunt</span> <span class='ocrx_word' id='word_1_965' title='bbox 1910 2244 2000 2278; x_wconf 83' lang='lat' dir='ltr'>venti</span> <span class='ocrx_word' id='word_1_966' title='bbox 2020 2244 2195 2279; x_wconf 81' lang='lat' dir='ltr'>orientales</span> <span class='ocrx_word' id='word_1_967' title='bbox 2214 2243 2356 2287; x_wconf 79' lang='lat' dir='ltr'>humidi,</span> <span class='ocrx_word' id='word_1_968' title='bbox 2371 2245 2487 2281; x_wconf 76' lang='lat' dir='ltr'>omnia</span> 
     </span>
     <span class='ocr_line' id='line_1_122' title="bbox 1409 2287 2488 2336; baseline 0.003 -14"><span class='ocrx_word' id='word_1_969' title='bbox 1409 2288 1564 2323; x_wconf 89' lang='lat' dir='ltr'>videntur</span> <span class='ocrx_word' id='word_1_970' title='bbox 1579 2288 1705 2322; x_wconf 89' lang='lat' dir='ltr'>maiora</span> <span class='ocrx_word' id='word_1_971' title='bbox 1721 2297 1857 2333; x_wconf 89' lang='lat' dir='ltr'>propter</span> <span class='ocrx_word' id='word_1_972' title='bbox 1879 2287 2109 2323; x_wconf 87' lang='lat' dir='ltr'>refractionem</span> <span class='ocrx_word' id='word_1_973' title='bbox 2128 2288 2170 2324; x_wconf 86' lang='lat' dir='ltr'>ad</span> <span class='ocrx_word' id='word_1_974' title='bbox 2193 2300 2303 2335; x_wconf 70' lang='lat' dir='ltr'>aerem</span> <span class='ocrx_word' id='word_1_975' title='bbox 2324 2290 2488 2336; x_wconf 73' lang='lat' dir='ltr'>ingrossa-</span> 
     </span>
     <span class='ocr_line' id='line_1_123' title="bbox 1410 2332 2487 2379; baseline 0.003 -13"><span class='ocrx_word' id='word_1_976' title='bbox 1410 2341 1483 2367; x_wconf 90' lang='lat' dir='ltr'>tum</span> <span class='ocrx_word' id='word_1_977' title='bbox 1499 2344 1518 2366; x_wconf 91' lang='lat' dir='ltr'>a</span> <span class='ocrx_word' id='word_1_978' title='bbox 1533 2332 1613 2366; x_wconf 90' lang='lat' dir='ltr'>flatu</span> <span class='ocrx_word' id='word_1_979' title='bbox 1630 2333 1711 2367; x_wconf 87' lang='lat' dir='ltr'>euri.</span> <span class='ocrx_word' id='word_1_980' title='bbox 1724 2352 1743 2358; x_wconf 95' lang='lat'>-</span> <span class='ocrx_word' id='word_1_981' title='bbox 1757 2333 1925 2374; x_wconf 87' lang='lat' dir='ltr'>Quartum</span> <span class='ocrx_word' id='word_1_982' title='bbox 1945 2333 1971 2366; x_wconf 93' lang='lat' dir='ltr'>si</span> <span class='ocrx_word' id='word_1_983' title='bbox 2020 2345 2078 2367; x_wconf 90' lang='lat' dir='ltr'>um</span> <span class='ocrx_word' id='word_1_984' title='bbox 2095 2342 2154 2375; x_wconf 90' lang='lat' dir='ltr'>est,</span> <span class='ocrx_word' id='word_1_985' title='bbox 2174 2334 2252 2379; x_wconf 86' lang='lat' dir='ltr'>quia</span> <span class='ocrx_word' id='word_1_986' title='bbox 2267 2342 2420 2379; x_wconf 64' lang='lat' dir='ltr'>tempore</span> <span class='ocrx_word' id='word_1_987' title='bbox 2434 2345 2487 2369; x_wconf 84' lang='lat' dir='ltr'>ca·</span> 
     </span>
     <span class='ocr_line' id='line_1_124' title="bbox 1410 2376 2487 2429; baseline 0.003 -19"><span class='ocrx_word' id='word_1_988' title='bbox 1410 2377 1531 2421; x_wconf 86' lang='lat' dir='ltr'>liginis,</span> <span class='ocrx_word' id='word_1_989' title='bbox 1547 2376 1672 2411; x_wconf 89' lang='lat' dir='ltr'>scilicet</span> <span class='ocrx_word' id='word_1_990' title='bbox 1695 2378 1730 2411; x_wconf 85' lang='lat' dir='ltr'>in</span> <span class='ocrx_word' id='word_1_991' title='bbox 1753 2389 1851 2411; x_wconf 89' lang='lat' dir='ltr'>mane</span> <span class='ocrx_word' id='word_1_992' title='bbox 1875 2389 1964 2429; x_wconf 85' lang='lat' dir='ltr'>quan</span> <span class='ocrx_word' id='word_1_993' title='bbox 1989 2389 2012 2412; x_wconf 93' lang='lat' dir='ltr'>o</span> <span class='ocrx_word' id='word_1_994' title='bbox 2034 2377 2086 2412; x_wconf 91' lang='lat' dir='ltr'>sol</span> <span class='ocrx_word' id='word_1_995' title='bbox 2112 2377 2223 2412; x_wconf 86' lang='lat' dir='ltr'>adhuc</span> <span class='ocrx_word' id='word_1_996' title='bbox 2243 2389 2314 2419; x_wconf 75' lang='lat' dir='ltr'>non</span> <span class='ocrx_word' id='word_1_997' title='bbox 2336 2377 2487 2418; x_wconf 64' lang='lat' dir='ltr'>arefecit</span> 
     </span>
     <span class='ocr_line' id='line_1_125' title="bbox 1410 2421 2486 2467; baseline 0.003 -12"><span class='ocrx_word' id='word_1_998' title='bbox 1410 2430 1539 2463; x_wconf 88' lang='lat' dir='ltr'>aerem,</span> <span class='ocrx_word' id='word_1_999' title='bbox 1570 2430 1603 2456; x_wconf 91' lang='lat' dir='ltr'>et</span> <span class='ocrx_word' id='word_1_1000' title='bbox 1625 2422 1660 2455; x_wconf 90' lang='lat' dir='ltr'>in</span> <span class='ocrx_word' id='word_1_1001' title='bbox 1683 2433 1758 2455; x_wconf 89' lang='lat' dir='ltr'>sero</span> <span class='ocrx_word' id='word_1_1002' title='bbox 1782 2430 1815 2455; x_wconf 91' lang='lat' dir='ltr'>et</span> <span class='ocrx_word' id='word_1_1003' title='bbox 1838 2421 1909 2455; x_wconf 80' lang='lat' dir='ltr'>aliis</span> <span class='ocrx_word' id='word_1_1004' title='bbox 1933 2421 2140 2467; x_wconf 88' lang='lat' dir='ltr'>temporibus</span> <span class='ocrx_word' id='word_1_1005' title='bbox 2169 2422 2356 2464; x_wconf 72' lang='lat' dir='ltr'>nebulosis,</span> <span class='ocrx_word' id='word_1_1006' title='bbox 2377 2422 2430 2460; x_wconf 70' lang='lat' dir='ltr'>sol</span> <span class='ocrx_word' id='word_1_1007' title='bbox 2450 2431 2486 2458; x_wconf 84' lang='lat' dir='ltr'>et</span> 
     </span>
     <span class='ocr_line' id='line_1_126' title="bbox 1410 2465 2486 2515; baseline 0.003 -16"><span class='ocrx_word' id='word_1_1008' title='bbox 1410 2465 1471 2500; x_wconf 86' lang='lat' dir='ltr'>alia</span> <span class='ocrx_word' id='word_1_1009' title='bbox 1495 2475 1580 2500; x_wconf 90' lang='lat' dir='ltr'>astra</span> <span class='ocrx_word' id='word_1_1010' title='bbox 1603 2467 1741 2500; x_wconf 87' lang='lat' dir='ltr'>orientia</span> <span class='ocrx_word' id='word_1_1011' title='bbox 1764 2465 1818 2499; x_wconf 91' lang='lat' dir='ltr'>vel</span> <span class='ocrx_word' id='word_1_1012' title='bbox 1836 2465 2022 2500; x_wconf 78' lang='lat' dir='ltr'>ochdentia</span> <span class='ocrx_word' id='word_1_1013' title='bbox 2052 2466 2207 2501; x_wconf 89' lang='lat' dir='ltr'>videntur</span> <span class='ocrx_word' id='word_1_1014' title='bbox 2234 2466 2360 2503; x_wconf 81' lang='lat' dir='ltr'>maiora</span> <span class='ocrx_word' id='word_1_1015' title='bbox 2382 2478 2486 2515; x_wconf 79' lang='lat' dir='ltr'>quam</span> 
     </span>
     <span class='ocr_line' id='line_1_127' title="bbox 1410 2509 2485 2555; baseline 0.002 -11"><span class='ocrx_word' id='word_1_1016' title='bbox 1410 2511 1444 2548; x_wconf 87' lang='lat' dir='ltr'>in</span> <span class='ocrx_word' id='word_1_1017' title='bbox 1461 2509 1572 2544; x_wconf 91' lang='lat' dir='ltr'>medio</span> <span class='ocrx_word' id='word_1_1018' title='bbox 1589 2509 1680 2551; x_wconf 89' lang='lat' dir='ltr'>caeli,</span> <span class='ocrx_word' id='word_1_1019' title='bbox 1697 2518 1833 2555; x_wconf 90' lang='lat' dir='ltr'>propter</span> <span class='ocrx_word' id='word_1_1020' title='bbox 1845 2509 1944 2544; x_wconf 90' lang='lat' dir='ltr'>talem</span> <span class='ocrx_word' id='word_1_1021' title='bbox 1960 2509 2191 2545; x_wconf 88' lang='lat' dir='ltr'>refractionem</span> <span class='ocrx_word' id='word_1_1022' title='bbox 2203 2510 2245 2546; x_wconf 84' lang='lat' dir='ltr'>ad</span> <span class='ocrx_word' id='word_1_1023' title='bbox 2260 2522 2370 2546; x_wconf 86' lang='lat' dir='ltr'>aerem</span> <span class='ocrx_word' id='word_1_1024' title='bbox 2381 2510 2485 2550; x_wconf 82' lang='lat' dir='ltr'>istum</span> 
     </span>
     <span class='ocr_line' id='line_1_128' title="bbox 1414 2554 1883 2588; baseline 0 0"><span class='ocrx_word' id='word_1_1025' title='bbox 1414 2554 1474 2588; x_wconf 86' lang='lat' dir='ltr'>cali</span> <span class='ocrx_word' id='word_1_1026' title='bbox 1500 2554 1634 2588; x_wconf 84' lang='lat' dir='ltr'>&#39;nosum</span> <span class='ocrx_word' id='word_1_1027' title='bbox 1662 2563 1696 2588; x_wconf 92' lang='lat' dir='ltr'>et</span> <span class='ocrx_word' id='word_1_1028' title='bbox 1757 2565 1883 2588; x_wconf 89' lang='lat' dir='ltr'>ossum.</span> 
     </span>
    </p>

    <p class='ocr_par' dir='ltr' id='par_1_21' title="bbox 1409 2566 2494 2812">
     <span class='ocr_line' id='line_1_129' title="bbox 1463 2566 2486 2645; baseline 0.002 -13"><span class='ocrx_word' id='word_1_1029' title='bbox 1463 2566 1568 2640; x_wconf 55' lang='lat' dir='ltr'>guod</span> <span class='ocrx_word' id='word_1_1030' title='bbox 1580 2607 1691 2632; x_wconf 89' lang='lat' dir='ltr'>autem</span> <span class='ocrx_word' id='word_1_1031' title='bbox 1704 2610 1722 2632; x_wconf 90' lang='lat' dir='ltr'>a</span> <span class='ocrx_word' id='word_1_1032' title='bbox 1760 2610 1845 2644; x_wconf 90' lang='lat' dir='ltr'>aqua</span> <span class='ocrx_word' id='word_1_1033' title='bbox 1861 2597 1917 2632; x_wconf 88' lang='lat' dir='ltr'>fiat</span> <span class='ocrx_word' id='word_1_1034' title='bbox 1929 2598 2080 2634; x_wconf 87' lang='lat' dir='ltr'>refractio</span> <span class='ocrx_word' id='word_1_1035' title='bbox 2093 2598 2291 2641; x_wconf 82' lang='lat' dir='ltr'>manifestat,</span> <span class='ocrx_word' id='word_1_1036' title='bbox 2304 2600 2382 2645; x_wconf 80' lang='lat' dir='ltr'>quia</span> <span class='ocrx_word' id='word_1_1037' title='bbox 2397 2600 2426 2634; x_wconf 85' lang='lat' dir='ltr'>si</span> <span class='ocrx_word' id='word_1_1038' title='bbox 2442 2600 2486 2635; x_wconf 86' lang='lat' dir='ltr'>sit</span> 
     </span>
     <span class='ocr_line' id='line_1_130' title="bbox 1410 2642 2494 2691; baseline 0.003 -15"><span class='ocrx_word' id='word_1_1039' title='bbox 1410 2642 1449 2677; x_wconf 91' lang='lat' dir='ltr'>ab</span> <span class='ocrx_word' id='word_1_1040' title='bbox 1469 2655 1553 2685; x_wconf 84' lang='lat' dir='ltr'>aere,</span> <span class='ocrx_word' id='word_1_1041' title='bbox 1570 2642 1678 2677; x_wconf 90' lang='lat' dir='ltr'>multo</span> <span class='ocrx_word' id='word_1_1042' title='bbox 1694 2644 1800 2687; x_wconf 88' lang='lat' dir='ltr'>magis</span> <span class='ocrx_word' id='word_1_1043' title='bbox 1812 2643 1870 2677; x_wconf 90' lang='lat' dir='ltr'>fiet</span> <span class='ocrx_word' id='word_1_1044' title='bbox 1885 2642 1924 2677; x_wconf 90' lang='lat' dir='ltr'>ab</span> <span class='ocrx_word' id='word_1_1045' title='bbox 1943 2655 2038 2689; x_wconf 89' lang='lat' dir='ltr'>aqua,</span> <span class='ocrx_word' id='word_1_1046' title='bbox 2052 2655 2136 2689; x_wconf 88' lang='lat' dir='ltr'>quae</span> <span class='ocrx_word' id='word_1_1047' title='bbox 2153 2653 2203 2678; x_wconf 91' lang='lat' dir='ltr'>est</span> <span class='ocrx_word' id='word_1_1048' title='bbox 2218 2643 2335 2689; x_wconf 86' lang='lat' dir='ltr'>planae</span> <span class='ocrx_word' id='word_1_1049' title='bbox 2347 2643 2494 2691; x_wconf 41' lang='lat' dir='ltr'>superis</span> 
     </span>
     <span class='ocr_line' id='line_1_131' title="bbox 1410 2687 2485 2734; baseline 0.002 -13"><span class='ocrx_word' id='word_1_1050' title='bbox 1410 2688 1471 2721; x_wconf 91' lang='lat' dir='ltr'>ciei</span> <span class='ocrx_word' id='word_1_1051' title='bbox 1487 2696 1519 2722; x_wconf 89' lang='lat' dir='ltr'>et</span> <span class='ocrx_word' id='word_1_1052' title='bbox 1535 2696 1585 2722; x_wconf 90' lang='lat' dir='ltr'>est</span> <span class='ocrx_word' id='word_1_1053' title='bbox 1600 2688 1706 2732; x_wconf 87' lang='lat' dir='ltr'>magis</span> <span class='ocrx_word' id='word_1_1054' title='bbox 1722 2687 1823 2722; x_wconf 87' lang='lat' dir='ltr'>densa</span> <span class='ocrx_word' id='word_1_1055' title='bbox 1839 2699 1941 2733; x_wconf 88' lang='lat' dir='ltr'>quam</span> <span class='ocrx_word' id='word_1_1056' title='bbox 1956 2699 2022 2730; x_wconf 89' lang='lat' dir='ltr'>aer,</span> <span class='ocrx_word' id='word_1_1057' title='bbox 2038 2697 2071 2722; x_wconf 90' lang='lat' dir='ltr'>et</span> <span class='ocrx_word' id='word_1_1058' title='bbox 2087 2700 2128 2722; x_wconf 88' lang='lat' dir='ltr'>ex</span> <span class='ocrx_word' id='word_1_1059' title='bbox 2147 2689 2485 2734; x_wconf 14' lang='lat' dir='ltr'>consequentissmagis</span> 
     </span>
     <span class='ocr_line' id='line_1_132' title="bbox 1409 2731 2486 2812; baseline 0.002 -46"><span class='ocrx_word' id='word_1_1060' title='bbox 1409 2741 1519 2810; x_wconf 49' lang='lat' dir='ltr'>potest</span> <span class='ocrx_word' id='word_1_1061' title='bbox 1535 2743 1606 2766; x_wconf 88' lang='lat' dir='ltr'>esse</span> <span class='ocrx_word' id='word_1_1062' title='bbox 1622 2731 1795 2777; x_wconf 89' lang='lat' dir='ltr'>speculum</span> <span class='ocrx_word' id='word_1_1063' title='bbox 1811 2744 1912 2778; x_wconf 89' lang='lat' dir='ltr'>quam</span> <span class='ocrx_word' id='word_1_1064' title='bbox 1928 2744 1983 2766; x_wconf 88' lang='lat' dir='ltr'>aer</span> <span class='ocrx_word' id='word_1_1065' title='bbox 1992 2732 2051 2766; x_wconf 78' lang='lat' dir='ltr'>‘vel</span> <span class='ocrx_word' id='word_1_1066' title='bbox 2067 2732 2184 2777; x_wconf 87' lang='lat' dir='ltr'>caligo.</span> <span class='ocrx_word' id='word_1_1067' title='bbox 2198 2733 2241 2767; x_wconf 88' lang='lat' dir='ltr'>Et</span> <span class='ocrx_word' id='word_1_1068' title='bbox 2256 2731 2365 2768; x_wconf 87' lang='lat' dir='ltr'>adhuc</span> <span class='ocrx_word' id='word_1_1069' title='bbox 2377 2745 2486 2812; x_wconf 57' lang='lat' dir='ltr'>maffia</span> 
     </span>
    </p>

    <p class='ocr_par' dir='ltr' id='par_1_22' title="bbox 1409 2777 2485 2917">
     <span class='ocr_line' id='line_1_133' title="bbox 1433 2777 2484 2824; baseline 0.003 -14"><span class='ocrx_word' id='word_1_1070' title='bbox 1433 2785 1445 2810; x_wconf 85' lang='lat' dir='ltr'>t</span> <span class='ocrx_word' id='word_1_1071' title='bbox 1461 2789 1479 2810; x_wconf 89' lang='lat' dir='ltr'>a</span> <span class='ocrx_word' id='word_1_1072' title='bbox 1492 2777 1630 2821; x_wconf 88' lang='lat' dir='ltr'>caligine</span> <span class='ocrx_word' id='word_1_1073' title='bbox 1647 2777 1824 2822; x_wconf 90' lang='lat' dir='ltr'>incipiente</span> <span class='ocrx_word' id='word_1_1074' title='bbox 1839 2777 1987 2811; x_wconf 90' lang='lat' dir='ltr'>converti</span> <span class='ocrx_word' id='word_1_1075' title='bbox 2000 2777 2034 2812; x_wconf 89' lang='lat' dir='ltr'>in</span> <span class='ocrx_word' id='word_1_1076' title='bbox 2053 2789 2175 2823; x_wconf 83' lang='lat' dir='ltr'>aquam</span> <span class='ocrx_word' id='word_1_1077' title='bbox 2215 2789 2294 2812; x_wconf 84' lang='lat' dir='ltr'>uam</span> <span class='ocrx_word' id='word_1_1078' title='bbox 2305 2789 2325 2812; x_wconf 87' lang='lat' dir='ltr'>a</span> <span class='ocrx_word' id='word_1_1079' title='bbox 2340 2777 2427 2824; x_wconf 74' lang='lat' dir='ltr'>sitnp</span> <span class='ocrx_word' id='word_1_1080' title='bbox 2452 2778 2484 2813; x_wconf 90' lang='lat' dir='ltr'>ci</span> 
     </span>
     <span class='ocr_line' id='line_1_134' title="bbox 1409 2789 2485 2866; baseline 0.002 -11"><span class='ocrx_word' id='word_1_1081' title='bbox 1409 2833 1502 2862; x_wconf 88' lang='lat' dir='ltr'>aere,</span> <span class='ocrx_word' id='word_1_1082' title='bbox 1527 2822 1604 2866; x_wconf 87' lang='lat' dir='ltr'>quia</span> <span class='ocrx_word' id='word_1_1083' title='bbox 1627 2822 1727 2855; x_wconf 87' lang='lat' dir='ltr'>etiam</span> <span class='ocrx_word' id='word_1_1084' title='bbox 1750 2820 1823 2855; x_wconf 87' lang='lat' dir='ltr'>talis</span> <span class='ocrx_word' id='word_1_1085' title='bbox 1847 2820 1953 2866; x_wconf 86' lang='lat' dir='ltr'>caligo</span> <span class='ocrx_word' id='word_1_1086' title='bbox 1978 2822 2084 2866; x_wconf 86' lang='lat' dir='ltr'>magis</span> <span class='ocrx_word' id='word_1_1087' title='bbox 2107 2789 2232 2856; x_wconf 44' lang='lat' dir='ltr'>accedit</span> <span class='ocrx_word' id='word_1_1088' title='bbox 2255 2821 2298 2856; x_wconf 86' lang='lat' dir='ltr'>ad</span> <span class='ocrx_word' id='word_1_1089' title='bbox 2319 2822 2485 2859; x_wconf 78' lang='lat' dir='ltr'>rationem</span> 
     </span>
     <span class='ocr_line' id='line_1_135' title="bbox 1409 2865 1748 2917; baseline 0.003 -18"><span class='ocrx_word' id='word_1_1090' title='bbox 1409 2865 1535 2911; x_wconf 90' lang='lat' dir='ltr'>speculi</span> <span class='ocrx_word' id='word_1_1091' title='bbox 1560 2877 1660 2917; x_wconf 84' lang='lat' dir='ltr'>quam</span> <span class='ocrx_word' id='word_1_1092' title='bbox 1683 2877 1748 2900; x_wconf 71' lang='lat' dir='ltr'>aer·</span> 
     </span>
    </p>

    <p class='ocr_par' dir='ltr' id='par_1_23' title="bbox 1409 2906 2487 3444">
     <span class='ocr_line' id='line_1_136' title="bbox 1466 2906 2484 2963; baseline 0.002 -20"><span class='ocrx_word' id='word_1_1093' title='bbox 1466 2921 1496 2955; x_wconf 88' lang='lat'>3.</span> <span class='ocrx_word' id='word_1_1094' title='bbox 1520 2910 1650 2944; x_wconf 81' lang='lat' dir='ltr'>Deinde</span> <span class='ocrx_word' id='word_1_1095' title='bbox 1667 2921 1744 2944; x_wconf 90' lang='lat' dir='ltr'>cum</span> <span class='ocrx_word' id='word_1_1096' title='bbox 1761 2909 1856 2944; x_wconf 89' lang='lat' dir='ltr'>dicit:</span> <span class='ocrx_word' id='word_1_1097' title='bbox 1880 2909 2038 2954; x_wconf 79' lang='lat' dir='ltr'>Quoniam</span> <span class='ocrx_word' id='word_1_1098' title='bbox 2049 2917 2151 2945; x_wconf 75' lang='lat' dir='ltr'>autem</span> <span class='ocrx_word' id='word_1_1099' title='bbox 2162 2917 2189 2945; x_wconf 78' lang='lat' dir='ltr'>et</span> <span class='ocrx_word' id='word_1_1100' title='bbox 2200 2906 2395 2963; x_wconf 64' lang='lat' dir='ltr'>manifesm</span> <span class='ocrx_word' id='word_1_1101' title='bbox 2409 2918 2484 2953; x_wconf 69' lang='lat' dir='ltr'>etc„</span> 
     </span>
     <span class='ocr_line' id='line_1_137' title="bbox 1410 2954 2482 3008; baseline 0.003 -20"><span class='ocrx_word' id='word_1_1102' title='bbox 1410 2954 1578 2989; x_wconf 89' lang='lat' dir='ltr'>concludit</span> <span class='ocrx_word' id='word_1_1103' title='bbox 1593 2954 1732 2989; x_wconf 90' lang='lat' dir='ltr'>modum</span> <span class='ocrx_word' id='word_1_1104' title='bbox 1751 2955 1974 2999; x_wconf 87' lang='lat' dir='ltr'>generationis</span> <span class='ocrx_word' id='word_1_1105' title='bbox 1999 2954 2151 2989; x_wconf 88' lang='lat' dir='ltr'>colorum</span> <span class='ocrx_word' id='word_1_1106' title='bbox 2168 2954 2259 2990; x_wconf 82' lang='lat' dir='ltr'>iridis</span> <span class='ocrx_word' id='word_1_1107' title='bbox 2277 2967 2311 2990; x_wconf 86' lang='lat' dir='ltr'>m</span> <span class='ocrx_word' id='word_1_1108' title='bbox 2327 2954 2482 3008; x_wconf 69' lang='lat' dir='ltr'>generali.</span> 
     </span>
     <span class='ocr_line' id='line_1_138' title="bbox 1410 2998 2486 3045; baseline 0.002 -13"><span class='ocrx_word' id='word_1_1109' title='bbox 1410 3001 1450 3032; x_wconf 85' lang='lat' dir='ltr'>Et</span> <span class='ocrx_word' id='word_1_1110' title='bbox 1475 2999 1552 3033; x_wconf 87' lang='lat' dir='ltr'>dicit</span> <span class='ocrx_word' id='word_1_1111' title='bbox 1576 2998 1688 3044; x_wconf 90' lang='lat' dir='ltr'>quod,</span> <span class='ocrx_word' id='word_1_1112' title='bbox 1719 2999 1805 3033; x_wconf 88' lang='lat' dir='ltr'>sicut</span> <span class='ocrx_word' id='word_1_1113' title='bbox 1828 2999 1953 3033; x_wconf 88' lang='lat' dir='ltr'>dictum</span> <span class='ocrx_word' id='word_1_1114' title='bbox 1981 3008 2032 3034; x_wconf 88' lang='lat' dir='ltr'>est</span> <span class='ocrx_word' id='word_1_1115' title='bbox 2061 3000 2175 3045; x_wconf 87' lang='lat' dir='ltr'>prius,</span> <span class='ocrx_word' id='word_1_1116' title='bbox 2206 3000 2234 3033; x_wconf 85' lang='lat' dir='ltr'>si</span> <span class='ocrx_word' id='word_1_1117' title='bbox 2257 2998 2357 3035; x_wconf 79' lang='lat' dir='ltr'>fuerit</span> <span class='ocrx_word' id='word_1_1118' title='bbox 2378 2999 2486 3034; x_wconf 82' lang='lat' dir='ltr'>nubes</span> 
     </span>
     <span class='ocr_line' id='line_1_139' title="bbox 1409 3043 2485 3089; baseline 0.002 -13"><span class='ocrx_word' id='word_1_1119' title='bbox 1409 3043 1529 3084; x_wconf 87' lang='lat' dir='ltr'>rorida,</span> <span class='ocrx_word' id='word_1_1120' title='bbox 1553 3043 1637 3077; x_wconf 90' lang='lat' dir='ltr'>idest</span> <span class='ocrx_word' id='word_1_1121' title='bbox 1661 3043 1784 3077; x_wconf 88' lang='lat' dir='ltr'>habens</span> <span class='ocrx_word' id='word_1_1122' title='bbox 1808 3055 1925 3089; x_wconf 86' lang='lat' dir='ltr'>parvas</span> <span class='ocrx_word' id='word_1_1123' title='bbox 1948 3043 2094 3088; x_wconf 86' lang='lat' dir='ltr'>guttulas</span> <span class='ocrx_word' id='word_1_1124' title='bbox 2118 3043 2328 3079; x_wconf 85' lang='lat' dir='ltr'>semilucidas</span> <span class='ocrx_word' id='word_1_1125' title='bbox 2351 3043 2394 3080; x_wconf 77' lang='lat' dir='ltr'>ad</span> <span class='ocrx_word' id='word_1_1126' title='bbox 2411 3055 2485 3079; x_wconf 88' lang='lat' dir='ltr'>mo-</span> 
     </span>
     <span class='ocr_line' id='line_1_140' title="bbox 1410 3087 2484 3140; baseline 0.002 -19"><span class='ocrx_word' id='word_1_1127' title='bbox 1410 3087 1490 3122; x_wconf 89' lang='lat' dir='ltr'>dum</span> <span class='ocrx_word' id='word_1_1128' title='bbox 1513 3088 1618 3129; x_wconf 88' lang='lat' dir='ltr'>roris,</span> <span class='ocrx_word' id='word_1_1129' title='bbox 1647 3089 1733 3122; x_wconf 88' lang='lat' dir='ltr'>sicut</span> <span class='ocrx_word' id='word_1_1130' title='bbox 1763 3087 1881 3123; x_wconf 88' lang='lat' dir='ltr'>accidit</span> <span class='ocrx_word' id='word_1_1131' title='bbox 1909 3099 1986 3122; x_wconf 88' lang='lat' dir='ltr'>cum</span> <span class='ocrx_word' id='word_1_1132' title='bbox 2014 3089 2131 3140; x_wconf 86' lang='lat' dir='ltr'>incipit</span> <span class='ocrx_word' id='word_1_1133' title='bbox 2161 3087 2274 3134; x_wconf 91' lang='lat' dir='ltr'>pluere</span> <span class='ocrx_word' id='word_1_1134' title='bbox 2305 3096 2362 3134; x_wconf 81' lang='lat' dir='ltr'>ant</span> <span class='ocrx_word' id='word_1_1135' title='bbox 2406 3099 2484 3123; x_wconf 87' lang='lat' dir='ltr'>uam</span> 
     </span>
     <span class='ocr_line' id='line_1_141' title="bbox 1410 3131 2486 3178; baseline 0.002 -13"><span class='ocrx_word' id='word_1_1136' title='bbox 1410 3131 1512 3176; x_wconf 90' lang='lat' dir='ltr'>pluat,</span> <span class='ocrx_word' id='word_1_1137' title='bbox 1528 3131 1581 3166; x_wconf 93' lang='lat' dir='ltr'>vel</span> <span class='ocrx_word' id='word_1_1138' title='bbox 1602 3133 1701 3166; x_wconf 88' lang='lat' dir='ltr'>etiam</span> <span class='ocrx_word' id='word_1_1139' title='bbox 1726 3144 1802 3166; x_wconf 91' lang='lat' dir='ltr'>cum</span> <span class='ocrx_word' id='word_1_1140' title='bbox 1826 3132 1958 3174; x_wconf 87' lang='lat' dir='ltr'>desinit,</span> <span class='ocrx_word' id='word_1_1141' title='bbox 1982 3141 2015 3167; x_wconf 91' lang='lat' dir='ltr'>et</span> <span class='ocrx_word' id='word_1_1142' title='bbox 2030 3132 2103 3167; x_wconf 80' lang='lat' dir='ltr'>talis</span> <span class='ocrx_word' id='word_1_1143' title='bbox 2126 3132 2231 3167; x_wconf 88' lang='lat' dir='ltr'>nubes</span> <span class='ocrx_word' id='word_1_1144' title='bbox 2255 3133 2366 3178; x_wconf 82' lang='lat' dir='ltr'>posita</span> <span class='ocrx_word' id='word_1_1145' title='bbox 2423 3133 2486 3167; x_wconf 87' lang='lat' dir='ltr'>erit</span> 
     </span>
     <span class='ocr_line' id='line_1_142' title="bbox 1410 3176 2487 3222; baseline 0.003 -13"><span class='ocrx_word' id='word_1_1146' title='bbox 1410 3188 1450 3210; x_wconf 89' lang='lat' dir='ltr'>ex</span> <span class='ocrx_word' id='word_1_1147' title='bbox 1473 3187 1516 3221; x_wconf 90' lang='lat' dir='ltr'>op</span> <span class='ocrx_word' id='word_1_1148' title='bbox 1543 3177 1630 3210; x_wconf 91' lang='lat' dir='ltr'>osito</span> <span class='ocrx_word' id='word_1_1149' title='bbox 1661 3176 1740 3210; x_wconf 91' lang='lat' dir='ltr'>solis</span> <span class='ocrx_word' id='word_1_1150' title='bbox 1772 3176 1824 3211; x_wconf 91' lang='lat' dir='ltr'>vel</span> <span class='ocrx_word' id='word_1_1151' title='bbox 1855 3176 1988 3211; x_wconf 88' lang='lat' dir='ltr'>alterius</span> <span class='ocrx_word' id='word_1_1152' title='bbox 2019 3177 2097 3212; x_wconf 88' lang='lat' dir='ltr'>astri</span> <span class='ocrx_word' id='word_1_1153' title='bbox 2129 3176 2268 3222; x_wconf 84' lang='lat' dir='ltr'>fulgidi,</span> <span class='ocrx_word' id='word_1_1154' title='bbox 2300 3178 2345 3212; x_wconf 68' lang='lat' dir='ltr'>in</span> <span class='ocrx_word' id='word_1_1155' title='bbox 2368 3186 2406 3211; x_wconf 83' lang='lat' dir='ltr'>ut</span> <span class='ocrx_word' id='word_1_1156' title='bbox 2426 3176 2487 3219; x_wconf 76' lang='lat' dir='ltr'>fiat</span> 
     </span>
     <span class='ocr_line' id='line_1_143' title="bbox 1411 3188 2485 3268; baseline 0.002 -14"><span class='ocrx_word' id='word_1_1157' title='bbox 1411 3188 1583 3265; x_wconf 49' lang='lat' dir='ltr'>speculiim</span> <span class='ocrx_word' id='word_1_1158' title='bbox 1614 3220 1803 3266; x_wconf 88' lang='lat' dir='ltr'>refrangens</span> <span class='ocrx_word' id='word_1_1159' title='bbox 1830 3222 1941 3255; x_wconf 89' lang='lat' dir='ltr'>visum</span> <span class='ocrx_word' id='word_1_1160' title='bbox 1973 3221 2015 3256; x_wconf 90' lang='lat' dir='ltr'>ad</span> <span class='ocrx_word' id='word_1_1161' title='bbox 2045 3222 2263 3268; x_wconf 88' lang='lat' dir='ltr'>oppositum,</span> <span class='ocrx_word' id='word_1_1162' title='bbox 2295 3219 2420 3256; x_wconf 84' lang='lat' dir='ltr'>scilicet</span> <span class='ocrx_word' id='word_1_1163' title='bbox 2443 3220 2485 3256; x_wconf 85' lang='lat' dir='ltr'>ad</span> 
     </span>
     <span class='ocr_line' id='line_1_144' title="bbox 1411 3265 2484 3311; baseline 0.002 -13"><span class='ocrx_word' id='word_1_1164' title='bbox 1411 3274 1545 3306; x_wconf 81' lang='lat' dir='ltr'>astrum,</span> <span class='ocrx_word' id='word_1_1165' title='bbox 1565 3274 1643 3299; x_wconf 90' lang='lat' dir='ltr'>tunc</span> <span class='ocrx_word' id='word_1_1166' title='bbox 1660 3265 1744 3300; x_wconf 88' lang='lat' dir='ltr'>fiunt</span> <span class='ocrx_word' id='word_1_1167' title='bbox 1767 3265 1895 3300; x_wconf 89' lang='lat' dir='ltr'>colores</span> <span class='ocrx_word' id='word_1_1168' title='bbox 1920 3265 2010 3300; x_wconf 90' lang='lat' dir='ltr'>iridis</span> <span class='ocrx_word' id='word_1_1169' title='bbox 2026 3267 2062 3301; x_wconf 90' lang='lat' dir='ltr'>in</span> <span class='ocrx_word' id='word_1_1170' title='bbox 2077 3266 2134 3301; x_wconf 90' lang='lat' dir='ltr'>tali</span> <span class='ocrx_word' id='word_1_1171' title='bbox 2150 3265 2298 3311; x_wconf 90' lang='lat' dir='ltr'>speculo.</span> <span class='ocrx_word' id='word_1_1172' title='bbox 2324 3265 2390 3301; x_wconf 85' lang='lat' dir='ltr'>Sed</span> <span class='ocrx_word' id='word_1_1173' title='bbox 2406 3266 2484 3311; x_wconf 83' lang='lat' dir='ltr'>quia</span> 
     </span>
     <span class='ocr_line' id='line_1_145' title="bbox 1411 3309 2484 3356; baseline 0.002 -14"><span class='ocrx_word' id='word_1_1174' title='bbox 1411 3309 1484 3343; x_wconf 88' lang='lat' dir='ltr'>illae</span> <span class='ocrx_word' id='word_1_1175' title='bbox 1532 3321 1626 3343; x_wconf 87' lang='lat' dir='ltr'>arvae</span> <span class='ocrx_word' id='word_1_1176' title='bbox 1650 3309 1797 3354; x_wconf 88' lang='lat' dir='ltr'>guttulae</span> <span class='ocrx_word' id='word_1_1177' title='bbox 1821 3310 1918 3344; x_wconf 91' lang='lat' dir='ltr'>nubis</span> <span class='ocrx_word' id='word_1_1178' title='bbox 1942 3319 2020 3345; x_wconf 91' lang='lat' dir='ltr'>sunt</span> <span class='ocrx_word' id='word_1_1179' title='bbox 2043 3309 2177 3356; x_wconf 87' lang='lat' dir='ltr'>specula</span> <span class='ocrx_word' id='word_1_1180' title='bbox 2200 3321 2317 3355; x_wconf 84' lang='lat' dir='ltr'>parva,</span> <span class='ocrx_word' id='word_1_1181' title='bbox 2340 3318 2374 3344; x_wconf 90' lang='lat' dir='ltr'>et</span> <span class='ocrx_word' id='word_1_1182' title='bbox 2396 3309 2484 3345; x_wconf 80' lang='lat' dir='ltr'>indi-</span> 
     </span>
     <span class='ocr_line' id='line_1_146' title="bbox 1411 3321 2486 3401; baseline 0.002 -15"><span class='ocrx_word' id='word_1_1183' title='bbox 1411 3321 1550 3387; x_wconf 76' lang='lat' dir='ltr'>visibilia</span> <span class='ocrx_word' id='word_1_1184' title='bbox 1573 3354 1758 3388; x_wconf 89' lang='lat' dir='ltr'>secundum</span> <span class='ocrx_word' id='word_1_1185' title='bbox 1786 3366 1940 3396; x_wconf 89' lang='lat' dir='ltr'>sensum,</span> <span class='ocrx_word' id='word_1_1186' title='bbox 1972 3354 2048 3390; x_wconf 91' lang='lat' dir='ltr'>ideo</span> <span class='ocrx_word' id='word_1_1187' title='bbox 2072 3356 2106 3389; x_wconf 90' lang='lat' dir='ltr'>in</span> <span class='ocrx_word' id='word_1_1188' title='bbox 2131 3354 2194 3389; x_wconf 91' lang='lat' dir='ltr'>illis</span> <span class='ocrx_word' id='word_1_1189' title='bbox 2225 3363 2360 3401; x_wconf 83' lang='lat' dir='ltr'>apparet</span> <span class='ocrx_word' id='word_1_1190' title='bbox 2391 3353 2486 3389; x_wconf 90' lang='lat' dir='ltr'>color</span> 
     </span>
     <span class='ocr_line' id='line_1_147' title="bbox 1412 3398 2484 3444; baseline 0.002 -13"><span class='ocrx_word' id='word_1_1191' title='bbox 1412 3406 1551 3439; x_wconf 84' lang='lat' dir='ltr'>tantum,</span> <span class='ocrx_word' id='word_1_1192' title='bbox 1568 3410 1636 3432; x_wconf 93' lang='lat' dir='ltr'>non</span> <span class='ocrx_word' id='word_1_1193' title='bbox 1653 3408 1763 3433; x_wconf 86' lang='lat' dir='ltr'>autem</span> <span class='ocrx_word' id='word_1_1194' title='bbox 1787 3398 1892 3444; x_wconf 85' lang='lat' dir='ltr'>figura</span> <span class='ocrx_word' id='word_1_1195' title='bbox 1917 3399 2047 3434; x_wconf 90' lang='lat' dir='ltr'>obiecti.</span> <span class='ocrx_word' id='word_1_1196' title='bbox 2073 3399 2165 3441; x_wconf 89' lang='lat' dir='ltr'>Quia</span> <span class='ocrx_word' id='word_1_1197' title='bbox 2184 3408 2296 3433; x_wconf 90' lang='lat' dir='ltr'>autem</span> <span class='ocrx_word' id='word_1_1198' title='bbox 2311 3408 2390 3433; x_wconf 91' lang='lat' dir='ltr'>sunt</span> <span class='ocrx_word' id='word_1_1199' title='bbox 2405 3409 2484 3433; x_wconf 85' lang='lat' dir='ltr'>con·</span> 
     </span>
    </p>
   </div>
   <div class='ocr_carea' id='block_1_16' title="bbox 353 3539 2484 3585">
    <p class='ocr_par' dir='ltr' id='par_1_24' title="bbox 353 3539 2484 3585">
     <span class='ocr_line' id='line_1_148' title="bbox 353 3539 2484 3585; baseline 0.008 -22"><span class='ocrx_word' id='word_1_1200' title='bbox 353 3539 381 3571; x_wconf 87' lang='grc' dir='ltr'>α)</span> <span class='ocrx_word' id='word_1_1201' title='bbox 400 3539 596 3572; x_wconf 73' lang='lat' dir='ltr'>Antipheronti.</span> <span class='ocrx_word' id='word_1_1202' title='bbox 611 3554 630 3561; x_wconf 92' lang='lat'>-</span> <span class='ocrx_word' id='word_1_1203' title='bbox 649 3542 807 3575; x_wconf 74' lang='lat' dir='ltr'>Antiphonti</span> <span class='ocrx_word' id='word_1_1204' title='bbox 831 3545 886 3574; x_wconf 75' lang='lat' dir='ltr'>Pa:</span> <span class='ocrx_word' id='word_1_1205' title='bbox 908 3545 970 3570; x_wconf 90' lang='lat' dir='ltr'>item</span> <span class='ocrx_word' id='word_1_1206' title='bbox 995 3546 1100 3571; x_wconf 81' lang='lat' dir='ltr'>inferius</span> <span class='ocrx_word' id='word_1_1207' title='bbox 1122 3547 1311 3580; x_wconf 78' lang='lat' dir='ltr'>Antiphontem</span> <span class='ocrx_word' id='word_1_1208' title='bbox 1331 3549 1434 3581; x_wconf 67' lang='lat' dir='ltr'>legum</span> <span class='ocrx_word' id='word_1_1209' title='bbox 1459 3550 1571 3583; x_wconf 79' lang='lat' dir='ltr'>legimus</span> <span class='ocrx_word' id='word_1_1210' title='bbox 1590 3558 1651 3576; x_wconf 88' lang='lat' dir='ltr'>cum</span> <span class='ocrx_word' id='word_1_1211' title='bbox 1671 3551 1766 3581; x_wconf 85' lang='lat' dir='ltr'>Petro,</span> <span class='ocrx_word' id='word_1_1212' title='bbox 1785 3551 1831 3585; x_wconf 87' lang='lat' dir='ltr'>qui</span> <span class='ocrx_word' id='word_1_1213' title='bbox 1854 3551 1961 3578; x_wconf 81' lang='lat' dir='ltr'>remittit</span> <span class='ocrx_word' id='word_1_1214' title='bbox 1983 3552 2016 3578; x_wconf 71' lang='lat' dir='ltr'>nd</span> <span class='ocrx_word' id='word_1_1215' title='bbox 2035 3551 2131 3578; x_wconf 83' lang='lat' dir='ltr'>librum</span> <span class='ocrx_word' id='word_1_1216' title='bbox 2156 3551 2190 3578; x_wconf 81' lang='lat' dir='ltr'>de</span> <span class='ocrx_word' id='word_1_1217' title='bbox 2207 3550 2343 3578; x_wconf 64' lang='lat' dir='ltr'>Memoria</span> <span class='ocrx_word' id='word_1_1218' title='bbox 2365 3550 2446 3584; x_wconf 72' lang='grc'><strong>(011)·</strong></span> <span class='ocrx_word' id='word_1_1219' title='bbox 2459 3556 2484 3576; x_wconf 79' lang='lat'>¹²</span> 
     </span>
    </p>
   </div>
   <div class='ocr_carea' id='block_1_17' title="bbox 298 3572 659 3610">
    <p class='ocr_par' dir='ltr' id='par_1_25' title="bbox 298 3572 659 3610">
     <span class='ocr_line' id='line_1_149' title="bbox 298 3572 659 3610; baseline 0.006 -10"><span class='ocrx_word' id='word_1_1220' title='bbox 298 3572 466 3608; x_wconf 75' lang='grc' dir='ltr'>Αντιφέροντι</span> <span class='ocrx_word' id='word_1_1221' title='bbox 484 3577 521 3609; x_wconf 79' lang='grc' dir='ltr'>τῷ</span> <span class='ocrx_word' id='word_1_1222' title='bbox 540 3573 634 3610; x_wconf 77' lang='grc' dir='ltr'>Ωρεὶτῃ</span> <span class='ocrx_word' id='word_1_1223' title='bbox 641 3577 659 3609; x_wconf 90' lang='grc'>).</span> 
     </span>
    </p>
   </div>
   <div class='ocr_carea' id='block_1_18' title="bbox 2625 0 2690 4062">
    <p class='ocr_par' dir='ltr' id='par_1_26' title="bbox 2625 0 2690 4062">
     <span class='ocr_line' id='line_1_150' title="bbox 2625 0 2690 4062; baseline 0 0"><span class='ocrx_word' id='word_1_1224' title='bbox 2625 0 2690 4062; x_wconf 95' lang='lat' dir='ltr'> </span> 
     </span>
    </p>
   </div>
  </div>
 </body>
</html>
