2782 4134
132 378 143 388 *
157 375 220 403 quod
232 382 254 397 n.

124 2073 133 2081 ·
150 2071 213 2094 Lect.
229 2073 336 2100 praeced.

125 2104 206 2147 1¹'leid
221 2132 244 2147 n.
258 2132 279 2153 7.

374 287 451 333 384

371 364 457 401 licet
486 364 599 400 etiam
629 363 859 400 contrarium
886 376 1023 400 verum
1053 361 1115 413 sits,
1146 363 1234 412 quia
1258 362 1278 384 '³‘
1305 362 1344 398 in
1373 362 1437 398 ali-

372 417 508 466 quibus
522 417 615 454 locis
630 417 820 454 invenitur
838 416 1102 466 supervenisse
1123 428 1228 452 mare
1248 415 1313 451 ubi
1332 414 1437 463 prius

373 478 452 507 erat
480 470 594 507 arida.
618 470 694 507 Sed
719 471 793 507 hoc
813 478 868 507 est
895 470 1044 515 falsum,
1065 468 1170 516 quod
1190 480 1306 504 causa
1324 467 1436 504 huius

372 523 690 560 transmutationis
732 524 777 560 sit
818 523 952 559 mundi
993 521 1198 569 generatio.
1237 520 1436 557 Derisibile

374 576 475 613 enirn
513 576 663 614 videtur
703 589 847 625 ponere
884 574 1238 612 transmutationem
1267 573 1307 610 in
1334 581 1433 621 toto,

372 637 528 678 propter
546 630 876 666 transmutationes
896 633 907 648 ⁰
931 628 970 663 in
994 626 1124 675 parvis
1143 626 1331 676 partibus3
1356 639 1436 663 ma-

373 683 528 730 gnitudo
558 690 685 719 autem
714 690 833 719 terrae
871 680 979 729 quasi
1011 679 1103 716 nihil
1133 688 1188 716 est
1216 679 1254 716 in
1281 692 1436 729 compa-

374 735 518 772 ratione
553 735 602 772 ad
634 743 756 772 totum
792 735 959 779 caelum;
996 733 1140 769 obtinet
1175 733 1277 770 enim
1309 733 1436 771 vicem

372 788 513 836 puncti.

430 843 462 878 5.
485 840 663 877 Secundo
692 839 760 876 ibi:
782 839 856 876 Sed
881 840 1018 875 horum
1038 839 1208 876 omnium
1230 846 1312 886 etc.,
1334 851 1438 876 resu-

373 894 441 930 mit
458 906 590 930 veram
610 905 777 929 causam.
800 893 849 928 Et
868 891 956 928 dicit
975 892 1080 941 quod
1099 904 1192 930 vera
1217 905 1331 929 causa
1350 893 1435 929 ista-

373 959 456 983 rum
473 946 830 983 transmutationum
847 953 902 982 est
916 945 1033 994 quod,
1054 945 1149 982 sicut
1164 951 1182 967 ¹³
1196 958 1294 982 unus
1314 958 1436 982 annus

372 999 549 1036 dividitur
575 1011 645 1047 per
683 998 833 1035 diversa
866 1006 1061 1048 tempora,
1091 999 1231 1036 scilicet
1263 1011 1332 1047 per
1358 998 1437 1035 hie-

368 1065 472 1089 mem
502 1060 538 1089 et
565 1059 748 1088 aestatem
778 1059 814 1088 et
840 1059 1034 1099 consueta,
1059 1052 1113 1088 sic
1142 1059 1178 1088 et
1205 1064 1345 1100 magna
1373 1051 1436 1088 ali-

371 1118 444 1154 qua
461 1105 650 1142 circulatio
671 1105 850 1142 dividitur
864 1105 1077 1143 secundum
1092 1112 1228 1142 statuta
1247 1113 1435 1153 tempora,

368 1171 436 1207 per
464 1171 644 1206 magnam
672 1158 855 1206 hiemem,
885 1158 924 1195 in
953 1171 1028 1207 qua
1057 1166 1113 1195 est
1139 1159 1280 1195 multus
1310 1170 1436 1195 exces-

368 1225 431 1248 sus
459 1211 659 1258 imbrium,
691 1219 726 1248 et
754 1223 934 1260 magnam
963 1219 1164 1259 aestatem,
1194 1212 1232 1248 in
1266 1224 1343 1260 qua
1381 1219 1437 1248 est

368 1265 513 1302 siccitas
542 1277 697 1313 magna:
728 1277 807 1302 non
835 1272 964 1302 autem
1002 1266 1052 1302 ita
1090 1264 1196 1314 quod
1225 1265 1336 1302 simul
1370 1265 1436 1301 fiat

367 1318 435 1355 iste
463 1330 625 1366 magnus
655 1330 830 1355 excessus
858 1318 1040 1355 imbrium
1077 1319 1140 1355 vel
1169 1318 1343 1355 siccitatis
1377 1330 1434 1355 se-

368 1372 536 1409 cundum
556 1378 675 1408 totam
695 1379 847 1419 terram,
863 1372 926 1409 vel
945 1383 1100 1420 semper
1123 1371 1337 1408 secundum
1354 1384 1434 1408 eas-

367 1426 454 1462 dem
491 1432 638 1473 partes‚
667 1424 736 1462 sed
764 1425 803 1461 in
838 1425 997 1462 diversis
1030 1424 1213 1473 partibus.
1243 1425 1292 1461 Et
1328 1424 1436 1473 ponit

367 1479 586 1526 exemplum
606 1478 654 1516 de
674 1478 818 1516 diluvio
847 1479 946 1515 facto
971 1486 1146 1527 tempore
1175 1478 1432 1526 Deucalionis,

365 1531 403 1567 in
432 1531 599 1579 quadarn
629 1531 879 1568 determinata
906 1539 1012 1580 parte
1043 1530 1238 1569 Graeciae.

419 1585 455 1622 6.
473 1584 604 1621 Tertio
624 1584 694 1622 ibi:
720 1586 816 1622 Cum
836 1585 954 1635 igitur
971 1585 1055 1622 talis
1063 1584 1330 1633 factusfuerit
1347 1591 1432 1631 etc.,

365 1637 529 1685 assignat
549 1650 594 1675 ex
612 1638 814 1687 praedictis
843 1650 1000 1676 causam
1025 1637 1276 1675 diuturnitatis
1295 1637 1432 1674 fluvio-

366 1703 462 1728 rum.
485 1692 533 1728 Et
561 1691 649 1728 dicit
686 1691 792 1741 quod
821 1704 909 1728 cum
942 1691 981 1728 in
1019 1691 1145 1739 aliqua
1177 1698 1277 1728 terra
1313 1691 1432 1728 factus

363 1744 474 1781 fuerit
511 1757 672 1793 magnus
709 1757 884 1782 excessus
922 1744 1122 1791 imbrium,
1160 1744 1211 1781 ita
1238 1743 1434 1781 imbibitur

363 1805 462 1834 terra
480 1798 703 1835 humiditate
723 1804 749 1845 Ρ,
779 1798 886 1846 quod
914 1798 1052 1835 sufficit
1075 1797 1124 1835 ad
1143 1798 1308 1834 multum
1337 1804 1431 1834 tem-

362 1863 435 1899 pus
463 1851 513 1888 ad
541 1851 827 1899 generationem
861 1851 1083 1889 fluviorum.
1123 1850 1239 1897 Quod
1273 1850 1430 1899 quidem

364 1916 572 1941 commune
593 1912 648 1941 est
677 1904 836 1942 diversis
856 1904 1118 1954 opinionibus:
1148 1904 1230 1941 sive
1259 1903 1403 1940 dicatur
1418 1909 1432 1924 ⁶

363 1958 467 2006 quod
501 1957 731 2007 perpetuitas
764 1958 973 1995 fluviorum
1007 1965 1064 1994 est
1097 1970 1142 1994 ex
1170 1956 1431 2005 magnitudine

361 2011 590 2059 voraginum
619 2011 894 2048 continentium
915 2012 1075 2048 multam
1104 2023 1256 2059 aquam,
1277 2018 1319 2047 ut
1347 2010 1429 2058 qui-

363 2065 453 2101 dam
472 2064 613 2112 dicunt,
644 2064 739 2101 sicut
756 2065 994 2114 praedictum
1024 2071 1079 2101 est
1101 2064 1136 2110 *;
1158 2064 1240 2101 sive
1269 2063 1430 2111 dicatur,

362 2118 575 2154 seeundum
595 2125 766 2155 nostram
787 2118 1008 2167 opinionem
1029 2117 1203 2167 superius
1217 2117 1237 2139 ²⁸
1251 2117 1429 2166 positam,

363 2170 469 2219 quod
489 2183 603 2208 causa
621 2171 881 2220 perpetuitatis
900 2171 1109 2209 fluviorum
1134 2179 1189 2208 est
1208 2170 1430 2218 magnitudo

363 2231 398 2259 et
435 2223 638 2272 spissitudo
675 2232 711 2261 et
743 2224 922 2273 frigiditas
960 2225 1122 2261 altorum
1150 2225 1350 2270 locorum,
1380 2223 1431 2261 ita

362 2277 466 2325 quod
493 2277 714 2315 huiusmodi
741 2279 826 2315 loca
853 2285 1015 2327 possunt
1043 2277 1208 2326 recipere
1228 2283 1243 2298 ³
1269 2278 1430 2315 multam

361 2342 516 2378 aquam,
534 2338 570 2368 et
585 2331 779 2368 continere
795 2344 893 2379 earn,
911 2339 947 2368 et
965 2343 1159 2379 generare.
1178 2330 1256 2368 Sed
1270 2330 1331 2368 illa
1345 2331 1430 2368 loca

360 2383 398 2419 in
427 2383 565 2432 quibus
602 2392 689 2421 sunt
715 2397 857 2434 parvae
896 2384 1126 2422 substantiae
1165 2384 1355 2422 montium
1392 2391 1429 2421 et

360 2449 439 2474 non
467 2438 630 2474 multum
669 2438 837 2475 elevatae
865 2438 904 2475 in
932 2439 1071 2485 altum,
1102 2445 1167 2475 aut
1198 2445 1286 2475 sunt
1322 2437 1430 2487 quasi

360 2490 608 2538 spongiosae,
637 2498 680 2528 ut
707 2503 786 2528 non
813 2490 934 2540 possit
961 2491 999 2528 in
1028 2491 1082 2528 eis
1111 2490 1331 2528 conservari
1359 2491 1429 2528 hu-

360 2543 521 2591 miditas,
543 2552 579 2581 et
597 2552 684 2582 sunt
703 2545 909 2594 1apidosae,
930 2552 971 2582 ut
989 2557 1068 2582 non
1086 2545 1233 2594 possint
1259 2543 1428 2593 recipere

360 2608 521 2645 aquarn,
551 2604 588 2634 et
615 2605 702 2635 sunt
730 2598 946 2647 argillosae,
976 2606 1018 2635 ut
1045 2610 1124 2635 non
1156 2597 1304 2647 possint
1341 2609 1427 2634 eam

360 2661 561 2696 generare:
581 2650 621 2688 in
648 2651 796 2699 talibus,
822 2651 992 2700 inquam,
1021 2651 1114 2688 locis
1147 2651 1275 2688 deficit
1303 2651 1428 2688 fluxus

359 2702 579 2751 fluviorum,
596 2705 849 2753 quoadusque
864 2705 1001 2742 iterum
1017 2711 1030 2726 ⁰
1045 2706 1130 2742 loca
1148 2705 1426 2742 humectentur.

361 2755 423 2792 Sic
452 2768 541 2804 ergo
571 2766 721 2806 oportet
752 2766 885 2807 putare
916 2759 1022 2807 quod
1050 2758 1089 2795 in
1119 2758 1428 2806 quibuscumque

414 2916 439 2948 ο)
455 2916 481 2940 in
493 2919 559 2946 toto,
568 2919 684 2948 propter
694 2917 940 2943 transmutationes.
950 2931 970 2937 -
981 2918 1007 2943 in
1024 2920 1080 2943 toto
1090 2917 1159 2950 (tota
1169 2917 1199 2950 P)
1209 2921 1324 2950 propter
1338 2919 1428 2943 trans-

359 2951 531 2976 mutationem
552 2951 598 2976 Pa.

412 2986 440 3018 π)
460 2987 532 3019 quod
550 2994 613 3012 vera
663 2987 741 3020 quod.
761 2987 838 3013 sicut.
850 3001 869 3008 ·-
881 2988 953 3021 quod
966 2995 1048 3014 causa
1062 2988 1294 3021 permutationum
1309 2991 1349 3013 est
1362 2988 1425 3021 quia

359 3021 427 3046 sicut
441 3022 495 3047 AB.
507 3022 619 3047 -Iidem
637 3030 691 3047 om.
709 3023 822 3053 scilicet,
842 3031 942 3048 necnon
956 3027 983 3049 et
1001 3029 1057 3049 tum
1076 3029 1136 3049 ante
1153 3027 1280 3050 consueta
1299 3023 1354 3058 (ubi
1369 3024 1425 3049 sine

358 3056 544 3082 inconvenienti
563 3063 654 3090 posset
672 3058 776 3090 omitti),
794 3063 850 3083 tum
869 3064 928 3084 ante
947 3066 1057 3092 magna.

412 3093 436 3125 ρ)
456 3092 591 3118 imbibitur
609 3096 683 3118 terra
702 3093 869 3119 humiditate.
883 3094 1052 3120 —imbibitur
1071 3094 1097 3120 in
1118 3098 1193 3120 terra
1211 3094 1358 3120 humiditas
1377 3095 1424 3120 Pa.

412 3128 437 3159 σ)
455 3128 511 3152 sive
529 3128 644 3154 dicatur.
657 3142 676 3148 -
689 3128 744 3154 siue
762 3129 831 3154 enim
847 3130 954 3155 dicatur
970 3130 1016 3160 Pa,
1037 3130 1084 3155 sed
1103 3130 1173 3156 enim
1187 3130 1254 3155 tollit
1268 3135 1424 3155 structuram

359 3163 508 3188 sententiae.
525 3177 544 3182 -
562 3163 620 3188 Lin.
634 3171 689 3196 seq.
709 3172 756 3196 pro
775 3171 813 3189 ex
832 3166 1032 3198 magnitudine,
1049 3173 1100 3197 per
1119 3166 1246 3198 (propter
1263 3166 1299 3198 Β)
1320 3166 1423 3199 magni-

359 3197 477 3223 tudinem
495 3199 552 3229 ΑΒς
572 3207 632 3224 mox
650 3207 697 3232 pro
720 3207 825 3232 aquam,
846 3201 918 3233 quod
936 3209 990 3226 om.
1005 3202 1039 3230 B,
1059 3201 1173 3234 spatium
1191 3206 1251 3226 octo
1270 3201 1360 3226 litteris
1379 3209 1424 3226 va-

360 3239 436 3257 cuum
455 3234 486 3258 Α.

412 3268 437 3299 τ)
451 3272 566 3300 possunt
580 3270 704 3302 recipere.
717 3284 736 3289 —
745 3270 852 3302 possint
866 3271 980 3296 retinere
995 3272 1047 3296 AB.
1057 3285 1077 3292 —
1087 3271 1166 3297 Iidem
1181 3279 1230 3305 pro
1242 3275 1269 3297 et
1281 3279 1421 3306 generare,

358 3304 384 3326 et
403 3303 482 3328 etiam
500 3311 640 3336 generare.

412 3339 436 3369 υ)
462 3338 586 3370 deficit..
601 3340 707 3365 iterum.
725 3355 744 3359 -
761 3344 809 3366 aut
833 3341 929 3375 defecit
947 3343 1046 3376 fluxus
1065 3342 1213 3376 fluviorum
1237 3343 1309 3376 quod
1334 3343 1422 3376 (quod

358 3380 411 3397 om.
422 3372 454 3406 B)
464 3373 558 3398 iterum
573 3375 734 3400 AB.-1idem
750 3382 809 3408 post
822 3384 901 3401 unam
915 3377 959 3402 lin.
970 3385 1017 3410 pro
1032 3378 1226 3404 abundantia...
1239 3378 1420 3408 humiditates,

358 3408 524 3434 abundantia
543 3409 710 3435 humiditatis
729 3411 852 3437 imbrium
868 3412 894 3436 in
910 3419 1010 3445 magna
1028 3412 1120 3443 hieme,
1140 3413 1202 3446 quia
1221 3413 1403 3439 humiditates.

413 3443 440 3476 φ)
463 3443 545 3470 donec
568 3444 663 3470 iterum
688 3450 847 3472 revertatur.
860 3460 879 3466 —
898 3455 1032 3480 quousque
1051 3448 1147 3473 iterum
1171 3449 1314 3474 reiteretur
1331 3450 1385 3474 AB.
1402 3463 1422 3470 -

359 3478 438 3503 Iidem
457 3479 501 3503 lin.
516 3487 572 3512 seq.
591 3488 637 3512 pro
649 3481 711 3514 fiat,
725 3481 818 3515 sactus
836 3485 883 3508 est.

1089 284 1677 322 METEOROLOGICORUM
1706 284 1801 320 LIB.
1833 285 1847 320 I

1493 362 1585 398 locis
1624 362 1821 399 advenerit
1863 362 2094 400 abundantia
2132 362 2312 400 imbrium
2348 363 2388 400 in
2425 377 2563 413 magna

1492 415 1634 462 hieme,
1669 415 1913 453 humiditates
1942 417 2117 452 locorum
2142 423 2252 452 erunt
2280 416 2402 464 magis
2428 429 2563 467 perpe-

1492 473 1595 514 tuae,
1616 468 1713 506 idest
1741 469 1952 506 diuturnae.
1975 468 2053 506 Sed
2080 476 2210 506 tamen
2237 476 2410 518 tempore
2429 480 2563 519 proce-

1493 521 1606 558 dente
1635 522 1884 569 exsiccantur,
1915 529 1952 559 et
1979 522 2171 571 quaedam
2205 534 2340 559 eorum
2369 523 2466 560 fiunt
2493 524 2563 560 mi-

1492 587 1564 611 nus
1591 575 1762 622 humida,
1785 576 1910 613 donec
1937 575 2074 612 iterum
2100 583 2311 612 revertatur
2338 580 2354 605 P
2380 576 2563 625 periodus

1493 628 1706 665 secundum
1735 641 1851 677 quam
1879 629 1946 666 fiat
1975 641 2150 665 excessus
2179 628 2372 666 imbrium.

1546 682 1596 718 Et
1623 681 1677 718 sic
1695 682 1829 718 ultimo
1852 682 2043 719 concludit
2068 681 2185 730 quod,
2207 682 2297 730 quia
2321 681 2362 718 in
2381 689 2461 719 toto
2481 683 2563 720 uni-

1491 746 1606 771 verso
1627 747 1783 772 necesse
1804 743 1860 772 est
1877 735 1960 772 fieri
1972 735 2314 784 permutationem;
2335 747 2414 772 non
2433 743 2563 774 tamen

1492 787 1542 824 ita
1557 788 1663 836 quod
1683 796 1883 836 generetur
1903 796 1939 825 et
1954 796 2228 837 corrumpatur,
2246 788 2276 825 si
2296 795 2397 825 totus
2415 793 2433 815 χ
2452 801 2563 827 mun-

1493 841 1564 877 dus
1585 849 1641 878 est
1658 849 1883 890 perpetuus;
1912 853 2068 878 necesse
2090 849 2155 889 est,
2177 841 2274 878 sicut
2293 841 2438 878 dictum
2459 849 2514 879 est
2528 842 2560 891 ²⁸³,

1493 894 1599 941 quod
1627 906 1707 930 non
1735 906 1889 942 semper
1924 894 2060 932 eadem
2087 895 2173 932 loca
2205 895 2279 932 sint
2305 894 2466 932 humida
2492 908 2563 945 per

1493 959 1599 983 mare
1627 947 1690 983 vel
1718 947 1898 994 flumina,
1936 955 2001 984 aut
2029 947 2143 984 etiarn
2172 948 2272 985 sicca
2299 948 2333 994 Ψ;
2362 948 2431 985 sed
2459 961 2558 997 quae

1491 1000 1596 1048 prius
1616 1000 1768 1037 fuerunt
1795 1000 1974 1047 humida,
2004 1001 2102 1050 fiunt
2129 1001 2240 1049 sicca,
2262 1008 2299 1038 et
2317 1014 2339 1038 e
2359 1014 2560 1040 converso.

1546 1065 1582 1101 7.
1595 1053 1744 1090 Deinde
1761 1066 1849 1090 cum
1865 1053 1972 1090 dicit:
1988 1054 2214 1103 Manifesta!
2227 1060 2352 1092 autem
2367 1055 2470 1103 quod
2478 1063 2561 1103 etc.,

1492 1106 1707 1143 manifestat
1726 1108 1830 1155 quod
1851 1106 1995 1146 dictum
2016 1114 2082 1154 est,
2098 1119 2168 1156 per
2187 1108 2373 1156 exempla.
2395 1109 2445 1144 Et
2464 1108 2563 1146 circa

1490 1161 1566 1197 hoc
1585 1159 1655 1197 tria
1683 1160 1780 1197 facit.
1801 1160 1932 1196 Primo
1952 1159 2060 1209 ponit
2082 1160 2152 1197 tria
2175 1161 2360 1209 exempla.
2383 1161 2562 1208 Quorum

1491 1213 1661 1262 primum
1675 1213 1695 1235 ‘¹‘
1711 1221 1766 1250 est
1781 1213 1829 1250 de
1847 1221 1947 1250 terra
1965 1213 2142 1262 Aegypti,
2163 1225 2263 1263 quae
2284 1214 2478 1252 invenitur
2497 1215 2562 1252 de-

1492 1266 1643 1303 missior
1670 1266 1765 1303 mari
1787 1266 2068 1304 circumstante:
2089 1274 2246 1316 propter
2264 1279 2383 1316 quam
2407 1279 2563 1306 causam

1491 1319 1661 1369 impediti
1689 1327 1776 1357 sunt
1796 1320 1952 1368 quidam
1973 1332 2080 1368 reges
2099 1332 2148 1357 ne
2177 1320 2452 1369 coniungerent
2479 1321 2559 1359 duo

1491 1373 1631 1420 maria,
1660 1373 1834 1411 videntes
1870 1386 1940 1422 per
1972 1374 2048 1410 hoc
2077 1374 2218 1415 destrui
2253 1374 2402 1411 fluxum
2437 1374 2559 1413 fluvii.

1492 1427 1714 1464 Secundum
1741 1428 1959 1476 exemplum
1988 1434 2043 1464 est
2061 1426 2081 1449 '¹‘
2101 1428 2149 1464 de
2178 1427 2372 1465 Maeotide
2400 1427 2559 1478 Palude,

1489 1479 1528 1517 in
1557 1493 1643 1529 qua,
1673 1488 1830 1529 propter
1857 1480 1982 1517 fluxus
2011 1480 2234 1528 fluviorum,
2263 1493 2418 1530 semper
2434 1481 2560 1520 maior

1490 1533 1660 1570 atteratio
1680 1540 1698 1554 ⁶¹
1719 1534 1815 1570 facta
1844 1541 1916 1570 est:
1946 1533 1996 1571 ita
2016 1533 2121 1583 quod
2139 1541 2290 1582 poterat
2315 1534 2413 1572 ferre
2437 1535 2569 1573 multo*

1490 1587 1658 1623 minores
1677 1599 1797 1624 naves
1821 1594 1995 1636 ternpore
2015 1599 2099 1634 suo,
2120 1599 2237 1636 quam
2258 1595 2346 1625 ante
2365 1588 2560 1636 sexaginta

1489 1652 1622 1677 annos.
1649 1640 1824 1676 Tertium
1854 1641 2073 1690 exemplum
2093 1648 2150 1677 est
2169 1641 2217 1678 de
2237 1641 2443 1690 Bosphoro
2464 1641 2560 1679 divi-

1489 1693 1601 1730 dente
1621 1694 1820 1742 Europam
1849 1694 1897 1730 ab
1918 1694 2021 1740 Asia,
2043 1693 2108 1742 qui
2130 1693 2322 1732 invenitur
2348 1693 2560 1733 minoratus

1488 1754 1525 1783 et
1551 1758 1706 1794 semper
1728 1746 1889 1784 tendens
1916 1746 1955 1784 in
1983 1754 2199 1795 angustum,
2218 1755 2375 1796 propter
2393 1748 2558 1787 eandem

1489 1811 1644 1836 causam
1673 1805 1720 1835 α’.
2484 1828 2485 1831 ¹

1543 1853 1578 1889 8.
1600 1851 1780 1889 Secundo
1809 1851 1879 1888 ibi:
1898 1852 2150 1901 Manifestum
2170 1853 2289 1902 igitur
2307 1861 2390 1901 etc.,
2414 1853 2560 1892 inducit

1487 1905 1774 1942 conclusionem
1793 1905 2050 1954 principaliter
2068 1906 2271 1943 intentam:
2289 1906 2418 1944 dicens
2437 1907 2556 1957 quod,

1487 1971 1533 1995 ex
1561 1970 1639 2007 quo
1669 1966 1820 2007 tempus
1848 1970 1928 1996 non
1957 1959 2085 1996 deficit
2113 1966 2150 1996 et
2178 1967 2303 1997 totum
2332 1959 2578 2000 universum,

1487 2019 1543 2048 est
1579 2019 1778 2049 aeternum
1807 2012 1934 2061 (quod
1972 2012 2060 2050 dicit
2091 2012 2306 2051 secundum
2334 2013 2558 2063 opinionem

1486 2077 1597 2102 suam
1615 2065 1782 2114 positam
1811 2065 1849 2102 in
1868 2065 1965 2103 libro
1993 2067 2245 2114 Physicorum
2264 2066 2284 2089 '¹‘
2303 2075 2340 2105 et
2364 2068 2410 2105 de
2442 2067 2557 2106 Caelo
2584 2073 2596 2086 ⁴

1485 2124 1521 2156 et
1533 2119 1683 2156 Mundo
1699 2116 1734 2147 [³ss
1748 2118 1795 2165 *),
1816 2119 1987 2167 sequitur
2005 2120 2111 2168 quod
2131 2132 2256 2170 neque
2271 2120 2415 2158 Tanais
2429 2133 2556 2171 neque
2603 2117 2609 2123 ’
2631 2143 2639 2150 ·

1486 2171 1608 2219 Nilus,
1638 2172 1703 2221 qui
1733 2179 1821 2209 sunt
1847 2172 2004 2210 maximi
2023 2173 2143 2220 fluvii,
2173 2176 2327 2223 semper
2353 2174 2556 2224 fluxerunt,
2586 2190 2595 2200 ·

1485 2225 1553 2262 sed
1573 2225 1778 2274 aliquando
1798 2226 1905 2263 locus
1933 2226 2036 2264 unde
2055 2227 2180 2264 fluunt
2199 2234 2280 2265 erat
2307 2227 2446 2266 siccus:
2467 2228 2557 2279 quia
2584 2222 2613 2246 ’ς

1485 2290 1578 2327 opus
1597 2286 1746 2326 eorum,
1767 2278 1908 2316 scilicet
1933 2279 2059 2317 fluxus
2078 2280 2264 2329 ipsorum,
2284 2281 2400 2319 habet
2427 2281 2556 2320 termi-

1484 2344 1579 2369 num
1594 2336 1636 2369 ⁷⁷,
1653 2333 1702 2369 Et
1721 2332 1890 2370 similiter
1909 2340 1966 2370 est
1985 2333 2023 2370 in
2043 2333 2125 2371 aliis
2138 2334 2278 2372 fluviis.
2295 2335 2345 2372 Et
2363 2334 2395 2372 si
2408 2335 2484 2373 hoc
2500 2343 2565 2374 est

1484 2385 1532 2422 de
1552 2385 1692 2433 fluviis,
1713 2393 1865 2434 oportet
1883 2386 1988 2436 quod
2008 2386 2112 2424 idem
2131 2387 2178 2425 sit
2197 2387 2245 2425 de
2265 2388 2372 2436 mari,
2389 2387 2428 2427 in
2447 2389 2554 2438 quod

1483 2438 1622 2476 intrant
1649 2439 1775 2476 fluvii:
1807 2446 1843 2476 et
1871 2439 1924 2476 sic
1951 2440 2165 2478 secundum
2203 2441 2354 2479 diversa
2381 2451 2556 2492 tempora

1483 2499 1722 2541 permutatur
1736 2505 1843 2529 mare
1860 2500 1896 2530 et
1915 2492 2030 2530 arida.
2045 2514 2071 2521 —
2087 2494 2174 2531 Hoc
2188 2501 2319 2532 tamen
2338 2494 2554 2545 quod'sup-

1482 2545 1591 2594 ponit
1610 2546 1801 2583 mundum
1817 2553 1854 2583 et
1871 2553 2024 2595 tempus
2044 2554 2255 2595 aeternum,
2273 2555 2329 2585 est
2348 2559 2554 2586 erroneum

1484 2606 1520 2636 et
1539 2598 1706 2636 alienum
1725 2611 1748 2636 a
1766 2598 1863 2646 fide;
1879 2611 1951 2636 nec
1979 2599 2144 2637 rationes
2163 2600 2302 2650 quibus
2321 2602 2397 2639 hoc
2415 2601 2554 2651 proba-

1482 2651 1548 2699 vit,
1571 2659 1658 2689 sunt
1677 2652 2035 2700 demonstrationes,
2060 2661 2101 2690 ut
2119 2653 2208 2691 alibi
2227 2653 2248 2676 ²⁸⁸
2268 2662 2324 2692 est
2342 2661 2552 2694 ostensum.

1536 2705 1669 2742 Tertio
1688 2705 1758 2742 ibi:
1784 2706 1882 2748 Quia
1897 2706 2046 2755 quidem
2066 2707 2195 2757 igitur,
2212 2707 2433 2757 recapitulat
2447 2708 2553 2758 quod

1482 2758 1646 2796 dixerat:
1678 2766 1715 2796 et
1743 2766 1798 2796 est
1825 2760 1984 2808 planum
2012 2759 2051 2797 in
2079 2759 2209 2798 littera.

1533 2918 1562 2952 χ)
1582 2918 1661 2951 quod,
1681 2918 1744 2951 quia
1764 2918 1790 2943 in
1810 2921 1903 2944 toto...
1915 2918 1940 2944 si
1957 2921 2037 2944 totus.
2055 2932 2075 2939 -
2092 2918 2165 2952 quod
2182 2918 2209 2944 in
2229 2922 2321 2945 toto...
2336 2920 2372 2944 Et
2389 2920 2414 2945 si
2431 2923 2504 2947 totus
2522 2921 2552 2954 Ρ,

1480 2954 1632 2987 corrigendo
1658 2954 1794 2979 lectionem
1814 2954 1856 2979 ed.
1870 2961 1895 2983 a,
1915 2961 1983 2987 quae
2001 2961 2054 2979 om.
2067 2953 2139 2987 quia,
2159 2953 2193 2979 cf.
2211 2959 2310 2980 textum
2317 2963 2324 2987 ;
2345 2955 2417 2987 quod
2440 2956 2504 2989 quia
2522 2957 2551 2983 in

1480 2992 1536 3014 toto
1586 2989 1610 3014 si
1629 2992 1700 3014 totus
1719 2989 1834 3014 mundus
1852 2993 2058 3022 corrumpatur,
2078 2992 2104 3015 et
2122 2989 2146 3015 si
2164 2992 2236 3015 totus
2254 2990 2284 3015 B.

1533 3023 1561 3059 ψ)
1582 3024 1622 3050 vet
1639 3024 1771 3059 flumina,
1790 3028 1839 3050 aut
1857 3025 1937 3050 etiam
1956 3025 2036 3050 sicca.
2053 3038 2073 3044 -
2090 3025 2132 3050 vel
2149 3025 2242 3060 fluant
2259 3025 2341 3051 etiam
2360 3025 2432 3052 sicca
2449 3026 2470 3052 Ρ
2488 3034 2551 3054 cum

1479 3060 1520 3085 ed.
1534 3058 1609 3091 1561,
1620 3067 1708 3085 errore
1719 3060 1881 3094 typographi,
1892 3061 1936 3094 qui
1950 3068 2002 3085 non
2016 3060 2140 3086 intellexit
2153 3061 2306 3094 compendia
2313 3060 2385 3102 fluia
2396 3060 2463 3087 ‹ttin
2472 3062 2550 3089 etha.

1531 3096 1563 3128 ω)
1576 3096 1675 3130 fluxus
1725 3096 1813 3121 maior
1827 3095 1964 3121 atter-atio.
1977 3109 1996 3115 -
2010 3095 2249 3122 exsiccationem...
2264 3103 2352 3122 maior
2365 3097 2482 3123 arctatio
2496 3097 2550 3130 Pa,-

1478 3131 1511 3156 cf.
1525 3136 1585 3156 text.
1600 3136 1626 3156 et
1638 3136 1692 3156 not.
1706 3139 1731 3163 η.
1743 3145 1762 3150 -
1777 3131 1927 3156 immediate
1940 3131 1985 3156 ΑΒ
2002 3139 2056 3156 om.
2068 3131 2148 3165 sacta
2166 3134 2215 3157 est.
2228 3145 2248 3151 -
2261 3131 2312 3157 Pro
2331 3133 2414 3158 mutto
2433 3133 2550 3159 minores

1478 3173 1573 3196 naves,
1594 3166 1709 3192 maiores
1728 3173 1809 3192 naues
1827 3167 1865 3198 Α;
1885 3166 1969 3192 mu1to
1987 3173 2041 3191 om.
2056 3167 2133 3192 etiam
2151 3167 2182 3192 B.

1531 3202 1578 3234 αα)
1597 3205 1624 3227 et
1641 3209 1745 3234 semper
1794 3209 1913 3227 causam.
1925 3215 1945 3221 -
1959 3202 2015 3227 Hoc
2031 3209 2085 3228 om.
2099 3202 2153 3228 AB.
2165 3216 2184 3221 -
2197 3202 2248 3227 Pro
2261 3202 2385 3228 Secundo
2396 3220 2421 3229 ...
2435 3203 2548 3234 inducit,

1479 3237 1583 3262 Deinde
1602 3237 1705 3263 inducit
1724 3237 1777 3268 Pa‚·
1796 3238 1889 3262 eodem
1909 3237 1988 3262 modo
2013 3237 2038 3262 in
2059 3236 2111 3263 fine
2130 3237 2248 3263 lectionis
2267 3237 2364 3263 habent
2382 3238 2488 3264 Deinde
2505 3246 2549 3266 re-

1476 3273 1619 3305 capitulem
1639 3274 1685 3298 sed
1700 3273 1802 3298 codices
1823 3273 1916 3298 melius
1935 3273 2095 3306 respondent
2107 3273 2139 3298 ad
2151 3273 2224 3299 circa
2242 3273 2292 3299 hoc
2306 3273 2360 3299 tria
2372 3274 2453 3308 facit,
2473 3274 2546 3308 quod

1477 3308 1586 3333 habetur
1605 3309 1630 3333 in
1649 3307 1773 3341 principio
1793 3316 1866 3334 num.
1880 3315 1965 3341 praec.

1531 3341 1572 3376 ββ)
1583 3343 1655 3376 quod
1667 3343 1734 3369 dicit
1744 3343 1916 3369 secundum...
1931 3343 1964 3369 de
1976 3344 2056 3369 Caelo
2068 3347 2095 3370 et
2103 3343 2216 3370 Mundo.
2226 3358 2244 3363 -
2259 3347 2288 3369 ut
2297 3344 2426 3377 probavit
2438 3343 2465 3370 in
2478 3344 2548 3371 libro

1476 3379 1652 3413 Physicorum
1672 3382 1699 3404 et
1717 3379 1743 3404 in
1762 3379 1831 3404 libro
1850 3379 1883 3404 de
1904 3379 1984 3404 Caelo
2002 3379 2056 3405 ΑΒ.

1528 3415 1571 3448 γγ)
1592 3414 1745 3440 terminum.
1761 3428 1781 3434 -
1799 3421 1908 3440 causam
1933 3414 1986 3444 Pas
2010 3414 2042 3440 cf.
2061 3419 2168 3440 textum.
2186 3428 2205 3434 —·
2222 3415 2279 3440 Lin.
2298 3422 2355 3448 seq.
2374 3422 2422 3449 pro
2441 3418 2548 3448 oportet

1474 3450 1546 3482 quod
1564 3450 1633 3475 idem
1653 3450 1695 3480 sit,
1715 3453 1822 3483 oportet
1839 3449 1912 3483 quod
1929 3450 1965 3476 sit
1983 3451 2024 3475 ed.
2043 3457 2068 3480 a,
2087 3450 2126 3476 sic
2144 3452 2250 3484 oportet
2267 3457 2323 3476 esse
2341 3451 2382 3476 ed.
2406 3449 2480 3481 ¹561,
2500 3450 2546 3476 de-

1473 3486 1515 3510 bet
1533 3485 1606 3518 quod
1622 3485 1659 3510 sit
1678 3485 1707 3510 Ρ.
1930 3487 1935 3491 “

970 3590 1605 3625 ,Ἆῤ-,φῇ
1622 3606 1656 3608 »-

2590 848 2601 859 ·
2616 847 2688 871 Num.
2703 854 2720 871 1.

2590 1223 2740 1246 *murm

2588 1436 2598 1446 ·
2609 1435 2682 1464 ponit
2696 1441 2736 1458 ea.

2581 2643 2631 2666 ·Cf.
2638 2646 2764 2667 comment.
2768 2642 2782 2670 H

2581 2669 2782 2775 esne-3}

2583 2723 2656 2746 Caelo
2665 2729 2680 2745 e
2696 2713 2724 2746 ᾗ

2581 2750 2628 2772 tec.
2657 2750 2712 2778 etc.,
2740 2749 2747 2772 1

2581 2782 2651 2805 xxxx,
2670 2781 2744 2799 mn.
2779 2806 2782 2808 -
