2782 4134
0 3074 3 3088 ι

0 3092 2 3107 ι

0 3109 5 3141 Ξ

0 3151 5 3182 l

47 808 57 818 ·
68 807 104 830 ef.
112 807 165 830 leet.
175 814 261 836 praec„

46 840 87 858 nn.
102 840 118 863 ι,
134 841 160 859 u.

1144 271 1257 308 CAP.
1288 272 1357 318 IX,
1388 269 1541 306 LECT.
1571 270 1645 306 xx

291 359 371 382 extra
391 352 504 381 caelum
532 352 652 390 aliquod
678 361 786 389 corpus
809 350 942 379 mixtum.
969 349 1105 386 Sequitur
1126 358 1159 378 ex
1184 349 1363 386 praemissis:

290 402 359 421 nam
381 392 558 430 ubicumque
581 399 624 421 est
648 401 754 429 corpus
777 390 914 425 mixtum,
943 389 983 417 ibi
1011 396 1126 426 oportet
1155 399 1217 418 esse
1241 399 1366 426 corpora

291 432 448 469 simplicia;
463 441 557 470 neque
573 431 694 460 mixtum
709 430 827 460 sortitur
841 430 939 458 locum
954 430 1115 458 naturalem
1134 429 1189 458 nisi
1204 431 1364 458 secundum

291 473 469 501 elementum
479 472 510 500 in
524 481 560 501 eo
572 471 836 509 praedominans.-
850 471 877 498 8.
891 469 1062 497 Ostenditur
1076 470 1157 506 quod
1172 478 1263 507 neque
1277 470 1364 498 etiam

291 512 435 551 contingit
456 522 518 541 esse
540 513 657 550 aliquod
677 520 785 549 corpus
799 515 886 538 extra
901 510 1023 537 caelum.
1046 511 1120 537 Nam
1142 511 1303 538 secundum
1320 519 1365 537 ra-

290 552 386 581 tiones
400 552 574 590 praemissas
588 561 651 581 non
665 551 760 580 differt
773 559 812 579 an
832 549 868 578 sit
889 549 1009 586 aliquod
1023 555 1130 586 corpus
1149 556 1228 578 extra
1243 549 1364 584 caelum,

436 669 447 681 .
559 645 654 683 osita
683 643 871 681 solutione
900 642 1071 690 inducta,
1100 642 1162 679 hic
1191 642 1362 679 Philoso-

513 699 533 709 “
555 698 656 747 phus
682 697 823 746 probat
851 695 956 745 quod
989 703 1263 745 supposuerat,
1294 695 1363 732 sci-

377 777 384 788 ,
457 754 509 793 ,ἰ
556 750 642 788 licet
661 750 767 800 quod
786 749 954 786 mundus
975 757 1122 786 constet
1137 761 1182 786 ex
1197 756 1276 786 tota
1296 761 1364 786 sua

369 818 384 833 =
411 792 537 843 *⁴252*
556 803 716 841 materia
734 804 765 840 ³¹³.
795 803 845 840 Et
867 802 995 852 primo
1025 802 1113 840 dicit
1133 802 1180 840 de
1200 814 1278 851 quo
1309 810 1365 839 est

289 857 459 904 intentio,
490 864 527 894 et
546 869 624 906 quo
654 855 787 894 ordine
817 855 862 893 sit
889 855 1203 906 procedendum:
1234 855 1364 893 dicens

289 910 396 961 quod
415 911 491 947 hoc
510 909 638 960 ipsum
668 917 782 947 restat
810 909 1011 947 ostendere
1032 909 1081 947 ad
1102 909 1365 958 complemen-

288 971 371 1001 tum
391 963 624 1012 praemissae
653 962 863 1010 solutionis,
894 963 1000 1012 quod
1029 963 1198 1000 mundus
1218 970 1365 1000 constet

289 1030 336 1055 ex
364 1017 478 1054 omni·
501 1029 663 1066 corpore
693 1016 855 1054 naturali
884 1024 920 1054 et
948 1016 1136 1063 sensibili,
1174 1017 1279 1065 quod
1309 1024 1365 1054 est

289 1070 448 1108 materia
483 1070 575 1108 eius.
621 1069 698 1107 Sed
736 1078 942 1119 antequam
981 1071 1055 1107 hoc
1093 1070 1365 1116 ostendamus,

289 1131 440 1174 oportet
467 1123 594 1174 primo
634 1123 759 1162 dicere
798 1123 890 1173 quid
927 1123 1158 1172 significetur
1193 1136 1263 1173 per
1290 1124 1365 1160 hoc

289 1190 435 1215 nomen
453 1177 628 1230 cadum,
659 1184 695 1214 et
728 1185 823 1227 quot
855 1177 982 1214 modis
1017 1177 1177 1224 dicatur,
1207 1185 1249 1214 ut
1274 1176 1365 1214 illud

240 1264 252 1266 ,
288 1229 620 1281 ςιιοά··([ιὶἐίετίωι·
648 1231 769 1279 magis
796 1230 918 1280 possit
945 1230 1188 1268 manifestari.

56 1453 67 1464 ·
81 1451 153 1475 Num.
168 1457 218 1480 neq.

55 2202 65 2212 ·
73 2201 112 2223 ert
123 2205 172 2223 on.
182 2199 253 2223 codd.

53 2255 63 2265 '
78 2253 136 2282 cup.
147 2259 174 2282 n,
189 2259 213 2276 n.
224 2259 243 2281 5.

52 2520 66 2534 ⁴
77 2525 172 2543 nrm
189 2510 239 2544 om.
253 2527 268 2543 ι

53 2553 159 2576 σοι-φιτ..

7 2625 11 2628 ’
53 2631 66 2644 ·
86 2631 177 2654 sancet
195 2630 250 2654 add.

55 2658 125 2681 codd.
138 2664 189 2681 exc.
202 2664 225 2680 Α.

58 3004 272 3032 *Cf.1ib.11,lect.iv,

59 3037 125 3053 num.
139 3037 159 3060 5.

59 3059 80 3069 '⁶
94 3058 159 3080 Lect.
170 3063 207 3085 vu,
219 3063 242 3079 n.
252 3063 273 3085 5.

345 1296 380 1321 2.
412 1284 592 1322 Secundo
613 1283 684 1321 ibi:
721 1285 805 1322 Uno
825 1284 974 1333 quidem
1004 1284 1122 1334 igitur
1148 1284 1260 1321 modo
1281 1291 1365 1331 etc.,

291 1337 489 1387 exequitur
524 1337 792 1388 propositum:
837 1345 873 1374 et
908 1337 1033 1386 primo
1072 1337 1237 1374 ostendit
1273 1344 1368 1387 quot

291 1391 419 1429 modis
458 1391 602 1429 dicatur
635 1391 805 1436 caelum,-
838 1390 1008 1428 secundo
1039 1390 1203 1428 ostendit
1230 1390 1370 1440 princi-

290 1445 377 1494 pale
405 1444 664 1494 propositum,
695 1443 767 1481 ibi:
802 1445 839 1481 T
834 1443 1013 1494 rszliciter
1039 1449 1165 1481 autem
1193 1445 1211 1463 ’ᾗ
1242 1451 1312 1481 etc.

347 1497 459 1535 Circa
485 1497 656 1547 primum
684 1497 794 1546 ponit
820 1504 895 1534 tres
933 1496 1230 1545 significationes
1259 1497 1364 1535 caeli.

293 1550 382 1589 Uno
403 1550 505 1588 enim
529 1550 649 1588 modo
681 1550 816 1588 dicitur
844 1550 993 1587 caelum
1020 1551 1227 1588 substantia
1256 1563 1369 1600 quae-

293 1603 383 1642 dam
412 1616 510 1653 quae
528 1610 583 1641 est
599 1609 793 1641 extremae
820 1603 1075 1641 circulationis
1093 1605 1203 1642 totius
1221 1611 1251 1650 α,
1272 1605 1370 1643 idest

294 1669 394 1706 quae
414 1657 453 1695 in
471 1665 552 1695 toto
580 1657 763 1695 universo
794 1664 849 1695 est
877 1665 1056 1704 extrema,
1087 1665 1124 1695 et
1144 1657 1370 1696 circulariter

294 1718 486 1749 movetur.
516 1712 566 1749 Et
587 1711 676 1760 quia
705 1719 934 1761 exposuerat
962 1711 1279 1760 significationem
1301 1725 1369 1750 no—

293 1764 407 1802 minis
442 1776 512 1814 per
546 1765 818 1812 substantiam,
863 1765 970 1802 cuius
1007 1764 1101 1802 ratio
1139 1766 1372 1804 transcendit

295 1818 640 1856 considerationem
661 1819 886 1866 naturalem,
905 1831 993 1856 cum
1011 1818 1199 1868 pertineat
1214 1820 1262 1857 ad
1279 1833 1370 1858 con-

295 1870 565 1910 siderationem
595 1872 863 1922 metaphysici‚
893 1872 1048 1910 adhibet
1076 1872 1189 1910 aliam
1219 1873 1368 1922 exposi-

294 1923 462 1973 tionem,
501 1925 541 1962 in
575 1926 711 1963 eadem
739 1932 870 1963 tamen
903 1925 1199 1974 significatione,
1239 1927 1370 1965 dicens

294 1978 401 2027 quod
439 1979 587 2016 caelum
627 1987 684 2016 est
719 1991 857 2030 corpus
895 1979 1069 2016 naturale
1105 1980 1208 2028 quod
1241 1986 1296 2017 est
1331 1981 1367 2018 in

294 2037 466 2083 extrema
495 2032 800 2082 circumferentia
829 2032 960 2070 totius.-
990 2040 1026 2070 et
1053 2034 1149 2070 haec
1184 2034 1373 2083 expositio

295 2092 351 2123 est
369 2085 491 2134 magis
510 2086 666 2135 propria
685 2085 863 2123 scientiae
883 2086 1055 2124 naturali.
1078 2088 1220 2132 Probat
1239 2095 1368 2125 autem

293 2138 395 2176 hanc
423 2138 739 2187 significationem
776 2152 821 2176 ex
856 2139 1130 2178 consuetudine
1164 2141 1369 2189 loquendi:

295 2191 386 2241 quia
405 2191 627 2230 nominibus
657 2201 712 2230 est
738 2193 758 2214 *
775 2193 964 2231 utendum
983 2201 1025 2230 ut
1044 2195 1184 2242 plures,
1201 2194 1297 2232 sicut
1316 2194 1370 2232 di-

296 2244 392 2282 citur
418 2244 458 2282 in
478 2246 510 2282 11
535 2247 572 2283 T
567 2246 661 2294 opic.
686 2247 706 2268 ³³
732 2246 1028 2283 Consueverunt
1061 2246 1164 2283 enim
1193 2247 1371 2285 homines

294 2311 435 2336 vocare
466 2300 615 2336 caelum
652 2299 744 2337 illud
773 2299 879 2348 quod
913 2307 969 2337 est
1006 2308 1220 2338 extremum
1257 2300 1371 2338 totius

295 2351 445 2399 mundi,
467 2358 504 2389 et
532 2353 638 2401 quod
658 2353 824 2390 maxime
846 2360 901 2390 est
920 2366 1090 2390 sursum:
1116 2366 1195 2391 non
1215 2354 1371 2402 quidem

295 2405 510 2443 secundum
539 2406 647 2454 quod
673 2419 825 2444 sursum
847 2406 1029 2456 accipitur
1055 2406 1094 2443 in
1123 2407 1278 2444 scientia
1305 2421 1371 2445 na-

294 2458 424 2506 turali,
454 2466 569 2508 prout
597 2459 738 2497 scilicet
767 2468 823 2496 est
850 2460 1034 2497 terminus
1063 2468 1193 2498 motus
1225 2460 1371 2498 levium

296 2512 370 2560 (sic
390 2512 495 2550 enim
514 2512 604 2550 nihil
624 2514 746 2563 magis
785 2521 840 2551 est
877 2526 1030 2551 sursum
1061 2515 1080 2534 ²²
1109 2526 1227 2562 quam
1264 2515 1372 2551 locus

295 2566 335 2604 in
363 2578 482 2615 quem
511 2567 627 2604 fertur
663 2566 795 2616 ignis):
835 2567 903 2615 segl
937 2566 1098 2604 sumitur
1125 2567 1187 2604 hic
1220 2580 1372 2605 sursum

296 2619 512 2657 secundum
538 2633 789 2658 communem
814 2620 979 2658 modum
997 2621 1193 2670 loquendi,
1218 2629 1332 2670 prout
1353 2622 1373 2643 ³²

296 2673 336 2710 id
365 2673 471 2722 quod
501 2681 558 2710 est
586 2674 768 2712 remotius
801 2687 824 2711 a
857 2674 1000 2721 medio,
1015 2682 1178 2712 vocatur
1208 2688 1371 2713 sursum.

299 2726 511 2764 Consuevit
531 2726 646 2764 etiam
664 2727 798 2765 vocari
814 2740 966 2765 sursum
990 2728 1030 2766 id
1049 2728 1154 2777 quod
1185 2736 1240 2766 est
1266 2729 1373 2766 locus

299 2779 476 2818 omnium
505 2779 726 2818 divinorum
756 2783 812 2828 (ut
839 2789 970 2819 tamen
988 2781 1116 2819 divina
1136 2794 1216 2820 non
1245 2782 1373 2833 dican-

298 2841 359 2872 tur
385 2833 447 2872 hic
477 2847 640 2884 corpora
668 2835 859 2882 caelestia,
889 2847 989 2883 quae
1015 2848 1094 2872 non
1128 2835 1259 2873 omnia
1288 2844 1376 2874 sunt

298 2887 338 2925 in
367 2899 547 2937 suprema
575 2889 754 2938 sphaera;
780 2889 848 2926 sed
872 2888 1087 2926 secundum
1116 2886 1222 2939 qussd
1245 2889 1374 2928 divina

278 2941 476 2978 ‘dicuntur
502 2940 520 2970 β
547 2942 780 2980 substantiae
817 2942 1088 2980 immateriales
1122 2950 1159 2980 et
1195 2942 1374 2993 incorpo-

302 3006 388 3030 reae
420 2995 476 3040 =¹‘):
507 2995 651 3032 dictum
681 3003 736 3033 est
764 2995 868 3033 enim
897 3009 1012 3045 supra
1031 2998 1073 3018 *²³*
1103 2996 1209 3045 quod
1238 3009 1375 3034 omnes

301 3047 480 3084 homines
516 3048 646 3086 locum
674 3049 740 3098 qui
768 3057 825 3086 est
852 3062 1005 3087 sursum
1039 3050 1246 3087 attribuunt
1274 3052 1372 3088 Deo.

356 3100 537 3138 Secundo
565 3102 685 3139 modo
714 3102 850 3140 dicitur
878 3104 1028 3141 caelum
1052 3116 1131 3141 non
1160 3105 1286 3141 solum
1315 3117 1375 3141 su-

300 3167 437 3203 prema
456 3154 630 3203 sphaera,
647 3155 716 3192 sed
733 3161 851 3193 totum
865 3169 1003 3206 corpus
1022 3158 1124 3206 quod
1136 3157 1378 3194 continuatur

302 3220 389 3244 cum
418 3213 589 3245 extrema
618 3209 923 3258 circumferentia
952 3211 1062 3247 totius
1081 3211 1257 3257 universi,
1278 3210 1376 3248 idest

303 3273 440 3299 omnes
469 3261 654 3310 sphaerae
684 3261 903 3300 caelestium
928 3276 1147 3312 corpomm,
1169 3264 1208 3302 in
1237 3264 1376 3312 quibus

303 3322 391 3352 sunt
409 3315 498 3352 luna
518 3323 554 3352 et
573 3316 630 3352 sol
652 3323 688 3352 et
706 3317 900 3364 quaedam
929 3318 1135 3365 stellarum,
1157 3317 1297 3355 scilicet
1316 3318 1377 3355 alii

367 3457 395 3490 α)
415 3460 554 3483 extremae
577 3457 761 3483 circulationis
785 3458 876 3483 totius.
893 3472 914 3477 -
931 3458 968 3483 Ita
990 3458 1013 3482 A
1036 3458 1203 3484 conformiter
1225 3459 1257 3483 ad
1275 3464 1376 3484 uti-utn—

305 3500 357 3525 que
375 3497 488 3524 textum;
508 3501 556 3525 pro
575 3496 727 3523 extremae,
748 3497 873 3518 extrema
892 3493 984 3524 Pinna,
1009 3499 1128 3526 corrupte
1152 3497 1236 3519 extra
1259 3495 1376 3520 medium

305 3528 390 3553 ceteri.

369 3562 395 3596 β)
416 3566 445 3588 ut
469 3567 558 3589 tamen
569 3581 594 3590 ...
607 3565 700 3590 divina
719 3564 855 3590 dicuntur.
874 3578 893 3584 ·—
910 3568 940 3589 ut
959 3565 1086 3590 dicuntur
1109 3572 1225 3598 corpora
1243 3566 1377 3595 caelestia,

2442 272 2485 308 81

1418 349 1464 377 vel
1484 348 1577 386 possit
1597 348 1637 385 ibi
1659 357 1736 377 esse:
1758 354 1915 385 utrumque
1937 348 2015 377 enim
2032 349 2219 377 concludunt.
2239 351 2358 386 Insuper
2372 350 2402 379 in
2416 360 2491 379 sem-

1419 388 1539 426 piternis
1562 398 1624 417 non
1648 388 1742 417 differt
1766 397 1828 417 esse
1853 395 1881 416 et
1901 398 1999 426 posse.
2016 406 2035 410 -
2057 399 2084 425 9.
2101 389 2292 418 Concluditur
2313 391 2394 427 quod
2415 397 2493 419 extra

1419 429 1533 458 caelum
1547 437 1643 466 neque
1658 434 1700 457 est
1713 428 1834 466 aliquod
1855 437 1976 465 corpus,
1999 438 2094 466 neque
2109 429 2248 466 contingit
2263 429 2302 458 ibi
2317 439 2387 458 esse.
2413 431 2492 458 Con-

1419 475 1574 506 sequenter
1599 478 1695 506 neque
1722 475 1799 504 sunt,
1821 478 1916 505 neque
1937 469 2062 504 fuerunt,
2082 478 2176 506 neque
2203 479 2335 506 unquam
2357 476 2493 506 poterunt

1420 509 1481 537 fieri
1502 509 1600 546 plures
1627 509 1745 537 mundi:
1769 509 1819 537 sed
1843 509 1896 537 iste
1920 509 2048 537 mundus
2069 516 2112 537 est
2133 519 2208 537 unus
2230 516 2257 537 et
2279 510 2358 538 solus
2379 517 2407 538 et
2427 520 2492 547 per-

1419 549 1519 585 fectus,
1541 555 1644 586 utpote
1665 555 1802 577 constans
1823 558 1857 577 ex
1881 555 1944 577 tota
1965 558 2018 577 sua
2038 549 2168 578 materia.

1419 642 1588 691 quinque
1616 643 1792 691 planetae
1822 645 1932 690 (nam
1961 643 2089 679 stellae
2117 643 2217 679 fixae
2245 651 2333 680 sunt
2364 643 2403 680 in
2431 656 2492 680 su-

1419 707 1552 744 prema
1580 695 1742 743 sphaera
1770 695 1984 733 secundum
2013 695 2236 745 opinionem
2265 696 2491 745 Aristotelis,

1420 748 1484 797 qui
1504 760 1583 785 non
1602 749 1730 797 posuit
1748 749 1862 786 aliam
1892 750 2095 798 sphaeram
2116 761 2198 786 esse
2219 762 2335 799 supra
2357 751 2492 799 sphae-

1420 813 1503 838 ram
1532 801 1726 838 stellarum
1754 802 1918 839 fixarum
1947 805 1992 849 ⁷).
2015 803 2064 840 Et
2083 803 2183 840 hanc
2208 803 2321 840 etiam
2353 803 2492 852 signifi-

1421 854 1611 891 cationem
1630 855 1768 903 probat
1791 868 1859 904 per
1879 868 2130 893 communem
2153 868 2269 893 usum
2289 857 2492 906 loquendi:

1421 908 1584 946 dicimus
1614 908 1716 944 enim
1745 909 1867 945 solem
1903 917 1938 946 et
1966 910 2097 946 lunam
2136 917 2172 946 et
2200 909 2294 947 alios
2321 910 2494 959 planetas

1422 974 1504 999 esse
1538 961 1576 998 in
1611 961 1729 998 caelo.
1770 961 1957 999 Dicuntur
1985 963 2004 984 ’⁸
2034 971 2164 1000 autem
2198 963 2294 1000 haec
2332 976 2495 1012 corpora

1422 1014 1634 1059 continuari
1654 1027 1742 1052 cum
1761 1027 1942 1064 suprema
1970 1016 2144 1065 sphaera,
2169 1024 2326 1066 propter
2355 1029 2495 1054 conve-

1421 1068 1603 1106 nientiam
1623 1067 1662 1105 in
1682 1075 1827 1115 natura,
1850 1069 1939 1116 quia
1959 1069 2097 1106 scilicet
2125 1077 2212 1107 sunt
2231 1070 2495 1120 incorruptibi-

1421 1122 1469 1159 lia
1494 1129 1531 1158 et
1551 1121 1780 1158 circulariter
1804 1122 1981 1169 mobilia3
2002 1135 2080 1160 non
2100 1131 2227 1160 autem
2252 1123 2303 1161 ita
2323 1124 2430 1173 quod
2451 1135 2496 1160 ex

1422 1174 1603 1213 omnibus
1619 1175 1665 1211 sit
1683 1187 1814 1212 unum·
1827 1187 1967 1224 corpus
1983 1176 2226 1223 continuum;
2248 1177 2335 1226 quia
2355 1177 2408 1214 sic
2429 1189 2493 1214 eo-

1423 1241 1509 1266 rum
1539 1240 1617 1265 non
1645 1236 1803 1277 possent
1824 1241 1905 1265 esse
1924 1230 2052 1278 plures
2074 1231 2093 1251 ss
2124 1237 2159 1267 et
2188 1230 2327 1267 diversi
2346 1238 2536 1276 motus;-'

1424 1283 1648 1319 continuum
1677 1288 1733 1318 est
1761 1282 1863 1319 enirn
1892 1283 1997 1320 cuius
2025 1289 2147 1320 motus
2171 1290 2223 1320 est
2251 1297 2358 1331 unus,
2378 1292 2422 1321 ut
2442 1284 2496 1321 di-

1424 1335 1519 1373 citur
1545 1335 1584 1372 in
1612 1335 1648 1372 V
1666 1336 1884 1384 Metaphys.
1908 1337 1927 1357 ’¹⁴

1478 1388 1610 1426 Tertio
1630 1389 1751 1426 modo
1772 1389 1907 1426 dicitur
1936 1390 2084 1427 caelum
2105 1396 2220 1427 totum
2241 1402 2378 1439 corpus
2397 1391 2499 1439 quod

1424 1442 1634 1479 continetur
1661 1443 1710 1479 ab
1738 1448 1909 1480 extrema
1938 1443 2254 1492 circumferentia,
2278 1444 2374 1481 idest
2393 1457 2415 1481 a
2435 1457 2498 1481 su-

1423 1508 1560 1546 prema
1579 1495 1754 1545 sphaera.
1785 1496 1834 1532 Et
1860 1497 1936 1533 hoc
1965 1496 2079 1534 etiam
2103 1498 2240 1546 probat
2270 1509 2315 1534 ex
2343 1510 2415 1534 usu
2443 1498 2498 1534 lo-

1425 1548 1593 1599 quendi:
1633 1548 1724 1597 quia
1761 1549 2034 1587 consuevimus
2070 1557 2195 1587 toturn
2233 1550 2424 1588 mundum
2463 1558 2499 1588 et

1425 1614 1548 1649 omne,
1578 1601 1674 1639 idest
1702 1602 1937 1650 universum,
1966 1615 2107 1640 vocare
2137 1603 2295 1660 caetum.

1478 1657 1548 1693 Est
1567 1662 1697 1693 autem
1718 1655 2042 1694 considerandum
2064 1657 2168 1705 quod
2189 1657 2338 1694 caelum
2358 1656 2416 1694 his
2436 1656 2497 1694 tri-

1425 1709 1497 1746 bus
1517 1709 1644 1747 modis
1674 1708 1809 1746 dicitur
1836 1722 1916 1746 non
1945 1709 2170 1759 aequivoce,
2194 1711 2262 1748 sed
2291 1710 2497 1758 analogice,

1425 1763 1566 1800 scilicet
1591 1775 1662 1812 per
1690 1770 1906 1812 respectum
1935 1765 1984 1801 ad
2011 1776 2134 1800 unum
2163 1763 2350 1812 primurn:
2372 1764 2502 1813 primo

1426 1816 1528 1853 enim
1539 1824 1575 1854 et
1588 1816 1844 1866 principaliter
1854 1816 1989 1854 dicitur
2004 1818 2153 1854 caelum
2170 1830 2349 1867 suprema
2364 1818 2499 1867 sphae-

1425 1882 1484 1917 ra;
1514 1870 1685 1907 secundo
1715 1877 1844 1907 autem
1879 1870 1975 1907 aliae
2004 1871 2190 1919 sphaerae
2228 1872 2424 1917 caelestes,
2455 1883 2500 1907 ex

1426 1923 1669 1961 continuitate
1690 1921 1704 1945 ὃ
1732 1935 1848 1972 quam
1877 1924 2022 1961 habent
2049 1924 2097 1962 ad
2118 1936 2340 1973 supremam
2365 1925 2499 1974 sphae-

1425 1990 1530 2024 ram3
1560 1977 1668 2014 tertio
1708 1977 1827 2014 modo
1856 1977 2082 2015 universitas
2111 1990 2335 2027 corporum,
2367 1990 2500 2015 secun-

1425 2030 1519 2069 dum
1550 2030 1655 2080 quod
1685 2030 1899 2068 continetur
1927 2031 1975 2068 ab
2006 2038 2175 2069 extrema
2198 2033 2218 2052 ’ὲ
2237 2032 2410 2081 sphaera.

1481 2085 1516 2122 3.
1545 2084 1696 2122 Deinde
1731 2097 1820 2121 cum
1855 2084 1964 2122 dicit:
2008 2086 2044 2122 T
2039 2085 2218 2134 mpliciter
2249 2090 2375 2122 autem
2405 2093 2498 2132 etc.,

1426 2137 1591 2175 ostendit
1608 2137 1863 2188 propositum.
1894 2139 1943 2175 Et
1965 2138 2091 2187 primo
2112 2138 2278 2176 ostendit
2297 2138 2402 2188 quod
2421 2151 2501 2175 non

1427 2199 1484 2229 est
1511 2191 1667 2240 aliquod
1696 2204 1837 2240 corpus
1865 2191 2041 2229 sensibile
2076 2200 2180 2230 extra
2209 2193 2358 2229 caelum
2387 2191 2496 2228 tertio

1427 2245 1548 2282 modo
1565 2245 1720 2291 dictum,
1738 2244 1834 2282 idest
1854 2252 1958 2282 extra
1977 2246 2080 2282 hunc
2100 2245 2307 2292 mundum3
2329 2245 2499 2282 secundo

1427 2298 1592 2336 ostendit
1611 2298 1718 2347 quod
1738 2310 1817 2335 non
1847 2306 1902 2335 est
1931 2306 2035 2336 extra
2053 2299 2179 2348 ipsum
2199 2297 2341 2347 aliquid
2362 2311 2498 2336 eorum

1428 2364 1526 2400 quae
1557 2358 1844 2401 consequuntur
1873 2352 1893 2372 ’¹‘
1923 2352 1972 2388 ad
2002 2364 2164 2402 corpora
2192 2351 2396 2399 naturalia,
2425 2352 2498 2389 ibi:
2527 2360 2536 2369 ¹

1428 2405 1551 2442 Simul
1567 2410 1693 2443 autem
1713 2405 1954 2454 manifi’stum
1972 2406 1991 2426 '¹‘
2012 2412 2081 2443 etc.
2104 2405 2214 2442 Circa
2241 2405 2411 2454 primum
2431 2405 2500 2442 tria
2527 2414 2535 2422 ·

1428 2458 1539 2496 facit:
1578 2457 1704 2507 primo
1741 2458 1923 2508 proponit
1960 2459 2066 2507 quod
2107 2458 2290 2506 intendit3
2329 2458 2498 2496 secundo

1427 2513 1566 2562 probat
1592 2511 1847 2562 propositum,
1877 2511 1950 2549 ibi:
1980 2513 2023 2549 Si
2043 2512 2143 2550 enim
2163 2518 2218 2549 est
2237 2513 2256 2533 '¹‘
2276 2519 2359 2558 etc.;
2389 2512 2497 2549 tertio
2527 2520 2536 2529 “

1429 2565 1622 2604 concludit
1648 2565 1857 2615 principale
1891 2565 2099 2614 intentum,
2138 2565 2210 2603 ibi:
2249 2566 2499 2615 Manifestum

1429 2619 1547 2670 igitur
1574 2631 1625 2656 ex
1652 2618 1757 2656 dictis
1778 2620 1797 2639 ’ῃ
1818 2626 1888 2656 etc.

1482 2672 1582 2710 Dicit
1611 2685 1701 2721 ergo
1729 2672 1856 2722 primo
1877 2671 1995 2721 quod,
2026 2685 2115 2709 curn
2139 2671 2331 2721 trip1iciter
2358 2672 2503 2710 dicatur

1430 2726 1601 2773 caelum,
1631 2738 1734 2764 nunc
1762 2726 1995 2773 intendimus
2025 2726 2072 2765 de
2103 2726 2208 2763 caelo
2237 2726 2346 2763 tertio
2380 2726 2500 2763 modo

1430 2780 1542 2828 dicto,
1564 2781 1777 2818 secundum
1797 2779 1905 2830 quod
1925 2780 2075 2817 caelum
2105 2779 2240 2816 dicitur
2267 2786 2382 2817 totum
2404 2780 2505 2829 quod

1429 2834 1640 2871 continetur
1658 2835 1707 2871 ab
1727 2839 1898 2871 extrema
1918 2833 2241 2883 circumferentia:
2272 2841 2307 2870 et
2324 2834 2398 2870 hoc
2420 2846 2503 2870 cae-

1430 2888 1511 2925 lum
1539 2900 1697 2925 necesse
1727 2896 1782 2925 est
1811 2887 1917 2936 quod
1946 2894 2092 2924 constet
2120 2899 2164 2924 ex
2203 2887 2308 2924 omni
2342 2899 2502 2936 corpore

1430 2940 1597 2979 sensibili
1632 2948 1668 2978 et
1695 2941 1856 2979 naturali
1886 2941 2015 2990 (quod
2050 2948 2106 2978 est
2134 2940 2214 2977 eius
2251 2940 2431 2977 materia:
2468 2946 2504 2976 et

1431 2995 1484 3032 sic
1505 3002 1652 3032 constat
1671 3007 1716 3032 ex
1735 3002 1815 3032 tota
1835 3007 1903 3031 sua
1924 2993 2107 3040 materia),
2129 3000 2285 3042 propter
2303 2994 2378 3030 hoc
2397 2992 2503 3042 quod

1432 3056 1536 3086 extra
1563 3049 1639 3085 hoc
1660 3049 1810 3091 caelum
1830 3048 1976 3085 nullum
2003 3059 2142 3096 corpus
2171 3054 2238 3094 est,
2259 3059 2330 3083 nec
2359 3047 2502 3083 contin-

1431 3103 1482 3151 git
1511 3114 1605 3139 esse.

1485 3168 1522 3203 4.
1544 3155 1695 3193 Deinde
1725 3167 1813 3192 cum
1843 3154 1948 3192 dicit:
1978 3153 2020 3189 Si
2028 3153 2145 3190 venim
2173 3159 2227 3190 est
2254 3160 2338 3201 etc.,
2367 3153 2506 3202 probat

1430 3209 1686 3260 propositum.
1712 3210 1761 3245 Et
1778 3208 1903 3257 primo
1934 3206 2098 3243 ostendit
2125 3207 2231 3255 quod
2254 3207 2402 3244 nullum
2423 3219 2504 3243 cor-

1431 3277 1504 3313 pus
1533 3270 1588 3300 est
1617 3270 1720 3300 extra
1749 3262 1915 3306 caelum;
1946 3261 2115 3298 secundo
2145 3260 2250 3309 quod
2269 3261 2416 3297 nullum
2435 3273 2506 3310 po-

1432 3325 1504 3355 test
1523 3316 1575 3353 ibi
1590 3317 1611 3337 '¹‘
1634 3328 1729 3362 esse,
1746 3315 1813 3351 ibi:
1839 3314 1913 3350 Sed
1930 3319 1966 3350 et
1983 3325 2103 3362 neque
2114 3314 2269 3362 factum
2284 3326 2362 3351 esse
2375 3314 2419 3335 ³⁸*
2434 3321 2502 3351 etc.

1485 3459 1511 3493 γ)
1531 3465 1614 3490 supra
1638 3457 1779 3489 sphaeram
1804 3456 1943 3480 stellarum
1962 3456 2099 3488 fixarum.
2113 3470 2131 3474 -
2143 3462 2227 3488 supra
2246 3455 2388 3487 sphaeram
2407 3464 2461 3481 om.
2475 3457 2504 3481 P.

1432 3495 1472 3520 Cf.
1488 3495 1531 3519 lib.
1547 3495 1580 3523 11,
1601 3494 1658 3518 lect.
1671 3500 1723 3517 xvn
1742 3497 1768 3516 et
1785 3499 1835 3516 x1x.
1855 3492 1919 3516 Item
1938 3498 2052 3523 sequens
2072 3491 2109 3515 Et
2126 3499 2180 3516 om.
2199 3491 2228 3516 P.
2308 3512 2327 3518 l

1486 3529 1511 3563 ὃ)
1531 3537 1568 3555 ex
1586 3528 1771 3554 continuitate.
1785 3541 1803 3545 —
1815 3534 1853 3551 ex
1866 3526 2043 3559 contiguitate
2057 3527 2092 3557 P;
2112 3527 2159 3551 sed
2175 3527 2274 3551 videtur
2293 3527 2431 3559 legendum
2445 3534 2505 3551 curn

1433 3566 1517 3596 codd„
1538 3569 1678 3597 postquam
1698 3563 1754 3596 ipse
1773 3571 1796 3587 s.
1808 3562 1859 3587 Th.
1873 3562 1994 3594 superius
2013 3563 2039 3587 in
2058 3561 2107 3587 hoc
2126 3570 2198 3587 num.
2215 3562 2350 3595 explicavit
2369 3563 2503 3594 quomodo

305 3606 373 3632 quae
392 3607 443 3625 non
463 3600 555 3643 omstia
572 3603 635 3626 sunt
654 3600 680 3626 in
701 3608 827 3633 suprema
840 3601 955 3633 sphaera
960 3608 970 3630 ‚·
988 3600 1035 3626 sed
1047 3601 1183 3627 sciendum
1199 3602 1270 3635 quod
1284 3602 1378 3627 divina
1434 3601 1498 3626 aliae
1517 3600 1643 3632 sphaerae
1662 3599 1786 3624 caelestes
1806 3598 1933 3623 dicuntur
1950 3598 2106 3623 continuari
2118 3605 2177 3622 cum
2191 3598 2283 3630 prima.
2297 3611 2316 3616 -
2327 3598 2418 3628 Quoad
2434 3597 2504 3622 diffe-

283 3647 287 3650 -
305 3634 432 3660 dicuntur
451 3635 481 3660 P.

449 3690 518 3723 Opp.
538 3690 569 3715 D.
584 3690 698 3715 Tuomst:
717 3691 749 3716 T.
769 3692 807 3716 111.

1434 3637 1543 3661 rentiam
1556 3635 1650 3659 horum
1664 3634 1805 3659 verborum
1819 3634 1975 3659 continuum
1991 3638 2016 3658 et
2029 3633 2193 3666 contiguum,
2204 3633 2236 3658 cf.
2249 3633 2356 3666 Physic.
2366 3632 2398 3663 V,
2411 3633 2468 3658 lect.
2478 3641 2503 3657 v.

2295 3696 2321 3712 11

2524 974 2532 983 '¹
2552 973 2662 995 Videntur
2678 980 2699 995 P.

2560 1238 2686 1260 dissimiles
2710 1245 2738 1267 c,

2524 1266 2614 1287 similes
2629 1272 2642 1287 Ρ
2657 1269 2679 1287 et
2694 1270 2738 1288 cet.

2524 1298 2575 1314 exc.
2585 1298 2644 1314 asin.

2524 1351 2533 1359 '¹
2549 1350 2665 1375 Lect.vn;
2683 1350 2738 1371 Did.

2524 1376 2612 1404 lib.1V,
2621 1383 2679 1404 c.v1‚
2689 1383 2737 1405 n.5.

2626 1921 2639 1945 ὃ

2529 2041 2537 2049 ·
2554 2039 2634 2061 ultima
2649 2046 2670 2061 P.

2551 2361 2679 2387 sequuntur
2693 2366 2715 2381 P.

2552 2412 2615 2434 Lect.
2630 2418 2679 2440 seq.

2552 2518 2622 2540 Num.
2634 2524 2683 2546 seq.

2530 2630 2538 2639 ·
2554 2628 2623 2650 Num.
2635 2635 2658 2656 9.

2533 3305 2542 3313 ¹
2558 3303 2591 3324 ibi
2604 3309 2651 3324 om.
2666 3309 2687 3324 Ρ.

2534 3331 2554 3340 ·’
2569 3330 2639 3352 Num.
2651 3330 2672 3351 8.
