2782 4134
65 1949 214 1982 *nomn

1145 270 1255 309 CAP.
1284 271 1335 318 x,
1365 270 1517 307 LECT.
1547 269 1631 306 xv.

347 350 448 389 Dicit
473 362 562 398 ergo
591 349 718 398 primo
748 349 890 397 quod⁰‘
918 347 966 385 de
997 347 1129 384 ordine
1159 349 1365 396 stellarum,

288 404 496 455 ‘quomodo
512 403 654 440 scilicet
668 402 837 450 singulae
862 400 935 438 sint
950 400 1168 449 dispositae,
1185 401 1236 438 ita
1260 378 1367 450 quod

294 457 487 508 quaedam
524 456 597 493 sint
627 456 779 504 priores
816 461 854 490 et
889 453 1080 502 quaedam
1116 456 1368 502 posteriores,

294 512 392 550 idest
419 510 635 559 superiores
664 516 700 544 et
718 507 933 553 inferiores;
955 514 990 542 et
1009 507 1210 554 quomodo
1239 521 1279 544 se
1301 509 1367 544 ha-

293 566 411 603 beant
442 563 493 600 ad
524 562 691 599 invicem
725 559 939 597 secundum
971 559 1243 609 elongationes,
1273 561 1370 597 idest

296 625 485 667 quantum
507 627 586 652 una
623 614 734 652 distet
762 613 811 650 ab
844 612 932 658 alia;
963 612 1286 650 considerandum
1315 621 1371 650 est

297 684 343 709 ex
376 670 435 708 his
463 681 563 717 quae
592 667 767 704 dicuntur
802 665 842 702 in
874 665 1101 712 astrologia,
1135 665 1201 702 ubi
1231 666 1278 702 de
1311 666 1370 703 his

297 723 528 762 sufficienter
547 719 832 758 determinatur.
854 719 962 755 Haec
982 718 1084 754 enim
1102 730 1182 754 non
1209 727 1372 767 possunt

298 775 478 825 cognosci
503 786 575 833 per
591 771 777 822 principia
805 771 984 808 naturalis
1005 771 1283 820 philosophiae,
1304 773 1371 809 sed

297 842 366 889 per
392 827 578 878 principia
605 824 899 862 mathematicae
917 823 951 871 Ρ,
978 824 1076 862 idest
1107 837 1178 873 per
1210 837 1372 873 propor-

297 883 421 920 tiones
454 878 810 928 magnitudinumae
786 877 973 914 -Dicitur
992 885 1120 914 autem
1138 878 1372 915 Anaximan—

298 935 368 974 der
389 933 516 983 primo
545 932 736 970 invenisse
765 930 952 968 rationem
972 930 1021 968 de
1050 930 1373 978 magnitudinibus

300 988 516 1034 stellarum,
551 993 588 1022 et
625 984 803 1022 distantiis
841 996 975 1021 earum
1007 984 1056 1021 ab
1090 984 1257 1021 invicem
1287 992 1324 1021 et
1351 997 1374 1021 a

299 1049 420 1087 terra3
454 1039 630 1077 ordinem
664 1046 794 1075 autem
826 1037 1024 1086 positionis
1049 1038 1290 1086 planetarum
1319 1038 1374 1075 di-

301 1101 438 1134 cuntur
454 1092 570 1154 primi
589 1090 829 1140 Pythagorici
850 1090 1162 1150 deprehendisse3
1196 1091 1375 1139 quamvis

301 1159 391 1185 cum
410 1145 547 1183 maiori
567 1144 756 1193 diligentia
781 1151 818 1180 et
839 1143 1040 1193 perfectius
1069 1144 1143 1181 sint
1162 1144 1258 1180 haec
1283 1156 1374 1181 con-

226 1222 235 1226 ·
283 1199 474 1242 ,siderate
491 1205 562 1247 per
590 1197 857 1248 Hipparchum
886 1205 923 1234 et
950 1198 1220 1234 Ptolomaeum
1239 1202 1266 1233 ⁷.

303 1280 306 1283 Δ
357 1264 393 1290 2.
409 1252 559 1290 Deinde
575 1263 664 1288 cum
681 1250 785 1288 dicit:
805 1251 954 1288 Accidit
969 1256 1095 1288 autem
1112 1257 1195 1296 etc.,
1212 1249 1377 1286 ostendit

301 1305 395 1356 quid
427 1305 526 1342 circa
555 1305 631 1342 hoc
649 1304 835 1353 pertineat
862 1303 912 1341 ad
941 1303 1288 1340 considerationem
1310 1315 1376 1340 na-

302 1358 444 1406 turalis,
464 1358 602 1396 scilicet
628 1357 811 1396 velocitas
836 1364 874 1394 et
891 1356 1072 1394 tarditas
1064 1368 1103 1393 in
1122 1355 1292 1392 motibus
1312 1368 1376 1392 eo-

303 1424 400 1451 rum.
430 1411 530 1449 Dicit
558 1423 647 1460 ergo
677 1410 783 1459 quod
812 1409 1081 1447 rationabiliter
1108 1409 1244 1446 accidit
1271 1409 1377 1456 quod

303 1473 434 1503 motus
460 1464 716 1514 quarumlibet
743 1463 948 1509 stellarum,
973 1464 1188 1500 secundum
1216 1474 1378 1511 propor-

303 1519 451 1556 tionem
471 1516 722 1565 elongationis
751 1528 884 1554 earum
913 1528 935 1552 a
963 1515 1088 1563 prima
1117 1516 1279 1564 sphaera
1301 1523 1337 1552 et
1355 1528 1378 1552 a

304 1579 416 1619 terra,
442 1578 530 1608 sunt
559 1570 774 1607 velociores
799 1576 835 1606 et
853 1568 1038 1606 tardiores
1059 1566 1084 1605 ὃ.
1115 1569 1378 1618 Supponimus

305 1624 429 1672 enim,
458 1631 641 1672 tanquam
676 1635 791 1660 sensu
826 1634 1034 1671 apparens,
1065 1623 1170 1671 quod
1199 1634 1380 1671 suprema

306 1677 401 1717 caeli
429 1676 620 1714 circulatio
649 1675 696 1713 sit
722 1676 904 1725 simplex,
933 1674 1031 1712 idest
1057 1688 1138 1713 non
1166 1675 1380 1725 composita

306 1743 354 1768 ex
370 1730 542 1780 pluribus
564 1730 745 1777 motibus,
771 1729 862 1777 quia
880 1729 918 1766 in
938 1740 984 1765 ea
1002 1729 1105 1766 nulla
1132 1729 1381 1778 irregularitas

307 1791 486 1844 apparet:
517 1792 554 1820 et
581 1791 638 1820 est
664 1782 920 1835 velocissima,
940 1789 1072 1831 utpote
1100 1795 1199 1832 quae
1227 1783 1266 1820 in
1295 1783 1380 1819 bre-

306 1837 466 1875 vissimo
495 1845 682 1885 tempore,
704 1833 844 1873 scilicet
862 1834 985 1885 spatio
1012 1835 1125 1872 unius
1145 1836 1231 1884 diei,
1253 1835 1383 1873 circuit

308 1890 523 1928 maximum
551 1890 736 1927 circulum
766 1889 1025 1927 continentem
1045 1897 1180 1927 totum.
1217 1889 1382 1926 Circula-

307 1944 432 1981 tiones
465 1951 594 1981 autem
629 1943 868 1992 planetarum
901 1950 987 1980 sunt
1021 1950 1057 1980 et
1085 1945 1104 1962 ὗ
1133 1942 1318 1980 tardiores
1347 1950 1383 1980 et

306 1997 457 2047 plures;
486 2009 566 2035 non
593 1996 720 2033 solum
754 1996 844 2044 quia
873 1996 1115 2034 diversorum
1142 1997 1383 2045 planetarum

308 2049 450 2090 diversi
477 2057 564 2087 sunt
591 2057 732 2097 motus,
753 2049 821 2087 sed
851 2049 965 2087 etiam
994 2049 1083 2099 quia
1106 2058 1234 2087 motus
1253 2049 1383 2087 unius-

309 2103 493 2152 cuiusque
522 2104 696 2153 planetae
725 2115 772 2139 ex
801 2102 961 2140 diversis
989 2103 1158 2140 motibus
1193 2103 1383 2140 constitui-

304 2165 381 2195 tur.
416 2156 688 2205 Unusquisque
727 2155 830 2192 enim
867 2157 1131 2206 planetarum,
1170 2157 1383 2194 secundum

309 2210 511 2259 proprium
545 2216 695 2246 motum
722 2209 761 2246 in
789 2221 858 2246 suo
889 2209 1050 2257 circulo,
1079 2209 1198 2246 fertur
1225 2209 1264 2246 in
1293 2221 1384 2246 con-

309 2263 467 2300 trarium
495 2270 624 2300 motus
650 2262 766 2311 primi
791 2262 899 2309 caeli,
920 2263 1021 2310 large
1041 2262 1264 2311 accipiendo
1295 2275 1384 2300 con-

310 2315 540 2354 trarietatem
560 2318 655 2362 (non
671 2315 773 2352 enim
793 2316 832 2352 in
852 2315 1020 2352 motibus
1036 2315 1278 2353 circularibus
1296 2328 1384 2366 pro-

209 2395 219 2408 ,
253 2396 260 2402 -
308 2369 391 2418 prie
407 2376 463 2406 est
479 2368 736 2416 contrarietas,
753 2368 850 2406 sicut
867 2369 906 2406 in
921 2369 1048 2418 primo
1062 2370 1081 2390 ³²
1100 2369 1274 2406 habitum
1295 2373 1383 2414 est):

311 2434 400 2460 cum
429 2422 532 2459 enim
566 2430 695 2459 motus
721 2421 836 2471 primi
865 2422 958 2459 caeli
991 2422 1036 2459 sit
1055 2427 1066 2442 ‘
1094 2423 1143 2458 ab
1172 2423 1316 2459 oriente
1344 2423 1384 2459 in

310 2475 562 2522 occidentem,
582 2482 710 2512 motus
729 2475 969 2524 planetarum
997 2475 1036 2512 in
1054 2475 1218 2524 propriis
1238 2476 1386 2513 circulis

310 2536 399 2566 sunt
427 2529 475 2566 ab
505 2528 702 2566 occidente
731 2528 770 2566 in
799 2527 998 2566 orientem.
1027 2528 1139 2566 Unde
1161 2529 1384 2571 rationabile

311 2589 368 2619 est
395 2581 500 2631 quod
518 2582 672 2631 planeta
691 2581 756 2630 qui
776 2590 832 2619 est
849 2582 1195 2632 propinquissimus
1223 2582 1386 2631 simplici

312 2642 349 2671 et
366 2635 513 2684 primae
534 2634 778 2682 circulationi,
796 2643 927 2672 contra
950 2648 1068 2684 quam
1083 2636 1103 2656 ³³*
1121 2635 1238 2672 fertur
1255 2636 1294 2673 in
1314 2649 1383 2672 suo

313 2687 467 2735 circulo,
486 2688 526 2726 in
544 2688 710 2737 plurimo
730 2695 905 2738 tempore
933 2696 1169 2738 pertranseat
1186 2689 1385 2738 proprium

313 2740 520 2788 circulum;
555 2741 651 2778 sicut
679 2741 864 2779 Saturnus
891 2741 930 2778 in
957 2742 1106 2790 triginta
1134 2742 1242 2779 annis
1271 2755 1385 2779 suum

313 2794 496 2832 circulum
524 2794 679 2843 peragit.
710 2795 867 2832 Planeta
895 2802 1023 2832 autern
1053 2795 1219 2832 maxime
1244 2796 1386 2833 distans

312 2861 336 2885 a
354 2860 536 2897 suprema
564 2848 737 2897 sphaera,
758 2848 895 2885 scilicet
922 2849 1023 2896 luna,
1043 2848 1083 2885 in
1107 2848 1269 2886 minimo
1289 2857 1384 2886 tem—

311 2914 407 2950 pore
433 2901 447 2928 t
473 2901 619 2950 peragit
647 2901 831 2938 circulum
859 2913 993 2949 suurn,
1027 2901 1168 2938 scilicet
1195 2902 1234 2939 in
1263 2902 1384 2951 spatio

2422 282 2493 318 179

1422 349 1536 386 unius
1571 348 1735 397 mensis,
1770 349 1833 386 vel
1867 348 1980 385 etiam
2013 339 2052 385 ih
2084 349 2236 385 minori.
2276 350 2376 385 Inter
2403 349 2496 386 alios

1425 410 1554 440 autem
1581 403 1771 451 planetas,
1801 401 2051 451 propinquior
2079 414 2282 450 supremae
2310 402 2495 450 sphaerae

1424 468 1578 504 semper
1607 455 1646 492 in
1674 455 1810 492 maiori
1845 462 2019 504 tempore
2054 454 2236 491 circulum
2271 467 2384 491 suum
2412 467 2497 503 per-

1424 509 1564 556 transit,
1588 509 1684 545 sicut
1713 509 1854 557 Iupiter
1881 508 1920 545 in
1951 507 2154 545 duodecim
2183 507 2302 554 annis,
2325 508 2430 544 Mars
2458 508 2497 545 in

1426 562 1598 608 duobus,
1627 562 1776 608 Venus,
1806 561 2019 599 Mercurius
2049 568 2085 598 et
2114 561 2180 598 Sol
2209 561 2286 597 fere
2314 560 2353 597 in
2381 573 2494 597 anno.

1426 616 1475 651 Et
1494 615 1546 651 sic
1566 614 1657 652 illud
1677 615 1783 662 quod
1806 614 1927 662 magis
1948 614 2058 651 distat
2077 626 2100 650 a
2119 626 2298 663 suprema
2323 614 2496 662 sphaera,

1427 667 1464 703 in
1483 667 1622 704 minori
1638 675 1811 716 tempore
1831 667 2032 716 pertransit
2051 679 2165 704 suurn
2186 667 2383 704 circulum:
2409 667 2499 716 quia

1426 720 1551 768 prima
1588 721 1750 768 sphaera
1783 721 1949 758 maxime
1986 721 2181 769 praevalet
2217 721 2391 769 planetae
2430 720 2498 756 sibi

1427 773 1771 821 propinquissimo,
1809 782 1844 811 et
1873 787 1917 811 ex
1945 775 2020 811 hoc
2048 782 2176 811 motus
2215 773 2422 810 contrarius
2456 774 2498 810 fit
2546 792 2549 794 ·

1428 825 1590 870 tardior;
1619 827 1793 874 planetae
1823 835 1950 863 autern
1975 827 2140 864 maxime
2163 827 2313 864 distanti
2341 826 2498 863 minime

1428 879 1635 927 praevalet,
1657 887 1812 927 propter
1837 881 1915 916 eius
1945 880 2172 927 distantiam,
2194 888 2231 917 et
2254 880 2342 917 ideo
2371 887 2499 917 motus

1430 931 1640 969 contrarius
1669 931 1708 968 in
1730 944 1775 968 eo
1798 940 1852 969 est
1870 933 2052 980 velocior,
2074 933 2213 970 scilicet
2240 933 2279 970 in
2306 934 2407 970 luna.
2439 934 2498 969 In-

1429 985 1603 1022 termedii
1623 992 1751 1022 autem
1779 986 1952 1034 planetae
1974 999 2014 1023 se
2038 987 2180 1023 habent
2208 987 2421 1024 secundum
2443 998 2499 1022 ra-

1429 1039 1575 1075 tionem
1605 1038 1823 1086 distantiae,
1862 1039 1956 1075 sicut
1985 1039 2241 1077 mathematici
2277 1039 2499 1085 ostendunt;

1430 1093 1480 1128 ita
1509 1091 1647 1128 scilicet
1675 1092 1780 1139 quod
1805 1092 2017 1140 superiores
2046 1094 2219 1141 planetae
2245 1093 2388 1130 tardius
2417 1105 2500 1129 mo-

1430 1153 1568 1182 ventur
1596 1145 1635 1181 in
1664 1144 1739 1181 suis
1766 1145 1928 1193 propriis
1957 1146 2134 1183 motibus.
2166 1146 2244 1183 Sed
2267 1147 2287 1167 *
2315 1153 2501 1195 quantum

1431 1199 1479 1235 ad
1508 1205 1659 1234 motum
1689 1210 1766 1246 quo
1800 1206 2006 1235 moventur
2043 1207 2151 1236 motu
2187 1199 2300 1248 primi
2327 1199 2500 1243 mobilis,

1431 1258 1573 1300 quanto
1603 1259 1691 1287 sunt
1718 1251 1945 1300 superiores,
1966 1259 2069 1289 tanto
2098 1253 2310 1289 velociores
2339 1260 2437 1300 sunt,
2461 1260 2503 1289 ut

1432 1316 1580 1352 supra
1569 1303 1790 1340 habitum
1820 1313 1885 1341 est.

1488 1358 1522 1394 3.
1543 1357 1704 1394 Videtur
1727 1365 1856 1394 autem
1877 1370 1923 1395 ex
1941 1359 2016 1394 hoc
2036 1360 2139 1406 quod
2158 1358 2376 1395 Aristoteles
2401 1358 2462 1395 hic
2482 1359 2502 1379 *

1433 1410 1532 1457 dicit,
1563 1411 1668 1459 quod
1696 1411 1734 1447 in
1768 1411 1992 1460 corporibus
2030 1411 2252 1448 caelestibus
2281 1412 2327 1448 sit
2363 1411 2503 1460 aliquid

1431 1461 1665 1510 violentum,
1696 1464 1727 1500 si
1746 1472 1874 1501 motus
1897 1465 2133 1513 planetarum
2158 1464 2503 1513 propinquiorum²⁰

1433 1529 1636 1565 supremae
1664 1517 1850 1565 sphaerae
1879 1518 2039 1554 efficitur
2066 1518 2207 1554 tardior
2233 1530 2278 1554 ex
2301 1518 2375 1554 hoc
2399 1517 2504 1565 quod

1433 1571 1628 1619 praevalet
1648 1570 1769 1618 magis
1789 1582 1904 1618 super
1917 1570 2042 1618 ipsum
2062 1578 2189 1607 motus
2208 1571 2353 1619 primae
2369 1572 2503 1619 sphae—

1434 1636 1511 1670 rae,
1541 1630 1697 1672 propter
1723 1623 2056 1672 propinquitatem.
2087 1624 2126 1660 Si
2151 1632 2279 1660 autem
2300 1631 2355 1660 est
2373 1624 2423 1660 ibi
2442 1623 2504 1660 ali-

1435 1676 1528 1726 quid
1559 1676 1798 1723 violentum,
1838 1676 2006 1725 sequitur
2043 1677 2146 1724 quod
2179 1684 2306 1713 motus
2343 1677 2392 1713 illi
2426 1689 2505 1714 non

1436 1730 1509 1767 sint
1537 1730 1790 1778 sempiternae
1821 1730 2029 1767 durationis
2057 1728 2069 1750 ⁰
2098 1730 2151 1766 sic
2176 1743 2215 1766 se
2244 1730 2439 1777 habentes,
2463 1738 2505 1766 ut

1436 1783 1656 1820 Aristoteles
1675 1784 1772 1820 vult:
1793 1783 1885 1820 nihil
1915 1783 2016 1820 enirn
2035 1783 2246 1820 violentum
2269 1791 2394 1831 potest
2423 1795 2504 1820 esse

1437 1836 1725 1885 sempiternum,
1751 1844 1792 1873 ut
1820 1849 1935 1885 supra
2008 1836 2180 1874 habitum
2211 1843 2276 1873 est.

1492 1890 1716 1938 Respondet
1734 1889 1845 1937 igitur
1863 1890 1912 1926 ad
1931 1891 2006 1926 hoc
2026 1890 2241 1926 Alexander
2269 1889 2374 1937 quod
2397 1901 2507 1938 prae-

1436 1943 1603 1980 valentia
1631 1955 1834 1992 supremae
1864 1944 2046 1992 sphaerae
2075 1943 2161 1980 facit
2184 1942 2340 1992 quidem
2364 1942 2402 1979 in
2420 1955 2507 1991 pro-

1437 1996 1626 2046 pinquiori
1636 1998 1788 2045 planeta
1803 1997 2066 2033 necessitatem
2082 1996 2274 2043 tarditatis,
2285 2009 2365 2033 non
2379 2003 2508 2032 tamen

1436 2050 1672 2087 violentiam.
1694 2051 1826 2087 Motus
1855 2050 1957 2086 enim
1986 2050 2037 2086 illi
2057 2050 2237 2086 caelestes
2262 2057 2348 2086 sunt
2375 2061 2508 2086 secun-

1438 2103 1532 2141 dum
1552 2103 1783 2140 intellectum
1803 2110 1840 2140 et
1858 2104 2115 2149 voluntatem3
2136 2103 2174 2140 in
2194 2103 2360 2140 motibus
2380 2110 2508 2139 autem

1438 2156 1661 2194 voluntariis
1695 2169 1774 2193 non
1804 2164 1859 2193 est
1885 2156 2096 2194 violentum
2127 2156 2231 2205 quod
2261 2164 2317 2193 est
2341 2163 2348 2176 ²
2377 2168 2509 2192 secun-

1439 2210 1533 2247 dum
1568 2211 1832 2256 voluntatem,
1867 2209 1982 2247 etiam
2019 2210 2051 2246 si
2084 2209 2130 2246 sit
2167 2222 2255 2246 cum
2288 2209 2528 2246 necessitate.

1439 2263 1619 2312 quadam.
1637 2264 1706 2300 Est
1728 2271 1856 2300 autem
1874 2264 2051 2300 voluntas
2075 2263 2265 2300 moventis
2285 2275 2508 2311 supremum

1438 2317 1633 2365 planetam
1652 2323 1676 2363 ⁸,
1708 2317 1756 2354 ad
1784 2317 1860 2353 hoc
1893 2316 1997 2364 quod
2030 2324 2187 2353 moveat
2219 2328 2330 2353 suum
2366 2316 2508 2352 mobile

1439 2369 1652 2407 secundum
1689 2369 2001 2407 convenientiam
2032 2370 2080 2407 ad
2117 2378 2268 2406 motum
2306 2369 2508 2418 superioris

1439 2423 1603 2470 mobilis,
1624 2423 1684 2459 cui
1704 2423 1892 2460 desiderat
1919 2423 2090 2460 similari:
2121 2423 2224 2460 unde
2242 2435 2320 2459 non
2341 2422 2510 2470 sequitur

1439 2476 1653 2513 tarditatem
1681 2476 1783 2513 illam
1812 2484 1940 2513 motus
1967 2476 2081 2525 primi
2114 2477 2287 2525 planetae
2317 2488 2399 2512 esse
2426 2476 2508 2513 vio-

1439 2531 1594 2567 lentam.

1492 2595 1531 2630 4·-
1562 2583 1640 2620 Sed
1668 2583 1743 2619 hoc
1771 2594 1850 2619 non
1878 2583 1991 2620 solvit
2018 2582 2179 2619 totaliter
2207 2582 2482 2619 dubitationem
2498 2610 2507 2628 ,

1439 2637 1490 2673 ita
1507 2643 1550 2673 ut
1568 2637 1761 2673 salventur
1778 2637 1796 2656 ²³²
1812 2636 1994 2684 principia
2013 2636 2062 2672 ab
2081 2636 2282 2672 Aristotele
2302 2635 2507 2684 supposita,

1440 2690 1504 2738 qui
1522 2689 1631 2738 ponit
1652 2687 1664 2709 λ
1683 2689 1790 2738 quod
1818 2701 1957 2738 corpus
1987 2689 2108 2725 maius
2135 2689 2303 2726 velocius
2331 2695 2510 2725 movetur

1439 2743 1594 2792 proprio
1615 2750 1724 2780 motu
1745 2749 1781 2779 et
1799 2742 1958 2779 naturali
1975 2743 2011 2778 2⁶:
2034 2742 2135 2778 unde
2155 2742 2184 2778 si
2203 2742 2262 2778 ille
2283 2748 2409 2778 motus
2429 2754 2506 2789 quo

1439 2797 1591 2845 planeta
1619 2803 1799 2845 movetur
1826 2795 1865 2832 in
1888 2795 2043 2844 proprio
2074 2795 2226 2841 circulo,
2248 2802 2304 2830 est
2330 2794 2506 2843 proprius

1441 2857 1477 2886 et
1505 2849 1695 2895 naturalis,
1718 2861 1958 2896 consequens
1988 2855 2043 2885 est
2070 2848 2174 2896 quod
2209 2848 2369 2895 sphaera
2397 2859 2506 2895 supe-

1440 2902 1544 2939 rioris
1563 2903 1750 2951 planetae,
1772 2914 1860 2938 cum
1887 2901 1932 2937 sit
1957 2900 2089 2947 maior,
2110 2900 2277 2937 velocius
2306 2908 2507 2936 moveatur

1010 2999 1814 3015 7———-———

367 3051 395 3086 a)
416 3051 491 3076 Dicit
508 3058 574 3084 ergo
587 3050 679 3083 primo
698 3050 777 3083 quod.
791 3065 810 3069 -
828 3051 878 3075 Pro
898 3051 979 3081 Dicit,
1004 3050 1127 3076 Ostendit
1146 3052 1179 3083 P;
1198 3052 1271 3084 quod
1289 3059 1343 3076 om.
1362 3052 1385 3076 A

313 3095 366 3112 non
383 3087 460 3111 bene.
473 3100 492 3105 —
505 3087 586 3111 Linea
604 3087 723 3118 sequenti
741 3086 841 3111 scilicet
859 3087 953 3111 omittit
972 3087 1000 3111 P.

368 3120 394 3156 β)
409 3122 547 3154 principia
572 3122 783 3146 mathematicae.
797 3136 817 3141 -
830 3122 969 3154 principia
994 3122 1182 3147 mathematica
1207 3123 1310 3147 codd.—
1323 3122 1386 3146 Post

314 3165 394 3183 unam
413 3158 458 3182 lin.
477 3157 690 3189 pro'rationem‚
711 3157 828 3182 rationes
849 3157 883 3185 D;
902 3165 950 3190 pro
970 3158 1015 3187 de,
1036 3158 1062 3182 in
1082 3158 1111 3182 P.

367 3192 395 3227 γ)
415 3192 538 3217 ordinem
555 3194 679 3216 autem...
693 3193 886 3218 Ptolomaeum.
897 3206 917 3211 -
930 3193 949 3217 P
969 3193 1031 3226 legit
1048 3193 1170 3218 ordinem
1189 3196 1278 3218 autem
1289 3193 1384 3225 plane-

315 3232 404 3254 tarum
419 3228 547 3253 dicuntur
555 3227 648 3259 primo
662 3227 842 3260 Pythagorici
855 3228 1067 3260 deprehendisse,
1081 3229 1202 3261 quamvis
1214 3236 1273 3253 cum
1289 3229 1386 3253 maiori

314 3263 457 3297 diligentia
467 3266 493 3288 et
502 3262 662 3296 perfectiori
674 3263 710 3287 sit
721 3262 893 3288 considerata
902 3270 955 3295 per
963 3264 1141 3297 Hyparchum
1156 3267 1182 3288 et
1195 3264 1384 3288 Ptolemaeum.

314 3300 365 3324 Pro
383 3299 438 3324 sint
455 3298 528 3328 haec,
544 3298 617 3322 multi
636 3298 712 3323 codd.
725 3299 815 3331 legunt
827 3298 863 3323 sit
878 3299 920 3324 hic
939 3299 980 3324 vel
994 3299 1050 3324 sint
1067 3299 1123 3329 hic;
1142 3299 1253 3331 legimus
1268 3307 1327 3323 cum
1341 3299 1385 3322 ΑΙ.

368 3333 394 3367 ὃ)
413 3333 513 3359 accidit
526 3333 598 3366 quod
612 3337 698 3358 motus
746 3336 809 3358 sunt
827 3334 969 3359 velociores
981 3338 1008 3359 et
1027 3334 1170 3359 tardiores.
1181 3348 1200 3353 —
1213 3334 1311 3359 accidit
1330 3341 1385 3357 mo-

315 3372 393 3395 tus...
406 3369 503 3394 habere
521 3372 609 3394 motus
628 3369 770 3394 velociores
789 3369 830 3394 vel
848 3369 982 3394 tardiores
999 3370 1037 3399 A,
1060 3370 1158 3395 accidit
1176 3369 1247 3401 quod
1266 3372 1385 3393 motus...

315 3404 412 3429 habere
430 3407 517 3429 motus
536 3404 679 3430 velociores
703 3407 730 3429 et
753 3404 888 3430 tardiores
907 3409 956 3430 cet.
970 3419 990 3423 -
1008 3405 1071 3429 Post
1089 3405 1153 3429 duas
1173 3405 1217 3429 lin.
1237 3411 1274 3428 ex
1292 3411 1345 3427 om.
1364 3403 1384 3427 P

315 3444 342 3464 et
359 3439 435 3464 codd.
454 3447 508 3464 exc.
526 3440 558 3464 A.

369 3474 392 3508 ε)
407 3482 484 3499 cum.
496 3474 594 3500 ‚sit-›-
607 3474 739 3507 quando..
740 3475 793 3508 .fit
806 3475 841 3506 P,
860 3475 1013 3508 quoniam..
1017 3475 1071 3500 .sit
1085 3474 1116 3504 D,
1131 3473 1274 3506 quando...
1287 3473 1323 3497 sit
1337 3477 1385 3497 cet.

316 3518 371 3535 exc.
385 3509 450 3535 A.-
463 3509 527 3534 Post
543 3517 623 3534 unam
642 3510 686 3535 lin.
705 3518 754 3543 pro
772 3513 848 3540 sunt,
860 3511 937 3543 fiunt
955 3511 984 3534 P.

369 3544 394 3579 ζ)
411 3545 437 3569 in
452 3544 560 3569 minimo
575 3548 730 3577 temporen-
740 3545 766 3570 in
783 3545 881 3570 minori
894 3548 1012 3577 tempore
1025 3545 1082 3568 P.-
1095 3544 1117 3567 A
1131 3543 1260 3576 procedit.
1274 3542 1386 3574 peragit

315 3580 416 3606 sczlicet
429 3580 557 3605 circulum
571 3588 648 3606 suum
664 3581 689 3605 in
709 3581 797 3612 spatio
809 3581 908 3606 scilicet
927 3579 1004 3604 unius
1023 3578 1127 3606 mensis,
1144 3578 1184 3602 vel
1197 3577 1277 3602 etiam
1295 3577 1321 3601 in
1337 3576 1385 3600 mi-

317 3615 385 3640 nori.
404 3616 455 3640 Pro
473 3615 614 3646 circulum,
634 3623 742 3641 cursum
762 3616 781 3640 P
803 3620 828 3640 et
847 3620 910 3646 cet.;
934 3614 1053 3647 quamvis
1073 3613 1140 3638 idem
1161 3612 1246 3644 quoad
1270 3619 1384 3641 sensum,

1440 3057 1535 3082 tamen,
1551 3051 1612 3083 quia
1626 3059 1674 3083 pro
1690 3050 1779 3075 ceteris
1799 3049 1907 3081 planetis
1927 3056 1978 3072 non
1997 3055 2111 3076 cursum,
2128 3047 2173 3071 sed
2188 3047 2314 3071 circulum
2331 3047 2376 3071 dici
2372 3051 2428 3078 ’,ωι-
2444 3048 2505 3072 ado-

1440 3087 1570 3119 ptavimus
1589 3087 1758 3111 circulumw-
1773 3085 1807 3109 lbi
1828 3085 1868 3109 vel
1886 3084 1965 3108 etiam
1985 3083 2011 3107 in
2032 3082 2136 3111 minori,
2157 3083 2175 3106 P
2190 3090 2244 3106 om.
2257 3082 2337 3106 etiam
2357 3082 2393 3106 in.

1493 3122 1520 3154 η)
1541 3125 1627 3146 motus
1641 3122 1814 3153 planetarum
1831 3118 2092 3151 propinquiorum.-
2106 3121 2192 3141 motus
2212 3118 2338 3148 planetae
2358 3118 2506 3150 propinqui

1439 3158 1470 3186 Α,
1491 3160 1578 3181 motus
1593 3157 1765 3188 planetarum
1779 3154 1957 3186 propinquius
1971 3153 2026 3177 D.-
2036 3153 2125 3176 Statim
2140 3152 2214 3176 codd.
2230 3160 2283 3176 exc.
2297 3153 2320 3176 A
2335 3153 2392 3177 add.
2407 3157 2433 3177 et
2447 3158 2505 3178 ante

1440 3200 1477 3217 ex
1495 3193 1552 3217 hoc.

1494 3225 1518 3259 θ)
1539 3229 1625 3251 motus
1640 3226 1679 3250 illi
1693 3232 1744 3249 non
1757 3224 1811 3249 sint
1829 3223 2005 3254 sempiternae
2021 3222 2211 3247 durationisff-
2223 3226 2309 3248 motus
2323 3223 2362 3247 illi
2376 3230 2427 3248 non
2442 3226 2505 3248 sunt

1439 3262 1594 3293 sempiterni
1611 3262 1648 3291 A;
1669 3266 1717 3284 cet.
1732 3259 1840 3291 legunt
1834 3267 1858 3282 m
1873 3258 1995 3290 singulari
2015 3258 2058 3284 ille
2077 3265 2128 3282 non
2147 3258 2191 3283 sit.
2205 3271 2224 3276 -
2242 3258 2307 3282 Infra
2326 3266 2373 3290 pro
2387 3266 2503 3290 praeva-

1437 3297 1534 3326 lentia,
1555 3296 1679 3320 violentia
1698 3295 1739 3319 ed.
1761 3292 1827 3319 1516
1847 3298 1872 3318 et
1890 3294 1964 3318 codd.
1984 3301 2037 3318 exc.
2055 3293 2086 3317 A.

1494 3332 1511 3363 ι)
1532 3331 1674 3356 violentum
1694 3329 1765 3361 quod
1779 3332 1851 3354 est.—
1860 3328 1932 3360 quod
1950 3331 1989 3353 est
2007 3336 2060 3352 om.
2071 3328 2090 3351 P
2105 3333 2130 3352 et
2144 3328 2219 3353 codd.
2239 3336 2292 3353 exc.
2310 3329 2367 3354 A.
2375 3329 2432 3353 Lin.
2447 3337 2504 3362 seq.

1439 3375 1487 3399 pro
1501 3366 1544 3394 sit,
1563 3366 1618 3390 sint
1636 3365 1663 3389 P.

1493 3402 1517 3433 κ)
1537 3407 1689 3432 supremum
1707 3400 1855 3431 planetam.
1867 3412 1886 3417 —
1899 3405 2051 3430 supremam
2071 3399 2210 3430 planetam
2229 3399 2266 3429 A,
2286 3403 2406 3432 corrupte
2424 3407 2505 3431 super

1434 3436 1554 3468 primum
1570 3436 1706 3467 planetam
1726 3435 1745 3458 P
1765 3440 1790 3458 et
1809 3434 1942 3459 cet.-Pro
1960 3434 2103 3459 secundum
2123 3434 2341 3464 convenientiam,
2360 3435 2504 3460 secundum

1439 3470 1650 3502 consequentiam
1670 3470 1704 3498 A,
1729 3469 1872 3494 secundum
1896 3469 2095 3502 generationem
2115 3474 2163 3494 cet.
2176 3482 2195 3488 —-
2213 3470 2270 3495 Lin.
2290 3478 2347 3502 seq.
2366 3478 2413 3502 pro
2431 3470 2504 3495 simi-

1438 3506 1499 3534 lari,
1519 3506 1541 3529 A
1561 3505 1719 3533 assimilari,·
1738 3512 1785 3537 pro
1805 3505 1875 3529 unde
1894 3505 1967 3528 multi
1987 3505 2062 3529 codd.
2081 3505 2154 3529 dum.

1492 3539 1520 3573 λ)
1541 3541 1586 3572 qui
1594 3540 1710 3572 ponit.-
1724 3540 1765 3564 Sic
1784 3540 1825 3564 ed.
1844 3538 1909 3564 1516
1929 3545 1954 3564 et
1973 3540 2061 3571 codd.;
2081 3540 2100 3564 P
2116 3540 2177 3573 legit
2190 3541 2372 3573 quiposuit.-
2383 3541 2435 3565 Pro
2450 3548 2503 3565 mo-

1440 3578 1530 3604 vetur,
1551 3575 1570 3599 P
1585 3581 1610 3599 et
1626 3575 1700 3599 codd.
1716 3582 1768 3599 exc.
1782 3576 1804 3599 A
1819 3578 1965 3600 moveatur.
1985 3576 2007 3599 A
2020 3575 2096 3600 vertit
2114 3576 2229 3607 proprio
2249 3580 2320 3601 motu
2340 3580 2366 3601 et
2385 3575 2505 3600 naturali

1439 3611 1464 3635 in
1479 3610 1593 3642 proprio
1612 3614 1638 3635 et
1656 3610 1776 3635 naturali
1794 3613 1882 3639 motu‚·
1901 3610 1909 3634 I
1929 3618 1982 3635 om.
1995 3613 2029 3635 et.

2529 1158 2539 1168 ⁸
2550 1158 2573 1179 si
2581 1164 2602 1185 A,
2613 1158 2674 1180 sicut
2684 1162 2728 1180 cet.

2531 1319 2539 1327 ·
2556 1317 2619 1339 Lect.
2630 1323 2662 1344 xi,
2678 1323 2730 1345 n.3.

2531 1372 2539 1381 ·
2557 1371 2594 1392 hic
2611 1376 2659 1392 om.
2674 1370 2743 1392 codd.

2629 1478 2644 1501 η

2629 1732 2642 1758 Θ

2534 1843 2544 1854 ’
2560 1842 2663 1871 Lect.1v,
2678 1850 2701 1865 n.
2711 1843 2732 1865 6.

2536 2644 2547 2654 ⁸
2569 2644 2721 2664 salvarentur

2537 2670 2605 2691 codd.
2614 2675 2662 2691 exc.
2670 2676 2692 2691 Α.

2627 2697 2644 2722 λ

2534 2750 2545 2760 ’
2554 2749 2683 2776 Cf.lect.x¹,
2692 2755 2715 2770 n.
2722 2748 2747 2770 6.
