2704 4108
323 301 370 326 XL

326 373 368 413 in
400 372 607 427 principio
640 370 870 411 lectionum
906 374 946 410 et
967 374 1068 423 post
1098 367 1268 409 Deinde
1299 382 1396 409 cum
1428 368 1533 409 dz'cz't
1563 374 1653 417 etc.,
1684 373 1944 423 quaerantur
1976 367 2019 408 in
2053 366 2366 409 commentario
2400 367 2515 410 Petri

327 435 380 476 de
414 433 630 475 Alvernia.

449 494 606 549 Quoad
639 493 882 535 Aristotelis
916 498 1079 533 textum
1114 492 1293 546 eiusque
1326 492 1573 533 versionem
1606 492 1793 541 latinam,
1819 506 1951 547 quam
1986 506 2039 534 ex
2072 492 2207 533 Piana
2231 491 2422 533 editione
2445 505 2512 534 re-

324 558 538 606 tinuimus,
573 562 615 597 et
647 555 823 596 omnino
858 554 976 608 quod
1010 553 1263 595 methodum
1303 568 1434 608 quam
1468 555 1596 596 etiam
1629 555 1672 595 in
1706 554 1962 596 adornando
2003 556 2086 596 hoc
2125 555 2251 596 tertio
2285 554 2513 596 volumine

323 620 456 660 secuti
489 632 653 667 sumus,
684 631 737 658 ne
772 615 921 657 eadem
955 621 1209 670 repetantur,
1244 617 1449 658 lectorem
1482 617 1737 659 remittimus
1771 617 1827 659 ad
1861 631 1911 659 ea
1946 631 2059 673 quae
2093 618 2282 659 diximus
2315 617 2358 658 in
2381 618 2513 659 Prae-

323 682 479 722 fatione
512 680 567 722 ad
600 680 697 720 Vol.
721 680 770 719 II.
804 677 876 718 Ad
909 677 1156 719 versionem
1190 685 1333 720 autem
1368 680 1680 736 corrigendam,
1715 680 1782 722 usi
1815 694 1967 722 sumus
2001 678 2224 722 codicibus
2252 681 2351 722 Vat.
2378 691 2511 735 2072,

325 743 472 784 Ottob.
504 741 629 796 1587,
664 742 760 781 Vat.
783 740 912 780 Palat.
946 741 1084 789 1033;
1118 753 1196 795 pro
1230 741 1340 782 libro
1374 741 1428 783 de
1466 742 1750 784 Generatione
1781 756 1901 793 vero,
1938 743 2066 785 etiam
2100 745 2198 786 Vat.
2226 754 2360 798 2071.

1157 870 1291 911 Codd.
1321 874 1366 911 et
1395 871 1502 912 Edd.
1532 872 1654 925 citat.

1004 976 1074 1001 PRO
1094 977 1350 1003 COMMENTARIO
1370 978 1403 1003 IN
1423 978 1480 1003 DE
1498 979 1620 1004 CAELO
1638 979 1694 1005 ET
1706 980 1848 1006 MUNDO

966 975 986 1001 1.

957 1048 987 1076 A
1145 1069 1154 1078 .
1202 1046 1284 1078 Cod.
1310 1048 1385 1079 Urb.
1413 1058 1477 1088 214

956 1097 982 1127 B
1314 1112 1352 1127 -ιο
1413 1109 1455 1140 24

955 1149 982 1180 C
1030 1172 1038 1181 .
1086 1172 1095 1180 .
1143 1172 1151 1181 .
1214 1163 1238 1178 ⁴»
1310 1151 1381 1182 Vat.
1406 1151 1503 1182 Palat.
1534 1151 1615 1182 1036

954 1201 983 1232 D
1031 1223 1039 1232 .
1086 1223 1095 1232 .
1143 1224 1151 1232 .
1223 1214 1238 1230 »
1309 1202 1426 1233 Mazar.
1454 1203 1515 1233 316

955 1251 982 1282 E
1313 1252 1431 1293 Burgh.
1463 1263 1538 1293 114,
1563 1260 1654 1285 antea
1677 1263 1719 1296 72

954 1303 980 1333 F
1310 1304 1466 1344 Amplon.
1490 1304 1512 1336 f.
1540 1306 1604 1345 354

955 1353 985 1384 G
1313 1354 1400 1395 Lips.
1425 1354 1519 1387 Univ.
1550 1357 1631 1396 1405

1357 1419 1371 1434 ›
1550 1417 1631 1448 1402

953 1457 965 1488 I
1031 1480 1039 1488 .
1087 1480 1095 1489 .
1142 1481 1151 1489 .
1309 1459 1413 1490 Berol.
1439 1459 1557 1499 Regius
1581 1459 1650 1497 Qrt.
1676 1461 1734 1501 ¹9⁵

952 1509 1022 1539 Par.
1088 1531 1096 1541 .
1143 1533 1151 1540 .
1223 1521 1239 1537 »
1310 1510 1406 1541 Paris.
1432 1510 1560 1541 Nation.
1585 1511 1653 1542 Lat.
1684 1511 1791 1551 16154

953 1558 1059 1590 Oxon.
1087 1582 1095 1589 .
1143 1583 1151 1590 .
1223 1571 1238 1587 ›
1309 1560 1435 1591 Bauiol.
1462 1560 1524 1603 278

951 1610 976 1640 P
1026 1633 1035 1640 .
1083 1632 1092 1641 .
1139 1632 1148 1641 .
1194 1610 1301 1642 Editio
1325 1612 1422 1643 Piana

986 1688 1015 1713 11.
1034 1688 1103 1714 PRO
1124 1667 1378 1714 COMMENTARIO
1399 1689 1431 1714 1N
1452 1690 1507 1714 DE
1525 1690 1611 1716 GEN.
1631 1690 1685 1715 ET
1701 1690 1809 1717 CORR,

950 1752 981 1780 A
1139 1774 1147 1782 .
1195 1750 1277 1783 Cod.
1301 1752 1438 1783 Merton.
1466 1762 1530 1794 274

950 1802 976 1832 B
1027 1825 1034 1833 .
1082 1826 1089 1833 .
1137 1825 1144 1833 .
1303 1803 1427 1835 Balliol.
1454 1813 1517 1846 ²47

951 1851 978 1884 C
1025 1877 1032 1884 .
1081 1875 1089 1884 .
1137 1875 1145 1885 .
1217 1866 1232 1881 »
1302 1854 1399 1886 Paris.
1424 1855 1552 1887 Nation.
1567 1855 1636 1887 Lat.
1658 1855 1743 1886 6525

949 1903 974 1933 P
1134 1928 1141 1935 .
1188 1903 1295 1935 Editio
1319 1905 1416 1936 Pinna

950 1963 970 1984 a
1295 1955 1410 1996 Papiae
1440 1956 1520 1996 1488

948 2005 967 2036 b
1296 2007 1376 2039 ven.
1406 2008 1487 2048 1498

985 2083 1025 2109 111.
1044 2083 1114 2109 PRO
1134 2084 1389 2111 COMMENTARIO
1410 2086 1454 2111 IN
1467 2085 1796 2113 METEOROLOGICA

947 2148 977 2178 A
1022 2169 1030 2178 .
1079 2169 1086 2179 .
1136 2171 1143 2178 .
1192 2147 1274 2179 Cod.
1300 2149 1370 2180 Vat.
1397 2149 1460 2189 846

946 2197 972 2228 B
1022 2220 1030 2229 .
1079 2221 1087 2229 .
1134 2221 1142 2229 .
1214 2211 1228 2226 »
1300 2199 1423 2231 Bauiol.
1450 2200 1512 2242 278

946 2248 971 2279 P
1132 2271 1141 2280 .
1188 2249 1295 2281 Editio
1320 2250 1416 2281 Pinna

945 2309 966 2329 a
1299 2301 1379 2333 Ven.
1408 2302 1490 2344 1537

1310 2926 1368 2966 60
