2696 4140
0 134 11 186 -0-1‘
0 0 12 121 ’κεν-’φευξ-

665 462 1008 574 INDEX
1063 492 1917 578 ALPHABETICUS

1218 653 1373 684 EORUM

1248 890 1346 912 SUPER

407 748 645 826 QUAE
695 759 1517 814 IN-COMMENTARIIS
1565 763 1760 815 D1v1
1810 764 2179 817 THOMAE

705 988 1056 1027 ARISTOTELIS
1082 989 1269 1026 LIBROS
1293 990 1365 1026 DE
1391 967 1663 1027 CAELO'ET
1687 991 1881 1028 MUNDO

1159 1106 1435 1135 CONTINENTUR

393 1339 487 1367 Stena
509 1355 544 1360 —
567 1338 681 1367 Litteris
701 1338 832 1368 romanis
852 1338 1012 1367 maioribus
1033 1338 1176 1367 indicatur
1196 1339 1272 1367 liber
1278 1349 1289 1373 ,·
1309 1339 1472 1368 minoribus
1494 1340 1596 1375 lectio;
1617 1340 1814 1369 numeralibus
1835 1341 1956 1370 arabicis
1973 1343 2193 1381 paragraphus.

530 1513 565 1548 A

197 1616 341 1644 Ausonum
357 1630 392 1635 -—
409 1615 545 1646 Quaedam
563 1616 681 1641 dicuntur
699 1616 820 1641 absolute
837 1620 892 1640 tan-

204 1672 206 1676 ,
233 1656 304 1684 uum
324 1652 455 1686 quaedam
472 1652 631 1685 quandoque
653 1652 788 1683 absolute,
811 1658 893 1684 quan-

212 1715 213 1718 *
229 1685 322 1723 deque
338 1688 454 1714 relative.
473 1687 514 1719 111,
528 1694 566 1719 111,
581 1695 607 1720 7.
628 1701 647 1706 -
665 1687 731 1713 Vide
749 1687 894 1712 Conm-

197 1746 333 1791 Ᾰοαὼηὶι
348 1772 381 1778 —-
395 1758 435 1783 Ex
446 1757 622 1783 accidentibus
636 1759 789 1784 devenimus
803 1758 836 1783 ad
850 1765 893 1782 co-

202 1824 203 1827 ,
233 1794 410 1829 poscendam
418 1798 537 1819 nanu-am
550 1793 635 1824 rei.11‚
645 1802 680 1825 iv,
691 1794 715 1820 3.
725 1807 745 1814 -
758 1793 893 1819 Generans

233 1829 279 1864 dat
294 1830 383 1856 omnia
405 1829 544 1854 accidentia
566 1830 691 1855 naturalia
715 1837 782 1863 quae
801 1836 893 1854 conse-

203 1892 205 1897 ,
233 1869 349 1899 quantur
364 1865 484 1890 formam.
497 1865 538 1896 111,
547 1872 592 1897 vu,
602 1865 628 1891 8.
641 1879 661 1884 -
672 1866 822 1890 Accidentia
833 1872 893 1890 sen-

230 1900 318 1935 μδίὣι
335 1900 447 1926 existunt
464 1908 518 1926 non
537 1901 624 1926 solum
643 1901 669 1926 in
683 1901 836 1934 corporibus
855 1901 892 1925 in-

200 1956 202 1960 ,
232 1935 378 1970 flexior-ibus,
393 1937 440 1968 sed
458 1941 484 1962 et
502 1937 529 1962 in
547 1936 711 1962 caelestibus.
725 1937 755 1968 11,
766 1943 817 1966 xiv,
831 1935 857 1962 8.
874 1949 894 1955 —

202 1997 205 1999 ,
238 1968 304 1999 Vide
322 1971 442 1998 Canna.

196 2007 394 2041 munuca
411 2020 448 2026 —
470 2007 535 2033 Vide
552 2007 768 2034 Pmmsoraaxa.

195 2043 282 2070 Am'w
299 2057 334 2063 --
351 2042 428 2069 Actio
446 2047 472 2068 et
494 2043 582 2076 passio
605 2043 751 2068 consistunt
768 2043 795 2068 in
819 2047 893 2068 motu

199 2103 208 2106 „
231 2072 300 2111 (ΙΙΙ
318 2078 454 2112 Hysia).
472 2079 497 2110 1,
519 2086 578 2110 xm,
603 2077 668 2104 5.-—
690 2079 893 2112 Consequuntur

155 2138 158 2140 .
200 2139 207 2142 ,
231 2119 341 2143 omnem
358 2118 469 2140 monim.
484 2114 504 2146 1,
516 2122 567 2146 xxv,
590 2122 612 2139 1.
624 2128 644 2133 —
657 2115 752 2140 Omnis
771 2115 837 2139 actio
849 2114 892 2138 vel

231 2149 322 2184 pusio
338 2149 418 2175 habet
441 2149 530 2176 finem.
548 2151 571 2181 1,
589 2157 644 2181 xxv,
665 2150 689 2175 5.
702 2150 832 2175 —Moveri
855 2149 893 2174 di-

200 2185 317 2216 -.voeais
334 2185 384 2211 viis
402 2185 435 2210 ad
453 2186 566 2211 eundem
584 2185 673 2216 finem,
687 2193 740 2210 non
753 2185 812 2210 facit
831 2193 893 2210 coa-

200 2240 203 2242 .
231 2221 390 2254 uarietatem
417 2221 556 2247 actionum.
580 2222 604 2253 1,
630 2228 692 2252 vm,
723 2220 763 2246 16.
781 2234 800 2241 -
817 2220 893 2246 Actio

201 2280 203 2282 .
231 2261 340 2290 propter
352 2255 433 2281 finem
445 2264 552 2290 semper
564 2257 592 2282 in
605 2256 710 2281 duobus
724 2256 849 2281 consistit.
863 2256 893 2286 11,

232 2298 303 2323 nm,
316 2299 345 2324 4.
361 2305 381 2310 —
399 2291 494 2322 Omnis
513 2292 587 2323 actio,
600 2291 679 2317 habet
693 2291 892 2317 determinatum

232 2332 346 2360 tempus.
365 2327 400 2357 11,
423 2335 464 2358 xx,
484 2326 509 2353 6.
527 2340 547 2348 —
569 2327 633 2353 Vide
657 2328 765 2357 Asana,
784 2327 892 2352 lusum-

200 2387 203 2389 .
232 2369 352 2388 mrum

196 2397 287 2424 Aeros
299 2411 335 2416 —
347 2397 561 2430 Propertionatur
571 2398 732 2431 perfectibili.
743 2398 762 2428 Ι,
774 2405 812 2428 111,
830 2405 894 2422 11.-

202 2453 203 2456 .
225 2433 375 2466 2Qsomodo
389 2435 423 2460 sit
431 2434 502 2466 prior
515 2435 630 2467 potentia
643 2439 669 2458 et
682 2433 816 2466 quomodo
830 2440 893 2458 non.

200 2493 204 2495 .
232 2469 254 2501 Ι,
265 2475 302 2501 xv,
318 2476 360 2495 12.
372 2477 439 2501 xnx,
453 2477 479 2503 7.
491 2483 511 2489 -
524 2469 619 2494 Forma
637 2474 679 2494 est
696 2474 768 2494 actus
784 2469 892 2501 primus,

231 2505 349 2537 operatio
367 2510 440 2530 actus
459 2505 589 2530 secundus
609 2505 658 2537 (11
673 2505 706 2530 de
716 2505 842 2536 Anima).
863 2504 891 2534 ΙΙ,

231 2547 267 2571 π,
287 2538 311 2565 3.
324 2554 344 2559 -
355 2541 448 2572 Actus,
468 2541 486 2566 i.
499 2548 523 2566 e.
542 2540 616 2566 actio.
635 2541 665 2570 ΙΙ,
683 2547 717 2571 rx,
737 2539 763 2565 6.
781 2547 852 2571 xvm,
870 2547 893 2564 1.

200 2599 204 2601 μ
230 2589 252 2595 -
267 2575 336 2601 Actu
354 2583 411 2602 ens.
434 2576 498 2602 Vide
516 2577 581 2602 Eas.

197 2611 311 2637 Ασῦτωι
328 2625 364 2630 -
381 2613 495 2637 Acutum
514 2613 540 2637 in
559 2620 633 2637 sono.
652 2612 680 2642 ll,
694 2619 744 2641 nv.
761 2611 786 2636 3.
810 2636 812 2638 ,

195 2646 332 2672 Amnum
345 2660 381 2666 -
394 2647 433 2672 Ex
446 2647 566 2673 admirari
585 2648 755 2680 incoeperunt
771 2646 892 2671 homines

232 2680 410 2715 philosophari
427 2683 464 2714 (Ι
477 2683 618 2716 Metaph).
637 2683 667 2713 II,
679 2689 738 2714 xxu,
754 2689 779 2707 2.

196 2717 375 2743 Amn’m—
387 2718 509 2751 Aegyptii
527 2723 552 2744 et
568 2718 702 2751 Babylonii
721 2722 847 2742 testantur
860 2717 892 2741 de

233 2752 324 2779 ordine
341 2753 517 2786 planetarum:
535 2754 650 2779 studium
669 2761 762 2778 eorum
781 2752 892 2778 maxime

232 2786 282 2814 fuit
293 2788 360 2814 circa
373 2789 554 2822 astrologiam:
573 2797 604 2814 ex
623 2797 714 2814 eorum
732 2788 893 2813 observatio-

233 2823 310 2849 nibus
329 2824 412 2850 multa
429 2823 558 2850 habemus
576 2825 609 2850 de
627 2824 719 2850 stellis.
738 2824 772 2854 11,
790 2831 851 2854 xvn,
866 2821 892 2847 6.

197 2859 425 2891 Alcmeo-naus
444 2874 478 2879 —
498 2860 616 2886 Circulus
642 2859 836 2893 aequinoctialis
855 2858 892 2882 di-

233 2893 298 2956 flidit
312 2895 422 2956 ωιὲιιω,
437 2903 521 2929 aeque
540 2897 638 2922 distans
653 2896 684 2920 ab
698 2900 811 2928 utroque
822 2893 893 2927 polo.

257 2948 265 2962 ,
278 2937 318 2962 m,
335 2938 344 2955 ι
367 2949 375 2956 .

197 2965 258 2991 Am
270 2977 306 2985 —-
320 2966 409 2992 Unum
426 2974 458 2992 ex
476 2967 612 2992 elementis
630 2966 733 2991 mediis.
750 2966 774 2996 1,
792 2974 829 2997 m,
853 2974 893 2990 11.

224 3007 260 3031 ‚v,
274 2999 300 3026 5.
317 3009 361 3034 xu,
380 3010 402 3027 1.
419 3010 471 3033 xvx,
484 3010 597 3036 7.>xvm,
611 3002 681 3036 9.11‚
695 3009 730 3031 xv,
744 3009 770 3035 9.
782 3001 893 3026 -Maio-

233 3043 291 3062 rem
309 3036 460 3063 affinitatem
478 3045 539 3063 cum
557 3037 617 3070 igne
637 3037 746 3062 habens.
764 3037 783 3067 1,
797 3045 834 3068 111,
853 3045 893 3062 ιι.

231 3085 252 3091 -
265 3071 368 3105 Corpus
386 3073 457 3104 leve,
478 3081 526 3098 seu
545 3073 616 3106 quod
634 3077 755 3098 movetur
777 3080 893 3097 sursum.

233 3107 259 3138 1,
277 3115 337 3139 vm,
360 3116 382 3134 1.
398 3122 419 3128 -
436 3108 514 3134 Levis
538 3116 586 3141 per
612 3108 834 3140 comparationem
861 3108 893 3132 ad

233 3149 330 3176 aquam
353 3148 379 3168 et
397 3148 506 3170 terram:
524 3143 610 3177 gravis
630 3148 750 3176 respectu
774 3143 850 3175 ignis.
870 3143 893 3172 1,

233 3185 270 3210 nr,
289 3186 316 3204 2.
332 3186 357 3210 V,
378 3178 402 3204 5.
420 3179 450 3209 ΙΙ,
467 3187 527 3208 xxn,
545 3178 637 3210 8.111,
655 3186 699 3208 lu,
718 3186 744 3211 7.
761 3186 813 3208 vu,
833 3177 858 3203 6.
875 3191 894 3198 ·-

200 3243 202 3246 y
234 3213 360 3244 Quamvis
374 3219 428 3240 tam
446 3222 491 3240 aer
508 3222 589 3247 quam
607 3214 674 3246 ignis
688 3218 824 3238 moveatur
836 3221 893 3238 sur-

234 3256 309 3281 sum,
328 3257 383 3274 non
401 3254 441 3275 est
459 3249 509 3274 illis
533 3249 640 3274 omnino
659 3249 729 3273 idem
748 3249 893 3273 secundum

235 3285 350 3318 speciem
368 3289 466 3310 motus.
479 3285 498 3315 1,
512 3292 546 3315 ιν,
562 3291 585 3309 2.
597 3298 617 3303 -
629 3285 682 3309 Aer
700 3289 822 3308 movetur
836 3291 894 3308 sur-

235 3327 296 3345 sum
314 3325 435 3353 respectu
453 3327 537 3352 aquae
555 3324 580 3344 et
595 3324 691 3350 terrae,
711 3319 835 3344 deorsum
853 3326 894 3343 re-

235 3359 326 3388 spectu
338 3355 413 3388 ignis,
428 3355 528 3387 absque
543 3359 661 3379 motuum
675 3354 861 3379 contrarietate.
875 3354 893 3384 1,

234 3398 269 3421 vi,
287 3390 328 3415 13.
340 3403 360 3410 κ
373 3390 424 3416 Per
437 3395 539 3415 motum
557 3389 621 3414 caeli
640 3389 754 3414 defertur
772 3396 895 3422 suprema

235 3433 296 3459 pars
316 3425 382 3450 aeris
404 3425 560 3450 circulariter
578 3425 615 3456 (1
624 3424 759 3456 Meteon).
777 3424 795 3454 1,
814 3431 848 3454 xv,
869 3432 894 3457 7.

235 3469 274 3492 vx,
298 3461 390 3491 12.11,
408 3469 432 3492 x,
455 3467 495 3485 12.
513 3467 588 3490 xvm,
611 3467 650 3484 io.
669 3467 736 3489 xx1v,
754 3467 781 3491 4.
799 3473 818 3478 -
836 3459 895 3484 Non

236 3502 323 3522 autem
341 3504 401 3529 pars
420 3495 533 3521 inferior.
554 3495 588 3525 11,
607 3503 680 3524 ΧΧΙν,
698 3502 725 3526 4.
743 3508 762 3514 -
780 3495 894 3520 Circula-

234 3532 272 3557 tio
291 3532 357 3557 aeris
378 3535 486 3564 propter
508 3535 610 3556 motum
634 3529 789 3555 firmamenti
813 3535 854 3555 est
872 3530 895 3555 ei

233 3567 432 3600 quodammodo
451 3574 531 3600 supra
549 3571 676 3591 naturam.
691 3567 710 3596 Ι,
723 3573 759 3596 1v,
774 3573 799 3598 7.
811 3579 831 3584 -
850 3566 895 3590 Se-

926 1386 1089 1422 Aristotelis
1110 1396 1200 1424 opera
1220 1387 1319 1415 litteris
1341 1387 1442 1416 italicis
1463 1387 1659 1426 designantur.

982 1511 1070 1544 quitur
1087 1511 1166 1536 talem
1185 1511 1376 1537 circulationem
1395 1513 1533 1545 complete.
1548 1513 1612 1538 ibid.
1623 1527 1643 1532 -

981 1547 1032 1572 Per
1045 1551 1147 1572 motum
1162 1552 1188 1572 et
1200 1548 1394 1580 percussionem
1407 1549 1565 1581 saggitas-um
1578 1548 1642 1581 igni-

982 1586 1025 1608 tur
1043 1590 1095 1608 aer.
1114 1583 1143 1613 11,
1162 1590 1184 1613 x,
1204 1582 1229 1613 6,
1246 1591 1271 1616 7.
1284 1597 1305 1604 —
1318 1583 1397 1609 Calor
1415 1589 1441 1608 et
1459 1583 1548 1608 lumen
1566 1584 1591 1608 in
1611 1591 1642 1608 eo

983 1623 1139 1650 generantur
1152 1626 1200 1652 per
1209 1624 1312 1644 motum
1326 1620 1463 1644 stellarum
1477 1624 1503 1644 et
1517 1619 1643 1652 sphaerae

983 1654 1110 1679 caelestis.
1136 1654 1171 1684 ll,
1196 1662 1228 1687 Χ,
1248 1653 1264 1679 6
1283 1662 1344 1688 sqq.
1362 1669 1381 1675 -·
1398 1655 1457 1679 Non
1483 1659 1571 1680 autem
1596 1663 1642 1687 per

983 1689 1192 1715 confricationem
1206 1695 1326 1715 mutuam
1337 1690 1404 1716 aeris
1414 1696 1440 1715 et
1454 1691 1570 1723 corporis
1585 1698 1642 1715 cae-

982 1725 1064 1750 lestis.
1084 1725 1118 1757 11,
1136 1733 1165 1756 Χ,
1188 1732 1228 1750 12.
1245 1740 1265 1745 -
1282 1726 1342 1751 Non
1366 1731 1455 1751 causat
1478 1727 1591 1751 calorem
1612 1726 1642 1751 in

982 1761 1074 1786 stellis.
1093 1761 1123 1790 11.
1134 1768 1158 1791 x,
1173 1769 1198 1794 7.
1211 1775 1230 1780 -
1244 1762 1332 1792 Quare
1346 1762 1373 1786 in
1387 1769 1446 1787 aere
1464 1770 1518 1786 non
1536 1769 1643 1795 semper

982 1797 1097 1829 aequalis
1111 1797 1145 1821 sit
1159 1797 1236 1821 calor.
1251 1797 1280 1827 ΙΙ,
1293 1805 1317 1829 Χ,
1332 1796 1358 1823 8.
1371 1811 1392 1817 —
1405 1797 1564 1823 Percussum
1577 1798 1642 1828 aeris

983 1837 1072 1857 causat
1090 1840 1196 1858 sonum.
1214 1832 1243 1863 11,
1256 1840 1306 1864 x1v,
1321 1832 1344 1863 5,
1364 1840 1403 1859 10.
1416 1846 1437 1853 -
1450 1833 1489 1858 De
1503 1834 1641 1858 contrarie-

982 1873 1034 1893 tate
1052 1867 1120 1892 inter
1138 1875 1225 1893 aerem
1243 1873 1270 1893 et
1287 1874 1392 1894 terram.
1411 1869 1446 1899 11,
1465 1876 1500 1900 ιν,
1519 1877 1545 1902 9.
1557 1883 1577 1888 -
1589 1870 1643 1894 Aer

983 1904 1124 1929 circumdat
1135 1911 1245 1937 aquam;
1265 1909 1291 1929 et
1309 1905 1365 1938 ipse
1379 1904 1411 1929 ab
1425 1904 1485 1936 igne
1499 1905 1642 1930 circumda-

982 1944 1033 1965 tur.
1046 1939 1076 1970 ΙΙ,
1088 1947 1123 1970 vr,
1138 1939 1162 1965 5.
1173 1954 1193 1959 -
1205 1939 1283 1970 Quod
1296 1944 1407 1973 utraque
1421 1940 1477 1964 eius
1492 1939 1642 1973 superficies

982 1976 1015 2000 sit
1029 1974 1163 2008 sphaerica
1179 1974 1312 2008 probatur.
1326 1977 1356 2006 11,
1369 1983 1403 2006 vi,
1417 1974 1444 1999 6.
1454 1989 1474 1994 -
1487 1975 1641 2008 Superficies

982 2012 1039 2036 eius
1062 2015 1103 2035 est
1128 2011 1211 2043 magis
1236 2011 1362 2044 regularis
1387 2019 1468 2043 quam
1491 2011 1641 2044 superficies

982 2054 1073 2079 aquae.
1093 2047 1122 2078 ll,
1135 2054 1170 2077 vr,
1186 2045 1211 2072 8.
1225 2060 1245 2065 —
1263 2047 1326 2071 Eius
1345 2046 1529 2079 diaphaneitas.
1548 2048 1577 2077 11,
1590 2055 1641 2079 Χῐν,

982 2082 1008 2108 8.
1024 2095 1044 2101 -
1059 2082 1179 2107 Deservit
1197 2083 1279 2107 motui
1297 2082 1411 2107 violento
1430 2087 1456 2107 et
1473 2083 1591 2108 naturali.
1611 2084 1640 2112 ΙΙ,

980 2126 1036 2149 vm,
1052 2117 1075 2143 5.
1094 2118 1134 2149 ΙΙΙ,
1148 2125 1193 2148 vu,
1208 2116 1233 2149 6,
1251 2125 1276 2150 7.
1289 2131 1308 2137 -
1319 2118 1361 2142 An
1376 2125 1407 2143 ex
1420 2119 1581 2143 necessitate.
1601 2119 1640 2150 ΙΙΙ,

980 2161 1025 2184 vu,
1044 2151 1069 2183 6,
1088 2152 1113 2184 8,
1133 2160 1158 2186 9.
1176 2166 1196 2172 -
1212 2153 1252 2178 De
1270 2153 1415 2178 resistentia
1433 2153 1500 2178 aeris
1524 2154 1549 2178 in
1568 2158 1640 2179 motu

982 2189 1100 2214 naturali.
1115 2189 1133 2219 Ι,
1147 2196 1208 2219 xvn,
1226 2196 1265 2213 11.
1280 2189 1320 2219 111,
1330 2196 1374 2219 vu,
1388 2187 1412 2213 8.
1430 2202 1450 2207 -
1466 2189 1563 2214 Aerem
1582 2197 1641 2214 esse

981 2223 1110 2249 infinitum
1124 2228 1269 2257 posuerunt
1281 2224 1396 2256 quidam.
1410 2224 1439 2254 11,
1452 2231 1510 2255 xxu,
1520 2231 1545 2255 4.
1557 2238 1577 2244 -
1589 2225 1642 2249 Re-

981 2259 1176 2292 prehenduntur
1199 2259 1231 2284 ab
1250 2259 1418 2292 Empedocle.
1437 2259 1471 2290 ΙΙ,
1489 2267 1555 2290 xxn,
1582 2259 1606 2285 5.
1623 2273 1641 2280 -

980 2295 1034 2320 Aer
1052 2295 1191 2320 conclusus
1207 2295 1318 2319 sustinet
1335 2302 1461 2327 magnum
1479 2295 1640 2327 gravitatem.

982 2330 1011 2360 11,
1025 2338 1092 2361 xxm,
1111 2338 1134 2355 1.
1151 2344 1170 2349 —
1187 2331 1228 2355 An
1246 2335 1342 2355 terram
1360 2330 1445 2362 ipsam
1461 2330 1596 2355 sustineat.
1611 2331 1640 2362 11,

981 2373 1042 2391 xxm
1056 2372 1108 2398 per
1127 2369 1175 2391 tot.
1193 2373 1264 2397 mv,
1284 2373 1309 2390 2.
1326 2379 1345 2384 -
1362 2365 1536 2391 Anaximenes
1554 2367 1642 2398 posuit

982 2409 1070 2427 aerem
1083 2401 1237 2434 principium
1251 2401 1379 2426 omnium.
1398 2402 1439 2430 ΙΙΙ,
1452 2409 1480 2432 n,
1497 2401 1520 2426 5.
1533 2415 1553 2421 -
1567 2402 1640 2426 Plato

981 2437 1030 2470 ipsi
1050 2436 1163 2462 attribuit
1181 2435 1292 2469 figuram
1309 2441 1369 2461 octo
1382 2436 1494 2462 basium.
1508 2438 1550 2467 111,
1565 2444 1600 2468 Ν,
1617 2445 1638 2463 1.

980 2486 1000 2491 -
1016 2472 1115 2497 Dicitur
1132 2472 1234 2497 aether.
1252 2472 1280 2502 ΙΙ,
1294 2479 1352 2501 xxu.
1369 2471 1394 2497 5.

944 2509 1094 2534 Asraamm
1111 2521 1147 2526 -—-
1165 2508 1308 2532 Aeternum
1330 2507 1474 2533 secundum
1492 2507 1571 2540 quid,
1593 2515 1640 2532 seu

980 2543 1115 2570 saeculum
1129 2543 1236 2568 alicuius
1253 2543 1299 2572 rei,
1312 2543 1403 2568 dicitur
1421 2543 1477 2568 eius
1489 2543 1569 2576 finis‚·
1588 2551 1641 2576 quo

982 2586 1069 2604 sensu.
1082 2579 1101 2609 1,
1115 2586 1164 2610 xxx,
1174 2586 1200 2612 9.
1212 2593 1231 2598 -
1243 2579 1386 2604 Aeternum
1400 2578 1556 2611 simpliciter
1569 2586 1640 2604 com-

981 2614 1117 2647 prehendit
1129 2622 1237 2639 omnem
1250 2614 1411 2639 durationem
1418 2622 1426 2645 ;
1446 2619 1471 2639 et
1484 2619 1525 2639 est
1537 2614 1579 2639 vel
1594 2614 1641 2639 du·-

981 2651 1046 2676 ratio
1065 2649 1216 2683 temporalis
1238 2648 1355 2682 infinita,
1379 2658 1432 2682 quo
1450 2657 1532 2675 sensu
1551 2649 1642 2674 dicitur

975 2686 1041 2720 flm's
1059 2685 1142 2711 totius
1159 2685 1241 2714 caeli,
1260 2686 1303 2710 vel
1322 2686 1435 2710 continet
1452 2684 1579 2710 infinitam
1593 2685 1641 2709 du-

980 2722 1106 2746 rationem
1122 2725 1204 2746 totum
1221 2721 1300 2746 simul
1314 2720 1436 2751 existens,
1451 2725 1477 2746 et
1488 2725 1529 2746 est
1546 2721 1640 2746 immo-

981 2756 1084 2781 bilium:
1109 2756 1160 2781 hoc
1182 2756 1275 2781 ultimo
1300 2764 1381 2781 sensu
1399 2756 1491 2781 dicitur
1513 2755 1571 2781 finis
1590 2756 1640 2781 im-

982 2791 1104 2817 mortalis
1122 2797 1148 2816 et
1167 2791 1282 2816 divinus.
1301 2792 1325 2822 1,
1343 2799 1396 2821 xxi,
1415 2799 1441 2825 9.
1459 2791 1495 2823 ΙΙ,
1514 2799 1532 2822 1,
1554 2798 1579 2816 2.
1600 2792 1640 2826 Cf.

981 2827 1062 2856 Dans,
1076 2827 1197 2852 Munnns.
1210 2841 1230 2846 -
1244 2827 1408 2860 etymologia
1425 2826 1503 2852 huius
1519 2827 1640 2852 nominis.

981 2862 1003 2893 Ι,
1021 2870 1076 2892 ni,
1115 2880 1121 2887 .

946 2899 1056 2923 Auram
1069 2870 1112 2916 —9
1118 2898 1276 2930 Supremum
1290 2897 1380 2922 mundi
1399 2898 1486 2922 locum
1506 2897 1570 2930 (seu
1584 2905 1640 2922 cor-

980 2941 1030 2966 pus
1045 2933 1172 2965 caeleste)
1192 2933 1290 2965 antiqui
1303 2933 1504 2958 nominaverunt
1516 2933 1626 2958 aethera
1634 2941 1642 2957 .’

982 2968 1106 2994 den'vatio
1124 2967 1200 2993 huius
1215 2968 1336 2994 nominis.
1351 2969 1370 2998 Ι,
1384 2976 1429 2998 vn,
1443 2976 1468 3002 7.
1486 2969 1527 3001 Cf.
1541 2969 1640 2993 Puro.

979 3018 999 3023 —
1016 3004 1182 3036 Anaxagoras
1196 3004 1288 3037 ,ipsum
1312 3003 1425 3030 attribuit
1442 3004 1509 3036 igni,
1533 3011 1641 3028 erronee

981 3044 1078 3064 tamen.
1095 3039 1114 3068 Ι,
1127 3047 1171 3068 vn,
1187 3047 1212 3071 7.
1227 3039 1267 3069 ΙΙΙ,
1281 3046 1336 3069 vm,
1348 3039 1374 3064 8.
1387 3052 1407 3059 -
1419 3039 1526 3068 Aether,
1547 3047 1641 3064 secun-

981 3075 1045 3100 dum
1054 3074 1242 3107 Empedoclem
1256 3079 1297 3099 est
1310 3082 1355 3100 aer
1362 3075 1404 3099 vel
1417 3075 1492 3106 ignis.
1505 3075 1534 3103 11,
1544 3082 1603 3103 ΠΗ,
1615 3072 1639 3098 5.

945 3111 1112 3136 Ammno
1125 3124 1158 3128 —-
1171 3108 1316 3135 Affirmatio
1339 3110 1437 3143 proprii
1456 3114 1496 3134 est
1518 3109 1639 3141 perfecta,

982 3145 1128 3171 communis
1147 3150 1235 3170 autem
1253 3145 1415 3178 imperfecta:
1435 3144 1537 3177 negatio
1551 3151 1580 3169 se
1594 3143 1640 3168 ha-

981 3181 1026 3206 bet
1038 3188 1053 3205 e
1067 3181 1204 3206 contrario.
1219 3181 1238 3210 I,
1251 3188 1319 3211 xxxv,
1334 3179 1359 3205 6.
1372 3194 1392 3199 -
1403 3179 1556 3209 Affirmatio,
1573 3179 1641 3203 idest

982 3216 1053 3248 quod
1067 3216 1178 3248 positive
1190 3215 1282 3240 dicitur
1295 3221 1325 3240 ut
1339 3215 1506 3247 completum,
1517 3219 1557 3239 est
1570 3214 1640 3247 prior

981 3251 1124 3284 privatione
1142 3256 1167 3276 et
1186 3251 1295 3276 defectu.
1314 3251 1347 3281 ΙΙ,
1366 3258 1404 3279 1v,
1424 3249 1449 3275 8.

946 3287 1040 3311 Asana
1058 3299 1094 3305 —
1111 3286 1200 3318 Agens
1219 3291 1261 3311 est
1277 3286 1430 3318 principium
1450 3284 1639 3314 extrinsecum

981 3321 1053 3353 prius
1068 3321 1182 3346 materia.
1196 3321 1235 3351 ΙΙΙ,
1245 3329 1300 3351 vm,
1318 3321 1340 3345 3.
1354 3335 1374 3339 -
1387 3320 1434 3344 Est
1443 3319 1537 3344 melius
1550 3326 1639 3351 passo.
1654 3353 1657 3355 .

984 3357 1003 3385 1,
1021 3363 1071 3387 xxi,
1094 3363 1135 3381 12.
1148 3370 1167 3375 -
1180 3356 1299 3380 Nobilius
1319 3356 1395 3380 facto.
1413 3355 1442 3385 11,
1455 3362 1525 3385 xvm,
1542 3362 1583 3386 ¹4·

1019 3391 1108 3423 Agens
1133 3391 1305 3416 intellectuale
1322 3392 1373 3423 agit
1391 3395 1498 3423 propter
1514 3389 1602 3414 finem.
1621 3389 1639 3418 1,

983 3433 1037 3455 vm,
1056 3433 1096 3457 14.
1113 3439 1133 3445 —-
1150 3426 1286 3458 Proprium
1303 3431 1343 3451 est
1361 3425 1510 3450 habentium
1526 3425 1639 3449 animam

983 3460 1135 3487 rationalem
1154 3460 1212 3493 (seu
1226 3460 1437 3493 intellectualem)
1457 3467 1534 3492 agere
1548 3464 1640 3492 popter

983 3494 1063 3520 finem
1077 3515 1084 3527 ,
1115 3501 1241 3528 tanquam
1271 3495 1392 3521 habentia
1424 3495 1568 3522 dominium
1600 3494 1640 3519 sui

984 3535 1066 3556 actus.
1085 3531 1114 3561 11,
1129 3539 1200 3562 xvm,
1219 3539 1241 3556 1.
1258 3545 1278 3550 -
1295 3532 1398 3556 Bonum
1417 3529 1494 3555 finale
1513 3535 1553 3555 est
1570 3530 1640 3563 prin-

985 3566 1079 3598 cipium
1103 3567 1128 3591 in
1153 3566 1276 3591 omnibus
1304 3566 1440 3600 agibilibus
1465 3565 1514 3597 (11
1534 3565 1640 3599 physic.

1740 1513 1793 1537 VII
1807 1513 1916 1545 Ethic.).
1935 1513 1998 1539 ibid.
2015 1526 2035 1534 —-
2052 1513 2133 1538 Maior
2150 1514 2231 1539 virtus
2250 1515 2390 1548 requiritur

1733 1555 1781 1580 per
1803 1549 1893 1581 plures
1918 1550 2031 1574 actiones
2054 1549 2189 1581 pervenire
2206 1550 2233 1575 in
2251 1550 2340 1577 finem.
2357 1552 2386 1581 11,

1733 1591 1810 1615 xvm,
1832 1584 1855 1609 3.
1877 1584 1916 1618 Cs.
1937 1585 2024 1609 Hono.
2041 1598 2061 1603 —
2078 1585 2191 1609 Effectus
2219 1587 2318 1618 agentis
2341 1595 2389 1619 per

1733 1619 1891 1644 intellectum
1916 1625 1941 1644 et
1958 1621 2134 1651 voluntatem,
2161 1621 2316 1646 assimilatur
2339 1623 2388 1655 ipsi

1734 1655 1878 1679 secundum
1901 1655 2134 1687 apprehensionem
2161 1657 2304 1682 intellectus
2331 1663 2388 1682 tan-

1733 1695 1800 1715 tum.
1812 1691 1830 1720 l,
1845 1698 1879 1721 w,
1894 1698 1920 1724 9.
1931 1705 1951 1709 -
1962 1691 2106 1716 inordinate
2124 1699 2199 1724 agere
2216 1693 2278 1725 quid
2292 1693 2333 1718 sit.
2348 1693 2388 1723 III,

1732 1733 1767 1755 νῐ,
1788 1725 1812 1751 5.
1830 1740 1849 1745 -
1866 1726 2013 1751 Differentia
2031 1726 2097 1751 inter
2115 1727 2268 1760 particulare
2286 1733 2312 1753 et
2331 1729 2388 1753 uni-

1732 1762 1834 1786 versale
1853 1766 1941 1794 agens,
1955 1769 1985 1786 ex
2003 1770 2035 1786 eo
2054 1763 2125 1795 quod
2143 1764 2295 1795 particulare
2313 1771 2389 1796 prae-

1733 1801 1863 1830 supponat
1889 1802 2008 1830 tempuS,
2026 1798 2173 1823 universale
2196 1804 2282 1823 autem
2300 1799 2388 1832 ipsum

1732 1833 1866 1865 producat.
1876 1833 1894 1864 1,
1903 1841 1938 1864 νῑ,
1948 1840 1974 1866 9.
1985 1847 2005 1851 -
2017 1834 2104 1866 Agens
2117 1834 2257 1866 principale
2269 1839 2295 1859 et
2308 1842 2388 1868 agens

1733 1868 1929 1893 instrumentale
1947 1869 1973 1893 in
1991 1876 2044 1901 quo
2065 1869 2191 1895 differant.
2209 1870 2238 1901 ΙΙ,
2256 1878 2306 1900 xix,
2325 1877 2351 1902 4.
2368 1884 2389 1889 -

1738 1903 1802 1928 Vide
1819 1904 1911 1934 Aeno,
1930 1904 2143 1929 lnsmmnwu.

1697 1939 1859 1964 Armanas
1873 1953 1906 1958 —
1921 1939 1983 1964 Eius
2002 1940 2128 1964 sententia
2147 1940 2178 1964 de
2197 1941 2313 1965 subiecto
2331 1941 2388 1965 libri

1733 1975 1766 1999 de
1791 1975 1886 2000 Caelo.-
1908 1975 2074 2007 approbatur.
2100 1976 2222 2001 Ptooem.
2239 1983 2271 2008 4,
2298 1975 2322 2001 5.
2347 1977 2388 2007 ΙΙΙ,

1733 2018 1750 2040 ¹,
1763 2017 1787 2035 2.
1799 2024 1818 2028 -
1831 2010 1968 2043 Impugnat
1982 2011 2137 2043 positionem
2150 2011 2303 2043 Stoicorum,
2319 2017 2389 2036 extra

1733 2046 1862 2070 mundum
1879 2053 1990 2071 vacuum
2009 2054 2068 2071 esse
2087 2047 2234 2072 dicentium.
2253 2047 2275 2077 Ι,
2294 2055 2343 2078 xxi,
2365 2047 2388 2077 3,

1732 2088 1759 2113 4.
1770 2095 1791 2100 -
1804 2082 1917 2106 Literam
1936 2083 2098 2114 exponendo,
2112 2083 2222 2115 applicat
2236 2083 2386 2115 corporibus

1733 2117 1886 2141 caelestibus
1912 2125 1942 2142 ea
1967 2125 2034 2150 quae
2057 2117 2230 2151 Philosophus
2255 2118 2332 2142 tradit
2356 2119 2387 2143 de

1732 2152 1899 2177 existentibus
1923 2158 1992 2177 extra
2010 2153 2118 2177 caelum.
2134 2154 2152 2184 Ι,
2166 2161 2215 2182 xxi.
2229 2161 2254 2186 7.
2267 2167 2287 2172 -
2298 2154 2388 2178 Voluit

1732 2188 1802 2220 quod
1818 2188 1891 2212 Plato
1905 2188 2000 2220 aliique
2015 2188 2112 2221 antiqui
2125 2188 2272 2221 philosophi
2285 2188 2335 2213 hoc
2348 2189 2387 2213 in-

1732 2223 1877 2248 telleximnt
1890 2224 1961 2255 quod
1970 2224 2050 2248 verba
2059 2231 2149 2248 eorum
2163 2225 2272 2248 exterius
2285 2229 2387 2249 sonant.

1731 2258 1756 2288 1,
1774 2266 1840 2287 xxu.
1859 2257 1885 2283 8.
1903 2272 1923 2277 —
1941 2259 2025 2283 Tenet
2049 2259 2134 2291 quod,
2157 2265 2230 2283 motu
2249 2261 2311 2284 caeli
2330 2268 2387 2284 ces-

1731 2299 1813 2323 sante,
1823 2294 1951 2318 elementa
1971 2302 2000 2318 se
2012 2294 2122 2319 invicem
2136 2300 2339 2327 corrumperent.
2357 2296 2386 2325 ΙΙ,

1731 2337 1766 2359 iv,
1780 2337 1788 2353 1
1796 2328 1820 2354 3.
1829 2343 1848 2348 -
1860 2330 1971 2362 Exponit
1980 2330 2125 2354 Aristotelis
2138 2330 2386 2356 demonstrationem

1730 2363 1828 2397 figurae
1852 2365 2000 2396 sphaericae
2023 2373 2162 2398 corporum
2185 2366 2284 2391 mundi.
2303 2366 2332 2396 ΙΙ,
2350 2374 2386 2397 vx,

1732 2398 1757 2424 6.
1774 2413 1794 2420 -
1811 2400 1944 2432 Expositio
1962 2405 2046 2425 textus
2065 2401 2131 2426 circa
2150 2401 2313 2426 velocitatem
2331 2409 2386 2427 ma-

1731 2436 1826 2460 ximam
1845 2436 2029 2467 proiectorum.
2047 2436 2076 2465 ll,
2095 2444 2150 2467 vm,
2166 2435 2190 2461 5.
2204 2451 2223 2458 -ν
2236 2437 2275 2461 De
2294 2437 2386 2462 calefa-

1732 2471 1816 2496 ctione
1834 2471 1984 2503 sagittarum
2003 2479 2050 2504 per
2063 2479 2159 2496 aerem.
2178 2472 2206 2503 ΙΙ,
2225 2479 2249 2503 Χ,
2268 2471 2293 2496 6.
2311 2486 2330 2491 -
2347 2473 2386 2497 De

1732 2507 1816 2531 calore
1826 2511 1852 2531 et
1865 2507 1963 2531 lumine
1970 2512 2093 2538 generato
2107 2514 2137 2531 ex
2151 2512 2224 2531 motu
2237 2508 2385 2532 stellarum:

1733 2541 1810 2566 dubia
1834 2542 1962 2574 quaedam
1981 2542 2072 2566 solvit:
2091 2543 2271 2574 quaestionem
2290 2548 2386 2568 movet.

1731 2577 1761 2608 11,
1775 2585 1799 2607 x,
1812 2584 1829 2610 9
1843 2585 1904 2610 sqq.
1916 2590 1936 2596 —
1948 2577 1987 2602 De
1999 2582 2073 2602 motu
2087 2578 2222 2602 stellarum
2236 2582 2262 2603 et
2274 2578 2385 2603 orbium.

1732 2613 1761 2643 11,
1773 2620 1806 2642 11,
1821 2612 1844 2642 3,
1856 2620 1883 2644 4.
1895 2626 1915 2631 —
1927 2613 1986 2637 Non
2004 2613 2071 2638 bene
2093 2613 2202 2645 explicat
2220 2618 2386 2646 apparentem

1731 2648 1794 2672 solis
1813 2648 2082 2681 circumgyrationem.
2101 2648 2133 2680 ΙΙ,
2148 2656 2195 2678 xn,
2214 2647 2276 2673 6.·.·-
2294 2649 2386 2674 Stellas

1731 2683 1833 2708 nonnisi
1846 2684 1987 2716 aequivoce
2001 2683 2120 2708 animalia
2134 2683 2256 2716 appellari
2269 2683 2386 2709 affirmat.

1731 2718 1761 2748 11,
1772 2726 1826 2750 1111,
1838 2726 1864 2750 4.
1877 2732 1898 2738 -
1909 2719 2067 2751 Corporibus
2081 2719 2234 2744 caelestibus
2249 2720 2387 2744 accidentia

1731 2754 1757 2779 in
1768 2762 1827 2779 esse
1837 2759 1915 2779 tenet.
1925 2754 1953 2785 11,
1963 2762 2014 2784 xw,
2026 2762 2051 2786 7.
2059 2768 2079 2773 —-
2088 2755 2253 2779 Aristotelem
2266 2755 2312 2779 Dei
2326 2763 2386 2787 pro-

1730 2789 1871 2814 videntiam
1887 2789 1953 2814 circa
1971 2789 2091 2814 inferiora
2109 2790 2243 2814 admittere
2260 2794 2339 2814 notat.
2358 2790 2386 2819 ΙΙ,

1729 2832 1780 2855 xxv,
1798 2833 1838 2849 11.
1849 2838 1868 2844 -
1882 2825 2032 2857 Respondet
2050 2825 2128 2849 dubio
2147 2825 2279 2857 quomodo
2296 2833 2386 2857 supre-

1730 2867 1789 2885 mae
1808 2860 1932 2892 sphaerae
1950 2861 2106 2892 prevalentia
2124 2860 2269 2884 tarditatem
2288 2865 2385 2891 causet,

1730 2903 1783 2920 non
1802 2900 1889 2920 tamen
1906 2895 2055 2920 violentiam
2077 2894 2168 2919 inferat
2188 2896 2307 2928 planetae
2324 2903 2384 2928 pro-

1730 2931 1874 2963 pinquiori:
1897 2938 1949 2955 non
1975 2930 2037 2955 satis
2060 2930 2134 2955 bene.
2153 2931 2188 2959 11,
2206 2938 2251 2959 xv,
2273 2930 2301 2961 3,
2320 2938 2345 2962 4.
2367 2944 2386 2950 ·-

1731 2966 1806 2991 Ratio
1824 2966 1855 2990 ab
1879 2966 1937 2998 ipso
1955 2966 2030 2990 allata
2049 2973 2129 2997 quare
2146 2966 2248 2997 planeta
2266 2966 2386 2997 superior

1729 3002 1819 3027 maiori
1830 3006 1947 3033 tempore
1961 3001 2085 3025 circulum
2100 3008 2178 3025 suum
2188 3001 2293 3033 peragit.
2304 3001 2334 3030 ΙΙ,
2343 3008 2384 3032 XV,

1730 3044 1756 3069 7.
1767 3050 1788 3055 —
1798 3036 2056 3068 Argumentationem
2071 3035 2221 3068 Philosophi
2240 3036 2306 3060 circa
2324 3036 2386 3060 stel-

1730 3072 1814 3096 larum
1835 3070 1944 3103 figuram
1963 3076 2056 3096 tuetur.
2075 3071 2107 3102 11,
2126 3078 2177 3100 ΧΠ,
2198 3070 2221 3101 3,
2240 3078 2265 3102 4.
2283 3083 2302 3091 ·-
2319 3071 2384 3095 Ter-

1729 3114 1785 3131 ram
1799 3106 1962 3131 inanimatam
1982 3106 2040 3131 esse
2054 3114 2085 3130 ex
2097 3106 2241 3131 Aristotelis
2253 3106 2385 3139 principiis

1730 3142 1866 3166 concludit.
1886 3142 1920 3171 ΙΙ,
1938 3149 2007 3171 xvm,
2031 3149 2071 3173 14.
2082 3155 2103 3160 —
2115 3141 2177 3166 Eius
2196 3141 2293 3166 solutio
2312 3141 2386 3166 dubi-

1729 3177 1829 3201 tationis
1855 3181 1940 3201 motae
1965 3177 2031 3201 circa
2055 3176 2288 3209 interpretationem
2312 3176 2384 3201 vocis

1730 3212 1894 3236 illomenum:
1917 3211 2078 3244 improbatur
2096 3219 2111 3236 a
2129 3211 2269 3244 Simplicio.
2287 3212 2316 3241 ΙΙ,
2335 3219 2384 3241 xxi,

1730 3246 1754 3272 5.
1767 3260 1787 3266 -
1800 3247 2048 3279 Expositio‘extorta
2065 3247 2205 3271 verborum
2218 3247 2384 3279 Empedoclis

1729 3282 1795 3307 circa
1814 3282 1903 3306 mundi
1919 3282 2119 3315 generationem.
2138 3282 2168 3312 11,
2181 3289 2248 3311 xxiv,
2265 3281 2288 3306 3.
2301 3296 2320 3301 —
2334 3283 2386 3306 Ra-

1729 3317 1826 3342 tionem
1839 3318 1923 3342 reddit
1936 3325 2016 3350 quare
2031 3317 2205 3350 Philosophus
2220 3318 2322 3342 caelum
2335 3318 2385 3342 ele-

1729 3356 1846 3377 mentum
1865 3353 1985 3385 appellet.
2005 3353 2045 3383 111,
2063 3360 2081 3382 1,
2102 3351 2127 3378 6.

1693 3388 1873 3413 Autumnus
1882 3401 1917 3406 —
1928 3388 1966 3413 De
1976 3388 2152 3420 magnitudine
2162 3388 2324 3413 rotunditatis
2334 3392 2385 3413 ter-

1728 3430 1781 3448 rae.
1800 3423 1829 3452 11,
1842 3430 1927 3454 xxvm,
1939 3430 1966 3454 4.

1692 3459 1850 3483 Annum-mn
1864 3472 1897 3476 —
1912 3458 1960 3482 Est
1983 3458 2114 3490 augmenti
2139 3458 2256 3491 materia:
2281 3458 2312 3483 ab
2331 3459 2385 3483 ani-

1729 3493 1840 3518 malibus
1858 3493 1966 3518 trahitur
1977 3493 2002 3518 in
2016 3492 2114 3518 orificio
2127 3494 2188 3525 oris,
2203 3502 2218 3518 a
2231 3494 2325 3526 plantis
2340 3501 2383 3518 au-

1729 3533 1783 3553 tem
1802 3529 1828 3553 in
1845 3529 1938 3554 radice.
1957 3529 1986 3560 11,
2005 3537 2032 3560 11,
2054 3527 2078 3553 5.
2099 3529 2140 3562 Q*-
2153 3530 2331 3554 Amnum.

1695 3565 1847 3589 Auem-m
1858 3578 1894 3583 —
1906 3564 1954 3589 Est
1972 3569 2059 3589 motus
2078 3565 2222 3590 secundum
2235 3565 2384 3597 qualitatem
