<?xml version="1.0" encoding="UTF-8"?>
<!DOCTYPE html PUBLIC "-//W3C//DTD XHTML 1.0 Transitional//EN"
    "http://www.w3.org/TR/xhtml1/DTD/xhtml1-transitional.dtd">
<html xmlns="http://www.w3.org/1999/xhtml" xml:lang="en" lang="en">
 <head>
  <title>
</title>
<meta http-equiv="Content-Type" content="text/html;charset=utf-8" />
  <meta name='ocr-system' content='tesseract 3.04.00' />
  <meta name='ocr-capabilities' content='ocr_page ocr_carea ocr_par ocr_line ocrx_word'/>
</head>
<body>
  <div class='ocr_page' id='page_1' title='image "./operaomniaiussui03thom/operaomniaiussui03thom_0250.png"; bbox 0 0 2782 4134; ppageno 0'>
   <div class='ocr_carea' id='block_1_1' title="bbox 321 301 397 336">
    <p class='ocr_par' dir='ltr' id='par_1_1' title="bbox 321 301 397 336">
     <span class='ocr_line' id='line_1_1' title="bbox 321 301 397 336; baseline 0.013 -1"><span class='ocrx_word' id='word_1_1' title='bbox 321 301 397 336; x_wconf 83' lang='lat'>206</span> 
     </span>
    </p>
   </div>
   <div class='ocr_carea' id='block_1_2' title="bbox 1024 293 1812 334">
    <p class='ocr_par' dir='ltr' id='par_1_2' title="bbox 1024 293 1812 334">
     <span class='ocr_line' id='line_1_2' title="bbox 1024 293 1812 334; baseline -0.006 -1"><span class='ocrx_word' id='word_1_2' title='bbox 1024 298 1094 334; x_wconf 92' lang='lat' dir='ltr'>DE</span> <span class='ocrx_word' id='word_1_3' title='bbox 1126 295 1300 332; x_wconf 91' lang='lat' dir='ltr'><strong>CAELO</strong></span> <span class='ocrx_word' id='word_1_4' title='bbox 1331 294 1400 331; x_wconf 91' lang='lat' dir='ltr'>ET</span> <span class='ocrx_word' id='word_1_5' title='bbox 1430 293 1625 330; x_wconf 93' lang='lat' dir='ltr'>MUNDO</span> <span class='ocrx_word' id='word_1_6' title='bbox 1656 293 1750 329; x_wconf 87' lang='lat' dir='ltr'>LIB.</span> <span class='ocrx_word' id='word_1_7' title='bbox 1781 293 1812 328; x_wconf 91' lang='lat' dir='ltr'>II</span> 
     </span>
    </p>
   </div>
   <div class='ocr_carea' id='block_1_3' title="bbox 859 511 1979 571">
    <p class='ocr_par' dir='ltr' id='par_1_3' title="bbox 859 511 1979 571">
     <span class='ocr_line' id='line_1_3' title="bbox 859 511 1979 571; baseline -0.004 0"><span class='ocrx_word' id='word_1_8' title='bbox 859 513 1157 571; x_wconf 91' lang='lat' dir='ltr'>LECTIO</span> <span class='ocrx_word' id='word_1_9' title='bbox 1195 511 1979 568; x_wconf 87' lang='lat' dir='ltr'><strong>VIGESIMASECUNDA</strong></span> 
     </span>
    </p>
   </div>
   <div class='ocr_carea' id='block_1_4' title="bbox 489 669 2353 770">
    <p class='ocr_par' dir='ltr' id='par_1_4' title="bbox 489 669 2353 770">
     <span class='ocr_line' id='line_1_4' title="bbox 489 669 2353 710; baseline -0.005 0"><span class='ocrx_word' id='word_1_10' title='bbox 489 677 727 710; x_wconf 88' lang='lat' dir='ltr'>DUBlTATIO</span> <span class='ocrx_word' id='word_1_11' title='bbox 753 675 883 707; x_wconf 92' lang='lat' dir='ltr'>CIRCA</span> <span class='ocrx_word' id='word_1_12' title='bbox 906 674 1081 705; x_wconf 89' lang='lat' dir='ltr'>TERRAE</span> <span class='ocrx_word' id='word_1_13' title='bbox 1105 673 1314 710; x_wconf 86' lang='lat' dir='ltr'>QUIETEM.</span> <span class='ocrx_word' id='word_1_14' title='bbox 1337 689 1359 695; x_wconf 94' lang='lat'><em>-</em></span> <span class='ocrx_word' id='word_1_15' title='bbox 1382 672 1476 703; x_wconf 91' lang='lat' dir='ltr'>NON</span> <span class='ocrx_word' id='word_1_16' title='bbox 1499 671 1701 709; x_wconf 88' lang='lat' dir='ltr'><strong>QUIESCIT</strong></span> <span class='ocrx_word' id='word_1_17' title='bbox 1724 671 1925 703; x_wconf 89' lang='lat' dir='ltr'>PROPTER</span> <span class='ocrx_word' id='word_1_18' title='bbox 1949 670 2235 702; x_wconf 84' lang='lat' dir='ltr'>INFINITATEM</span> <span class='ocrx_word' id='word_1_19' title='bbox 2257 669 2353 701; x_wconf 87' lang='lat' dir='ltr'>EIUS</span> 
     </span>
     <span class='ocr_line' id='line_1_5' title="bbox 736 729 2105 770; baseline -0.003 -6"><span class='ocrx_word' id='word_1_20' title='bbox 736 733 858 770; x_wconf 92' lang='lat' dir='ltr'><strong>QUOD</strong></span> <span class='ocrx_word' id='word_1_21' title='bbox 882 732 963 762; x_wconf 91' lang='lat' dir='ltr'>EST</span> <span class='ocrx_word' id='word_1_22' title='bbox 987 731 1213 770; x_wconf 89' lang='lat' dir='ltr'>DEORSUM,</span> <span class='ocrx_word' id='word_1_23' title='bbox 1236 730 1324 761; x_wconf 92' lang='lat' dir='ltr'>NEC</span> <span class='ocrx_word' id='word_1_24' title='bbox 1348 730 1550 761; x_wconf 88' lang='lat' dir='ltr'>PROPTER</span> <span class='ocrx_word' id='word_1_25' title='bbox 1572 730 1730 767; x_wconf 87' lang='lat' dir='ltr'>AQUAM</span> <span class='ocrx_word' id='word_1_26' title='bbox 1754 729 2105 760; x_wconf 87' lang='lat' dir='ltr'>SUSTENTANTEM</span> 
     </span>
    </p>
   </div>
   <div class='ocr_carea' id='block_1_5' title="bbox 1684 822 1704 848">
    <p class='ocr_par' dir='ltr' id='par_1_5' title="bbox 1684 822 1704 848">
     <span class='ocr_line' id='line_1_6' title="bbox 1684 822 1704 848; baseline 0 -1"><span class='ocrx_word' id='word_1_27' title='bbox 1684 822 1704 848; x_wconf 63' lang='grc' dir='ltr'>,Χ</span> 
     </span>
    </p>
   </div>
   <div class='ocr_carea' id='block_1_6' title="bbox 325 865 2519 914">
    <p class='ocr_par' dir='ltr' id='par_1_6' title="bbox 325 865 2519 914">
     <span class='ocr_line' id='line_1_7' title="bbox 325 865 2519 914; baseline -0.003 -10"><span class='ocrx_word' id='word_1_28' title='bbox 325 873 373 905; x_wconf 80' lang='grc' dir='ltr'>Τὸ</span> <span class='ocrx_word' id='word_1_29' title='bbox 398 872 456 914; x_wconf 80' lang='grc' dir='ltr'>μὲν</span> <span class='ocrx_word' id='word_1_30' title='bbox 483 870 539 903; x_wconf 74' lang='grc' dir='ltr'>οὖν</span> <span class='ocrx_word' id='word_1_31' title='bbox 567 870 739 912; x_wconf 75' lang='grc' dir='ltr'>ἀπορῆσαι</span> <span class='ocrx_word' id='word_1_32' title='bbox 764 869 866 900; x_wconf 76' lang='grc' dir='ltr'>πᾶσιν</span> <span class='ocrx_word' id='word_1_33' title='bbox 889 866 1078 914; x_wconf 82' lang='grc' dir='ltr'>ἀναγκαῖον</span> <span class='ocrx_word' id='word_1_34' title='bbox 1100 865 1270 899; x_wconf 78' lang='grc' dir='ltr'>ἐπελθεῖν·</span> <span class='ocrx_word' id='word_1_35' title='bbox 1297 865 1395 911; x_wconf 77' lang='grc' dir='ltr'>τάχα</span> <span class='ocrx_word' id='word_1_36' title='bbox 1420 869 1422 892; x_wconf 92' lang='grc' dir='ltr'>Ι</span> <span class='ocrx_word' id='word_1_37' title='bbox 1448 867 1466 886; x_wconf 85' lang='grc'><em>*</em></span> <span class='ocrx_word' id='word_1_38' title='bbox 1484 867 1647 898; x_wconf 86' lang='lat' dir='ltr'>Haesitare</span> <span class='ocrx_word' id='word_1_39' title='bbox 1671 866 1802 907; x_wconf 89' lang='lat' dir='ltr'>quidem</span> <span class='ocrx_word' id='word_1_40' title='bbox 1824 866 1920 906; x_wconf 86' lang='lat' dir='ltr'>igitur</span> <span class='ocrx_word' id='word_1_41' title='bbox 1943 867 2094 897; x_wconf 89' lang='lat' dir='ltr'>omnibus</span> <span class='ocrx_word' id='word_1_42' title='bbox 2118 867 2331 898; x_wconf 88' lang='lat' dir='ltr'>necessarium</span> <span class='ocrx_word' id='word_1_43' title='bbox 2347 873 2394 898; x_wconf 90' lang='lat' dir='ltr'>est</span> <span class='ocrx_word' id='word_1_44' title='bbox 2409 877 2519 908; x_wconf 89' lang='lat' dir='ltr'>super-</span> 
     </span>
    </p>
   </div>
   <div class='ocr_carea' id='block_1_7' title="bbox 326 910 1398 1760">
    <p class='ocr_par' dir='ltr' id='par_1_7' title="bbox 392 910 1396 1314">
     <span class='ocr_line' id='line_1_8' title="bbox 393 910 1395 962; baseline -0.006 -14"><span class='ocrx_word' id='word_1_45' title='bbox 393 917 456 962; x_wconf 77' lang='grc' dir='ltr'>γάρ</span> <span class='ocrx_word' id='word_1_46' title='bbox 481 914 694 959; x_wconf 86' lang='grc' dir='ltr'>ἀλυποτέρας</span> <span class='ocrx_word' id='word_1_47' title='bbox 718 910 871 950; x_wconf 75' lang='grc' dir='ltr'>διανοίας</span> <span class='ocrx_word' id='word_1_48' title='bbox 889 913 931 945; x_wconf 77' lang='grc' dir='ltr'>τὸ</span> <span class='ocrx_word' id='word_1_49' title='bbox 952 911 999 956; x_wconf 72' lang='grc' dir='ltr'>μὴ</span> <span class='ocrx_word' id='word_1_50' title='bbox 1017 911 1200 956; x_wconf 74' lang='grc' dir='ltr'>θαυμάζειν</span> <span class='ocrx_word' id='word_1_51' title='bbox 1221 911 1288 948; x_wconf 80' lang='grc' dir='ltr'>πῶς</span> <span class='ocrx_word' id='word_1_52' title='bbox 1307 910 1395 943; x_wconf 81' lang='grc' dir='ltr'>ποτὲ</span> 
     </span>
     <span class='ocr_line' id='line_1_9' title="bbox 394 954 1392 1005; baseline -0.006 -13"><span class='ocrx_word' id='word_1_53' title='bbox 394 961 508 1005; x_wconf 73' lang='grc' dir='ltr'>μικρόν</span> <span class='ocrx_word' id='word_1_54' title='bbox 534 959 591 1004; x_wconf 80' lang='grc' dir='ltr'>μὲν</span> <span class='ocrx_word' id='word_1_55' title='bbox 617 958 730 1003; x_wconf 81' lang='grc' dir='ltr'>μόριον</span> <span class='ocrx_word' id='word_1_56' title='bbox 756 958 818 995; x_wconf 75' lang='grc' dir='ltr'>τῆς</span> <span class='ocrx_word' id='word_1_57' title='bbox 844 958 929 1003; x_wconf 76' lang='grc' dir='ltr'>γῆς,</span> <span class='ocrx_word' id='word_1_58' title='bbox 959 956 999 989; x_wconf 75' lang='grc' dir='ltr'>ἂν</span> <span class='ocrx_word' id='word_1_59' title='bbox 1025 955 1243 1001; x_wconf 78' lang='grc' dir='ltr'>μετεωρισθὲν</span> <span class='ocrx_word' id='word_1_60' title='bbox 1271 954 1392 999; x_wconf 83' lang='grc' dir='ltr'>ἀφεθῇ,</span> 
     </span>
     <span class='ocr_line' id='line_1_10' title="bbox 394 999 1394 1049; baseline -0.005 -13"><span class='ocrx_word' id='word_1_61' title='bbox 394 1004 532 1049; x_wconf 81' lang='grc' dir='ltr'>φέρεται</span> <span class='ocrx_word' id='word_1_62' title='bbox 564 1005 622 1035; x_wconf 83' lang='grc' dir='ltr'>καὶ</span> <span class='ocrx_word' id='word_1_63' title='bbox 654 1002 762 1047; x_wconf 88' lang='grc' dir='ltr'>μένειν</span> <span class='ocrx_word' id='word_1_64' title='bbox 796 1001 856 1034; x_wconf 79' lang='grc' dir='ltr'>οὐκ</span> <span class='ocrx_word' id='word_1_65' title='bbox 889 1001 1015 1042; x_wconf 80' lang='grc' dir='ltr'>ἐθέλει,</span> <span class='ocrx_word' id='word_1_66' title='bbox 1045 1003 1102 1033; x_wconf 85' lang='grc' dir='ltr'>καὶ</span> <span class='ocrx_word' id='word_1_67' title='bbox 1128 1001 1169 1034; x_wconf 76' lang='grc' dir='ltr'>τὸ</span> <span class='ocrx_word' id='word_1_68' title='bbox 1195 1001 1309 1032; x_wconf 82' lang='grc' dir='ltr'>πλεῖον</span> <span class='ocrx_word' id='word_1_69' title='bbox 1343 999 1394 1032; x_wconf 82' lang='grc' dir='ltr'>ἀεὶ</span> 
     </span>
     <span class='ocr_line' id='line_1_11' title="bbox 393 1043 1392 1092; baseline -0.005 -12"><span class='ocrx_word' id='word_1_70' title='bbox 393 1049 538 1089; x_wconf 78' lang='grc' dir='ltr'>θᾶττον,</span> <span class='ocrx_word' id='word_1_71' title='bbox 565 1048 679 1080; x_wconf 80' lang='grc' dir='ltr'>πᾶσαν</span> <span class='ocrx_word' id='word_1_72' title='bbox 697 1043 734 1078; x_wconf 78' lang='grc' dir='ltr'>δὲ</span> <span class='ocrx_word' id='word_1_73' title='bbox 753 1047 817 1083; x_wconf 66' lang='grc' dir='ltr'>τήν</span> <span class='ocrx_word' id='word_1_74' title='bbox 843 1048 907 1092; x_wconf 81' lang='grc' dir='ltr'>γῆν</span> <span class='ocrx_word' id='word_1_75' title='bbox 934 1047 963 1077; x_wconf 86' lang='grc' dir='ltr'>εἴ</span> <span class='ocrx_word' id='word_1_76' title='bbox 987 1057 1037 1084; x_wconf 84' lang='grc' dir='ltr'>τις</span> <span class='ocrx_word' id='word_1_77' title='bbox 1058 1046 1153 1090; x_wconf 78' lang='grc' dir='ltr'>ἀφείη</span> <span class='ocrx_word' id='word_1_78' title='bbox 1172 1046 1392 1089; x_wconf 79' lang='grc' dir='ltr'>μετεωρίσας,</span> 
     </span>
     <span class='ocr_line' id='line_1_12' title="bbox 394 1087 1396 1136; baseline -0.005 -11"><span class='ocrx_word' id='word_1_79' title='bbox 394 1095 453 1126; x_wconf 82' lang='grc' dir='ltr'>οὐκ</span> <span class='ocrx_word' id='word_1_80' title='bbox 473 1092 511 1125; x_wconf 72' lang='grc' dir='ltr'>ἂν</span> <span class='ocrx_word' id='word_1_81' title='bbox 528 1092 676 1136; x_wconf 83' lang='grc' dir='ltr'>φέροιτο.</span> <span class='ocrx_word' id='word_1_82' title='bbox 698 1091 765 1123; x_wconf 86' lang='grc' dir='ltr'>Νὔν</span> <span class='ocrx_word' id='word_1_83' title='bbox 783 1087 811 1123; x_wconf 76' lang='grc' dir='ltr'>δ’</span> <span class='ocrx_word' id='word_1_84' title='bbox 829 1092 947 1136; x_wconf 78' lang='grc' dir='ltr'>ἠρεμεῖ</span> <span class='ocrx_word' id='word_1_85' title='bbox 963 1091 1130 1123; x_wconf 72' lang='grc' dir='ltr'>τοσοῦτον</span> <span class='ocrx_word' id='word_1_86' title='bbox 1153 1089 1266 1133; x_wconf 88' lang='grc' dir='ltr'>βάρος.</span> <span class='ocrx_word' id='word_1_87' title='bbox 1287 1090 1396 1121; x_wconf 77' lang='grc' dir='ltr'>Ἀλλά</span> 
     </span>
     <span class='ocr_line' id='line_1_13' title="bbox 393 1135 1394 1182; baseline -0.004 -14"><span class='ocrx_word' id='word_1_88' title='bbox 393 1138 458 1181; x_wconf 74' lang='grc' dir='ltr'>μην</span> <span class='ocrx_word' id='word_1_89' title='bbox 488 1139 545 1168; x_wconf 81' lang='grc' dir='ltr'>καὶ</span> <span class='ocrx_word' id='word_1_90' title='bbox 572 1138 600 1168; x_wconf 83' lang='grc' dir='ltr'>εἴ</span> <span class='ocrx_word' id='word_1_91' title='bbox 625 1148 675 1173; x_wconf 85' lang='grc' dir='ltr'>τις</span> <span class='ocrx_word' id='word_1_92' title='bbox 703 1137 768 1167; x_wconf 81' lang='grc' dir='ltr'>τῶν</span> <span class='ocrx_word' id='word_1_93' title='bbox 800 1135 984 1182; x_wconf 78' lang='grc' dir='ltr'>φερομένων</span> <span class='ocrx_word' id='word_1_94' title='bbox 1016 1137 1137 1179; x_wconf 87' lang='grc' dir='ltr'>μορίων</span> <span class='ocrx_word' id='word_1_95' title='bbox 1165 1135 1292 1175; x_wconf 77' lang='grc' dir='ltr'>αὐτῆς,</span> <span class='ocrx_word' id='word_1_96' title='bbox 1320 1136 1394 1178; x_wconf 87' lang='grc' dir='ltr'>πρὶν</span> 
     </span>
     <span class='ocr_line' id='line_1_14' title="bbox 393 1178 1395 1228; baseline -0.005 -13"><span class='ocrx_word' id='word_1_97' title='bbox 393 1186 518 1222; x_wconf 77' lang='grc' dir='ltr'>πεσεῖν,</span> <span class='ocrx_word' id='word_1_98' title='bbox 541 1182 695 1225; x_wconf 79' lang='grc' dir='ltr'>ύφαιροίη</span> <span class='ocrx_word' id='word_1_99' title='bbox 722 1180 786 1217; x_wconf 72' lang='grc' dir='ltr'>τήν</span> <span class='ocrx_word' id='word_1_100' title='bbox 811 1182 890 1228; x_wconf 78' lang='grc' dir='ltr'>γῆν,</span> <span class='ocrx_word' id='word_1_101' title='bbox 911 1179 1109 1217; x_wconf 73' lang='grc' dir='ltr'>οἰσθήσεται</span> <span class='ocrx_word' id='word_1_102' title='bbox 1133 1178 1230 1211; x_wconf 85' lang='grc' dir='ltr'>κάτω</span> <span class='ocrx_word' id='word_1_103' title='bbox 1255 1178 1395 1223; x_wconf 76' lang='grc' dir='ltr'>μηθενὸς</span> 
     </span>
     <span class='ocr_line' id='line_1_15' title="bbox 395 1223 1396 1271; baseline -0.003 -13"><span class='ocrx_word' id='word_1_104' title='bbox 395 1228 666 1271; x_wconf 75' lang='grc' dir='ltr'>ἀντερείσαντας.</span> <span class='ocrx_word' id='word_1_105' title='bbox 700 1224 803 1258; x_wconf 69' lang='grc' dir='ltr'>’Ὠστε</span> <span class='ocrx_word' id='word_1_106' title='bbox 830 1225 871 1257; x_wconf 80' lang='grc' dir='ltr'>τὸ</span> <span class='ocrx_word' id='word_1_107' title='bbox 896 1225 955 1270; x_wconf 76' lang='grc' dir='ltr'>μέν</span> <span class='ocrx_word' id='word_1_108' title='bbox 993 1225 1130 1269; x_wconf 81' lang='grc' dir='ltr'>ἀπορεῖν</span> <span class='ocrx_word' id='word_1_109' title='bbox 1160 1223 1299 1261; x_wconf 80' lang='grc' dir='ltr'>εἰκότως</span> <span class='ocrx_word' id='word_1_110' title='bbox 1326 1223 1396 1269; x_wconf 81' lang='grc' dir='ltr'>ἐγέ-</span> 
     </span>
     <span class='ocr_line' id='line_1_16' title="bbox 392 1268 858 1314; baseline -0.006 -11"><span class='ocrx_word' id='word_1_111' title='bbox 392 1283 470 1303; x_wconf 87' lang='grc' dir='ltr'>νετο</span> <span class='ocrx_word' id='word_1_112' title='bbox 496 1268 711 1314; x_wconf 80' lang='grc' dir='ltr'>φιλοσόφημα</span> <span class='ocrx_word' id='word_1_113' title='bbox 737 1270 858 1302; x_wconf 81' lang='grc' dir='ltr'>πᾶσιν·</span> 
     </span>
    </p>

    <p class='ocr_par' dir='ltr' id='par_1_8' title="bbox 393 1309 1396 1359">
     <span class='ocr_line' id='line_1_17' title="bbox 393 1309 1396 1359; baseline -0.003 -12"><span class='ocrx_word' id='word_1_114' title='bbox 393 1312 432 1347; x_wconf 66' lang='grc' dir='ltr'>δὲ</span> <span class='ocrx_word' id='word_1_115' title='bbox 456 1315 518 1352; x_wconf 75' lang='grc' dir='ltr'>τάς</span> <span class='ocrx_word' id='word_1_116' title='bbox 544 1316 618 1359; x_wconf 85' lang='grc' dir='ltr'>περὶ</span> <span class='ocrx_word' id='word_1_117' title='bbox 645 1313 773 1346; x_wconf 72' lang='grc' dir='ltr'>τούτου</span> <span class='ocrx_word' id='word_1_118' title='bbox 793 1314 904 1352; x_wconf 76' lang='grc' dir='ltr'>λύσεις</span> <span class='ocrx_word' id='word_1_119' title='bbox 926 1313 972 1357; x_wconf 69' lang='grc' dir='ltr'>μή</span> <span class='ocrx_word' id='word_1_120' title='bbox 991 1314 1121 1357; x_wconf 76' lang='grc' dir='ltr'>μᾶλλον</span> <span class='ocrx_word' id='word_1_121' title='bbox 1141 1312 1292 1350; x_wconf 81' lang='grc' dir='ltr'>ἀτόπους</span> <span class='ocrx_word' id='word_1_122' title='bbox 1310 1309 1396 1344; x_wconf 83' lang='grc' dir='ltr'>εἶναι</span> 
     </span>
    </p>

    <p class='ocr_par' dir='ltr' id='par_1_9' title="bbox 393 1356 1148 1403">
     <span class='ocr_line' id='line_1_18' title="bbox 393 1356 1148 1403; baseline -0.003 -11"><span class='ocrx_word' id='word_1_123' title='bbox 393 1356 503 1392; x_wconf 78' lang='grc' dir='ltr'>δοκεῖν</span> <span class='ocrx_word' id='word_1_124' title='bbox 528 1360 592 1396; x_wconf 78' lang='grc' dir='ltr'>τῆς</span> <span class='ocrx_word' id='word_1_125' title='bbox 619 1356 762 1403; x_wconf 78' lang='grc' dir='ltr'>ἀπορίας</span> <span class='ocrx_word' id='word_1_126' title='bbox 789 1358 991 1403; x_wconf 67' lang='grc' dir='ltr'>θαυμάσειεν</span> <span class='ocrx_word' id='word_1_127' title='bbox 1019 1357 1058 1390; x_wconf 84' lang='grc' dir='ltr'>α”ν</span> <span class='ocrx_word' id='word_1_128' title='bbox 1085 1369 1148 1395; x_wconf 89' lang='grc' dir='ltr'>τις.</span> 
     </span>
    </p>

    <p class='ocr_par' dir='ltr' id='par_1_10' title="bbox 326 1398 1398 1580">
     <span class='ocr_line' id='line_1_19' title="bbox 326 1398 1395 1450; baseline -0.004 -14"><span class='ocrx_word' id='word_1_129' title='bbox 326 1406 363 1436; x_wconf 88' lang='grc' dir='ltr'>Οἱ</span> <span class='ocrx_word' id='word_1_130' title='bbox 389 1404 447 1448; x_wconf 82' lang='grc' dir='ltr'>μὲν</span> <span class='ocrx_word' id='word_1_131' title='bbox 473 1404 536 1450; x_wconf 77' lang='grc' dir='ltr'>γάρ</span> <span class='ocrx_word' id='word_1_132' title='bbox 562 1398 622 1435; x_wconf 72' lang='grc' dir='ltr'>διαὶ</span> <span class='ocrx_word' id='word_1_133' title='bbox 646 1404 766 1436; x_wconf 82' lang='grc' dir='ltr'>ταῦτα</span> <span class='ocrx_word' id='word_1_134' title='bbox 793 1403 929 1446; x_wconf 80' lang='grc' dir='ltr'>ἄπειρον</span> <span class='ocrx_word' id='word_1_135' title='bbox 955 1402 997 1435; x_wconf 78' lang='grc' dir='ltr'>τὸ</span> <span class='ocrx_word' id='word_1_136' title='bbox 1021 1401 1118 1434; x_wconf 82' lang='grc' dir='ltr'>κάτω</span> <span class='ocrx_word' id='word_1_137' title='bbox 1143 1401 1207 1439; x_wconf 85' lang='grc' dir='ltr'>τῆς</span> <span class='ocrx_word' id='word_1_138' title='bbox 1228 1401 1290 1447; x_wconf 73' lang='grc' dir='ltr'>γῆς</span> <span class='ocrx_word' id='word_1_139' title='bbox 1309 1398 1395 1433; x_wconf 82' lang='grc' dir='ltr'>εἷναί</span> 
     </span>
     <span class='ocr_line' id='line_1_20' title="bbox 393 1445 1396 1493; baseline -0.003 -13"><span class='ocrx_word' id='word_1_140' title='bbox 393 1460 506 1493; x_wconf 86' lang='grc' dir='ltr'>φασιν,</span> <span class='ocrx_word' id='word_1_141' title='bbox 526 1449 578 1480; x_wconf 83' lang='grc' dir='ltr'>ἐπ’</span> <span class='ocrx_word' id='word_1_142' title='bbox 600 1448 737 1492; x_wconf 78' lang='grc' dir='ltr'>ἄπειρον</span> <span class='ocrx_word' id='word_1_143' title='bbox 757 1448 868 1484; x_wconf 72' lang='grc' dir='ltr'>αὐτην</span> <span class='ocrx_word' id='word_1_144' title='bbox 886 1448 918 1492; x_wconf 85' lang='grc' dir='ltr'>ἑρ</span> <span class='ocrx_word' id='word_1_145' title='bbox 941 1445 1080 1489; x_wconf 81' lang='grc' dir='ltr'>ιζῶσθαι</span> <span class='ocrx_word' id='word_1_146' title='bbox 1096 1446 1269 1492; x_wconf 85' lang='grc' dir='ltr'>λέγοντες,</span> <span class='ocrx_word' id='word_1_147' title='bbox 1285 1445 1396 1487; x_wconf 79' lang='grc' dir='ltr'>ὥσπερ</span> 
     </span>
     <span class='ocr_line' id='line_1_21' title="bbox 394 1460 1398 1537; baseline -0.003 -12"><span class='ocrx_word' id='word_1_148' title='bbox 394 1492 583 1536; x_wconf 71' lang='grc' dir='ltr'>Ξενοφάνης</span> <span class='ocrx_word' id='word_1_149' title='bbox 613 1493 629 1524; x_wconf 86' lang='grc' dir='ltr'>ὀ</span> <span class='ocrx_word' id='word_1_150' title='bbox 657 1492 887 1536; x_wconf 78' lang='grc' dir='ltr'>Κολοφώνιος,</span> <span class='ocrx_word' id='word_1_151' title='bbox 917 1460 976 1523; x_wconf 59' lang='grc' dir='ltr'>’ἵνα</span> <span class='ocrx_word' id='word_1_152' title='bbox 1008 1491 1054 1535; x_wconf 76' lang='grc' dir='ltr'>μή</span> <span class='ocrx_word' id='word_1_153' title='bbox 1089 1491 1266 1537; x_wconf 78' lang='grc' dir='ltr'>πράγματ’</span> <span class='ocrx_word' id='word_1_154' title='bbox 1296 1490 1398 1535; x_wconf 83' lang='grc' dir='ltr'>ἔχωσι</span> 
     </span>
     <span class='ocr_line' id='line_1_22' title="bbox 394 1537 1125 1580; baseline -0.001 -11"><span class='ocrx_word' id='word_1_155' title='bbox 394 1538 580 1580; x_wconf 64' lang='grc' dir='ltr'>ζητοῦντες</span> <span class='ocrx_word' id='word_1_156' title='bbox 606 1537 671 1573; x_wconf 73' lang='grc' dir='ltr'>τήν</span> <span class='ocrx_word' id='word_1_157' title='bbox 699 1538 831 1570; x_wconf 81' lang='grc' dir='ltr'>αἰτίαν·</span> <span class='ocrx_word' id='word_1_158' title='bbox 1122 1537 1125 1540; x_wconf 54' lang='lat'><strong>⁴</strong></span> 
     </span>
    </p>

    <p class='ocr_par' dir='ltr' id='par_1_11' title="bbox 328 1576 1283 1626">
     <span class='ocr_line' id='line_1_23' title="bbox 328 1576 1283 1626; baseline -0.004 -12"><span class='ocrx_word' id='word_1_159' title='bbox 328 1578 381 1615; x_wconf 75' lang='grc' dir='ltr'>διὸ</span> <span class='ocrx_word' id='word_1_160' title='bbox 404 1584 462 1614; x_wconf 82' lang='grc' dir='ltr'>καὶ</span> <span class='ocrx_word' id='word_1_161' title='bbox 480 1576 717 1626; x_wconf 70' lang='grc' dir='ltr'>Ἐμπεδοκλῆς</span> <span class='ocrx_word' id='word_1_162' title='bbox 743 1581 850 1618; x_wconf 78' lang='grc' dir='ltr'>οὕτως</span> <span class='ocrx_word' id='word_1_163' title='bbox 877 1579 1086 1621; x_wconf 79' lang='grc' dir='ltr'>ἐπέπληξεν,</span> <span class='ocrx_word' id='word_1_164' title='bbox 1114 1579 1214 1611; x_wconf 77' lang='grc' dir='ltr'>εἰπών</span> <span class='ocrx_word' id='word_1_165' title='bbox 1241 1579 1283 1617; x_wconf 84' lang='grc' dir='ltr'>ὠς</span> 
     </span>
    </p>

    <p class='ocr_par' dir='ltr' id='par_1_12' title="bbox 441 1619 1396 1760">
     <span class='ocr_line' id='line_1_24' title="bbox 441 1619 1396 1672; baseline -0.004 -14"><span class='ocrx_word' id='word_1_166' title='bbox 441 1627 470 1658; x_wconf 76' lang='grc' dir='ltr'>εἴ</span> <span class='ocrx_word' id='word_1_167' title='bbox 494 1639 554 1670; x_wconf 85' lang='grc' dir='ltr'>περ</span> <span class='ocrx_word' id='word_1_168' title='bbox 582 1626 744 1669; x_wconf 82' lang='grc' dir='ltr'>ἀπείρονα</span> <span class='ocrx_word' id='word_1_169' title='bbox 768 1627 832 1672; x_wconf 81' lang='grc' dir='ltr'>γῆς</span> <span class='ocrx_word' id='word_1_170' title='bbox 857 1637 894 1658; x_wconf 87' lang='grc' dir='ltr'>τε</span> <span class='ocrx_word' id='word_1_171' title='bbox 921 1623 1007 1665; x_wconf 84' lang='grc' dir='ltr'>βάθη</span> <span class='ocrx_word' id='word_1_172' title='bbox 1033 1625 1092 1656; x_wconf 82' lang='grc' dir='ltr'>καὶ</span> <span class='ocrx_word' id='word_1_173' title='bbox 1117 1619 1256 1668; x_wconf 67' lang='grc' dir='ltr'>δαψιλός</span> <span class='ocrx_word' id='word_1_174' title='bbox 1283 1621 1396 1666; x_wconf 73' lang='grc' dir='ltr'>αἰθήρ,</span> 
     </span>
     <span class='ocr_line' id='line_1_25' title="bbox 442 1666 1328 1716; baseline -0.003 -15"><span class='ocrx_word' id='word_1_175' title='bbox 442 1672 482 1708; x_wconf 82' lang='grc' dir='ltr'>ὠς</span> <span class='ocrx_word' id='word_1_176' title='bbox 508 1666 567 1703; x_wconf 74' lang='grc' dir='ltr'>8ιά</span> <span class='ocrx_word' id='word_1_177' title='bbox 591 1671 724 1702; x_wconf 78' lang='grc' dir='ltr'>πολλῶν</span> <span class='ocrx_word' id='word_1_178' title='bbox 750 1666 794 1707; x_wconf 77' lang='grc' dir='ltr'>δη</span> <span class='ocrx_word' id='word_1_179' title='bbox 819 1668 972 1716; x_wconf 75' lang='grc' dir='ltr'>γλώσσης</span> <span class='ocrx_word' id='word_1_180' title='bbox 997 1667 1145 1713; x_wconf 79' lang='grc' dir='ltr'>ῥηθέντα</span> <span class='ocrx_word' id='word_1_181' title='bbox 1170 1670 1328 1713; x_wconf 81' lang='grc' dir='ltr'>ματαίως</span> 
     </span>
     <span class='ocr_line' id='line_1_26' title="bbox 443 1707 1396 1760; baseline -0.004 -14"><span class='ocrx_word' id='word_1_182' title='bbox 443 1713 626 1760; x_wconf 80' lang='grc' dir='ltr'>ἐκκέχυται</span> <span class='ocrx_word' id='word_1_183' title='bbox 651 1714 851 1759; x_wconf 81' lang='grc' dir='ltr'>στομάτων,</span> <span class='ocrx_word' id='word_1_184' title='bbox 872 1714 984 1760; x_wconf 81' lang='grc' dir='ltr'>ὀλίγον</span> <span class='ocrx_word' id='word_1_185' title='bbox 1007 1714 1070 1746; x_wconf 82' lang='grc' dir='ltr'>τοῦ</span> <span class='ocrx_word' id='word_1_186' title='bbox 1092 1713 1222 1750; x_wconf 75' lang='grc' dir='ltr'>παντὸς</span> <span class='ocrx_word' id='word_1_187' title='bbox 1240 1707 1396 1744; x_wconf 71' lang='grc' dir='ltr'>ἰδόντων.</span> 
     </span>
    </p>
   </div>
   <div class='ocr_carea' id='block_1_8' title="bbox 327 1315 367 1349">
    <p class='ocr_par' dir='ltr' id='par_1_13' title="bbox 327 1315 367 1349">
     <span class='ocr_line' id='line_1_27' title="bbox 327 1315 367 1349; baseline -0.05 0"><span class='ocrx_word' id='word_1_188' title='bbox 327 1315 367 1349; x_wconf 71' lang='grc' dir='ltr'>τὸ</span> 
     </span>
    </p>
   </div>
   <div class='ocr_carea' id='block_1_9' title="bbox 324 1797 1402 2870">
    <p class='ocr_par' dir='ltr' id='par_1_14' title="bbox 330 1797 1401 2024">
     <span class='ocr_line' id='line_1_28' title="bbox 330 1797 1401 1847; baseline -0.005 -11"><span class='ocrx_word' id='word_1_189' title='bbox 330 1806 367 1836; x_wconf 90' lang='grc' dir='ltr'>Οἱ</span> <span class='ocrx_word' id='word_1_190' title='bbox 393 1799 421 1835; x_wconf 75' lang='grc' dir='ltr'>δ’</span> <span class='ocrx_word' id='word_1_191' title='bbox 443 1801 490 1847; x_wconf 77' lang='grc' dir='ltr'>ἐφ’</span> <span class='ocrx_word' id='word_1_192' title='bbox 512 1797 637 1840; x_wconf 69' lang='grc' dir='ltr'>ὕδατος</span> <span class='ocrx_word' id='word_1_193' title='bbox 658 1801 801 1835; x_wconf 82' lang='grc' dir='ltr'>κεῖσθαι.</span> <span class='ocrx_word' id='word_1_194' title='bbox 829 1802 958 1834; x_wconf 80' lang='grc' dir='ltr'>Τοῦτον</span> <span class='ocrx_word' id='word_1_195' title='bbox 983 1801 1047 1847; x_wconf 78' lang='grc' dir='ltr'>γαρ</span> <span class='ocrx_word' id='word_1_196' title='bbox 1075 1800 1312 1846; x_wconf 84' lang='grc' dir='ltr'>ἀρχαιότατον</span> <span class='ocrx_word' id='word_1_197' title='bbox 1334 1811 1401 1832; x_wconf 89' lang='grc' dir='ltr'>πα-</span> 
     </span>
     <span class='ocr_line' id='line_1_29' title="bbox 398 1844 1398 1893; baseline -0.004 -14"><span class='ocrx_word' id='word_1_198' title='bbox 398 1846 601 1892; x_wconf 71' lang='grc' dir='ltr'>ρειλήφαμεν</span> <span class='ocrx_word' id='word_1_199' title='bbox 634 1847 693 1880; x_wconf 75' lang='grc' dir='ltr'>τὸν</span> <span class='ocrx_word' id='word_1_200' title='bbox 717 1846 843 1893; x_wconf 78' lang='grc' dir='ltr'>λόγον,</span> <span class='ocrx_word' id='word_1_201' title='bbox 877 1845 911 1877; x_wconf 79' lang='grc' dir='ltr'>ὅν</span> <span class='ocrx_word' id='word_1_202' title='bbox 936 1857 1035 1890; x_wconf 86' lang='grc' dir='ltr'>φασιν</span> <span class='ocrx_word' id='word_1_203' title='bbox 1061 1846 1165 1878; x_wconf 83' lang='grc' dir='ltr'>εἰπεῖν</span> <span class='ocrx_word' id='word_1_204' title='bbox 1190 1846 1305 1882; x_wconf 83' lang='grc' dir='ltr'>Θαλῆν</span> <span class='ocrx_word' id='word_1_205' title='bbox 1338 1844 1398 1877; x_wconf 78' lang='grc' dir='ltr'>τὸν</span> 
     </span>
     <span class='ocr_line' id='line_1_30' title="bbox 397 1887 1399 1933; baseline -0.002 -11"><span class='ocrx_word' id='word_1_206' title='bbox 397 1891 575 1933; x_wconf 74' lang='grc' dir='ltr'>Μιλήσιον,</span> <span class='ocrx_word' id='word_1_207' title='bbox 602 1893 645 1929; x_wconf 80' lang='grc' dir='ltr'>ὠς</span> <span class='ocrx_word' id='word_1_208' title='bbox 670 1887 729 1923; x_wconf 52' lang='lat' dir='ltr'>‹iv-d.</span> <span class='ocrx_word' id='word_1_209' title='bbox 754 1891 795 1924; x_wconf 79' lang='grc' dir='ltr'>τὸ</span> <span class='ocrx_word' id='word_1_210' title='bbox 821 1890 962 1927; x_wconf 79' lang='grc' dir='ltr'>πλωτήν</span> <span class='ocrx_word' id='word_1_211' title='bbox 988 1887 1073 1921; x_wconf 80' lang='grc' dir='ltr'>εἶναι</span> <span class='ocrx_word' id='word_1_212' title='bbox 1098 1889 1265 1933; x_wconf 88' lang='grc' dir='ltr'>μένουσαν</span> <span class='ocrx_word' id='word_1_213' title='bbox 1290 1888 1399 1933; x_wconf 74' lang='grc' dir='ltr'>ὥσπερ</span> 
     </span>
     <span class='ocr_line' id='line_1_31' title="bbox 399 1933 1395 1980; baseline -0.001 -13"><span class='ocrx_word' id='word_1_214' title='bbox 399 1935 497 1977; x_wconf 74' lang='grc' dir='ltr'>ξύλον</span> <span class='ocrx_word' id='word_1_215' title='bbox 524 1935 545 1973; x_wconf 81' lang='grc' dir='ltr'>ἥ</span> <span class='ocrx_word' id='word_1_216' title='bbox 571 1947 604 1968; x_wconf 91' lang='grc' dir='ltr'>τι</span> <span class='ocrx_word' id='word_1_217' title='bbox 637 1937 794 1969; x_wconf 78' lang='grc' dir='ltr'>τοιοῦτον</span> <span class='ocrx_word' id='word_1_218' title='bbox 826 1935 939 1979; x_wconf 82' lang='grc' dir='ltr'>ἕτερον</span> <span class='ocrx_word' id='word_1_219' title='bbox 972 1935 1047 1978; x_wconf 85' lang='grc' dir='ltr'>(καὶ</span> <span class='ocrx_word' id='word_1_220' title='bbox 1079 1935 1144 1980; x_wconf 71' lang='grc' dir='ltr'>γάρ</span> <span class='ocrx_word' id='word_1_221' title='bbox 1175 1934 1308 1967; x_wconf 80' lang='grc' dir='ltr'>τούτων</span> <span class='ocrx_word' id='word_1_222' title='bbox 1341 1933 1395 1966; x_wconf 83' lang='grc' dir='ltr'>ἐπ’</span> 
     </span>
     <span class='ocr_line' id='line_1_32' title="bbox 402 1974 1398 2024; baseline -0.003 -11"><span class='ocrx_word' id='word_1_223' title='bbox 402 1979 495 2024; x_wconf 83' lang='grc' dir='ltr'>ἀέρος</span> <span class='ocrx_word' id='word_1_224' title='bbox 522 1980 581 2024; x_wconf 79' lang='grc' dir='ltr'>μέν</span> <span class='ocrx_word' id='word_1_225' title='bbox 608 1979 703 2013; x_wconf 76' lang='grc' dir='ltr'>οὐθὲν</span> <span class='ocrx_word' id='word_1_226' title='bbox 737 1980 861 2024; x_wconf 82' lang='grc' dir='ltr'>πέφυκε</span> <span class='ocrx_word' id='word_1_227' title='bbox 890 1978 1021 2023; x_wconf 84' lang='grc' dir='ltr'>μένειν,</span> <span class='ocrx_word' id='word_1_228' title='bbox 1050 1978 1123 2011; x_wconf 84' lang='grc' dir='ltr'>ἀλλ’</span> <span class='ocrx_word' id='word_1_229' title='bbox 1153 1979 1199 2022; x_wconf 83' lang='grc' dir='ltr'>ἐφ’</span> <span class='ocrx_word' id='word_1_230' title='bbox 1230 1974 1398 2021; x_wconf 76' lang='grc' dir='ltr'>ὕδατος),</span> 
     </span>
    </p>

    <p class='ocr_par' dir='ltr' id='par_1_15' title="bbox 334 2023 1400 2158">
     <span class='ocr_line' id='line_1_33' title="bbox 334 2023 1400 2070; baseline -0.004 -12"><span class='ocrx_word' id='word_1_231' title='bbox 334 2025 444 2069; x_wconf 74' lang='grc' dir='ltr'>ὥσπερ</span> <span class='ocrx_word' id='word_1_232' title='bbox 470 2025 508 2057; x_wconf 80' lang='grc' dir='ltr'>οὐ</span> <span class='ocrx_word' id='word_1_233' title='bbox 533 2024 592 2058; x_wconf 80' lang='grc' dir='ltr'>τὸν</span> <span class='ocrx_word' id='word_1_234' title='bbox 619 2026 725 2058; x_wconf 72' lang='grc' dir='ltr'>αὐτόν</span> <span class='ocrx_word' id='word_1_235' title='bbox 749 2025 851 2070; x_wconf 84' lang='grc' dir='ltr'>λόγον</span> <span class='ocrx_word' id='word_1_236' title='bbox 879 2025 964 2057; x_wconf 84' lang='grc' dir='ltr'>ὄντα</span> <span class='ocrx_word' id='word_1_237' title='bbox 990 2026 1062 2068; x_wconf 78' lang='grc' dir='ltr'>περὶ</span> <span class='ocrx_word' id='word_1_238' title='bbox 1089 2024 1151 2061; x_wconf 84' lang='grc' dir='ltr'>τῆς</span> <span class='ocrx_word' id='word_1_239' title='bbox 1171 2025 1234 2069; x_wconf 80' lang='grc' dir='ltr'>γῆς</span> <span class='ocrx_word' id='word_1_240' title='bbox 1259 2025 1316 2055; x_wconf 82' lang='grc' dir='ltr'>καὶ</span> <span class='ocrx_word' id='word_1_241' title='bbox 1339 2023 1400 2056; x_wconf 80' lang='grc' dir='ltr'>τοῦ</span> 
     </span>
     <span class='ocr_line' id='line_1_34' title="bbox 400 2062 1399 2115; baseline -0.004 -13"><span class='ocrx_word' id='word_1_242' title='bbox 400 2066 527 2106; x_wconf 76' lang='grc' dir='ltr'>ὕδατος</span> <span class='ocrx_word' id='word_1_243' title='bbox 559 2070 621 2101; x_wconf 76' lang='grc' dir='ltr'>τοῦ</span> <span class='ocrx_word' id='word_1_244' title='bbox 654 2070 816 2115; x_wconf 76' lang='grc' dir='ltr'>ὀχοῦντος</span> <span class='ocrx_word' id='word_1_245' title='bbox 843 2070 906 2106; x_wconf 75' lang='grc' dir='ltr'>την</span> <span class='ocrx_word' id='word_1_246' title='bbox 932 2065 1019 2114; x_wconf 60' lang='grc' dir='ltr'>γῆνῗ</span> <span class='ocrx_word' id='word_1_247' title='bbox 1041 2063 1118 2100; x_wconf 71' lang='grc' dir='ltr'>οὐδὲ</span> <span class='ocrx_word' id='word_1_248' title='bbox 1148 2069 1212 2114; x_wconf 79' lang='grc' dir='ltr'>γαρ</span> <span class='ocrx_word' id='word_1_249' title='bbox 1239 2069 1280 2101; x_wconf 68' lang='lat' dir='ltr'>‘ro‘</span> <span class='ocrx_word' id='word_1_250' title='bbox 1314 2062 1399 2112; x_wconf 75' lang='grc' dir='ltr'>ὕδωρ</span> 
     </span>
     <span class='ocr_line' id='line_1_35' title="bbox 401 2110 1302 2158; baseline -0.003 -11"><span class='ocrx_word' id='word_1_251' title='bbox 401 2114 524 2158; x_wconf 86' lang='grc' dir='ltr'>πέφυκε</span> <span class='ocrx_word' id='word_1_252' title='bbox 549 2112 658 2157; x_wconf 84' lang='grc' dir='ltr'>μένειν</span> <span class='ocrx_word' id='word_1_253' title='bbox 683 2113 868 2158; x_wconf 81' lang='grc' dir='ltr'>μετέωρον,</span> <span class='ocrx_word' id='word_1_254' title='bbox 896 2114 970 2146; x_wconf 82' lang='grc' dir='ltr'>ἀλλ’</span> <span class='ocrx_word' id='word_1_255' title='bbox 1000 2110 1055 2144; x_wconf 84' lang='grc' dir='ltr'>έπί</span> <span class='ocrx_word' id='word_1_256' title='bbox 1081 2113 1171 2150; x_wconf 78' lang='grc' dir='ltr'>τινός</span> <span class='ocrx_word' id='word_1_257' title='bbox 1197 2113 1302 2145; x_wconf 76' lang='grc' dir='ltr'>ἐστιν.</span> 
     </span>
    </p>

    <p class='ocr_par' dir='ltr' id='par_1_16' title="bbox 326 2151 1400 2302">
     <span class='ocr_line' id='line_1_36' title="bbox 326 2151 1399 2203; baseline -0.004 -12"><span class='ocrx_word' id='word_1_258' title='bbox 326 2160 403 2192; x_wconf 86' lang='grc' dir='ltr'>Ἔτι</span> <span class='ocrx_word' id='word_1_259' title='bbox 428 2154 456 2190; x_wconf 77' lang='grc' dir='ltr'>δ’</span> <span class='ocrx_word' id='word_1_260' title='bbox 484 2157 594 2201; x_wconf 75' lang='grc' dir='ltr'>ὥσπερ</span> <span class='ocrx_word' id='word_1_261' title='bbox 622 2156 685 2201; x_wconf 72' lang='grc' dir='ltr'>ἀήρ</span> <span class='ocrx_word' id='word_1_262' title='bbox 713 2153 840 2196; x_wconf 79' lang='grc' dir='ltr'>ὕδατος</span> <span class='ocrx_word' id='word_1_263' title='bbox 871 2156 1095 2202; x_wconf 82' lang='grc' dir='ltr'>κουφότερον,</span> <span class='ocrx_word' id='word_1_264' title='bbox 1121 2161 1180 2189; x_wconf 80' lang='grc' dir='ltr'>καὶ</span> <span class='ocrx_word' id='word_1_265' title='bbox 1204 2157 1267 2203; x_wconf 75' lang='grc' dir='ltr'>γῆς</span> <span class='ocrx_word' id='word_1_266' title='bbox 1295 2151 1399 2200; x_wconf 73' lang='grc' dir='ltr'>ὕδωρ,</span> 
     </span>
     <span class='ocr_line' id='line_1_37' title="bbox 400 2199 1400 2247; baseline -0.003 -13"><span class='ocrx_word' id='word_1_267' title='bbox 400 2202 487 2235; x_wconf 75' lang='grc' dir='ltr'>ὥστε</span> <span class='ocrx_word' id='word_1_268' title='bbox 518 2202 586 2239; x_wconf 80' lang='grc' dir='ltr'>πῶς</span> <span class='ocrx_word' id='word_1_269' title='bbox 612 2201 723 2235; x_wconf 84' lang='grc' dir='ltr'>οἷόντε</span> <span class='ocrx_word' id='word_1_270' title='bbox 749 2202 790 2235; x_wconf 78' lang='grc' dir='ltr'>τὸ</span> <span class='ocrx_word' id='word_1_271' title='bbox 815 2202 1019 2247; x_wconf 84' lang='grc' dir='ltr'>κουφότερον</span> <span class='ocrx_word' id='word_1_272' title='bbox 1050 2201 1237 2245; x_wconf 87' lang='grc' dir='ltr'>κατωτέρω</span> <span class='ocrx_word' id='word_1_273' title='bbox 1269 2199 1400 2232; x_wconf 78' lang='grc' dir='ltr'>κεῖσθαι</span> 
     </span>
     <span class='ocr_line' id='line_1_38' title="bbox 399 2246 905 2302; baseline -0.006 -22"><span class='ocrx_word' id='word_1_274' title='bbox 399 2249 462 2280; x_wconf 85' lang='grc' dir='ltr'>τοῦ</span> <span class='ocrx_word' id='word_1_275' title='bbox 489 2246 673 2302; x_wconf 81' lang='grc' dir='ltr'>βαρυτέρου</span> <span class='ocrx_word' id='word_1_276' title='bbox 700 2247 764 2283; x_wconf 73' lang='grc' dir='ltr'>τήν</span> <span class='ocrx_word' id='word_1_277' title='bbox 790 2247 905 2291; x_wconf 82' lang='grc' dir='ltr'>φύσιν;</span> 
     </span>
    </p>

    <p class='ocr_par' dir='ltr' id='par_1_17' title="bbox 324 2284 1400 2378">
     <span class='ocr_line' id='line_1_39' title="bbox 324 2284 1400 2335; baseline -0.003 -11"><span class='ocrx_word' id='word_1_278' title='bbox 324 2294 403 2326; x_wconf 84' lang='grc' dir='ltr'>Ἔτι</span> <span class='ocrx_word' id='word_1_279' title='bbox 428 2287 458 2323; x_wconf 77' lang='grc' dir='ltr'>δ’</span> <span class='ocrx_word' id='word_1_280' title='bbox 485 2293 576 2335; x_wconf 83' lang='grc' dir='ltr'>εἴπερ</span> <span class='ocrx_word' id='word_1_281' title='bbox 606 2291 664 2329; x_wconf 72' lang='grc' dir='ltr'>ὅλη</span> <span class='ocrx_word' id='word_1_282' title='bbox 691 2290 815 2335; x_wconf 77' lang='grc' dir='ltr'>πέφυκε</span> <span class='ocrx_word' id='word_1_283' title='bbox 840 2290 950 2335; x_wconf 87' lang='grc' dir='ltr'>μένειν</span> <span class='ocrx_word' id='word_1_284' title='bbox 978 2288 1024 2332; x_wconf 79' lang='grc' dir='ltr'>ἐφ’</span> <span class='ocrx_word' id='word_1_285' title='bbox 1048 2284 1188 2331; x_wconf 80' lang='grc' dir='ltr'>ὕδατος,</span> <span class='ocrx_word' id='word_1_286' title='bbox 1214 2284 1319 2326; x_wconf 75' lang='grc' dir='ltr'>δῆλον</span> <span class='ocrx_word' id='word_1_287' title='bbox 1347 2287 1400 2321; x_wconf 79' lang='grc' dir='ltr'>ὅτι</span> 
     </span>
     <span class='ocr_line' id='line_1_40' title="bbox 398 2330 1400 2378; baseline -0.002 -11"><span class='ocrx_word' id='word_1_288' title='bbox 398 2338 456 2368; x_wconf 84' lang='grc' dir='ltr'>καὶ</span> <span class='ocrx_word' id='word_1_289' title='bbox 481 2335 548 2367; x_wconf 82' lang='grc' dir='ltr'>τῶν</span> <span class='ocrx_word' id='word_1_290' title='bbox 574 2337 694 2378; x_wconf 89' lang='grc' dir='ltr'>μορίων</span> <span class='ocrx_word' id='word_1_291' title='bbox 721 2335 884 2368; x_wconf 81' lang='grc' dir='ltr'>ἕκαστον·</span> <span class='ocrx_word' id='word_1_292' title='bbox 911 2335 967 2366; x_wconf 83' lang='grc' dir='ltr'>νῦν</span> <span class='ocrx_word' id='word_1_293' title='bbox 992 2330 1021 2367; x_wconf 78' lang='grc' dir='ltr'>δ’</span> <span class='ocrx_word' id='word_1_294' title='bbox 1049 2331 1087 2366; x_wconf 76' lang='grc' dir='ltr'>οὐ</span> <span class='ocrx_word' id='word_1_295' title='bbox 1112 2336 1271 2378; x_wconf 85' lang='grc' dir='ltr'>φαίνεται</span> <span class='ocrx_word' id='word_1_296' title='bbox 1292 2334 1400 2366; x_wconf 78' lang='grc' dir='ltr'>τοῦτο</span> 
     </span>
    </p>

    <p class='ocr_par' dir='ltr' id='par_1_18' title="bbox 399 2378 1401 2469">
     <span class='ocr_line' id='line_1_41' title="bbox 424 2378 1401 2427; baseline -0.002 -16"><span class='ocrx_word' id='word_1_297' title='bbox 424 2379 614 2427; x_wconf 76' lang='grc' dir='ltr'>ιγνόμενον,</span> <span class='ocrx_word' id='word_1_298' title='bbox 644 2380 734 2413; x_wconf 77' lang='grc' dir='ltr'>ἀλλά</span> <span class='ocrx_word' id='word_1_299' title='bbox 758 2380 799 2412; x_wconf 72' lang='grc' dir='ltr'>το</span> <span class='ocrx_word' id='word_1_300' title='bbox 825 2379 929 2425; x_wconf 79' lang='grc' dir='ltr'>τυχὸν</span> <span class='ocrx_word' id='word_1_301' title='bbox 962 2378 1076 2424; x_wconf 85' lang='grc' dir='ltr'>μόριον</span> <span class='ocrx_word' id='word_1_302' title='bbox 1101 2378 1242 2423; x_wconf 81' lang='grc' dir='ltr'>φέρεται</span> <span class='ocrx_word' id='word_1_303' title='bbox 1274 2378 1318 2416; x_wconf 85' lang='grc' dir='ltr'>εἱς</span> <span class='ocrx_word' id='word_1_304' title='bbox 1345 2378 1401 2419; x_wconf 87' lang='grc' dir='ltr'>βυ-</span> 
     </span>
     <span class='ocr_line' id='line_1_42' title="bbox 399 2393 932 2469; baseline 0 -13"><span class='ocrx_word' id='word_1_305' title='bbox 399 2393 476 2466; x_wconf 66' lang='grc' dir='ltr'>θόν,</span> <span class='ocrx_word' id='word_1_306' title='bbox 501 2424 560 2455; x_wconf 77' lang='grc' dir='ltr'>καὶ</span> <span class='ocrx_word' id='word_1_307' title='bbox 585 2422 714 2456; x_wconf 84' lang='grc' dir='ltr'>θᾶττον</span> <span class='ocrx_word' id='word_1_308' title='bbox 741 2424 782 2456; x_wconf 83' lang='grc' dir='ltr'><strong><em>τό</em></strong></span> <span class='ocrx_word' id='word_1_309' title='bbox 808 2425 932 2469; x_wconf 82' lang='grc' dir='ltr'>μεῖζον.</span> 
     </span>
    </p>

    <p class='ocr_par' dir='ltr' id='par_1_19' title="bbox 326 2466 1402 2870">
     <span class='ocr_line' id='line_1_43' title="bbox 326 2466 1400 2514; baseline -0.004 -12"><span class='ocrx_word' id='word_1_310' title='bbox 326 2468 417 2502; x_wconf 80' lang='grc' dir='ltr'>Ἀλλ’</span> <span class='ocrx_word' id='word_1_311' title='bbox 448 2470 577 2501; x_wconf 77' lang='grc' dir='ltr'>ἐοίκασι</span> <span class='ocrx_word' id='word_1_312' title='bbox 602 2468 699 2514; x_wconf 84' lang='grc' dir='ltr'>μέχρι</span> <span class='ocrx_word' id='word_1_313' title='bbox 725 2469 814 2506; x_wconf 78' lang='grc' dir='ltr'>τινὸς</span> <span class='ocrx_word' id='word_1_314' title='bbox 840 2469 968 2512; x_wconf 81' lang='grc' dir='ltr'>ζητεῖν,</span> <span class='ocrx_word' id='word_1_315' title='bbox 998 2468 1070 2500; x_wconf 83' lang='grc' dir='ltr'>ἀλλ’</span> <span class='ocrx_word' id='word_1_316' title='bbox 1093 2467 1130 2499; x_wconf 81' lang='grc' dir='ltr'>οὗ</span> <span class='ocrx_word' id='word_1_317' title='bbox 1156 2466 1253 2512; x_wconf 83' lang='grc' dir='ltr'>μέχρι</span> <span class='ocrx_word' id='word_1_318' title='bbox 1279 2479 1339 2510; x_wconf 87' lang='grc' dir='ltr'>περ</span> <span class='ocrx_word' id='word_1_319' title='bbox 1363 2466 1400 2498; x_wconf 76' lang='grc' dir='ltr'>οὗ</span> 
     </span>
     <span class='ocr_line' id='line_1_44' title="bbox 399 2509 1402 2559; baseline -0.003 -13"><span class='ocrx_word' id='word_1_320' title='bbox 399 2509 546 2546; x_wconf 71' lang='grc' dir='ltr'>δυνατόν</span> <span class='ocrx_word' id='word_1_321' title='bbox 573 2513 635 2551; x_wconf 83' lang='grc' dir='ltr'>τῆς</span> <span class='ocrx_word' id='word_1_322' title='bbox 664 2514 818 2558; x_wconf 84' lang='grc' dir='ltr'>ἀπορίας.</span> <span class='ocrx_word' id='word_1_323' title='bbox 856 2514 942 2546; x_wconf 55' lang='lat' dir='ltr'>natm</span> <span class='ocrx_word' id='word_1_324' title='bbox 966 2512 1032 2559; x_wconf 69' lang='grc' dir='ltr'>γάρ</span> <span class='ocrx_word' id='word_1_325' title='bbox 1058 2513 1136 2556; x_wconf 78' lang='grc' dir='ltr'>ἡμῖν</span> <span class='ocrx_word' id='word_1_326' title='bbox 1163 2513 1270 2544; x_wconf 80' lang='grc' dir='ltr'>τοῦτο</span> <span class='ocrx_word' id='word_1_327' title='bbox 1302 2511 1402 2549; x_wconf 77' lang='grc' dir='ltr'>σύνη-</span> 
     </span>
     <span class='ocr_line' id='line_1_45' title="bbox 399 2556 1399 2604; baseline -0.003 -14"><span class='ocrx_word' id='word_1_328' title='bbox 399 2557 469 2599; x_wconf 81' lang='grc' dir='ltr'>Θες,</span> <span class='ocrx_word' id='word_1_329' title='bbox 501 2557 547 2601; x_wconf 67' lang='grc' dir='ltr'>μή</span> <span class='ocrx_word' id='word_1_330' title='bbox 574 2558 654 2603; x_wconf 74' lang='grc' dir='ltr'>πρὸς</span> <span class='ocrx_word' id='word_1_331' title='bbox 686 2558 727 2591; x_wconf 79' lang='grc' dir='ltr'>τὸ</span> <span class='ocrx_word' id='word_1_332' title='bbox 759 2559 902 2604; x_wconf 80' lang='grc' dir='ltr'>πρᾶγμα</span> <span class='ocrx_word' id='word_1_333' title='bbox 933 2557 1104 2589; x_wconf 80' lang='grc' dir='ltr'>ποιεῖσθαι</span> <span class='ocrx_word' id='word_1_334' title='bbox 1136 2557 1200 2593; x_wconf 78' lang='grc' dir='ltr'>τήν</span> <span class='ocrx_word' id='word_1_335' title='bbox 1233 2556 1399 2599; x_wconf 68' lang='grc' dir='ltr'>ζήτησιν,</span> 
     </span>
     <span class='ocr_line' id='line_1_46' title="bbox 403 2599 1400 2648; baseline -0.003 -13"><span class='ocrx_word' id='word_1_336' title='bbox 403 2602 492 2635; x_wconf 86' lang='grc' dir='ltr'>ἀλλά</span> <span class='ocrx_word' id='word_1_337' title='bbox 517 2601 597 2645; x_wconf 71' lang='grc' dir='ltr'>πρὸς</span> <span class='ocrx_word' id='word_1_338' title='bbox 624 2602 682 2634; x_wconf 75' lang='grc' dir='ltr'>τὸν</span> <span class='ocrx_word' id='word_1_339' title='bbox 708 2603 882 2636; x_wconf 86' lang='grc' dir='ltr'>τάναντία</span> <span class='ocrx_word' id='word_1_340' title='bbox 913 2601 1081 2648; x_wconf 87' lang='grc' dir='ltr'>λέγοντα·</span> <span class='ocrx_word' id='word_1_341' title='bbox 1107 2602 1166 2632; x_wconf 76' lang='grc' dir='ltr'>καὶ</span> <span class='ocrx_word' id='word_1_342' title='bbox 1195 2601 1260 2646; x_wconf 71' lang='grc' dir='ltr'>γὰρ</span> <span class='ocrx_word' id='word_1_343' title='bbox 1295 2599 1400 2638; x_wconf 80' lang='grc' dir='ltr'>αὐτὸς</span> 
     </span>
     <span class='ocr_line' id='line_1_47' title="bbox 401 2644 1401 2693; baseline -0.005 -13"><span class='ocrx_word' id='word_1_344' title='bbox 401 2647 433 2680; x_wconf 84' lang='grc' dir='ltr'>ἐν</span> <span class='ocrx_word' id='word_1_345' title='bbox 461 2647 553 2687; x_wconf 76' lang='grc' dir='ltr'>αὐτῷ</span> <span class='ocrx_word' id='word_1_346' title='bbox 579 2646 676 2688; x_wconf 82' lang='grc' dir='ltr'>ζητεῖ</span> <span class='ocrx_word' id='word_1_347' title='bbox 699 2647 797 2693; x_wconf 85' lang='grc' dir='ltr'>μέχρι</span> <span class='ocrx_word' id='word_1_348' title='bbox 823 2659 883 2691; x_wconf 88' lang='grc' dir='ltr'>περ</span> <span class='ocrx_word' id='word_1_349' title='bbox 911 2646 949 2679; x_wconf 63' lang='lat' dir='ltr'>&amp;v</span> <span class='ocrx_word' id='word_1_350' title='bbox 977 2645 1014 2678; x_wconf 76' lang='grc' dir='ltr'>οὗ</span> <span class='ocrx_word' id='word_1_351' title='bbox 1040 2644 1163 2689; x_wconf 87' lang='grc' dir='ltr'>μηκέτι</span> <span class='ocrx_word' id='word_1_352' title='bbox 1185 2646 1247 2691; x_wconf 82' lang='grc' dir='ltr'>ἔχῃ</span> <span class='ocrx_word' id='word_1_353' title='bbox 1269 2644 1401 2678; x_wconf 81' lang='grc' dir='ltr'>ἀντιλέ-</span> 
     </span>
     <span class='ocr_line' id='line_1_48' title="bbox 400 2686 1401 2738; baseline -0.002 -15"><span class='ocrx_word' id='word_1_354' title='bbox 400 2703 469 2738; x_wconf 82' lang='grc' dir='ltr'>γειν</span> <span class='ocrx_word' id='word_1_355' title='bbox 497 2690 600 2728; x_wconf 78' lang='grc' dir='ltr'>αὐτὸς</span> <span class='ocrx_word' id='word_1_356' title='bbox 627 2692 734 2733; x_wconf 71' lang='grc' dir='ltr'>αὐτῷ.</span> <span class='ocrx_word' id='word_1_357' title='bbox 769 2691 825 2723; x_wconf 81' lang='grc' dir='ltr'>Διό</span> <span class='ocrx_word' id='word_1_358' title='bbox 850 2686 903 2723; x_wconf 79' lang='grc' dir='ltr'>δεῖ</span> <span class='ocrx_word' id='word_1_359' title='bbox 925 2690 984 2724; x_wconf 79' lang='grc' dir='ltr'>τὸν</span> <span class='ocrx_word' id='word_1_360' title='bbox 1011 2690 1184 2734; x_wconf 82' lang='grc' dir='ltr'>μέλλοντα</span> <span class='ocrx_word' id='word_1_361' title='bbox 1208 2691 1319 2727; x_wconf 86' lang='grc' dir='ltr'>καλῶς</span> <span class='ocrx_word' id='word_1_362' title='bbox 1345 2690 1401 2732; x_wconf 84' lang='grc' dir='ltr'>ζη-</span> 
     </span>
     <span class='ocr_line' id='line_1_49' title="bbox 402 2731 1400 2772; baseline -0.003 -4"><span class='ocrx_word' id='word_1_363' title='bbox 402 2735 517 2772; x_wconf 74' lang='grc' dir='ltr'>τήσειν</span> <span class='ocrx_word' id='word_1_364' title='bbox 545 2733 746 2768; x_wconf 79' lang='grc' dir='ltr'>ἑνστατικον</span> <span class='ocrx_word' id='word_1_365' title='bbox 772 2733 858 2768; x_wconf 78' lang='grc' dir='ltr'>εἶναι</span> <span class='ocrx_word' id='word_1_366' title='bbox 883 2731 943 2768; x_wconf 77' lang='grc' dir='ltr'>διά</span> <span class='ocrx_word' id='word_1_367' title='bbox 966 2736 1034 2767; x_wconf 83' lang='grc' dir='ltr'>τῶν</span> <span class='ocrx_word' id='word_1_368' title='bbox 1059 2735 1187 2767; x_wconf 81' lang='grc' dir='ltr'>οἰκείων</span> <span class='ocrx_word' id='word_1_369' title='bbox 1210 2733 1400 2766; x_wconf 78' lang='grc' dir='ltr'>ἑνστάσεων</span> 
     </span>
     <span class='ocr_line' id='line_1_50' title="bbox 401 2777 1401 2826; baseline -0.004 -12"><span class='ocrx_word' id='word_1_370' title='bbox 401 2781 449 2821; x_wconf 78' lang='grc' dir='ltr'>τῷ</span> <span class='ocrx_word' id='word_1_371' title='bbox 475 2779 577 2826; x_wconf 82' lang='grc' dir='ltr'>γένει,</span> <span class='ocrx_word' id='word_1_372' title='bbox 605 2782 711 2813; x_wconf 81' lang='grc' dir='ltr'>τοῦτο</span> <span class='ocrx_word' id='word_1_373' title='bbox 737 2777 766 2812; x_wconf 69' lang='grc' dir='ltr'>δ’</span> <span class='ocrx_word' id='word_1_374' title='bbox 789 2781 880 2813; x_wconf 77' lang='grc' dir='ltr'>ἐστὶν</span> <span class='ocrx_word' id='word_1_375' title='bbox 907 2780 944 2812; x_wconf 76' lang='grc' dir='ltr'>ἐκ</span> <span class='ocrx_word' id='word_1_376' title='bbox 970 2781 1032 2812; x_wconf 82' lang='grc' dir='ltr'>τοῦ</span> <span class='ocrx_word' id='word_1_377' title='bbox 1059 2778 1172 2816; x_wconf 87' lang='grc' dir='ltr'>πάσας</span> <span class='ocrx_word' id='word_1_378' title='bbox 1199 2777 1401 2823; x_wconf 86' lang='grc' dir='ltr'>τεθεωρηκέ-</span> 
     </span>
     <span class='ocr_line' id='line_1_51' title="bbox 402 2821 744 2870; baseline 0.003 -14"><span class='ocrx_word' id='word_1_379' title='bbox 402 2836 457 2857; x_wconf 85' lang='grc' dir='ltr'>ναι</span> <span class='ocrx_word' id='word_1_380' title='bbox 482 2825 544 2863; x_wconf 81' lang='grc' dir='ltr'>τοίς</span> <span class='ocrx_word' id='word_1_381' title='bbox 569 2821 744 2870; x_wconf 78' lang='grc' dir='ltr'>διαφοράς.</span> 
     </span>
    </p>
   </div>
   <div class='ocr_carea' id='block_1_10' title="bbox 336 2918 1404 3670">
    <p class='ocr_par' dir='ltr' id='par_1_20' title="bbox 336 2918 1404 3670">
     <span class='ocr_line' id='line_1_52' title="bbox 389 2918 1401 2958; baseline -0.001 -10"><span class='ocrx_word' id='word_1_382' title='bbox 389 2920 537 2948; x_wconf 73' lang='grc' dir='ltr'>ΞΥΝοΡεις.</span> <span class='ocrx_word' id='word_1_383' title='bbox 551 2937 571 2941; x_wconf 82' lang='grc'>-</span> <span class='ocrx_word' id='word_1_384' title='bbox 590 2929 613 2948; x_wconf 86' lang='lat' dir='ltr'>t.</span> <span class='ocrx_word' id='word_1_385' title='bbox 628 2921 840 2958; x_wconf 85' lang='lat' dir='ltr'>Argumentum</span> <span class='ocrx_word' id='word_1_386' title='bbox 855 2927 883 2948; x_wconf 91' lang='lat' dir='ltr'>et</span> <span class='ocrx_word' id='word_1_387' title='bbox 897 2919 999 2948; x_wconf 93' lang='lat' dir='ltr'>divisio</span> <span class='ocrx_word' id='word_1_388' title='bbox 1014 2926 1115 2948; x_wconf 86' lang='lat' dir='ltr'>textus.</span> <span class='ocrx_word' id='word_1_389' title='bbox 1126 2936 1145 2941; x_wconf 89' lang='lat'>-</span> <span class='ocrx_word' id='word_1_390' title='bbox 1160 2927 1188 2947; x_wconf 92' lang='lat'>2.</span> <span class='ocrx_word' id='word_1_391' title='bbox 1204 2918 1401 2948; x_wconf 88' lang='lat' dir='ltr'>Irrationabile</span> 
     </span>
     <span class='ocr_line' id='line_1_53' title="bbox 337 2957 1401 2996; baseline -0.001 -8"><span class='ocrx_word' id='word_1_392' title='bbox 337 2966 379 2988; x_wconf 91' lang='lat' dir='ltr'>est</span> <span class='ocrx_word' id='word_1_393' title='bbox 393 2957 589 2988; x_wconf 88' lang='lat' dir='ltr'>difficultatem</span> <span class='ocrx_word' id='word_1_394' title='bbox 611 2969 671 2988; x_wconf 91' lang='lat' dir='ltr'>non</span> <span class='ocrx_word' id='word_1_395' title='bbox 690 2959 786 2988; x_wconf 89' lang='lat' dir='ltr'>videre</span> <span class='ocrx_word' id='word_1_396' title='bbox 807 2959 883 2988; x_wconf 89' lang='lat' dir='ltr'>circa</span> <span class='ocrx_word' id='word_1_397' title='bbox 903 2966 995 2988; x_wconf 87' lang='lat' dir='ltr'>terrae</span> <span class='ocrx_word' id='word_1_398' title='bbox 1010 2959 1146 2996; x_wconf 90' lang='lat' dir='ltr'>quietem.</span> <span class='ocrx_word' id='word_1_399' title='bbox 1169 2959 1309 2987; x_wconf 89' lang='lat' dir='ltr'>Videmus</span> <span class='ocrx_word' id='word_1_400' title='bbox 1324 2959 1401 2987; x_wconf 92' lang='lat' dir='ltr'>enim</span> 
     </span>
     <span class='ocr_line' id='line_1_54' title="bbox 336 2999 1401 3037; baseline -0.001 -9"><span class='ocrx_word' id='word_1_401' title='bbox 336 2999 503 3036; x_wconf 88' lang='lat' dir='ltr'>particulam</span> <span class='ocrx_word' id='word_1_402' title='bbox 526 3006 633 3035; x_wconf 89' lang='lat' dir='ltr'>terrae,</span> <span class='ocrx_word' id='word_1_403' title='bbox 666 3009 718 3037; x_wconf 90' lang='lat' dir='ltr'>per</span> <span class='ocrx_word' id='word_1_404' title='bbox 744 2999 911 3028; x_wconf 88' lang='lat' dir='ltr'>violentiam</span> <span class='ocrx_word' id='word_1_405' title='bbox 934 3000 1090 3034; x_wconf 85' lang='lat' dir='ltr'>elevatam,</span> <span class='ocrx_word' id='word_1_406' title='bbox 1120 3000 1257 3027; x_wconf 88' lang='lat' dir='ltr'>deorsum</span> <span class='ocrx_word' id='word_1_407' title='bbox 1278 2999 1401 3035; x_wconf 89' lang='lat' dir='ltr'>cadere;</span> 
     </span>
     <span class='ocr_line' id='line_1_55' title="bbox 338 3039 1401 3076; baseline 0 -9"><span class='ocrx_word' id='word_1_408' title='bbox 338 3040 417 3076; x_wconf 92' lang='lat' dir='ltr'>quod</span> <span class='ocrx_word' id='word_1_409' title='bbox 438 3046 535 3068; x_wconf 89' lang='lat' dir='ltr'>tamen</span> <span class='ocrx_word' id='word_1_410' title='bbox 557 3041 592 3068; x_wconf 92' lang='lat' dir='ltr'>de</span> <span class='ocrx_word' id='word_1_411' title='bbox 613 3046 674 3068; x_wconf 87' lang='lat' dir='ltr'>tota</span> <span class='ocrx_word' id='word_1_412' title='bbox 694 3046 770 3068; x_wconf 89' lang='lat' dir='ltr'>terra</span> <span class='ocrx_word' id='word_1_413' title='bbox 791 3039 846 3068; x_wconf 92' lang='lat' dir='ltr'>dici</span> <span class='ocrx_word' id='word_1_414' title='bbox 873 3049 934 3068; x_wconf 92' lang='lat' dir='ltr'>non</span> <span class='ocrx_word' id='word_1_415' title='bbox 956 3049 1042 3076; x_wconf 91' lang='lat' dir='ltr'>posse</span> <span class='ocrx_word' id='word_1_416' title='bbox 1063 3039 1192 3074; x_wconf 90' lang='lat' dir='ltr'>videtur;</span> <span class='ocrx_word' id='word_1_417' title='bbox 1215 3048 1293 3070; x_wconf 89' lang='lat' dir='ltr'>nunc</span> <span class='ocrx_word' id='word_1_418' title='bbox 1314 3039 1401 3074; x_wconf 88' lang='lat' dir='ltr'>enim,</span> 
     </span>
     <span class='ocr_line' id='line_1_56' title="bbox 338 3078 1402 3116; baseline 0 -9"><span class='ocrx_word' id='word_1_419' title='bbox 338 3079 402 3107; x_wconf 90' lang='lat' dir='ltr'>licet</span> <span class='ocrx_word' id='word_1_420' title='bbox 423 3079 564 3107; x_wconf 88' lang='lat' dir='ltr'>intensam</span> <span class='ocrx_word' id='word_1_421' title='bbox 586 3080 689 3108; x_wconf 90' lang='lat' dir='ltr'>habeat</span> <span class='ocrx_word' id='word_1_422' title='bbox 710 3079 891 3116; x_wconf 87' lang='lat' dir='ltr'>gravitatem,</span> <span class='ocrx_word' id='word_1_423' title='bbox 907 3089 967 3107; x_wconf 93' lang='lat' dir='ltr'>non</span> <span class='ocrx_word' id='word_1_424' title='bbox 982 3085 1114 3107; x_wconf 86' lang='lat' dir='ltr'>movetur</span> <span class='ocrx_word' id='word_1_425' title='bbox 1136 3078 1261 3107; x_wconf 89' lang='lat' dir='ltr'>inferius.</span> <span class='ocrx_word' id='word_1_426' title='bbox 1284 3080 1343 3107; x_wconf 88' lang='lat' dir='ltr'>Nec</span> <span class='ocrx_word' id='word_1_427' title='bbox 1358 3088 1402 3107; x_wconf 91' lang='lat' dir='ltr'>re-</span> 
     </span>
     <span class='ocr_line' id='line_1_57' title="bbox 338 3118 1402 3156; baseline 0 -10"><span class='ocrx_word' id='word_1_428' title='bbox 338 3119 473 3155; x_wconf 91' lang='lat' dir='ltr'>sponderi</span> <span class='ocrx_word' id='word_1_429' title='bbox 495 3125 590 3156; x_wconf 89' lang='lat' dir='ltr'>potest</span> <span class='ocrx_word' id='word_1_430' title='bbox 604 3126 698 3156; x_wconf 89' lang='lat' dir='ltr'>partes</span> <span class='ocrx_word' id='word_1_431' title='bbox 713 3126 805 3147; x_wconf 90' lang='lat' dir='ltr'>terrae</span> <span class='ocrx_word' id='word_1_432' title='bbox 820 3120 942 3148; x_wconf 89' lang='lat' dir='ltr'>elevatas</span> <span class='ocrx_word' id='word_1_433' title='bbox 957 3125 985 3147; x_wconf 89' lang='lat' dir='ltr'>et</span> <span class='ocrx_word' id='word_1_434' title='bbox 1004 3118 1145 3155; x_wconf 88' lang='lat' dir='ltr'>dimissas,</span> <span class='ocrx_word' id='word_1_435' title='bbox 1167 3118 1233 3146; x_wconf 85' lang='lat' dir='ltr'>ferri</span> <span class='ocrx_word' id='word_1_436' title='bbox 1257 3127 1349 3156; x_wconf 92' lang='lat' dir='ltr'>usque</span> <span class='ocrx_word' id='word_1_437' title='bbox 1364 3118 1402 3147; x_wconf 87' lang='lat' dir='ltr'>ad</span> 
     </span>
     <span class='ocr_line' id='line_1_58' title="bbox 338 3158 1401 3196; baseline 0 -9"><span class='ocrx_word' id='word_1_438' title='bbox 338 3158 435 3186; x_wconf 88' lang='lat' dir='ltr'>locum</span> <span class='ocrx_word' id='word_1_439' title='bbox 457 3158 486 3186; x_wconf 88' lang='lat' dir='ltr'>in</span> <span class='ocrx_word' id='word_1_440' title='bbox 508 3168 567 3196; x_wconf 95' lang='lat' dir='ltr'>quo</span> <span class='ocrx_word' id='word_1_441' title='bbox 588 3168 666 3187; x_wconf 91' lang='lat' dir='ltr'>nunc</span> <span class='ocrx_word' id='word_1_442' title='bbox 687 3166 729 3187; x_wconf 92' lang='lat' dir='ltr'>est</span> <span class='ocrx_word' id='word_1_443' title='bbox 743 3165 827 3194; x_wconf 79' lang='lat' dir='ltr'>terra,</span> <span class='ocrx_word' id='word_1_444' title='bbox 843 3166 871 3187; x_wconf 92' lang='lat' dir='ltr'>et</span> <span class='ocrx_word' id='word_1_445' title='bbox 885 3168 946 3187; x_wconf 90' lang='lat' dir='ltr'>non</span> <span class='ocrx_word' id='word_1_446' title='bbox 967 3158 1104 3196; x_wconf 88' lang='lat' dir='ltr'>amplius:</span> <span class='ocrx_word' id='word_1_447' title='bbox 1127 3167 1207 3193; x_wconf 89' lang='lat' dir='ltr'>nam,</span> <span class='ocrx_word' id='word_1_448' title='bbox 1226 3165 1302 3186; x_wconf 90' lang='lat' dir='ltr'>terra</span> <span class='ocrx_word' id='word_1_449' title='bbox 1316 3167 1333 3187; x_wconf 91' lang='lat' dir='ltr'>a</span> <span class='ocrx_word' id='word_1_450' title='bbox 1348 3168 1401 3187; x_wconf 91' lang='lat' dir='ltr'>suo</span> 
     </span>
     <span class='ocr_line' id='line_1_59' title="bbox 339 3198 1402 3236; baseline 0.001 -11"><span class='ocrx_word' id='word_1_451' title='bbox 339 3198 404 3226; x_wconf 93' lang='lat' dir='ltr'>loco</span> <span class='ocrx_word' id='word_1_452' title='bbox 426 3205 550 3233; x_wconf 86' lang='lat' dir='ltr'>remota,</span> <span class='ocrx_word' id='word_1_453' title='bbox 572 3199 701 3227; x_wconf 90' lang='lat' dir='ltr'>feruntur</span> <span class='ocrx_word' id='word_1_454' title='bbox 721 3208 813 3236; x_wconf 89' lang='lat' dir='ltr'>usque</span> <span class='ocrx_word' id='word_1_455' title='bbox 834 3200 872 3227; x_wconf 93' lang='lat' dir='ltr'>ad</span> <span class='ocrx_word' id='word_1_456' title='bbox 894 3198 1068 3235; x_wconf 90' lang='lat' dir='ltr'>impediens,</span> <span class='ocrx_word' id='word_1_457' title='bbox 1091 3198 1164 3227; x_wconf 85' lang='lat' dir='ltr'>infra</span> <span class='ocrx_word' id='word_1_458' title='bbox 1186 3198 1282 3226; x_wconf 91' lang='lat' dir='ltr'>locum</span> <span class='ocrx_word' id='word_1_459' title='bbox 1305 3207 1322 3227; x_wconf 88' lang='lat' dir='ltr'>a</span> <span class='ocrx_word' id='word_1_460' title='bbox 1343 3208 1402 3235; x_wconf 92' lang='lat' dir='ltr'>quo</span> 
     </span>
     <span class='ocr_line' id='line_1_60' title="bbox 340 3237 1402 3275; baseline 0.001 -10"><span class='ocrx_word' id='word_1_461' title='bbox 340 3244 503 3274; x_wconf 85' lang='lat' dir='ltr'>assumptae</span> <span class='ocrx_word' id='word_1_462' title='bbox 525 3238 647 3266; x_wconf 85' lang='lat' dir='ltr'>fuerunt.</span> <span class='ocrx_word' id='word_1_463' title='bbox 662 3255 682 3259; x_wconf 86' lang='lat'>—</span> <span class='ocrx_word' id='word_1_464' title='bbox 695 3238 858 3267; x_wconf 88' lang='lat' dir='ltr'>Admiratio</span> <span class='ocrx_word' id='word_1_465' title='bbox 873 3238 959 3267; x_wconf 88' lang='lat' dir='ltr'>huius</span> <span class='ocrx_word' id='word_1_466' title='bbox 973 3238 1047 3267; x_wconf 87' lang='lat' dir='ltr'>facta</span> <span class='ocrx_word' id='word_1_467' title='bbox 1061 3245 1105 3266; x_wconf 90' lang='lat' dir='ltr'>est</span> <span class='ocrx_word' id='word_1_468' title='bbox 1119 3237 1257 3266; x_wconf 90' lang='lat' dir='ltr'>omnibus</span> <span class='ocrx_word' id='word_1_469' title='bbox 1273 3238 1402 3275; x_wconf 90' lang='lat' dir='ltr'>philoso-</span> 
     </span>
     <span class='ocr_line' id='line_1_61' title="bbox 340 3277 1402 3315; baseline 0.002 -11"><span class='ocrx_word' id='word_1_470' title='bbox 340 3277 447 3312; x_wconf 89' lang='lat' dir='ltr'>phandi</span> <span class='ocrx_word' id='word_1_471' title='bbox 462 3277 585 3306; x_wconf 80' lang='lat' dir='ltr'>occasio.</span> <span class='ocrx_word' id='word_1_472' title='bbox 601 3294 619 3299; x_wconf 88' lang='lat'><em>-</em></span> <span class='ocrx_word' id='word_1_473' title='bbox 636 3279 661 3306; x_wconf 85' lang='lat'>3.</span> <span class='ocrx_word' id='word_1_474' title='bbox 677 3278 807 3306; x_wconf 84' lang='lat' dir='ltr'>Mirabile</span> <span class='ocrx_word' id='word_1_475' title='bbox 826 3278 911 3306; x_wconf 88' lang='lat' dir='ltr'>etiarn</span> <span class='ocrx_word' id='word_1_476' title='bbox 934 3278 1054 3313; x_wconf 90' lang='lat' dir='ltr'>videtur,</span> <span class='ocrx_word' id='word_1_477' title='bbox 1077 3278 1270 3315; x_wconf 89' lang='lat' dir='ltr'>philosophos</span> <span class='ocrx_word' id='word_1_478' title='bbox 1285 3287 1346 3306; x_wconf 91' lang='lat' dir='ltr'>non</span> <span class='ocrx_word' id='word_1_479' title='bbox 1362 3278 1402 3306; x_wconf 90' lang='lat' dir='ltr'>vi-</span> 
     </span>
     <span class='ocr_line' id='line_1_62' title="bbox 342 3316 1403 3356; baseline 0.003 -13"><span class='ocrx_word' id='word_1_480' title='bbox 342 3316 415 3344; x_wconf 87' lang='lat' dir='ltr'>disse</span> <span class='ocrx_word' id='word_1_481' title='bbox 428 3317 585 3345; x_wconf 87' lang='lat' dir='ltr'>solutiones</span> <span class='ocrx_word' id='word_1_482' title='bbox 599 3318 684 3345; x_wconf 92' lang='lat' dir='ltr'>huius</span> <span class='ocrx_word' id='word_1_483' title='bbox 695 3318 774 3346; x_wconf 85' lang='lat' dir='ltr'>dubii</span> <span class='ocrx_word' id='word_1_484' title='bbox 785 3319 820 3346; x_wconf 89' lang='lat' dir='ltr'>ab</span> <span class='ocrx_word' id='word_1_485' title='bbox 833 3318 873 3346; x_wconf 89' lang='lat' dir='ltr'>eis</span> <span class='ocrx_word' id='word_1_486' title='bbox 885 3319 975 3354; x_wconf 87' lang='lat' dir='ltr'>datas,</span> <span class='ocrx_word' id='word_1_487' title='bbox 988 3327 1050 3346; x_wconf 90' lang='lat' dir='ltr'>esse</span> <span class='ocrx_word' id='word_1_488' title='bbox 1062 3318 1153 3356; x_wconf 87' lang='lat' dir='ltr'>magis</span> <span class='ocrx_word' id='word_1_489' title='bbox 1167 3318 1403 3346; x_wconf 82' lang='lat' dir='ltr'>inconvenientes</span> 
     </span>
     <span class='ocr_line' id='line_1_63' title="bbox 343 3356 1402 3394; baseline 0.003 -11"><span class='ocrx_word' id='word_1_490' title='bbox 343 3364 430 3392; x_wconf 90' lang='lat' dir='ltr'>quarn</span> <span class='ocrx_word' id='word_1_491' title='bbox 447 3356 481 3384; x_wconf 90' lang='lat' dir='ltr'>sit</span> <span class='ocrx_word' id='word_1_492' title='bbox 495 3356 557 3392; x_wconf 91' lang='lat' dir='ltr'>ipsa</span> <span class='ocrx_word' id='word_1_493' title='bbox 570 3357 720 3385; x_wconf 88' lang='lat' dir='ltr'>dubitatio.</span> <span class='ocrx_word' id='word_1_494' title='bbox 731 3373 751 3378; x_wconf 35' lang='lat' dir='ltr'>a</span> <span class='ocrx_word' id='word_1_495' title='bbox 764 3367 791 3392; x_wconf 89' lang='lat'>4.</span> <span class='ocrx_word' id='word_1_496' title='bbox 808 3358 973 3386; x_wconf 90' lang='lat' dir='ltr'>Subdivisio</span> <span class='ocrx_word' id='word_1_497' title='bbox 988 3364 1089 3386; x_wconf 88' lang='lat' dir='ltr'>textus.</span> <span class='ocrx_word' id='word_1_498' title='bbox 1105 3375 1123 3380; x_wconf 97' lang='lat'><em>-</em></span> <span class='ocrx_word' id='word_1_499' title='bbox 1138 3357 1304 3386; x_wconf 91' lang='lat' dir='ltr'>Solutiones</span> <span class='ocrx_word' id='word_1_500' title='bbox 1320 3367 1402 3394; x_wconf 88' lang='lat' dir='ltr'>prae-</span> 
     </span>
     <span class='ocr_line' id='line_1_64' title="bbox 343 3394 1403 3435; baseline 0.005 -13"><span class='ocrx_word' id='word_1_501' title='bbox 343 3394 434 3423; x_wconf 93' lang='lat' dir='ltr'>dictae</span> <span class='ocrx_word' id='word_1_502' title='bbox 456 3396 650 3424; x_wconf 87' lang='lat' dir='ltr'>dubitationis.</span> <span class='ocrx_word' id='word_1_503' title='bbox 666 3412 685 3417; x_wconf 91' lang='lat'>-</span> <span class='ocrx_word' id='word_1_504' title='bbox 699 3397 809 3425; x_wconf 82' lang='lat' dir='ltr'>Prima.</span> <span class='ocrx_word' id='word_1_505' title='bbox 833 3398 969 3433; x_wconf 86' lang='lat' dir='ltr'>Quidam,</span> <span class='ocrx_word' id='word_1_506' title='bbox 991 3404 1023 3425; x_wconf 91' lang='lat' dir='ltr'>ut</span> <span class='ocrx_word' id='word_1_507' title='bbox 1043 3398 1238 3435; x_wconf 88' lang='lat' dir='ltr'>Xenophanes</span> <span class='ocrx_word' id='word_1_508' title='bbox 1253 3398 1403 3435; x_wconf 91' lang='lat' dir='ltr'>Colopho-</span> 
     </span>
     <span class='ocr_line' id='line_1_65' title="bbox 343 3433 1403 3475; baseline 0.005 -14"><span class='ocrx_word' id='word_1_509' title='bbox 343 3433 416 3469; x_wconf 91' lang='lat' dir='ltr'>nius,</span> <span class='ocrx_word' id='word_1_510' title='bbox 439 3434 569 3463; x_wconf 89' lang='lat' dir='ltr'>dixerunt</span> <span class='ocrx_word' id='word_1_511' title='bbox 590 3436 725 3464; x_wconf 89' lang='lat' dir='ltr'>deorsum</span> <span class='ocrx_word' id='word_1_512' title='bbox 747 3443 838 3465; x_wconf 88' lang='lat' dir='ltr'>terrae</span> <span class='ocrx_word' id='word_1_513' title='bbox 860 3447 921 3466; x_wconf 89' lang='lat' dir='ltr'>esse</span> <span class='ocrx_word' id='word_1_514' title='bbox 944 3437 1102 3474; x_wconf 86' lang='lat' dir='ltr'>infinitum;</span> <span class='ocrx_word' id='word_1_515' title='bbox 1120 3437 1249 3466; x_wconf 90' lang='lat' dir='ltr'>volentes</span> <span class='ocrx_word' id='word_1_516' title='bbox 1263 3437 1308 3466; x_wconf 89' lang='lat' dir='ltr'>vel</span> <span class='ocrx_word' id='word_1_517' title='bbox 1323 3438 1403 3475; x_wconf 91' lang='lat' dir='ltr'>quod</span> 
     </span>
     <span class='ocr_line' id='line_1_66' title="bbox 343 3473 1403 3511; baseline 0.006 -11"><span class='ocrx_word' id='word_1_518' title='bbox 343 3482 392 3501; x_wconf 89' lang='lat' dir='ltr'>aer</span> <span class='ocrx_word' id='word_1_519' title='bbox 413 3473 485 3502; x_wconf 87' lang='lat' dir='ltr'>infra</span> <span class='ocrx_word' id='word_1_520' title='bbox 506 3481 611 3502; x_wconf 87' lang='lat' dir='ltr'>terram</span> <span class='ocrx_word' id='word_1_521' title='bbox 633 3475 668 3503; x_wconf 89' lang='lat' dir='ltr'>sit</span> <span class='ocrx_word' id='word_1_522' title='bbox 688 3475 824 3511; x_wconf 83' lang='lat' dir='ltr'>infinitus,</span> <span class='ocrx_word' id='word_1_523' title='bbox 847 3486 880 3505; x_wconf 88' lang='lat' dir='ltr'>ac</span> <span class='ocrx_word' id='word_1_524' title='bbox 895 3477 997 3505; x_wconf 88' lang='lat' dir='ltr'>exinde</span> <span class='ocrx_word' id='word_1_525' title='bbox 1018 3484 1093 3506; x_wconf 90' lang='lat' dir='ltr'>terra</span> <span class='ocrx_word' id='word_1_526' title='bbox 1113 3486 1173 3506; x_wconf 91' lang='lat' dir='ltr'>non</span> <span class='ocrx_word' id='word_1_527' title='bbox 1196 3484 1346 3506; x_wconf 88' lang='lat' dir='ltr'>moveatur</span> <span class='ocrx_word' id='word_1_528' title='bbox 1359 3477 1403 3506; x_wconf 91' lang='lat' dir='ltr'>in-</span> 
     </span>
     <span class='ocr_line' id='line_1_67' title="bbox 344 3511 1403 3554; baseline 0.006 -14"><span class='ocrx_word' id='word_1_529' title='bbox 344 3511 438 3547; x_wconf 80' lang='lat' dir='ltr'>ferius,</span> <span class='ocrx_word' id='word_1_530' title='bbox 461 3513 528 3550; x_wconf 93' lang='lat' dir='ltr'>quia</span> <span class='ocrx_word' id='word_1_531' title='bbox 548 3514 617 3541; x_wconf 93' lang='lat' dir='ltr'>nihil</span> <span class='ocrx_word' id='word_1_532' title='bbox 638 3522 769 3543; x_wconf 88' lang='lat' dir='ltr'>movetur</span> <span class='ocrx_word' id='word_1_533' title='bbox 789 3517 825 3543; x_wconf 91' lang='lat' dir='ltr'>ad</span> <span class='ocrx_word' id='word_1_534' title='bbox 848 3516 1007 3551; x_wconf 85' lang='lat' dir='ltr'>infinitum;</span> <span class='ocrx_word' id='word_1_535' title='bbox 1029 3518 1090 3552; x_wconf 91' lang='lat' dir='ltr'>vel,</span> <span class='ocrx_word' id='word_1_536' title='bbox 1112 3517 1306 3554; x_wconf 79' lang='lat' dir='ltr'>probabiliuS,</span> <span class='ocrx_word' id='word_1_537' title='bbox 1322 3518 1403 3554; x_wconf 89' lang='lat' dir='ltr'>quod</span> 
     </span>
     <span class='ocr_line' id='line_1_68' title="bbox 344 3553 1404 3594; baseline 0.007 -15"><span class='ocrx_word' id='word_1_538' title='bbox 344 3561 409 3588; x_wconf 88' lang='lat' dir='ltr'>pars</span> <span class='ocrx_word' id='word_1_539' title='bbox 431 3559 522 3581; x_wconf 86' lang='lat' dir='ltr'>terrae</span> <span class='ocrx_word' id='word_1_540' title='bbox 544 3553 579 3581; x_wconf 91' lang='lat' dir='ltr'>sit</span> <span class='ocrx_word' id='word_1_541' title='bbox 599 3553 709 3582; x_wconf 88' lang='lat' dir='ltr'>infinita</span> <span class='ocrx_word' id='word_1_542' title='bbox 729 3564 826 3583; x_wconf 88' lang='lat' dir='ltr'>versus</span> <span class='ocrx_word' id='word_1_543' title='bbox 848 3562 957 3591; x_wconf 89' lang='lat' dir='ltr'>partem</span> <span class='ocrx_word' id='word_1_544' title='bbox 980 3556 1160 3591; x_wconf 88' lang='lat' dir='ltr'>inferiorem,</span> <span class='ocrx_word' id='word_1_545' title='bbox 1183 3566 1257 3594; x_wconf 88' lang='lat' dir='ltr'>quae</span> <span class='ocrx_word' id='word_1_546' title='bbox 1282 3557 1404 3594; x_wconf 85' lang='lat' dir='ltr'>proinde</span> 
     </span>
     <span class='ocr_line' id='line_1_69' title="bbox 344 3591 1404 3634; baseline 0.006 -15"><span class='ocrx_word' id='word_1_547' title='bbox 344 3591 523 3628; x_wconf 84' lang='lat' dir='ltr'>superiorem</span> <span class='ocrx_word' id='word_1_548' title='bbox 542 3592 571 3620; x_wconf 91' lang='lat' dir='ltr'>in</span> <span class='ocrx_word' id='word_1_549' title='bbox 586 3592 729 3621; x_wconf 83' lang='lat' dir='ltr'>infinitum</span> <span class='ocrx_word' id='word_1_550' title='bbox 751 3600 898 3623; x_wconf 85' lang='lat' dir='ltr'>sustentat.</span> <span class='ocrx_word' id='word_1_551' title='bbox 915 3611 933 3616; x_wconf 92' lang='lat'><em>—</em></span> <span class='ocrx_word' id='word_1_552' title='bbox 947 3597 1011 3624; x_wconf 90' lang='lat' dir='ltr'>Hoc</span> <span class='ocrx_word' id='word_1_553' title='bbox 1032 3596 1164 3624; x_wconf 85' lang='lat' dir='ltr'>dixerunt</span> <span class='ocrx_word' id='word_1_554' title='bbox 1185 3606 1245 3625; x_wconf 93' lang='lat' dir='ltr'>non</span> <span class='ocrx_word' id='word_1_555' title='bbox 1260 3597 1341 3634; x_wconf 83' lang='lat' dir='ltr'>quasi</span> <span class='ocrx_word' id='word_1_556' title='bbox 1356 3606 1404 3625; x_wconf 91' lang='lat' dir='ltr'>ve—</span> 
     </span>
     <span class='ocr_line' id='line_1_70' title="bbox 344 3630 1403 3670; baseline 0.007 -12"><span class='ocrx_word' id='word_1_557' title='bbox 344 3630 475 3667; x_wconf 84' lang='lat' dir='ltr'>risimile,</span> <span class='ocrx_word' id='word_1_558' title='bbox 498 3632 547 3660; x_wconf 90' lang='lat' dir='ltr'>sed</span> <span class='ocrx_word' id='word_1_559' title='bbox 569 3632 729 3660; x_wconf 86' lang='lat' dir='ltr'>laboriosae</span> <span class='ocrx_word' id='word_1_560' title='bbox 751 3633 943 3670; x_wconf 87' lang='lat' dir='ltr'>inquisitionis</span> <span class='ocrx_word' id='word_1_561' title='bbox 965 3635 1114 3664; x_wconf 88' lang='lat' dir='ltr'>evitandae</span> <span class='ocrx_word' id='word_1_562' title='bbox 1135 3645 1229 3665; x_wconf 87' lang='lat' dir='ltr'>causa.</span> <span class='ocrx_word' id='word_1_563' title='bbox 1246 3653 1263 3658; x_wconf 92' lang='lat'><em>-</em></span> <span class='ocrx_word' id='word_1_564' title='bbox 1281 3638 1305 3665; x_wconf 88' lang='lat'>5.</span> <span class='ocrx_word' id='word_1_565' title='bbox 1322 3636 1403 3665; x_wconf 88' lang='lat' dir='ltr'>Deri-</span> 
     </span>
    </p>
   </div>
   <div class='ocr_carea' id='block_1_11' title="bbox 1451 910 2525 1531">
    <p class='ocr_par' dir='ltr' id='par_1_21' title="bbox 1515 910 2523 1308">
     <span class='ocr_line' id='line_1_71' title="bbox 1515 910 2520 943; baseline 0.001 -2"><span class='ocrx_word' id='word_1_566' title='bbox 1515 911 1632 942; x_wconf 88' lang='lat' dir='ltr'>venire.</span> <span class='ocrx_word' id='word_1_567' title='bbox 1648 911 1794 942; x_wconf 82' lang='lat' dir='ltr'>Forsitan</span> <span class='ocrx_word' id='word_1_568' title='bbox 1811 910 1898 941; x_wconf 89' lang='lat' dir='ltr'>enim</span> <span class='ocrx_word' id='word_1_569' title='bbox 1913 910 2185 942; x_wconf 87' lang='lat' dir='ltr'>irrationabilioris</span> <span class='ocrx_word' id='word_1_570' title='bbox 2202 911 2317 942; x_wconf 90' lang='lat' dir='ltr'>mentis</span> <span class='ocrx_word' id='word_1_571' title='bbox 2330 921 2397 943; x_wconf 90' lang='lat' dir='ltr'>non</span> <span class='ocrx_word' id='word_1_572' title='bbox 2412 911 2520 942; x_wconf 89' lang='lat' dir='ltr'>mirari</span> 
     </span>
     <span class='ocr_line' id='line_1_72' title="bbox 1516 955 2520 998; baseline 0.002 -13"><span class='ocrx_word' id='word_1_573' title='bbox 1516 955 1684 996; x_wconf 88' lang='lat' dir='ltr'>quomodo</span> <span class='ocrx_word' id='word_1_574' title='bbox 1713 956 1909 996; x_wconf 87' lang='lat' dir='ltr'>quandoque</span> <span class='ocrx_word' id='word_1_575' title='bbox 1938 965 2034 996; x_wconf 86' lang='lat' dir='ltr'>parva</span> <span class='ocrx_word' id='word_1_576' title='bbox 2062 956 2216 996; x_wconf 88' lang='lat' dir='ltr'>particula</span> <span class='ocrx_word' id='word_1_577' title='bbox 2238 963 2337 987; x_wconf 85' lang='lat' dir='ltr'>terrae</span> <span class='ocrx_word' id='word_1_578' title='bbox 2367 956 2520 998; x_wconf 90' lang='lat' dir='ltr'>quidem,</span> 
     </span>
     <span class='ocr_line' id='line_1_73' title="bbox 1517 999 2520 1041; baseline 0.003 -12"><span class='ocrx_word' id='word_1_579' title='bbox 1517 999 1541 1030; x_wconf 92' lang='lat' dir='ltr'>si</span> <span class='ocrx_word' id='word_1_580' title='bbox 1557 999 1677 1030; x_wconf 84' lang='lat' dir='ltr'>elevata</span> <span class='ocrx_word' id='word_1_581' title='bbox 1691 999 1878 1038; x_wconf 85' lang='lat' dir='ltr'>dimittatur,</span> <span class='ocrx_word' id='word_1_582' title='bbox 1903 999 2001 1031; x_wconf 84' lang='lat' dir='ltr'>fertur</span> <span class='ocrx_word' id='word_1_583' title='bbox 2024 1007 2055 1031; x_wconf 91' lang='lat' dir='ltr'>et</span> <span class='ocrx_word' id='word_1_584' title='bbox 2071 1009 2198 1031; x_wconf 89' lang='lat' dir='ltr'>manere</span> <span class='ocrx_word' id='word_1_585' title='bbox 2213 1011 2281 1031; x_wconf 89' lang='lat' dir='ltr'>non</span> <span class='ocrx_word' id='word_1_586' title='bbox 2296 1001 2376 1040; x_wconf 91' lang='lat' dir='ltr'>vult,</span> <span class='ocrx_word' id='word_1_587' title='bbox 2400 1007 2431 1032; x_wconf 89' lang='lat' dir='ltr'>et</span> <span class='ocrx_word' id='word_1_588' title='bbox 2446 1001 2520 1041; x_wconf 89' lang='lat' dir='ltr'>plus</span> 
     </span>
     <span class='ocr_line' id='line_1_74' title="bbox 1517 1044 2522 1087; baseline 0.002 -13"><span class='ocrx_word' id='word_1_589' title='bbox 1517 1054 1643 1084; x_wconf 86' lang='lat' dir='ltr'>semper</span> <span class='ocrx_word' id='word_1_590' title='bbox 1665 1044 1824 1084; x_wconf 86' lang='lat' dir='ltr'>velocius;</span> <span class='ocrx_word' id='word_1_591' title='bbox 1849 1050 1951 1076; x_wconf 89' lang='lat' dir='ltr'>totam</span> <span class='ocrx_word' id='word_1_592' title='bbox 1975 1051 2083 1075; x_wconf 89' lang='lat' dir='ltr'>autem</span> <span class='ocrx_word' id='word_1_593' title='bbox 2105 1050 2221 1075; x_wconf 84' lang='lat' dir='ltr'>terram</span> <span class='ocrx_word' id='word_1_594' title='bbox 2244 1045 2270 1075; x_wconf 90' lang='lat' dir='ltr'>si</span> <span class='ocrx_word' id='word_1_595' title='bbox 2289 1045 2361 1087; x_wconf 81' lang='lat' dir='ltr'>quis</span> <span class='ocrx_word' id='word_1_596' title='bbox 2379 1045 2522 1076; x_wconf 67' lang='lat' dir='ltr'>‘dimittat</span> 
     </span>
     <span class='ocr_line' id='line_1_75' title="bbox 1517 1088 2521 1131; baseline 0.001 -12"><span class='ocrx_word' id='word_1_597' title='bbox 1517 1098 1592 1119; x_wconf 90' lang='lat' dir='ltr'>cum</span> <span class='ocrx_word' id='word_1_598' title='bbox 1616 1088 1792 1127; x_wconf 83' lang='lat' dir='ltr'>elevaverit,</span> <span class='ocrx_word' id='word_1_599' title='bbox 1815 1099 1882 1120; x_wconf 93' lang='lat' dir='ltr'>non</span> <span class='ocrx_word' id='word_1_600' title='bbox 1907 1088 2017 1130; x_wconf 91' lang='lat' dir='ltr'>utique</span> <span class='ocrx_word' id='word_1_601' title='bbox 2041 1088 2171 1127; x_wconf 20' lang='lat' dir='ltr'>fertur3*</span> <span class='ocrx_word' id='word_1_602' title='bbox 2190 1099 2277 1120; x_wconf 90' lang='lat' dir='ltr'>nunc</span> <span class='ocrx_word' id='word_1_603' title='bbox 2299 1097 2408 1121; x_wconf 88' lang='lat' dir='ltr'>autem</span> <span class='ocrx_word' id='word_1_604' title='bbox 2431 1089 2521 1131; x_wconf 88' lang='lat' dir='ltr'>quie-</span> 
     </span>
     <span class='ocr_line' id='line_1_76' title="bbox 1517 1133 2522 1176; baseline 0.001 -13"><span class='ocrx_word' id='word_1_605' title='bbox 1517 1142 1601 1164; x_wconf 91' lang='lat' dir='ltr'>scere</span> <span class='ocrx_word' id='word_1_606' title='bbox 1618 1139 1739 1164; x_wconf 78' lang='lat' dir='ltr'>tantam</span> <span class='ocrx_word' id='word_1_607' title='bbox 1762 1134 1956 1173; x_wconf 82' lang='lat' dir='ltr'>gravitatem.</span> <span class='ocrx_word' id='word_1_608' title='bbox 1982 1133 2045 1164; x_wconf 88' lang='lat' dir='ltr'>Sed</span> <span class='ocrx_word' id='word_1_609' title='bbox 2060 1133 2164 1164; x_wconf 89' lang='lat' dir='ltr'>adhuc</span> <span class='ocrx_word' id='word_1_610' title='bbox 2180 1133 2303 1174; x_wconf 89' lang='lat' dir='ltr'>utique,</span> <span class='ocrx_word' id='word_1_611' title='bbox 2320 1134 2346 1165; x_wconf 89' lang='lat' dir='ltr'>si</span> <span class='ocrx_word' id='word_1_612' title='bbox 2362 1134 2434 1176; x_wconf 89' lang='lat' dir='ltr'>quis</span> <span class='ocrx_word' id='word_1_613' title='bbox 2449 1134 2522 1165; x_wconf 83' lang='lat' dir='ltr'>latis</span> 
     </span>
     <span class='ocr_line' id='line_1_77' title="bbox 1517 1177 2523 1218; baseline 0.001 -11"><span class='ocrx_word' id='word_1_614' title='bbox 1517 1177 1678 1218; x_wconf 87' lang='lat' dir='ltr'>particulis</span> <span class='ocrx_word' id='word_1_615' title='bbox 1701 1177 1801 1218; x_wconf 89' lang='lat' dir='ltr'>ipsius</span> <span class='ocrx_word' id='word_1_616' title='bbox 1826 1184 1898 1209; x_wconf 87' lang='lat' dir='ltr'>ante</span> <span class='ocrx_word' id='word_1_617' title='bbox 1921 1177 2031 1208; x_wconf 90' lang='lat' dir='ltr'>cadere</span> <span class='ocrx_word' id='word_1_618' title='bbox 2055 1185 2202 1209; x_wconf 89' lang='lat' dir='ltr'>amoveat</span> <span class='ocrx_word' id='word_1_619' title='bbox 2224 1185 2357 1216; x_wconf 89' lang='lat' dir='ltr'>terram,</span> <span class='ocrx_word' id='word_1_620' title='bbox 2383 1178 2523 1210; x_wconf 86' lang='lat' dir='ltr'>ferentur</span> 
     </span>
     <span class='ocr_line' id='line_1_78' title="bbox 1517 1222 2522 1264; baseline 0.002 -12"><span class='ocrx_word' id='word_1_621' title='bbox 1517 1222 1679 1260; x_wconf 88' lang='lat' dir='ltr'>deorsum,</span> <span class='ocrx_word' id='word_1_622' title='bbox 1692 1222 1782 1252; x_wconf 91' lang='lat' dir='ltr'>nullo</span> <span class='ocrx_word' id='word_1_623' title='bbox 1795 1223 1968 1253; x_wconf 90' lang='lat' dir='ltr'>resistente.</span> <span class='ocrx_word' id='word_1_624' title='bbox 1978 1222 1995 1241; x_wconf 90' lang='lat'><strong>*</strong></span> <span class='ocrx_word' id='word_1_625' title='bbox 2006 1222 2113 1260; x_wconf 84' lang='lat' dir='ltr'>Quare</span> <span class='ocrx_word' id='word_1_626' title='bbox 2125 1229 2251 1263; x_wconf 85' lang='lat' dir='ltr'>stupere</span> <span class='ocrx_word' id='word_1_627' title='bbox 2263 1223 2396 1264; x_wconf 90' lang='lat' dir='ltr'>quidem</span> <span class='ocrx_word' id='word_1_628' title='bbox 2407 1223 2522 1254; x_wconf 85' lang='lat' dir='ltr'>merito</span> 
     </span>
     <span class='ocr_line' id='line_1_79' title="bbox 1518 1266 2162 1308; baseline 0 -11"><span class='ocrx_word' id='word_1_629' title='bbox 1518 1266 1638 1297; x_wconf 83' lang='lat' dir='ltr'>facturn</span> <span class='ocrx_word' id='word_1_630' title='bbox 1662 1274 1708 1297; x_wconf 88' lang='lat' dir='ltr'>est</span> <span class='ocrx_word' id='word_1_631' title='bbox 1731 1266 1979 1308; x_wconf 85' lang='lat' dir='ltr'>philosophema</span> <span class='ocrx_word' id='word_1_632' title='bbox 2001 1267 2162 1298; x_wconf 89' lang='lat' dir='ltr'>omnibus.</span> 
     </span>
    </p>

    <p class='ocr_par' dir='ltr' id='par_1_22' title="bbox 1451 1311 2523 1398">
     <span class='ocr_line' id='line_1_80' title="bbox 1451 1311 2523 1352; baseline 0.001 -11"><span class='ocrx_word' id='word_1_633' title='bbox 1451 1311 1634 1342; x_wconf 89' lang='lat' dir='ltr'>Solutiones</span> <span class='ocrx_word' id='word_1_634' title='bbox 1657 1318 1766 1342; x_wconf 90' lang='lat' dir='ltr'>autem</span> <span class='ocrx_word' id='word_1_635' title='bbox 1795 1312 1834 1342; x_wconf 92' lang='lat' dir='ltr'>de</span> <span class='ocrx_word' id='word_1_636' title='bbox 1857 1312 1919 1342; x_wconf 90' lang='lat' dir='ltr'>hoc</span> <span class='ocrx_word' id='word_1_637' title='bbox 1948 1321 2014 1341; x_wconf 89' lang='lat' dir='ltr'>non</span> <span class='ocrx_word' id='word_1_638' title='bbox 2043 1311 2146 1352; x_wconf 90' lang='lat' dir='ltr'>magis</span> <span class='ocrx_word' id='word_1_639' title='bbox 2174 1311 2433 1343; x_wconf 89' lang='lat' dir='ltr'>inconvenientes</span> <span class='ocrx_word' id='word_1_640' title='bbox 2455 1321 2523 1343; x_wconf 80' lang='lat' dir='ltr'>esse</span> 
     </span>
     <span class='ocr_line' id='line_1_81' title="bbox 1517 1355 2320 1398; baseline 0.002 -13"><span class='ocrx_word' id='word_1_641' title='bbox 1517 1355 1616 1386; x_wconf 85' lang='lat' dir='ltr'>videri</span> <span class='ocrx_word' id='word_1_642' title='bbox 1641 1355 1849 1395; x_wconf 83' lang='lat' dir='ltr'>dubitatione,</span> <span class='ocrx_word' id='word_1_643' title='bbox 1873 1355 2039 1386; x_wconf 87' lang='lat' dir='ltr'>mirabitur</span> <span class='ocrx_word' id='word_1_644' title='bbox 2061 1356 2172 1398; x_wconf 89' lang='lat' dir='ltr'>utique</span> <span class='ocrx_word' id='word_1_645' title='bbox 2197 1356 2320 1398; x_wconf 90' lang='lat' dir='ltr'>aliquis.</span> 
     </span>
    </p>

    <p class='ocr_par' dir='ltr' id='par_1_23' title="bbox 1452 1399 2525 1531">
     <span class='ocr_line' id='line_1_82' title="bbox 1452 1399 2524 1442; baseline 0.002 -12"><span class='ocrx_word' id='word_1_646' title='bbox 1452 1400 1495 1430; x_wconf 89' lang='lat' dir='ltr'>Hi</span> <span class='ocrx_word' id='word_1_647' title='bbox 1511 1399 1644 1441; x_wconf 91' lang='lat' dir='ltr'>quidem</span> <span class='ocrx_word' id='word_1_648' title='bbox 1659 1400 1744 1430; x_wconf 89' lang='lat' dir='ltr'>enirn</span> <span class='ocrx_word' id='word_1_649' title='bbox 1758 1407 1890 1441; x_wconf 91' lang='lat' dir='ltr'>propter</span> <span class='ocrx_word' id='word_1_650' title='bbox 1912 1401 1974 1431; x_wconf 91' lang='lat' dir='ltr'>hoc</span> <span class='ocrx_word' id='word_1_651' title='bbox 1997 1400 2160 1432; x_wconf 88' lang='lat' dir='ltr'>infinitum</span> <span class='ocrx_word' id='word_1_652' title='bbox 2183 1401 2273 1442; x_wconf 93' lang='lat' dir='ltr'>quod</span> <span class='ocrx_word' id='word_1_653' title='bbox 2297 1401 2448 1432; x_wconf 89' lang='lat' dir='ltr'>deorsum</span> <span class='ocrx_word' id='word_1_654' title='bbox 2463 1407 2524 1432; x_wconf 87' lang='lat' dir='ltr'>ter-</span> 
     </span>
     <span class='ocr_line' id='line_1_83' title="bbox 1519 1444 2525 1487; baseline 0.003 -13"><span class='ocrx_word' id='word_1_655' title='bbox 1519 1454 1571 1475; x_wconf 88' lang='lat' dir='ltr'>rae</span> <span class='ocrx_word' id='word_1_656' title='bbox 1594 1454 1662 1476; x_wconf 87' lang='lat' dir='ltr'>esse</span> <span class='ocrx_word' id='word_1_657' title='bbox 1684 1444 1793 1484; x_wconf 87' lang='lat' dir='ltr'>aiunt,</span> <span class='ocrx_word' id='word_1_658' title='bbox 1816 1445 2094 1486; x_wconf 88' lang='lat' dir='ltr'>quemadmodum</span> <span class='ocrx_word' id='word_1_659' title='bbox 2117 1446 2332 1486; x_wconf 73' lang='lat' dir='ltr'>Xenophanes</span> <span class='ocrx_word' id='word_1_660' title='bbox 2356 1445 2525 1487; x_wconf 80' lang='lat' dir='ltr'>Colopho-</span> 
     </span>
     <span class='ocr_line' id='line_1_84' title="bbox 1520 1489 2371 1531; baseline 0.001 -12"><span class='ocrx_word' id='word_1_661' title='bbox 1520 1489 1603 1527; x_wconf 89' lang='lat' dir='ltr'>nius,</span> <span class='ocrx_word' id='word_1_662' title='bbox 1629 1495 1665 1519; x_wconf 91' lang='lat' dir='ltr'>ut</span> <span class='ocrx_word' id='word_1_663' title='bbox 1688 1499 1755 1519; x_wconf 91' lang='lat' dir='ltr'>non</span> <span class='ocrx_word' id='word_1_664' title='bbox 1778 1489 1979 1530; x_wconf 88' lang='lat' dir='ltr'>negotientur</span> <span class='ocrx_word' id='word_1_665' title='bbox 2001 1497 2187 1531; x_wconf 90' lang='lat' dir='ltr'>quaerentes</span> <span class='ocrx_word' id='word_1_666' title='bbox 2211 1500 2350 1522; x_wconf 85' lang='lat' dir='ltr'>causam.</span> <span class='ocrx_word' id='word_1_667' title='bbox 2369 1517 2371 1520; x_wconf 86' lang='lat'>.</span> 
     </span>
    </p>
   </div>
   <div class='ocr_carea' id='block_1_12' title="bbox 1452 1578 2528 2599">
    <p class='ocr_par' dir='ltr' id='par_1_24' title="bbox 1452 1578 2524 1797">
     <span class='ocr_line' id='line_1_85' title="bbox 1452 1578 2406 1622; baseline -0.003 -10"><span class='ocrx_word' id='word_1_668' title='bbox 1452 1582 1585 1622; x_wconf 90' lang='lat' dir='ltr'>Propter</span> <span class='ocrx_word' id='word_1_669' title='bbox 1608 1579 1698 1620; x_wconf 92' lang='lat' dir='ltr'>quod</span> <span class='ocrx_word' id='word_1_670' title='bbox 1722 1585 1752 1610; x_wconf 90' lang='lat' dir='ltr'>et</span> <span class='ocrx_word' id='word_1_671' title='bbox 1774 1578 1986 1618; x_wconf 90' lang='lat' dir='ltr'>Empedocles</span> <span class='ocrx_word' id='word_1_672' title='bbox 2010 1578 2054 1609; x_wconf 89' lang='lat' dir='ltr'>sic</span> <span class='ocrx_word' id='word_1_673' title='bbox 2078 1578 2259 1619; x_wconf 84' lang='lat' dir='ltr'>obstupuit,</span> <span class='ocrx_word' id='word_1_674' title='bbox 2284 1578 2406 1610; x_wconf 90' lang='lat' dir='ltr'>dicens:</span> 
     </span>
     <span class='ocr_line' id='line_1_86' title="bbox 1565 1622 2524 1665; baseline 0.001 -10"><span class='ocrx_word' id='word_1_675' title='bbox 1565 1623 1731 1665; x_wconf 90' lang='lat' dir='ltr'>Siquidem</span> <span class='ocrx_word' id='word_1_676' title='bbox 1753 1622 1893 1654; x_wconf 90' lang='lat' dir='ltr'>infinitae</span> <span class='ocrx_word' id='word_1_677' title='bbox 1917 1629 2015 1654; x_wconf 86' lang='lat' dir='ltr'>terrae</span> <span class='ocrx_word' id='word_1_678' title='bbox 2039 1623 2270 1664; x_wconf 86' lang='lat' dir='ltr'>profunditates</span> <span class='ocrx_word' id='word_1_679' title='bbox 2294 1630 2324 1654; x_wconf 92' lang='lat' dir='ltr'>et</span> <span class='ocrx_word' id='word_1_680' title='bbox 2347 1623 2524 1656; x_wconf 80' lang='lat' dir='ltr'>immensus</span> 
     </span>
     <span class='ocr_line' id='line_1_87' title="bbox 1610 1668 1726 1706; baseline -0.009 -7"><span class='ocrx_word' id='word_1_681' title='bbox 1610 1668 1726 1706; x_wconf 85' lang='lat' dir='ltr'>aether,</span> 
     </span>
     <span class='ocr_line' id='line_1_88' title="bbox 1566 1711 2443 1753; baseline 0 -10"><span class='ocrx_word' id='word_1_682' title='bbox 1566 1713 1666 1750; x_wconf 91' lang='lat' dir='ltr'>Quod</span> <span class='ocrx_word' id='word_1_683' title='bbox 1688 1711 1947 1752; x_wconf 72' lang='lat' dir='ltr'>permultorum</span> <span class='ocrx_word' id='word_1_684' title='bbox 1970 1722 2065 1743; x_wconf 89' lang='lat' dir='ltr'>orum</span> <span class='ocrx_word' id='word_1_685' title='bbox 2088 1713 2233 1753; x_wconf 83' lang='lat' dir='ltr'>linguam</span> <span class='ocrx_word' id='word_1_686' title='bbox 2256 1712 2339 1743; x_wconf 87' lang='lat' dir='ltr'>dicta</span> <span class='ocrx_word' id='word_1_687' title='bbox 2360 1721 2443 1743; x_wconf 84' lang='lat' dir='ltr'>vane</span> 
     </span>
     <span class='ocr_line' id='line_1_89' title="bbox 1567 1756 2374 1797; baseline 0 -9"><span class='ocrx_word' id='word_1_688' title='bbox 1567 1757 1675 1788; x_wconf 86' lang='lat' dir='ltr'>Effusa</span> <span class='ocrx_word' id='word_1_689' title='bbox 1698 1762 1783 1795; x_wconf 90' lang='lat' dir='ltr'>sunt,</span> <span class='ocrx_word' id='word_1_690' title='bbox 1806 1756 1974 1787; x_wconf 88' lang='lat' dir='ltr'>modicum</span> <span class='ocrx_word' id='word_1_691' title='bbox 1997 1756 2096 1788; x_wconf 91' lang='lat' dir='ltr'>totius</span> <span class='ocrx_word' id='word_1_692' title='bbox 2119 1757 2374 1797; x_wconf 85' lang='lat' dir='ltr'>intelligentium.</span> 
     </span>
    </p>

    <p class='ocr_par' dir='ltr' id='par_1_25' title="bbox 1454 1800 2527 2021">
     <span class='ocr_line' id='line_1_90' title="bbox 1454 1800 2525 1842; baseline 0.001 -10"><span class='ocrx_word' id='word_1_693' title='bbox 1454 1802 1497 1832; x_wconf 91' lang='lat' dir='ltr'>Hi</span> <span class='ocrx_word' id='word_1_694' title='bbox 1521 1808 1628 1832; x_wconf 87' lang='lat' dir='ltr'>autern</span> <span class='ocrx_word' id='word_1_695' title='bbox 1651 1801 1685 1831; x_wconf 91' lang='lat' dir='ltr'>in</span> <span class='ocrx_word' id='word_1_696' title='bbox 1708 1810 1791 1841; x_wconf 89' lang='lat' dir='ltr'>aqua</span> <span class='ocrx_word' id='word_1_697' title='bbox 1814 1800 1901 1841; x_wconf 91' lang='lat' dir='ltr'>poni.</span> <span class='ocrx_word' id='word_1_698' title='bbox 1922 1801 2018 1832; x_wconf 88' lang='lat' dir='ltr'>Hunc</span> <span class='ocrx_word' id='word_1_699' title='bbox 2034 1801 2121 1832; x_wconf 86' lang='lat' dir='ltr'>enim</span> <span class='ocrx_word' id='word_1_700' title='bbox 2139 1801 2399 1842; x_wconf 86' lang='lat' dir='ltr'>antiquissimum</span> <span class='ocrx_word' id='word_1_701' title='bbox 2421 1811 2525 1834; x_wconf 78' lang='lat' dir='ltr'>susce-</span> 
     </span>
     <span class='ocr_line' id='line_1_91' title="bbox 1519 1845 2526 1887; baseline 0.001 -11"><span class='ocrx_word' id='word_1_702' title='bbox 1519 1846 1628 1887; x_wconf 89' lang='lat' dir='ltr'>pimus</span> <span class='ocrx_word' id='word_1_703' title='bbox 1645 1854 1837 1883; x_wconf 90' lang='lat' dir='ltr'>sermonem,</span> <span class='ocrx_word' id='word_1_704' title='bbox 1862 1855 1960 1886; x_wconf 89' lang='lat' dir='ltr'>quem</span> <span class='ocrx_word' id='word_1_705' title='bbox 1979 1845 2068 1876; x_wconf 80' lang='lat' dir='ltr'>aiunt</span> <span class='ocrx_word' id='word_1_706' title='bbox 2085 1846 2186 1876; x_wconf 90' lang='lat' dir='ltr'>dicere</span> <span class='ocrx_word' id='word_1_707' title='bbox 2201 1846 2339 1877; x_wconf 82' lang='lat' dir='ltr'>Thalem</span> <span class='ocrx_word' id='word_1_708' title='bbox 2353 1845 2526 1885; x_wconf 84' lang='lat' dir='ltr'>Milesium,</span> 
     </span>
     <span class='ocr_line' id='line_1_92' title="bbox 1520 1889 2526 1932; baseline 0 -11"><span class='ocrx_word' id='word_1_709' title='bbox 1520 1897 1674 1931; x_wconf 86' lang='lat' dir='ltr'>tanquam</span> <span class='ocrx_word' id='word_1_710' title='bbox 1697 1896 1828 1930; x_wconf 89' lang='lat' dir='ltr'>propter</span> <span class='ocrx_word' id='word_1_711' title='bbox 1850 1889 2046 1920; x_wconf 85' lang='lat' dir='ltr'>natationem</span> <span class='ocrx_word' id='word_1_712' title='bbox 2069 1899 2136 1920; x_wconf 91' lang='lat' dir='ltr'>esse</span> <span class='ocrx_word' id='word_1_713' title='bbox 2155 1897 2349 1929; x_wconf 88' lang='lat' dir='ltr'>manentem,</span> <span class='ocrx_word' id='word_1_714' title='bbox 2372 1890 2526 1932; x_wconf 86' lang='lat' dir='ltr'>quemad-</span> 
     </span>
     <span class='ocr_line' id='line_1_93' title="bbox 1521 1933 2527 1975; baseline 0.001 -10"><span class='ocrx_word' id='word_1_715' title='bbox 1521 1935 1659 1965; x_wconf 89' lang='lat' dir='ltr'>modum</span> <span class='ocrx_word' id='word_1_716' title='bbox 1674 1934 1799 1974; x_wconf 89' lang='lat' dir='ltr'>lignum</span> <span class='ocrx_word' id='word_1_717' title='bbox 1810 1934 1861 1964; x_wconf 90' lang='lat' dir='ltr'>vel</span> <span class='ocrx_word' id='word_1_718' title='bbox 1877 1933 1997 1975; x_wconf 87' lang='lat' dir='ltr'>aliquid</span> <span class='ocrx_word' id='word_1_719' title='bbox 2014 1934 2075 1965; x_wconf 88' lang='lat' dir='ltr'>tale</span> <span class='ocrx_word' id='word_1_720' title='bbox 2095 1935 2245 1966; x_wconf 83' lang='lat' dir='ltr'>alterum:</span> <span class='ocrx_word' id='word_1_721' title='bbox 2268 1934 2387 1965; x_wconf 88' lang='lat' dir='ltr'>etenim</span> <span class='ocrx_word' id='word_1_722' title='bbox 2407 1935 2527 1966; x_wconf 81' lang='lat' dir='ltr'>horum</span> 
     </span>
     <span class='ocr_line' id='line_1_94' title="bbox 1522 1977 2458 2021; baseline 0.001 -11"><span class='ocrx_word' id='word_1_723' title='bbox 1522 1979 1555 2010; x_wconf 92' lang='lat' dir='ltr'>in</span> <span class='ocrx_word' id='word_1_724' title='bbox 1572 1989 1641 2010; x_wconf 85' lang='lat' dir='ltr'>aere</span> <span class='ocrx_word' id='word_1_725' title='bbox 1657 1978 1790 2019; x_wconf 90' lang='lat' dir='ltr'>quidem</span> <span class='ocrx_word' id='word_1_726' title='bbox 1806 1977 1886 2009; x_wconf 89' lang='lat' dir='ltr'>nihil</span> <span class='ocrx_word' id='word_1_727' title='bbox 1901 1985 2014 2009; x_wconf 88' lang='lat' dir='ltr'>natum</span> <span class='ocrx_word' id='word_1_728' title='bbox 2031 1985 2077 2010; x_wconf 91' lang='lat' dir='ltr'>est</span> <span class='ocrx_word' id='word_1_729' title='bbox 2093 1989 2231 2018; x_wconf 87' lang='lat' dir='ltr'>manere,</span> <span class='ocrx_word' id='word_1_730' title='bbox 2246 1979 2302 2010; x_wconf 90' lang='lat' dir='ltr'>sed</span> <span class='ocrx_word' id='word_1_731' title='bbox 2315 1978 2349 2010; x_wconf 89' lang='lat' dir='ltr'>in</span> <span class='ocrx_word' id='word_1_732' title='bbox 2365 1989 2458 2021; x_wconf 85' lang='lat' dir='ltr'>aqua.</span> 
     </span>
    </p>

    <p class='ocr_par' dir='ltr' id='par_1_26' title="bbox 1454 2022 2528 2152">
     <span class='ocr_line' id='line_1_95' title="bbox 1454 2022 2528 2066; baseline 0.001 -11"><span class='ocrx_word' id='word_1_733' title='bbox 1454 2023 1471 2043; x_wconf 92' lang='lat'><em>*</em></span> <span class='ocrx_word' id='word_1_734' title='bbox 1486 2024 1659 2065; x_wconf 86' lang='lat' dir='ltr'>Tanquam</span> <span class='ocrx_word' id='word_1_735' title='bbox 1682 2033 1749 2053; x_wconf 92' lang='lat' dir='ltr'>non</span> <span class='ocrx_word' id='word_1_736' title='bbox 1773 2022 1884 2053; x_wconf 90' lang='lat' dir='ltr'>eadem</span> <span class='ocrx_word' id='word_1_737' title='bbox 1907 2023 2029 2054; x_wconf 90' lang='lat' dir='ltr'>ratione</span> <span class='ocrx_word' id='word_1_738' title='bbox 2054 2024 2204 2056; x_wconf 85' lang='lat' dir='ltr'>existente</span> <span class='ocrx_word' id='word_1_739' title='bbox 2227 2024 2267 2055; x_wconf 90' lang='lat' dir='ltr'>de</span> <span class='ocrx_word' id='word_1_740' title='bbox 2290 2030 2371 2056; x_wconf 86' lang='lat' dir='ltr'>terra</span> <span class='ocrx_word' id='word_1_741' title='bbox 2394 2031 2425 2056; x_wconf 87' lang='lat' dir='ltr'>et</span> <span class='ocrx_word' id='word_1_742' title='bbox 2443 2033 2528 2066; x_wconf 77' lang='lat' dir='ltr'>aqua</span> 
     </span>
     <span class='ocr_line' id='line_1_96' title="bbox 1522 2067 2527 2110; baseline 0.002 -11"><span class='ocrx_word' id='word_1_743' title='bbox 1522 2068 1696 2099; x_wconf 88' lang='lat' dir='ltr'>sustinente</span> <span class='ocrx_word' id='word_1_744' title='bbox 1720 2074 1852 2098; x_wconf 87' lang='lat' dir='ltr'>terram:</span> <span class='ocrx_word' id='word_1_745' title='bbox 1884 2077 1989 2109; x_wconf 90' lang='lat' dir='ltr'>neque</span> <span class='ocrx_word' id='word_1_746' title='bbox 2017 2067 2103 2099; x_wconf 91' lang='lat' dir='ltr'>enim</span> <span class='ocrx_word' id='word_1_747' title='bbox 2126 2078 2210 2110; x_wconf 89' lang='lat' dir='ltr'>aqua</span> <span class='ocrx_word' id='word_1_748' title='bbox 2233 2075 2306 2100; x_wconf 87' lang='lat' dir='ltr'>nata</span> <span class='ocrx_word' id='word_1_749' title='bbox 2329 2075 2376 2101; x_wconf 90' lang='lat' dir='ltr'>est</span> <span class='ocrx_word' id='word_1_750' title='bbox 2398 2078 2527 2101; x_wconf 81' lang='lat' dir='ltr'>manere</span> 
     </span>
     <span class='ocr_line' id='line_1_97' title="bbox 1522 2111 2001 2152; baseline -0.002 -9"><span class='ocrx_word' id='word_1_751' title='bbox 1522 2113 1652 2151; x_wconf 90' lang='lat' dir='ltr'>elevata,</span> <span class='ocrx_word' id='word_1_752' title='bbox 1677 2113 1731 2142; x_wconf 90' lang='lat' dir='ltr'>sed</span> <span class='ocrx_word' id='word_1_753' title='bbox 1755 2111 1789 2142; x_wconf 90' lang='lat' dir='ltr'>in</span> <span class='ocrx_word' id='word_1_754' title='bbox 1812 2111 1921 2152; x_wconf 89' lang='lat' dir='ltr'>aliquo</span> <span class='ocrx_word' id='word_1_755' title='bbox 1946 2119 2001 2143; x_wconf 87' lang='lat' dir='ltr'>est.</span> 
     </span>
    </p>

    <p class='ocr_par' dir='ltr' id='par_1_27' title="bbox 1454 2157 2528 2286">
     <span class='ocr_line' id='line_1_98' title="bbox 1454 2157 2528 2199; baseline 0.002 -11"><span class='ocrx_word' id='word_1_756' title='bbox 1454 2157 1569 2188; x_wconf 81' lang='lat' dir='ltr'>Adhuc</span> <span class='ocrx_word' id='word_1_757' title='bbox 1598 2164 1724 2194; x_wconf 88' lang='lat' dir='ltr'>autem,</span> <span class='ocrx_word' id='word_1_758' title='bbox 1755 2157 2032 2197; x_wconf 87' lang='lat' dir='ltr'>quemadmodum</span> <span class='ocrx_word' id='word_1_759' title='bbox 2065 2167 2117 2188; x_wconf 91' lang='lat' dir='ltr'>aer</span> <span class='ocrx_word' id='word_1_760' title='bbox 2140 2167 2223 2199; x_wconf 88' lang='lat' dir='ltr'>aqua</span> <span class='ocrx_word' id='word_1_761' title='bbox 2252 2157 2367 2197; x_wconf 89' lang='lat' dir='ltr'>levior,</span> <span class='ocrx_word' id='word_1_762' title='bbox 2393 2165 2424 2189; x_wconf 88' lang='lat' dir='ltr'>et</span> <span class='ocrx_word' id='word_1_763' title='bbox 2445 2165 2528 2190; x_wconf 85' lang='lat' dir='ltr'>terra</span> 
     </span>
     <span class='ocr_line' id='line_1_99' title="bbox 1522 2201 2527 2243; baseline 0.003 -12"><span class='ocrx_word' id='word_1_764' title='bbox 1522 2212 1614 2243; x_wconf 85' lang='lat' dir='ltr'>aqua.</span> <span class='ocrx_word' id='word_1_765' title='bbox 1641 2202 1759 2239; x_wconf 85' lang='lat' dir='ltr'>Quare,</span> <span class='ocrx_word' id='word_1_766' title='bbox 1776 2202 1945 2241; x_wconf 89' lang='lat' dir='ltr'>quomodo</span> <span class='ocrx_word' id='word_1_767' title='bbox 1961 2202 2112 2242; x_wconf 86' lang='lat' dir='ltr'>possibile</span> <span class='ocrx_word' id='word_1_768' title='bbox 2132 2209 2179 2233; x_wconf 90' lang='lat' dir='ltr'>est</span> <span class='ocrx_word' id='word_1_769' title='bbox 2196 2201 2297 2234; x_wconf 89' lang='lat' dir='ltr'>levius</span> <span class='ocrx_word' id='word_1_770' title='bbox 2321 2202 2422 2243; x_wconf 85' lang='lat' dir='ltr'>magis</span> <span class='ocrx_word' id='word_1_771' title='bbox 2436 2203 2527 2234; x_wconf 85' lang='lat' dir='ltr'>deor-</span> 
     </span>
     <span class='ocr_line' id='line_1_100' title="bbox 1521 2244 2246 2286; baseline 0 -9"><span class='ocrx_word' id='word_1_772' title='bbox 1521 2256 1595 2277; x_wconf 90' lang='lat' dir='ltr'>sum</span> <span class='ocrx_word' id='word_1_773' title='bbox 1618 2246 1697 2286; x_wconf 88' lang='lat' dir='ltr'>poni</span> <span class='ocrx_word' id='word_1_774' title='bbox 1720 2245 1856 2286; x_wconf 88' lang='lat' dir='ltr'>graviori</span> <span class='ocrx_word' id='word_1_775' title='bbox 1879 2247 2057 2277; x_wconf 88' lang='lat' dir='ltr'>secundum</span> <span class='ocrx_word' id='word_1_776' title='bbox 2081 2244 2246 2281; x_wconf 84' lang='lat' dir='ltr'>naturam?</span> 
     </span>
    </p>

    <p class='ocr_par' dir='ltr' id='par_1_28' title="bbox 1455 2289 2528 2463">
     <span class='ocr_line' id='line_1_101' title="bbox 1455 2289 2527 2333; baseline 0.002 -12"><span class='ocrx_word' id='word_1_777' title='bbox 1455 2291 1569 2322; x_wconf 87' lang='lat' dir='ltr'>Adhuc</span> <span class='ocrx_word' id='word_1_778' title='bbox 1593 2298 1716 2330; x_wconf 89' lang='lat' dir='ltr'>autem,</span> <span class='ocrx_word' id='word_1_779' title='bbox 1741 2289 1766 2320; x_wconf 89' lang='lat' dir='ltr'>si</span> <span class='ocrx_word' id='word_1_780' title='bbox 1789 2290 1922 2331; x_wconf 87' lang='lat' dir='ltr'>quidem</span> <span class='ocrx_word' id='word_1_781' title='bbox 1945 2298 2012 2322; x_wconf 87' lang='lat' dir='ltr'>tota</span> <span class='ocrx_word' id='word_1_782' title='bbox 2040 2298 2113 2322; x_wconf 87' lang='lat' dir='ltr'>nata</span> <span class='ocrx_word' id='word_1_783' title='bbox 2137 2298 2183 2323; x_wconf 92' lang='lat' dir='ltr'>est</span> <span class='ocrx_word' id='word_1_784' title='bbox 2213 2301 2341 2323; x_wconf 83' lang='lat' dir='ltr'>manere</span> <span class='ocrx_word' id='word_1_785' title='bbox 2367 2291 2401 2322; x_wconf 91' lang='lat' dir='ltr'>in</span> <span class='ocrx_word' id='word_1_786' title='bbox 2424 2301 2527 2333; x_wconf 80' lang='lat' dir='ltr'>aqua,</span> 
     </span>
     <span class='ocr_line' id='line_1_102' title="bbox 1521 2335 2528 2377; baseline 0.003 -12"><span class='ocrx_word' id='word_1_787' title='bbox 1521 2335 1627 2376; x_wconf 88' lang='lat' dir='ltr'>palam</span> <span class='ocrx_word' id='word_1_788' title='bbox 1652 2335 1727 2376; x_wconf 89' lang='lat' dir='ltr'>quia</span> <span class='ocrx_word' id='word_1_789' title='bbox 1751 2341 1781 2365; x_wconf 92' lang='lat' dir='ltr'>et</span> <span class='ocrx_word' id='word_1_790' title='bbox 1808 2335 2035 2375; x_wconf 87' lang='lat' dir='ltr'>particularum</span> <span class='ocrx_word' id='word_1_791' title='bbox 2058 2346 2270 2377; x_wconf 87' lang='lat' dir='ltr'>unaquaeque</span> <span class='ocrx_word' id='word_1_792' title='bbox 2298 2336 2409 2377; x_wconf 80' lang='lat' dir='ltr'>ipsius.</span> <span class='ocrx_word' id='word_1_793' title='bbox 2433 2336 2528 2368; x_wconf 83' lang='lat' dir='ltr'>Nunc</span> 
     </span>
     <span class='ocr_line' id='line_1_103' title="bbox 1522 2379 2528 2421; baseline 0.002 -11"><span class='ocrx_word' id='word_1_794' title='bbox 1522 2387 1630 2411; x_wconf 90' lang='lat' dir='ltr'>autem</span> <span class='ocrx_word' id='word_1_795' title='bbox 1646 2390 1712 2410; x_wconf 90' lang='lat' dir='ltr'>non</span> <span class='ocrx_word' id='word_1_796' title='bbox 1728 2379 1854 2410; x_wconf 87' lang='lat' dir='ltr'>videtur</span> <span class='ocrx_word' id='word_1_797' title='bbox 1876 2379 1939 2410; x_wconf 91' lang='lat' dir='ltr'>hoc</span> <span class='ocrx_word' id='word_1_798' title='bbox 1962 2379 2098 2419; x_wconf 85' lang='lat' dir='ltr'>factum;</span> <span class='ocrx_word' id='word_1_799' title='bbox 2122 2381 2178 2411; x_wconf 85' lang='lat' dir='ltr'>sed</span> <span class='ocrx_word' id='word_1_800' title='bbox 2194 2381 2354 2421; x_wconf 89' lang='lat' dir='ltr'>quaelibet</span> <span class='ocrx_word' id='word_1_801' title='bbox 2374 2379 2528 2421; x_wconf 78' lang='lat' dir='ltr'>particula</span> 
     </span>
     <span class='ocr_line' id='line_1_104' title="bbox 1521 2423 2203 2463; baseline 0 -8"><span class='ocrx_word' id='word_1_802' title='bbox 1521 2423 1620 2455; x_wconf 86' lang='lat' dir='ltr'>fertur</span> <span class='ocrx_word' id='word_1_803' title='bbox 1642 2424 1675 2454; x_wconf 91' lang='lat' dir='ltr'>in</span> <span class='ocrx_word' id='word_1_804' title='bbox 1699 2423 1848 2463; x_wconf 87' lang='lat' dir='ltr'>fundum,</span> <span class='ocrx_word' id='word_1_805' title='bbox 1874 2431 1904 2454; x_wconf 92' lang='lat' dir='ltr'>et</span> <span class='ocrx_word' id='word_1_806' title='bbox 1926 2424 2068 2455; x_wconf 87' lang='lat' dir='ltr'>velocius</span> <span class='ocrx_word' id='word_1_807' title='bbox 2092 2424 2203 2456; x_wconf 89' lang='lat' dir='ltr'>maior.</span> 
     </span>
    </p>

    <p class='ocr_par' dir='ltr' id='par_1_29' title="bbox 1454 2468 2528 2599">
     <span class='ocr_line' id='line_1_105' title="bbox 1454 2468 2527 2510; baseline -0.001 -10"><span class='ocrx_word' id='word_1_808' title='bbox 1454 2469 1470 2487; x_wconf 95' lang='lat'><em>*</em></span> <span class='ocrx_word' id='word_1_809' title='bbox 1486 2468 1549 2500; x_wconf 90' lang='lat' dir='ltr'>Sed</span> <span class='ocrx_word' id='word_1_810' title='bbox 1571 2468 1719 2499; x_wconf 89' lang='lat' dir='ltr'>videntur</span> <span class='ocrx_word' id='word_1_811' title='bbox 1742 2477 1844 2508; x_wconf 91' lang='lat' dir='ltr'>usque</span> <span class='ocrx_word' id='word_1_812' title='bbox 1867 2468 1907 2498; x_wconf 92' lang='lat' dir='ltr'>ad</span> <span class='ocrx_word' id='word_1_813' title='bbox 1930 2468 2050 2509; x_wconf 90' lang='lat' dir='ltr'>aliquid</span> <span class='ocrx_word' id='word_1_814' title='bbox 2074 2478 2236 2510; x_wconf 85' lang='lat' dir='ltr'>quaerere,</span> <span class='ocrx_word' id='word_1_815' title='bbox 2260 2469 2315 2499; x_wconf 89' lang='lat' dir='ltr'>sed</span> <span class='ocrx_word' id='word_1_816' title='bbox 2334 2478 2401 2499; x_wconf 90' lang='lat' dir='ltr'>non</span> <span class='ocrx_word' id='word_1_817' title='bbox 2424 2477 2527 2510; x_wconf 88' lang='lat' dir='ltr'>usque</span> 
     </span>
     <span class='ocr_line' id='line_1_106' title="bbox 1521 2512 2527 2554; baseline 0.001 -11"><span class='ocrx_word' id='word_1_818' title='bbox 1521 2513 1653 2554; x_wconf 89' lang='lat' dir='ltr'>quidem</span> <span class='ocrx_word' id='word_1_819' title='bbox 1676 2522 1743 2553; x_wconf 93' lang='lat' dir='ltr'>quo</span> <span class='ocrx_word' id='word_1_820' title='bbox 1767 2512 1918 2552; x_wconf 89' lang='lat' dir='ltr'>possibile</span> <span class='ocrx_word' id='word_1_821' title='bbox 1941 2513 2094 2544; x_wconf 88' lang='lat' dir='ltr'>dubitare.</span> <span class='ocrx_word' id='word_1_822' title='bbox 2129 2513 2290 2545; x_wconf 88' lang='lat' dir='ltr'>Omnibus</span> <span class='ocrx_word' id='word_1_823' title='bbox 2318 2513 2405 2544; x_wconf 88' lang='lat' dir='ltr'>enim</span> <span class='ocrx_word' id='word_1_824' title='bbox 2433 2512 2527 2544; x_wconf 83' lang='lat' dir='ltr'>nobis</span> 
     </span>
     <span class='ocr_line' id='line_1_107' title="bbox 1522 2555 2528 2599; baseline 0.002 -12"><span class='ocrx_word' id='word_1_825' title='bbox 1522 2558 1584 2588; x_wconf 90' lang='lat' dir='ltr'>hoc</span> <span class='ocrx_word' id='word_1_826' title='bbox 1604 2563 1808 2595; x_wconf 89' lang='lat' dir='ltr'>consuetum,</span> <span class='ocrx_word' id='word_1_827' title='bbox 1819 2555 1898 2588; x_wconf 78' lang='lat' dir='ltr'>&#39;non</span> <span class='ocrx_word' id='word_1_828' title='bbox 1917 2557 1958 2588; x_wconf 90' lang='lat' dir='ltr'>ad</span> <span class='ocrx_word' id='word_1_829' title='bbox 1981 2567 2049 2588; x_wconf 91' lang='lat' dir='ltr'>rem</span> <span class='ocrx_word' id='word_1_830' title='bbox 2071 2557 2138 2588; x_wconf 90' lang='lat' dir='ltr'>fieri</span> <span class='ocrx_word' id='word_1_831' title='bbox 2161 2558 2395 2599; x_wconf 87' lang='lat' dir='ltr'>quaestionem,</span> <span class='ocrx_word' id='word_1_832' title='bbox 2415 2558 2472 2589; x_wconf 86' lang='lat' dir='ltr'>sed</span> <span class='ocrx_word' id='word_1_833' title='bbox 2486 2558 2528 2590; x_wconf 77' lang='lat' dir='ltr'>nd</span> 
     </span>
    </p>
   </div>
   <div class='ocr_carea' id='block_1_13' title="bbox 1523 2601 2538 2644">
    <p class='ocr_par' dir='ltr' id='par_1_30' title="bbox 1523 2601 2538 2644">
     <span class='ocr_line' id='line_1_108' title="bbox 1523 2601 2538 2644; baseline 0.003 -12"><span class='ocrx_word' id='word_1_834' title='bbox 1523 2602 1678 2633; x_wconf 87' lang='lat' dir='ltr'>contraria</span> <span class='ocrx_word' id='word_1_835' title='bbox 1694 2602 1867 2632; x_wconf 85' lang='lat' dir='ltr'>dicentem:</span> <span class='ocrx_word' id='word_1_836' title='bbox 1891 2601 2008 2632; x_wconf 91' lang='lat' dir='ltr'>etenim</span> <span class='ocrx_word' id='word_1_837' title='bbox 2034 2602 2101 2642; x_wconf 91' lang='lat' dir='ltr'>ipse</span> <span class='ocrx_word' id='word_1_838' title='bbox 2116 2602 2148 2633; x_wconf 88' lang='lat' dir='ltr'>in</span> <span class='ocrx_word' id='word_1_839' title='bbox 2165 2602 2270 2643; x_wconf 89' lang='lat' dir='ltr'>seipso</span> <span class='ocrx_word' id='word_1_840' title='bbox 2287 2602 2409 2643; x_wconf 87' lang='lat' dir='ltr'>quaerit</span> <span class='ocrx_word' id='word_1_841' title='bbox 2423 2612 2538 2644; x_wconf 65' lang='lat' dir='ltr'>usquev</span> 
     </span>
    </p>
   </div>
   <div class='ocr_carea' id='block_1_14' title="bbox 1521 2645 2528 2811">
    <p class='ocr_par' dir='ltr' id='par_1_31' title="bbox 1521 2645 2528 2811">
     <span class='ocr_line' id='line_1_109' title="bbox 1522 2645 2525 2687; baseline 0.002 -11"><span class='ocrx_word' id='word_1_842' title='bbox 1522 2646 1632 2687; x_wconf 90' lang='lat' dir='ltr'>utique</span> <span class='ocrx_word' id='word_1_843' title='bbox 1657 2645 1712 2676; x_wconf 90' lang='lat' dir='ltr'>ubi</span> <span class='ocrx_word' id='word_1_844' title='bbox 1734 2656 1800 2676; x_wconf 91' lang='lat' dir='ltr'>non</span> <span class='ocrx_word' id='word_1_845' title='bbox 1824 2646 1963 2686; x_wconf 80' lang='lat' dir='ltr'>amplius</span> <span class='ocrx_word' id='word_1_846' title='bbox 1986 2646 2099 2678; x_wconf 88' lang='lat' dir='ltr'>habeat</span> <span class='ocrx_word' id='word_1_847' title='bbox 2129 2647 2341 2678; x_wconf 85' lang='lat' dir='ltr'>contradicere</span> <span class='ocrx_word' id='word_1_848' title='bbox 2365 2646 2433 2687; x_wconf 88' lang='lat' dir='ltr'>ipse</span> <span class='ocrx_word' id='word_1_849' title='bbox 2456 2646 2525 2679; x_wconf 84' lang='lat' dir='ltr'>sibi.</span> 
     </span>
     <span class='ocr_line' id='line_1_110' title="bbox 1521 2690 2527 2732; baseline 0.001 -11"><span class='ocrx_word' id='word_1_850' title='bbox 1521 2691 1653 2731; x_wconf 90' lang='lat' dir='ltr'>Propter</span> <span class='ocrx_word' id='word_1_851' title='bbox 1677 2690 1766 2731; x_wconf 95' lang='lat' dir='ltr'>quod</span> <span class='ocrx_word' id='word_1_852' title='bbox 1782 2697 1909 2730; x_wconf 90' lang='lat' dir='ltr'>oportet</span> <span class='ocrx_word' id='word_1_853' title='bbox 1924 2691 2144 2732; x_wconf 86' lang='lat' dir='ltr'>quaesiturum</span> <span class='ocrx_word' id='word_1_854' title='bbox 2163 2692 2244 2722; x_wconf 90' lang='lat' dir='ltr'>bene</span> <span class='ocrx_word' id='word_1_855' title='bbox 2267 2690 2437 2722; x_wconf 87' lang='lat' dir='ltr'>instantem</span> <span class='ocrx_word' id='word_1_856' title='bbox 2460 2700 2527 2722; x_wconf 82' lang='lat' dir='ltr'>esse</span> 
     </span>
     <span class='ocr_line' id='line_1_111' title="bbox 1522 2734 2528 2776; baseline 0.001 -10"><span class='ocrx_word' id='word_1_857' title='bbox 1522 2745 1578 2776; x_wconf 90' lang='lat' dir='ltr'>per</span> <span class='ocrx_word' id='word_1_858' title='bbox 1599 2734 1742 2775; x_wconf 88' lang='lat' dir='ltr'>proprias</span> <span class='ocrx_word' id='word_1_859' title='bbox 1765 2734 1928 2766; x_wconf 89' lang='lat' dir='ltr'>instantias</span> <span class='ocrx_word' id='word_1_860' title='bbox 1951 2735 2071 2775; x_wconf 85' lang='lat' dir='ltr'>generi:</span> <span class='ocrx_word' id='word_1_861' title='bbox 2097 2737 2159 2767; x_wconf 89' lang='lat' dir='ltr'>hoc</span> <span class='ocrx_word' id='word_1_862' title='bbox 2173 2742 2280 2767; x_wconf 90' lang='lat' dir='ltr'>autem</span> <span class='ocrx_word' id='word_1_863' title='bbox 2296 2742 2343 2767; x_wconf 86' lang='lat' dir='ltr'>est</span> <span class='ocrx_word' id='word_1_864' title='bbox 2361 2745 2398 2766; x_wconf 86' lang='lat' dir='ltr'>ex</span> <span class='ocrx_word' id='word_1_865' title='bbox 2414 2745 2528 2767; x_wconf 79' lang='lat' dir='ltr'>ornnes</span> 
     </span>
     <span class='ocr_line' id='line_1_112' title="bbox 1522 2778 1960 2811; baseline 0 -1"><span class='ocrx_word' id='word_1_866' title='bbox 1522 2780 1736 2810; x_wconf 87' lang='lat' dir='ltr'>considerasse</span> <span class='ocrx_word' id='word_1_867' title='bbox 1761 2778 1960 2811; x_wconf 86' lang='lat' dir='ltr'>differentias.</span> 
     </span>
    </p>
   </div>
   <div class='ocr_carea' id='block_1_15' title="bbox 1455 2919 2528 3675">
    <p class='ocr_par' dir='ltr' id='par_1_32' title="bbox 1455 2919 2528 3675">
     <span class='ocr_line' id='line_1_113' title="bbox 1456 2919 2528 2958; baseline 0.002 -11"><span class='ocrx_word' id='word_1_868' title='bbox 1456 2919 1539 2947; x_wconf 90' lang='lat' dir='ltr'>detur</span> <span class='ocrx_word' id='word_1_869' title='bbox 1553 2919 1624 2947; x_wconf 85' lang='lat' dir='ltr'>haec</span> <span class='ocrx_word' id='word_1_870' title='bbox 1639 2919 1745 2947; x_wconf 90' lang='lat' dir='ltr'>solutio</span> <span class='ocrx_word' id='word_1_871' title='bbox 1760 2920 1796 2947; x_wconf 85' lang='lat' dir='ltr'>ab</span> <span class='ocrx_word' id='word_1_872' title='bbox 1811 2920 2005 2956; x_wconf 81' lang='lat' dir='ltr'>Empedocle3</span> <span class='ocrx_word' id='word_1_873' title='bbox 2021 2920 2071 2958; x_wconf 90' lang='lat' dir='ltr'>qui</span> <span class='ocrx_word' id='word_1_874' title='bbox 2092 2919 2161 2949; x_wconf 92' lang='lat' dir='ltr'>dicit</span> <span class='ocrx_word' id='word_1_875' title='bbox 2175 2929 2210 2949; x_wconf 85' lang='lat' dir='ltr'>ex</span> <span class='ocrx_word' id='word_1_876' title='bbox 2232 2920 2345 2949; x_wconf 87' lang='lat' dir='ltr'>defectu</span> <span class='ocrx_word' id='word_1_877' title='bbox 2366 2920 2528 2951; x_wconf 78' lang='lat' dir='ltr'>intellectus</span> 
     </span>
     <span class='ocr_line' id='line_1_114' title="bbox 1455 2959 2526 2997; baseline 0.002 -10"><span class='ocrx_word' id='word_1_878' title='bbox 1455 2959 1622 2996; x_wconf 89' lang='lat' dir='ltr'>provenisse</span> <span class='ocrx_word' id='word_1_879' title='bbox 1644 2960 1724 2996; x_wconf 90' lang='lat' dir='ltr'>quod</span> <span class='ocrx_word' id='word_1_880' title='bbox 1739 2959 1827 2996; x_wconf 90' lang='lat' dir='ltr'>aliqui</span> <span class='ocrx_word' id='word_1_881' title='bbox 1842 2966 1977 2988; x_wconf 90' lang='lat' dir='ltr'>oretenus</span> <span class='ocrx_word' id='word_1_882' title='bbox 1991 2966 2151 2997; x_wconf 89' lang='lat' dir='ltr'>posuerunt</span> <span class='ocrx_word' id='word_1_883' title='bbox 2171 2959 2202 2988; x_wconf 92' lang='lat' dir='ltr'>id</span> <span class='ocrx_word' id='word_1_884' title='bbox 2216 2961 2305 2997; x_wconf 93' lang='lat' dir='ltr'>quod,</span> <span class='ocrx_word' id='word_1_885' title='bbox 2321 2959 2440 2989; x_wconf 86' lang='lat' dir='ltr'>interius</span> <span class='ocrx_word' id='word_1_886' title='bbox 2455 2969 2526 2990; x_wconf 84' lang='lat' dir='ltr'>con-</span> 
     </span>
     <span class='ocr_line' id='line_1_115' title="bbox 1456 2998 2527 3034; baseline 0.003 -7"><span class='ocrx_word' id='word_1_887' title='bbox 1456 2998 1628 3034; x_wconf 87' lang='lat' dir='ltr'>sideratum,</span> <span class='ocrx_word' id='word_1_888' title='bbox 1650 2999 1804 3028; x_wconf 87' lang='lat' dir='ltr'>verisimile</span> <span class='ocrx_word' id='word_1_889' title='bbox 1832 3009 1893 3028; x_wconf 91' lang='lat' dir='ltr'>non</span> <span class='ocrx_word' id='word_1_890' title='bbox 1914 2999 2035 3028; x_wconf 90' lang='lat' dir='ltr'>videtur.</span> <span class='ocrx_word' id='word_1_891' title='bbox 2058 3017 2078 3022; x_wconf 93' lang='lat'>-</span> <span class='ocrx_word' id='word_1_892' title='bbox 2099 3001 2125 3028; x_wconf 88' lang='lat'>6.</span> <span class='ocrx_word' id='word_1_893' title='bbox 2149 3000 2283 3028; x_wconf 85' lang='lat' dir='ltr'>Secunda</span> <span class='ocrx_word' id='word_1_894' title='bbox 2309 3000 2424 3029; x_wconf 75' lang='lat' dir='ltr'>solutio.</span> <span class='ocrx_word' id='word_1_895' title='bbox 2447 3001 2527 3030; x_wconf 82' lang='lat' dir='ltr'>Haec</span> 
     </span>
     <span class='ocr_line' id='line_1_116' title="bbox 1455 3039 2526 3078; baseline 0.002 -11"><span class='ocrx_word' id='word_1_896' title='bbox 1455 3039 1619 3067; x_wconf 86' lang='lat' dir='ltr'>attribuitur</span> <span class='ocrx_word' id='word_1_897' title='bbox 1633 3039 1717 3067; x_wconf 87' lang='lat' dir='ltr'>Thali</span> <span class='ocrx_word' id='word_1_898' title='bbox 1733 3039 1855 3075; x_wconf 89' lang='lat' dir='ltr'>Milesio,</span> <span class='ocrx_word' id='word_1_899' title='bbox 1871 3040 1921 3077; x_wconf 91' lang='lat' dir='ltr'>qui</span> <span class='ocrx_word' id='word_1_900' title='bbox 1936 3039 2006 3068; x_wconf 91' lang='lat' dir='ltr'>dixit</span> <span class='ocrx_word' id='word_1_901' title='bbox 2020 3046 2126 3069; x_wconf 85' lang='lat' dir='ltr'>terram</span> <span class='ocrx_word' id='word_1_902' title='bbox 2148 3049 2236 3077; x_wconf 89' lang='lat' dir='ltr'>super</span> <span class='ocrx_word' id='word_1_903' title='bbox 2249 3049 2356 3077; x_wconf 86' lang='lat' dir='ltr'>aquam</span> <span class='ocrx_word' id='word_1_904' title='bbox 2378 3040 2526 3078; x_wconf 86' lang='lat' dir='ltr'>quiescere</span> 
     </span>
     <span class='ocr_line' id='line_1_117' title="bbox 1456 3079 2526 3118; baseline 0.003 -12"><span class='ocrx_word' id='word_1_905' title='bbox 1456 3088 1507 3116; x_wconf 90' lang='lat' dir='ltr'>per</span> <span class='ocrx_word' id='word_1_906' title='bbox 1528 3080 1650 3107; x_wconf 90' lang='lat' dir='ltr'>modum</span> <span class='ocrx_word' id='word_1_907' title='bbox 1672 3079 1924 3116; x_wconf 88' lang='lat' dir='ltr'>supernatationis.</span> <span class='ocrx_word' id='word_1_908' title='bbox 1938 3096 1959 3101; x_wconf 85' lang='lat'>—</span> <span class='ocrx_word' id='word_1_909' title='bbox 1973 3090 2000 3116; x_wconf 92' lang='lat'>7.</span> <span class='ocrx_word' id='word_1_910' title='bbox 2015 3081 2200 3117; x_wconf 83' lang='lat' dir='ltr'>Improbatur</span> <span class='ocrx_word' id='word_1_911' title='bbox 2221 3081 2292 3109; x_wconf 86' lang='lat' dir='ltr'>haec</span> <span class='ocrx_word' id='word_1_912' title='bbox 2313 3079 2420 3109; x_wconf 85' lang='lat' dir='ltr'>solutio</span> <span class='ocrx_word' id='word_1_913' title='bbox 2434 3079 2526 3118; x_wconf 86' lang='lat' dir='ltr'>tripli-</span> 
     </span>
     <span class='ocr_line' id='line_1_118' title="bbox 1456 3118 2526 3156; baseline 0.002 -9"><span class='ocrx_word' id='word_1_914' title='bbox 1456 3118 1533 3147; x_wconf 84' lang='lat' dir='ltr'>citer.</span> <span class='ocrx_word' id='word_1_915' title='bbox 1549 3120 1577 3154; x_wconf 88' lang='lat' dir='ltr'>a)</span> <span class='ocrx_word' id='word_1_916' title='bbox 1593 3119 1672 3147; x_wconf 90' lang='lat' dir='ltr'>Sicut</span> <span class='ocrx_word' id='word_1_917' title='bbox 1687 3125 1770 3154; x_wconf 86' lang='lat' dir='ltr'>terra,</span> <span class='ocrx_word' id='word_1_918' title='bbox 1787 3119 1809 3147; x_wconf 90' lang='lat' dir='ltr'>si</span> <span class='ocrx_word' id='word_1_919' title='bbox 1825 3120 1960 3155; x_wconf 89' lang='lat' dir='ltr'>elevetur,</span> <span class='ocrx_word' id='word_1_920' title='bbox 1975 3129 2037 3148; x_wconf 91' lang='lat' dir='ltr'>non</span> <span class='ocrx_word' id='word_1_921' title='bbox 2051 3126 2150 3149; x_wconf 88' lang='lat' dir='ltr'>manet</span> <span class='ocrx_word' id='word_1_922' title='bbox 2164 3119 2219 3148; x_wconf 90' lang='lat' dir='ltr'>nisi</span> <span class='ocrx_word' id='word_1_923' title='bbox 2235 3126 2404 3156; x_wconf 82' lang='lat' dir='ltr'>sustentata,</span> <span class='ocrx_word' id='word_1_924' title='bbox 2419 3119 2459 3149; x_wconf 83' lang='lat' dir='ltr'>ita</span> <span class='ocrx_word' id='word_1_925' title='bbox 2471 3129 2526 3150; x_wconf 81' lang='lat' dir='ltr'>nec</span> 
     </span>
     <span class='ocr_line' id='line_1_119' title="bbox 1456 3157 2526 3197; baseline 0.003 -11"><span class='ocrx_word' id='word_1_926' title='bbox 1456 3168 1545 3196; x_wconf 88' lang='lat' dir='ltr'>aqua:</span> <span class='ocrx_word' id='word_1_927' title='bbox 1568 3159 1692 3196; x_wconf 87' lang='lat' dir='ltr'>ideoque</span> <span class='ocrx_word' id='word_1_928' title='bbox 1707 3166 1837 3188; x_wconf 88' lang='lat' dir='ltr'>remanet</span> <span class='ocrx_word' id='word_1_929' title='bbox 1851 3157 2015 3196; x_wconf 87' lang='lat' dir='ltr'>difficultas,</span> <span class='ocrx_word' id='word_1_930' title='bbox 2027 3169 2044 3188; x_wconf 89' lang='lat' dir='ltr'>a</span> <span class='ocrx_word' id='word_1_931' title='bbox 2062 3169 2121 3197; x_wconf 91' lang='lat' dir='ltr'>quo</span> <span class='ocrx_word' id='word_1_932' title='bbox 2140 3166 2315 3189; x_wconf 86' lang='lat' dir='ltr'>sustentetur</span> <span class='ocrx_word' id='word_1_933' title='bbox 2334 3159 2396 3197; x_wconf 89' lang='lat' dir='ltr'>ipsa</span> <span class='ocrx_word' id='word_1_934' title='bbox 2410 3169 2526 3197; x_wconf 87' lang='lat' dir='ltr'>aqua.-</span> 
     </span>
     <span class='ocr_line' id='line_1_120' title="bbox 1457 3199 2527 3237; baseline 0.002 -11"><span class='ocrx_word' id='word_1_935' title='bbox 1457 3199 1483 3227; x_wconf 84' lang='lat'>8.</span> <span class='ocrx_word' id='word_1_936' title='bbox 1500 3199 1528 3234; x_wconf 87' lang='lat' dir='ltr'>b)</span> <span class='ocrx_word' id='word_1_937' title='bbox 1550 3200 1600 3227; x_wconf 87' lang='lat' dir='ltr'>Est</span> <span class='ocrx_word' id='word_1_938' title='bbox 1621 3200 1657 3227; x_wconf 90' lang='lat' dir='ltr'>de</span> <span class='ocrx_word' id='word_1_939' title='bbox 1679 3199 1791 3228; x_wconf 89' lang='lat' dir='ltr'>ratione</span> <span class='ocrx_word' id='word_1_940' title='bbox 1817 3199 1931 3228; x_wconf 91' lang='lat' dir='ltr'>levioris</span> <span class='ocrx_word' id='word_1_941' title='bbox 1952 3201 2033 3237; x_wconf 91' lang='lat' dir='ltr'>quod</span> <span class='ocrx_word' id='word_1_942' title='bbox 2054 3200 2267 3237; x_wconf 87' lang='lat' dir='ltr'>superemineat</span> <span class='ocrx_word' id='word_1_943' title='bbox 2287 3199 2427 3237; x_wconf 83' lang='lat' dir='ltr'>graviori3</span> <span class='ocrx_word' id='word_1_944' title='bbox 2449 3208 2527 3237; x_wconf 75' lang='lat' dir='ltr'>aqua</span> 
     </span>
     <span class='ocr_line' id='line_1_121' title="bbox 1456 3239 2523 3276; baseline 0.002 -10"><span class='ocrx_word' id='word_1_945' title='bbox 1456 3245 1553 3267; x_wconf 89' lang='lat' dir='ltr'>autem</span> <span class='ocrx_word' id='word_1_946' title='bbox 1575 3245 1617 3267; x_wconf 89' lang='lat' dir='ltr'>est</span> <span class='ocrx_word' id='word_1_947' title='bbox 1637 3246 1713 3267; x_wconf 87' lang='lat' dir='ltr'>terra</span> <span class='ocrx_word' id='word_1_948' title='bbox 1733 3239 1832 3268; x_wconf 89' lang='lat' dir='ltr'>levior.</span> <span class='ocrx_word' id='word_1_949' title='bbox 1848 3257 1867 3261; x_wconf 98' lang='lat'><em>-</em></span> <span class='ocrx_word' id='word_1_950' title='bbox 1886 3249 1914 3276; x_wconf 88' lang='lat'>9.</span> <span class='ocrx_word' id='word_1_951' title='bbox 1937 3242 1964 3275; x_wconf 85' lang='lat' dir='ltr'>c)</span> <span class='ocrx_word' id='word_1_952' title='bbox 1985 3239 2089 3268; x_wconf 90' lang='lat' dir='ltr'>Totius</span> <span class='ocrx_word' id='word_1_953' title='bbox 2111 3246 2139 3268; x_wconf 94' lang='lat' dir='ltr'>et</span> <span class='ocrx_word' id='word_1_954' title='bbox 2160 3239 2248 3276; x_wconf 90' lang='lat' dir='ltr'>partis</span> <span class='ocrx_word' id='word_1_955' title='bbox 2263 3246 2306 3268; x_wconf 88' lang='lat' dir='ltr'>est</span> <span class='ocrx_word' id='word_1_956' title='bbox 2326 3239 2403 3268; x_wconf 90' lang='lat' dir='ltr'>idem</span> <span class='ocrx_word' id='word_1_957' title='bbox 2425 3245 2523 3268; x_wconf 82' lang='lat' dir='ltr'>motus</span> 
     </span>
     <span class='ocr_line' id='line_1_122' title="bbox 1456 3277 2524 3317; baseline 0.001 -11"><span class='ocrx_word' id='word_1_958' title='bbox 1456 3278 1602 3314; x_wconf 78' lang='lat' dir='ltr'>naturalis,</span> <span class='ocrx_word' id='word_1_959' title='bbox 1617 3280 1778 3316; x_wconf 91' lang='lat' dir='ltr'>eademque</span> <span class='ocrx_word' id='word_1_960' title='bbox 1793 3279 1891 3317; x_wconf 90' lang='lat' dir='ltr'>quies;</span> <span class='ocrx_word' id='word_1_961' title='bbox 1913 3279 2089 3317; x_wconf 82' lang='lat' dir='ltr'>experientia</span> <span class='ocrx_word' id='word_1_962' title='bbox 2102 3286 2199 3309; x_wconf 88' lang='lat' dir='ltr'>autern</span> <span class='ocrx_word' id='word_1_963' title='bbox 2221 3286 2334 3308; x_wconf 82' lang='lat' dir='ltr'>constat</span> <span class='ocrx_word' id='word_1_964' title='bbox 2353 3277 2524 3316; x_wconf 83' lang='lat' dir='ltr'>particulam</span> 
     </span>
     <span class='ocr_line' id='line_1_123' title="bbox 1456 3318 2524 3356; baseline 0.001 -10"><span class='ocrx_word' id='word_1_965' title='bbox 1456 3325 1548 3347; x_wconf 87' lang='lat' dir='ltr'>terrae</span> <span class='ocrx_word' id='word_1_966' title='bbox 1563 3318 1592 3346; x_wconf 93' lang='lat' dir='ltr'>in</span> <span class='ocrx_word' id='word_1_967' title='bbox 1606 3328 1682 3356; x_wconf 88' lang='lat' dir='ltr'>aqua</span> <span class='ocrx_word' id='word_1_968' title='bbox 1697 3319 1821 3356; x_wconf 92' lang='lat' dir='ltr'>positam</span> <span class='ocrx_word' id='word_1_969' title='bbox 1843 3320 1881 3348; x_wconf 90' lang='lat' dir='ltr'>ad</span> <span class='ocrx_word' id='word_1_970' title='bbox 1902 3320 2025 3348; x_wconf 88' lang='lat' dir='ltr'>fundum</span> <span class='ocrx_word' id='word_1_971' title='bbox 2040 3319 2116 3355; x_wconf 88' lang='lat' dir='ltr'>ferri,</span> <span class='ocrx_word' id='word_1_972' title='bbox 2131 3326 2160 3348; x_wconf 88' lang='lat' dir='ltr'>et</span> <span class='ocrx_word' id='word_1_973' title='bbox 2174 3325 2255 3348; x_wconf 85' lang='lat' dir='ltr'>tanto</span> <span class='ocrx_word' id='word_1_974' title='bbox 2270 3318 2398 3348; x_wconf 90' lang='lat' dir='ltr'>velocius</span> <span class='ocrx_word' id='word_1_975' title='bbox 2413 3325 2524 3356; x_wconf 87' lang='lat' dir='ltr'>quanto</span> 
     </span>
     <span class='ocr_line' id='line_1_124' title="bbox 1455 3357 2524 3394; baseline 0 -8"><span class='ocrx_word' id='word_1_976' title='bbox 1455 3358 1540 3386; x_wconf 86' lang='lat' dir='ltr'>fuerit</span> <span class='ocrx_word' id='word_1_977' title='bbox 1562 3358 1663 3387; x_wconf 87' lang='lat' dir='ltr'>maior.</span> <span class='ocrx_word' id='word_1_978' title='bbox 1682 3375 1698 3380; x_wconf 97' lang='lat'><em>-</em></span> <span class='ocrx_word' id='word_1_979' title='bbox 1721 3368 1763 3387; x_wconf 76' lang='grc' dir='ltr'>ιο.</span> <span class='ocrx_word' id='word_1_980' title='bbox 1787 3360 1899 3388; x_wconf 87' lang='lat' dir='ltr'>Harum</span> <span class='ocrx_word' id='word_1_981' title='bbox 1921 3359 2101 3388; x_wconf 86' lang='lat' dir='ltr'>solutionum</span> <span class='ocrx_word' id='word_1_982' title='bbox 2122 3359 2250 3388; x_wconf 88' lang='lat' dir='ltr'>defectus</span> <span class='ocrx_word' id='word_1_983' title='bbox 2264 3358 2295 3387; x_wconf 92' lang='lat' dir='ltr'>in</span> <span class='ocrx_word' id='word_1_984' title='bbox 2309 3358 2366 3388; x_wconf 91' lang='lat' dir='ltr'>hoc</span> <span class='ocrx_word' id='word_1_985' title='bbox 2383 3357 2524 3394; x_wconf 88' lang='lat' dir='ltr'>consistit,</span> 
     </span>
     <span class='ocr_line' id='line_1_125' title="bbox 1457 3397 2526 3436; baseline 0 -10"><span class='ocrx_word' id='word_1_986' title='bbox 1457 3398 1537 3435; x_wconf 92' lang='lat' dir='ltr'>quod</span> <span class='ocrx_word' id='word_1_987' title='bbox 1558 3398 1735 3436; x_wconf 88' lang='lat' dir='ltr'>assignantes</span> <span class='ocrx_word' id='word_1_988' title='bbox 1751 3408 1799 3428; x_wconf 87' lang='lat' dir='ltr'>eas</span> <span class='ocrx_word' id='word_1_989' title='bbox 1818 3409 1880 3428; x_wconf 91' lang='lat' dir='ltr'>non</span> <span class='ocrx_word' id='word_1_990' title='bbox 1901 3399 2034 3428; x_wconf 89' lang='lat' dir='ltr'>videntur</span> <span class='ocrx_word' id='word_1_991' title='bbox 2055 3408 2192 3436; x_wconf 87' lang='lat' dir='ltr'>quaerere</span> <span class='ocrx_word' id='word_1_992' title='bbox 2214 3407 2366 3436; x_wconf 89' lang='lat' dir='ltr'>quousque</span> <span class='ocrx_word' id='word_1_993' title='bbox 2387 3397 2526 3435; x_wconf 88' lang='lat' dir='ltr'>possibile</span> 
     </span>
     <span class='ocr_line' id='line_1_126' title="bbox 1457 3437 2525 3477; baseline 0 -11"><span class='ocrx_word' id='word_1_994' title='bbox 1457 3437 1492 3466; x_wconf 92' lang='lat' dir='ltr'>sit</span> <span class='ocrx_word' id='word_1_995' title='bbox 1506 3438 1638 3467; x_wconf 87' lang='lat' dir='ltr'>dubitari.</span> <span class='ocrx_word' id='word_1_996' title='bbox 1653 3455 1673 3459; x_wconf 91' lang='lat'><em>—</em></span> <span class='ocrx_word' id='word_1_997' title='bbox 1688 3439 1777 3467; x_wconf 91' lang='lat' dir='ltr'>Cuius</span> <span class='ocrx_word' id='word_1_998' title='bbox 1798 3439 1872 3468; x_wconf 86' lang='lat' dir='ltr'>ratio</span> <span class='ocrx_word' id='word_1_999' title='bbox 1894 3446 1937 3468; x_wconf 93' lang='lat' dir='ltr'>est</span> <span class='ocrx_word' id='word_1_1000' title='bbox 1958 3439 2027 3477; x_wconf 87' lang='lat' dir='ltr'>quia</span> <span class='ocrx_word' id='word_1_1001' title='bbox 2048 3439 2223 3476; x_wconf 89' lang='lat' dir='ltr'>disputando</span> <span class='ocrx_word' id='word_1_1002' title='bbox 2245 3438 2330 3467; x_wconf 92' lang='lat' dir='ltr'>nobis</span> <span class='ocrx_word' id='word_1_1003' title='bbox 2351 3444 2525 3467; x_wconf 87' lang='lat' dir='ltr'>consuetum</span> 
     </span>
     <span class='ocr_line' id='line_1_127' title="bbox 1457 3477 2525 3516; baseline 0 -10"><span class='ocrx_word' id='word_1_1004' title='bbox 1457 3484 1499 3506; x_wconf 91' lang='lat' dir='ltr'>est</span> <span class='ocrx_word' id='word_1_1005' title='bbox 1517 3479 1554 3506; x_wconf 93' lang='lat' dir='ltr'>ad</span> <span class='ocrx_word' id='word_1_1006' title='bbox 1569 3479 1639 3507; x_wconf 86' lang='lat' dir='ltr'>haec</span> <span class='ocrx_word' id='word_1_1007' title='bbox 1660 3485 1773 3507; x_wconf 91' lang='lat' dir='ltr'>tantum</span> <span class='ocrx_word' id='word_1_1008' title='bbox 1795 3478 1980 3516; x_wconf 81' lang='lat' dir='ltr'>respondere,</span> <span class='ocrx_word' id='word_1_1009' title='bbox 2003 3488 2078 3516; x_wconf 87' lang='lat' dir='ltr'>quae</span> <span class='ocrx_word' id='word_1_1010' title='bbox 2098 3477 2278 3508; x_wconf 87' lang='lat' dir='ltr'>adversarius</span> <span class='ocrx_word' id='word_1_1011' title='bbox 2299 3478 2329 3507; x_wconf 94' lang='lat' dir='ltr'>in</span> <span class='ocrx_word' id='word_1_1012' title='bbox 2347 3477 2525 3507; x_wconf 86' lang='lat' dir='ltr'>contrarium</span> 
     </span>
     <span class='ocr_line' id='line_1_128' title="bbox 1457 3517 2525 3556; baseline -0.001 -10"><span class='ocrx_word' id='word_1_1013' title='bbox 1457 3517 1554 3554; x_wconf 82' lang='lat' dir='ltr'>ponit3</span> <span class='ocrx_word' id='word_1_1014' title='bbox 1577 3525 1604 3546; x_wconf 90' lang='lat' dir='ltr'>et</span> <span class='ocrx_word' id='word_1_1015' title='bbox 1626 3518 1712 3547; x_wconf 82' lang='lat' dir='ltr'>etiam</span> <span class='ocrx_word' id='word_1_1016' title='bbox 1741 3520 1818 3555; x_wconf 90' lang='lat' dir='ltr'>apud</span> <span class='ocrx_word' id='word_1_1017' title='bbox 1839 3528 1893 3547; x_wconf 90' lang='lat' dir='ltr'>nos</span> <span class='ocrx_word' id='word_1_1018' title='bbox 1916 3519 1994 3556; x_wconf 90' lang='lat' dir='ltr'>ipsos</span> <span class='ocrx_word' id='word_1_1019' title='bbox 2016 3518 2246 3554; x_wconf 85' lang='lat' dir='ltr'>considerando,</span> <span class='ocrx_word' id='word_1_1020' title='bbox 2272 3527 2333 3547; x_wconf 90' lang='lat' dir='ltr'>non</span> <span class='ocrx_word' id='word_1_1021' title='bbox 2359 3517 2525 3556; x_wconf 85' lang='lat' dir='ltr'>quaerimus</span> 
     </span>
     <span class='ocr_line' id='line_1_129' title="bbox 1457 3557 2525 3596; baseline -0.001 -11"><span class='ocrx_word' id='word_1_1022' title='bbox 1457 3557 1615 3586; x_wconf 89' lang='lat' dir='ltr'>solutionm</span> <span class='ocrx_word' id='word_1_1023' title='bbox 1636 3558 1691 3586; x_wconf 92' lang='lat' dir='ltr'>nisi</span> <span class='ocrx_word' id='word_1_1024' title='bbox 1713 3567 1815 3586; x_wconf 89' lang='lat' dir='ltr'>eorum</span> <span class='ocrx_word' id='word_1_1025' title='bbox 1837 3567 1912 3596; x_wconf 91' lang='lat' dir='ltr'>quae</span> <span class='ocrx_word' id='word_1_1026' title='bbox 1934 3559 1963 3587; x_wconf 92' lang='lat' dir='ltr'>in</span> <span class='ocrx_word' id='word_1_1027' title='bbox 1983 3565 2122 3595; x_wconf 85' lang='lat' dir='ltr'>promptu</span> <span class='ocrx_word' id='word_1_1028' title='bbox 2137 3559 2294 3594; x_wconf 89' lang='lat' dir='ltr'>habemus;</span> <span class='ocrx_word' id='word_1_1029' title='bbox 2317 3558 2387 3586; x_wconf 87' lang='lat' dir='ltr'>dum</span> <span class='ocrx_word' id='word_1_1030' title='bbox 2407 3565 2475 3586; x_wconf 85' lang='lat' dir='ltr'>vera</span> <span class='ocrx_word' id='word_1_1031' title='bbox 2496 3562 2525 3584; x_wconf 83' lang='lat' dir='ltr'>et</span> 
     </span>
     <span class='ocr_line' id='line_1_130' title="bbox 1457 3594 2525 3635; baseline -0.001 -10"><span class='ocrx_word' id='word_1_1032' title='bbox 1457 3596 1603 3626; x_wconf 87' lang='lat' dir='ltr'>sufficiens</span> <span class='ocrx_word' id='word_1_1033' title='bbox 1629 3598 1777 3635; x_wconf 90' lang='lat' dir='ltr'>inquisitio</span> <span class='ocrx_word' id='word_1_1034' title='bbox 1799 3607 1861 3627; x_wconf 90' lang='lat' dir='ltr'>sese</span> <span class='ocrx_word' id='word_1_1035' title='bbox 1889 3599 2042 3627; x_wconf 87' lang='lat' dir='ltr'>extendere</span> <span class='ocrx_word' id='word_1_1036' title='bbox 2069 3599 2155 3627; x_wconf 91' lang='lat' dir='ltr'>debet</span> <span class='ocrx_word' id='word_1_1037' title='bbox 2182 3598 2219 3627; x_wconf 88' lang='lat' dir='ltr'>ad</span> <span class='ocrx_word' id='word_1_1038' title='bbox 2245 3606 2348 3626; x_wconf 89' lang='lat' dir='ltr'>omnes</span> <span class='ocrx_word' id='word_1_1039' title='bbox 2374 3594 2525 3625; x_wconf 82' lang='lat' dir='ltr'>instantias</span> 
     </span>
     <span class='ocr_line' id='line_1_131' title="bbox 1457 3636 2404 3675; baseline -0.001 -10"><span class='ocrx_word' id='word_1_1040' title='bbox 1457 3637 1620 3674; x_wconf 88' lang='lat' dir='ltr'>possibiles,</span> <span class='ocrx_word' id='word_1_1041' title='bbox 1643 3637 1846 3666; x_wconf 88' lang='lat' dir='ltr'>convenientes</span> <span class='ocrx_word' id='word_1_1042' title='bbox 1867 3644 1964 3667; x_wconf 90' lang='lat' dir='ltr'>tamen</span> <span class='ocrx_word' id='word_1_1043' title='bbox 1985 3637 2082 3675; x_wconf 85' lang='lat' dir='ltr'>generi</span> <span class='ocrx_word' id='word_1_1044' title='bbox 2104 3638 2140 3666; x_wconf 91' lang='lat' dir='ltr'>de</span> <span class='ocrx_word' id='word_1_1045' title='bbox 2161 3647 2221 3675; x_wconf 90' lang='lat' dir='ltr'>quo</span> <span class='ocrx_word' id='word_1_1046' title='bbox 2243 3636 2404 3674; x_wconf 85' lang='lat' dir='ltr'>inquiritur.</span> 
     </span>
    </p>
   </div>
   <div class='ocr_carea' id='block_1_16' title="bbox 2546 869 2761 924">
    <p class='ocr_par' dir='ltr' id='par_1_33' title="bbox 2546 869 2761 924">
     <span class='ocr_line' id='line_1_132' title="bbox 2546 869 2761 924; baseline 0.005 -33"><span class='ocrx_word' id='word_1_1047' title='bbox 2546 869 2694 924; x_wconf 38' lang='lat' dir='ltr'>:resxetqbgw‘</span> <span class='ocrx_word' id='word_1_1048' title='bbox 2709 875 2761 892; x_wconf 79' lang='lat' dir='ltr'>xm.</span> 
     </span>
    </p>
   </div>
   <div class='ocr_carea' id='block_1_17' title="bbox 2548 1226 2696 1255">
    <p class='ocr_par' dir='ltr' id='par_1_34' title="bbox 2548 1226 2696 1255">
     <span class='ocr_line' id='line_1_133' title="bbox 2548 1226 2696 1255; baseline -0.007 -5"><span class='ocrx_word' id='word_1_1049' title='bbox 2548 1227 2560 1239; x_wconf 72' lang='lat'>⁸</span> <span class='ocrx_word' id='word_1_1050' title='bbox 2573 1226 2643 1250; x_wconf 79' lang='lat' dir='ltr'>Text.</span> <span class='ocrx_word' id='word_1_1051' title='bbox 2657 1226 2696 1255; x_wconf 84' lang='lat'>78.</span> 
     </span>
    </p>
   </div>
   <div class='ocr_carea' id='block_1_18' title="bbox 2554 2029 2700 2059">
    <p class='ocr_par' dir='ltr' id='par_1_35' title="bbox 2554 2029 2700 2059">
     <span class='ocr_line' id='line_1_134' title="bbox 2554 2029 2700 2059; baseline 0.007 -7"><span class='ocrx_word' id='word_1_1052' title='bbox 2554 2031 2564 2041; x_wconf 82' lang='lat'>&#39;¹</span> <span class='ocrx_word' id='word_1_1053' title='bbox 2577 2029 2648 2054; x_wconf 71' lang='lat' dir='ltr'>Tett.</span> <span class='ocrx_word' id='word_1_1054' title='bbox 2662 2036 2700 2059; x_wconf 79' lang='lat'>⁷9·</span> 
     </span>
    </p>
   </div>
   <div class='ocr_carea' id='block_1_19' title="bbox 2553 2472 2702 2496">
    <p class='ocr_par' dir='ltr' id='par_1_36' title="bbox 2553 2472 2702 2496">
     <span class='ocr_line' id='line_1_135' title="bbox 2553 2472 2702 2496; baseline 0 0"><span class='ocrx_word' id='word_1_1055' title='bbox 2553 2474 2564 2483; x_wconf 88' lang='grc'>·</span> <span class='ocrx_word' id='word_1_1056' title='bbox 2577 2472 2647 2496; x_wconf 79' lang='lat' dir='ltr'>Text.</span> <span class='ocrx_word' id='word_1_1057' title='bbox 2661 2473 2702 2496; x_wconf 81' lang='lat'>80.</span> 
     </span>
    </p>
   </div>
  </div>
 </body>
</html>
