2782 4134
41 368 53 379 ¹⁶
67 367 170 389 excludit
182 373 203 388 Ρ.

39 681 51 693 ⁸
61 681 96 703 ef.
105 681 198 708 lect.xx‚
205 687 228 702 n.
231 686 250 702 2.

0 791 11 828 ζ
37 787 51 800 ⁴
62 786 134 809 Num.
148 793 168 815 3.

0 904 6 916 1
36 892 49 904 ‘
61 891 167 930 Num-4.

0 967 16 1012 ῗι

0 1001 251 1024 ι’ἠιιάἀ.1>ε1

34 1028 108 1051 codd.
115 1034 167 1049 exc.
174 1034 197 1050 Α.

38 1055 61 1066 ·”
79 1054 116 1077 ef.
135 1055 189 1076 lect.
204 1060 251 1081 xx,

37 1087 85 1104 ma
99 1084 122 1102 et
135 1084 184 1103 not.
199 1082 223 1111 β.

35 1108 48 1120 ⁶
62 1113 91 1130 eo
103 1113 126 1130 ι.

12 1166 16 1175 .
36 1134 48 1146 ⁶
53 1133 250 1163 quaesomaeodd.

1091 283 1202 319 CAP.
1234 283 1338 330 XIII,
1369 282 1520 319 LECT.
1552 284 1659 320 XXII

412 382 448 413 μ..
504 397 523 421 ².
549 365 725 405 ostquam
738 359 994 418 Philosophus
1007 362 1190 398 exclusit3
1204 363 1349 422 opinio-

511 414 532 459 js
548 423 615 447 nes
636 424 769 448 eorum
798 412 863 459 qui
892 413 1002 450 falsas
1026 415 1227 462 opiniones
1253 416 1350 454 circa

427 479 452 518 ἑ·
487 465 499 511 f*
546 471 685 500 terram
703 465 907 514 habebant,
925 466 985 502 hic
1005 468 1246 515 prosequitur
1270 471 1350 519 opi-

547 517 682 554 niones
702 530 837 554 eorum
858 518 935 566 qui,
961 531 1095 556 veram
1125 522 1348 582 opinionem

281 569 379 606 circa
407 553 546 607 terram
574 570 770 616 habentes,
792 571 931 608 scilicet
956 573 1087 631 quod
1080 586 1161 621 ipsa
1180 576 1348 634 quiesce-

280 630 348 670 ret,
369 622 681 662 inconvenientes
701 624 866 660 rationes
887 625 1022 672 quietis
1042 633 1162 663 terrae
1183 629 1348 676 assigna—

280 675 372 713 bant
401 677 431 713 3.
463 677 512 713 Et
538 676 663 726 primo
691 685 823 714 movet
856 677 1147 724 dubitationem;
1178 684 1347 720 secundo

279 730 458 778 proponit
485 730 717 767 solutionum
737 730 1056 778 insufficientiam,
1079 744 1174 780 quas
1202 734 1262 770 alii
1290 749 1347 773 as-

281 782 490 830 signabant,
502 783 569 820 ibi:
592 783 800 820 Solutiones
815 790 940 820 autem
955 785 1001 821 de
1014 786 1085 821 hoc
1095 786 1115 805 3
1131 793 1218 832 ete.;
1240 789 1347 826 tertio

279 836 523 884 prosequitur
559 836 723 884 singulas
752 837 981 885 solutiones,
1011 838 1079 874 ibi:
1108 839 1169 875 Hi
1199 841 1347 888 quidem

279 889 379 925 enim
404 895 559 937 propter
584 890 656 926 hoc
676 891 695 910 3
724 897 793 927 etc.
814 897 842 927 α.

335 953 369 978 2.
397 942 498 979 Dicit
517 954 606 990 ergo
635 943 760 991 primo
790 943 894 992 quod
914 944 1170 982 necessarium
1198 946 1350 984 videtur

279 995 384 1042 quod
403 996 423 1017 3
437 995 616 1032 omnibus
637 997 880 1056 superveniat
899 998 1091 1046 quaedam
1107 999 1291 1036 dubitatio
1305 1002 1349 1023 3*

280 1047 378 1085 circa
396 1056 548 1085 terram.
580 1049 680 1096 Quia
708 1049 738 1086 si
759 1050 843 1098 quis
863 1050 910 1087 de
932 1051 1006 1087 hoc
1027 1051 1046 1071 3
1072 1064 1151 1089 non
1179 1053 1346 1125 miretur,

277 1101 428 1138 videtur
446 1101 742 1140 irrationabilem
761 1111 930 1140 mentem
950 1105 1104 1152 habere,
1121 1106 1266 1153 quasi·
1260 1108 1348 1167 qui

278 1166 357 1191 non
385 1152 504 1204 possit
524 1155 784 1193 difficultatem
812 1157 1028 1206 percipere:
1058 1161 1258 1207 quomodo
1279 1161 1347 1198 sci-

212 1254 223 1257 ᾼ
268 1207 426 1255 ,licethi
440 1208 652 1257 aliquando
678 1210 847 1247 elevetur
873 1223 944 1259 per
969 1211 1192 1249 violentiam
1222 1213 1347 1262 aliqua

21 1593 49 1633 γ’·
69 1593 151 1641 ‘'gt“
161 1591 251 1620 mser-

14 1701 25 1722 }
36 1698 48 1710 ⁸
65 1697 202 1720 mensam
220 1703 250 1719 A?

31 2393 47 2403 ³·
60 2391 118 2414 {uae
129 2397 178 2414 om.
187 2397 220 2414 n.

132 2602 146 2628 ὃ

9 2645 48 2668 λ’·
61 2658 133 2685 etro,
152 2664 200 2680 0111.
210 2664 248 2686 p1.

36 2758 147 2781 terram
154 2766 168 2781 ιι
178 2763 200 2782 et
208 2765 248 2782 co—

13 2785 201 2809 -dieesexcma

276 1273 398 1310 parva
422 1269 544 1298 terrae
572 1262 765 1311 particula,
788 1271 824 1300 et
841 1271 975 1312 postea
995 1264 1211 1314 dimittatur,
1233 1267 1349 1304 fertur

279 1314 461 1352 deorsum
499 1321 535 1352 et
560 1327 635 1352 non
663 1317 745 1353 uult
769 1329 945 1363 manere,
984 1317 1080 1354 idest
1117 1331 1196 1356 non
1233 1320 1348 1358 habet

278 1368 530 1418 aptitudinem
564 1370 775 1406 naturalem
802 1378 844 1406 ut
872 1370 1041 1418 quiescat
1068 1369 1104 1417 β;
1141 1380 1176 1409 et
1204 1382 1347 1421 quanto

278 1421 403 1459 maior
429 1421 539 1459 fuerit
565 1430 686 1459 terrae
714 1423 907 1472 particula,
928 1431 1032 1460 tanto
1053 1425 1224 1463 velocius
1253 1428 1347 1464 fere-

277 1481 339 1511 tur
366 1475 542 1521 inferius;
576 1475 729 1513 videtur
761 1483 889 1513 autem
928 1477 1053 1525 quod,
1084 1478 1113 1514 si
1142 1486 1220 1516 tota
1248 1488 1347 1518 terra

277 1536 408 1577 posset
427 1529 474 1566 ab
495 1529 622 1578 aliquo
653 1529 791 1566 elevari
811 1542 834 1566 a
853 1542 923 1566 suo
952 1530 1038 1567 1000
1067 1531 1105 1569 111
1125 1544 1290 1580 sursum,
1313 1542 1349 1571 et

277 1589 412 1630 postea
431 1581 648 1628 dimittatur,
679 1594 758 1619 non
786 1583 980 1620 ferretur*
1001 1583 1164 1622 inferius.
1195 1587 1244 1624 Et
1272 1588 1348 1624 hoc

279 1634 436 1683 quidem
455 1634 606 1672 videtur
629 1647 698 1684 per
725 1636 799 1672 hoc
829 1636 935 1684 quod
963 1649 1066 1674 nunc
1094 1639 1239 1703 accidit.
1249 1641 1348 1678 circa

277 1695 397 1725 totam
415 1695 568 1725 terram.
600 1689 701 1725 Cum
723 1689 824 1726 enim
853 1690 992 1727 habeat
1011 1691 1240 1729 intensam*
1233 1698 1348 1742 'gra-

276 1741 446 1789 vitatem‚
467 1754 546 1779 non
565 1750 744 1779 movetur
767 1742 932 1790 inferius,
954 1745 1020 1782 sed
1041 1745 1200 1793 quiescit
1218 1746 1256 1783 in
1276 1760 1346 1784 suo

277 1795 383 1832 loco:
420 1795 523 1832 unde
560 1795 713 1833 videtur
749 1796 876 1844 quod,
914 1797 953 1834 in
991 1810 1238 1848 quocumque
1277 1801 1348 1838 situ

277 1847 412 1886 mundi
439 1856 657 1909 poneretur,
678 1849 785 1899 quod
808 1850 860 1886 ibi
880 1850 1101 1899 quiesceret,
1124 1853 1260 1890 eadem
1290 1867 1348 1891 ra-

276 1902 380 1940 tione
400 1913 476 1949 qua
495 1915 596 1939 nunc
615 1902 654 1939 in
672 1903 747 1939 hoc
766 1904 852 1940 1000
873 1904 1040 1952 quiescit.
1063 1905 1111 1942 Et
1133 1906 1209 1942 1100
1229 1919 1347 1955 quan-

277 1963 360 1993 tum
380 1956 429 1994 ad
449 1955 531 1992 illos
551 1956 616 2004 qui
637 1956 850 1994 existimant
869 1969 1029 1994 omnem
1049 1959 1179 1996 locum
1198 1959 1348 1998 indiffe-

277 2016 404 2046 renter
431 2021 472 2046 se
500 2010 643 2046 habere
672 2010 719 2047 ad
747 2010 944 2058 quodlibet
973 2023 1192 2060 corporum.

331 2063 381 2099 Et
399 2062 489 2111 quia
506 2070 638 2112 posset
657 2063 790 2111 aliquis
811 2063 936 2100 dicere
956 2065 1062 2113 quod
1080 2074 1206 2114 partes
1226 2073 1347 2104 terrae

278 2116 468 2163 elevatae,
500 2129 588 2153 cum
618 2116 856 2154 dimittuntur
884 2122 918 2163 ⁷,
958 2118 1129 2156 feruntur
1166 2119 1347 2158 deorsum

276 2181 399 2218 usque
428 2169 477 2206 ad
505 2169 608 2206 hunc
644 2170 774 2207 locum
803 2170 841 2207 in
870 2182 947 2218 quo
986 2172 1105 2209 modo
1144 2180 1200 2209 est
1227 2181 1346 2221 terra,

277 2235 357 2259 non
376 2230 506 2259 autem
525 2222 702 2271 amplius;
722 2223 822 2270 ideo,
844 2223 892 2260 ad
913 2223 1188 2262 dubitationem
1208 2238 1347 2274 augen-

277 2276 380 2323 dam,
410 2275 578 2323 adiungit
606 2276 729 2324 quod,
760 2276 790 2313 si
819 2276 951 2325 aliquis
981 2290 1132 2315 sursum
1161 2279 1256 2316 ferat
1284 2280 1347 2316 ali-

277 2341 373 2376 quas
408 2329 612 2378 particulas
639 2337 782 2376 terrae,
818 2337 855 2366 et
884 2330 1075 2378 contingat
1111 2332 1216 2381 quod
1245 2340 1348 2370 ante-

276 2394 395 2430 quam
415 2382 497 2419 illae
515 2383 534 2404 *
549 2382 753 2431 particulae
772 2391 894 2420 terrae
915 2384 1092 2421 cadentes
1112 2393 1348 2424 revertantur

276 2435 324 2473 ad
352 2443 504 2483 terram,
526 2436 660 2484 aliquis
689 2444 888 2473 removeat
920 2444 1060 2474 terram
1089 2450 1111 2474 a
1139 2451 1209 2475 suo
1239 2440 1346 2486 1000;

274 2496 400 2538 partes
428 2497 550 2526 terrae
580 2501 732 2526 sursum
762 2491 931 2527 elevatae
960 2491 1131 2528 feruntur
1158 2492 1346 2539 deorsum,

275 2542 372 2580 idest
408 2543 528 2591 magis
558 2542 653 2579 infra
691 2555 806 2592 quam
838 2543 884 2580 sit
920 2544 1026 2580 locus
1062 2544 1164 2582 unde
1199 2546 1348 2583 fuerant

276 2604 494 2645 assumptae
523 2593 552 2644 δ,
580 2608 625 2633 ex
653 2608 731 2644 quo
759 2596 837 2633 iam
866 2609 945 2634 non
974 2605 1030 2634 est
1057 2598 1198 2647 aliquid
1226 2599 1346 2648 impe-

277 2649 396 2687 diens.
417 2651 466 2686 Et
484 2650 560 2687 hoc
578 2657 705 2698 potest
730 2650 863 2699 aliquis
884 2650 1072 2688 coniicere
1093 2652 1140 2688 de
1160 2659 1240 2690 toto
1261 2665 1306 2689 ex
1326 2654 1346 2674 3

275 2710 401 2752 parte:
431 2703 462 2740 si
491 2703 593 2739 enim
623 2703 757 2751 aliquis
785 2704 953 2753 lapidem
982 2717 1133 2741 sursum
1162 2705 1346 2754 proiiciat,

278 2763 314 2793 et
333 2763 540 2804 antequam
570 2757 690 2804 cadat,
721 2757 876 2794 foveam
904 2757 1016 2794 faciat
1044 2758 1083 2794 in
1106 2766 1204 2796 terra
1224 2760 1253 2806 3,
1284 2760 1347 2796 de-

278 2809 434 2846 scendet
461 2809 556 2859 lapis
584 2809 643 2846 ille
669 2822 869 2859 quousque
890 2811 1138 2848 resistentiam
1167 2812 1345 2850 inveniat.

277 2864 328 2900 Et
354 2863 405 2900 ita
427 2863 579 2900 videtur
607 2864 724 2913 quod,
746 2876 835 2900 cum
854 2871 933 2900 tota
960 2873 1060 2901 terra
1088 2866 1229 2902 nullam
1258 2867 1346 2903 resi-

277 2916 453 2954 stentiam
471 2917 611 2954 habeat
631 2917 678 2953 ab
699 2917 825 2966 aliquo
841 2923 852 2937 ⁶
870 2917 1102 2967 impediente
1119 2919 1346 2956 descensum

277 2969 406 3018 ipsius,
427 2970 567 3007 mirum
595 2983 678 3007 esse
707 2970 813 3019 quod
841 2983 920 3008 non
950 2971 1153 3009 descendit.

333 3023 536 3061 Concludit
565 3036 654 3071 ergo
683 3024 790 3072 quod
814 3025 891 3061 hoc
919 3024 1044 3073 ipsum
1067 3025 1170 3074 quod
1200 3033 1255 3062 est
1272 3031 1346 3061 stu-

271 3088 377 3125 pere,
397 3076 494 3114 idest
516 3077 765 3114 vehementer
784 3077 972 3125 admirari,
995 3078 1092 3115 circa
1111 3079 1198 3126 hoc,
1226 3078 1348 3115 omni-

332 3209 359 3242 α)
380 3209 459 3234 tertio
478 3209 653 3241 prosequitur
703 3212 817 3241 propter
835 3209 884 3234 hoc
903 3213 951 3234 etc.
965 3223 984 3228 —
997 3210 1016 3234 P
1032 3215 1057 3234 et
1071 3210 1145 3234 codd.
1161 3217 1214 3234 exc.
1228 3211 1252 3234 A
1270 3210 1346 3234 ornit-

278 3249 336 3270 tunt
353 3245 403 3269 hoc
422 3244 526 3269 tertium
545 3245 694 3269 membrum
714 3245 860 3274 divisionis;
880 3245 911 3269 cf.
927 3253 998 3269 num.
1011 3252 1037 3276 4.

332 3279 357 3313 β)
377 3283 407 3305 ut
424 3280 550 3312 quiescat.
564 3294 582 3298 -
601 3281 645 3305 ubi
663 3280 811 3312 requiescat
828 3281 860 3305 A.
874 3294 892 3299 —
910 3281 967 3304 Lin.
983 3287 1039 3312 seq.
1054 3287 1102 3311 pro
1113 3280 1215 3312 fuerit,
1234 3280 1345 3309 scilicet,

277 3317 319 3340 vel
337 3315 436 3341 scilicet
455 3323 514 3340 cum
534 3315 617 3347 spatio
635 3323 726 3344 vacuo,
737 3315 812 3339 codd.
832 3323 885 3339 exc.
904 3315 952 3345 AI;
968 3315 1039 3347 quod
1053 3315 1071 3339 P
1086 3315 1189 3347 corrigit
1207 3316 1233 3339 in
1247 3315 1347 3340 scilicet

277 3351 439 3383 accipiatur,
459 3351 469 3375 1
488 3351 514 3375 in
532 3351 630 3376 scilicet
643 3354 682 3375 est
695 3351 772 3382 gleba
791 3353 830 3379 et,
851 3350 887 3373 sD
907 3350 933 3374 in
951 3350 1050 3375 scilicet
1068 3353 1197 3378 movetur,
1218 3350 1256 3374 sG
1272 3351 1297 3374 in
1310 3350 1347 3374 sit

277 3387 368 3411 moles.
377 3400 396 3405 -—
404 3387 464 3410 Mox
475 3386 612 3417 particula
624 3394 678 3410 om.
688 3385 712 3409 G
719 3392 726 3415 ;
738 3393 784 3417 pro
793 3386 908 3418 feretur,
914 3385 1008 3418 fertur
1018 3385 1115 3414 PDEF;
1126 3385 1238 3417 inferius
1251 3393 1305 3409 om.
1316 3385 1345 3409 P.

331 3421 358 3454 γ)
378 3429 437 3446 cum
451 3421 631 3446 dimittuntur.
645 3421 712 3445 -Ita
726 3421 759 3450 B;
779 3427 847 3451 quae
861 3427 912 3444 non
928 3420 1102 3444 dimittuntur
1117 3420 1239 3451 PCFGsI,
1251 3428 1345 3451 nempe

279 3461 450 3488 corrumpunt
463 3463 523 3481 cum
542 3456 567 3480 in
581 3463 649 3488 quae
664 3463 731 3484 non,·
746 3455 817 3487 quod
831 3455 956 3479 mendum
969 3455 1045 3479 ceteri
1059 3454 1189 3486 corrigunt
1201 3455 1345 3479 omittendo

278 3492 432 3525 particulam
443 3498 505 3516 non.
514 3505 534 3509 —
544 3491 608 3515 Post
619 3499 699 3515 unam
714 3491 757 3514 lin.
768 3490 787 3513 Ρ
798 3497 851 3514 om.
861 3493 958 3514 autem.
968 3504 987 3508 —
999 3491 1060 3522 Seq.
1074 3490 1118 3514 lin.
1131 3497 1179 3522 pro
1188 3497 1293 3514 sursum
1299 3491 1345 3522 fe-

279 3530 332 3555 rat,
346 3534 451 3551 sursum
471 3526 560 3551 eiiciat
579 3527 612 3556 sl,
631 3533 737 3550 sursum
756 3525 824 3550 sciat
843 3530 892 3549 cet.
902 3532 954 3549 exc.
970 3525 1023 3549 AC.

333 3561 357 3594 ὃ)
377 3562 473 3594 aliquis
492 3564 659 3586 removeat...
673 3563 834 3592 assumptae.
851 3574 870 3578 -
888 3560 1050 3584 Adnotamus
1069 3559 1196 3591 variantes
1215 3559 1344 3583 recitando

279 3598 417 3622 lectionem
433 3598 592 3629 adoptatam:
609 3606 621 3618 κ
631 3596 723 3628 aliquis
735 3595 842 3628 (aliquis
852 3603 904 3619 om.
916 3595 944 3625 P,
956 3595 1067 3627 spatium
1077 3603 1132 3619 vac.
1143 3595 1162 3618 F
1165 3595 1202 3626 pl)
1213 3599 1345 3618 removeat

278 3637 375 3658 terram
389 3640 404 3658 a
418 3640 468 3657 suo
483 3633 554 3663 loco;
569 3636 655 3665 partes
674 3637 757 3656 terrae
776 3639 881 3656 sursum
897 3631 1010 3655 elevatae
1024 3630 1141 3655 feruntur
1161 3630 1301 3663 (serantur
1311 3629 1343 3661 A)

2399 301 2473 338 207

1406 363 1476 399 bus
1509 363 1746 413 philosophis
1780 365 1922 402 factum
1956 373 2011 402 est
2042 366 2347 416 philosophema,
2378 369 2473 407 idest

1404 416 1667 465 philosophiae
1697 418 1966 465 consideratio,
1996 421 2057 456 vel
2085 420 2381 469 philosophandi
2409 436 2472 459 oc-

1406 470 1525 514 casio;
1547 470 1642 507 sicut
1669 470 1707 508 in
1734 471 1920 520 principio
1941 473 2157 521 Metaphys.
2172 474 2191 494 3
2213 474 2346 511 dicitur
2366 476 2472 522 quod

1406 534 1451 558 ex
1470 523 1648 560 admirari
1667 524 1914 573 incoeperunt
1938 526 2115 563 homines
2143 527 2415 576 philosophari.

1461 577 1495 612 3.
1534 577 1683 614 Deinde
1724 590 1812 614 cum
1855 578 1966 615 dicit:
2012 580 2219 616 Solutiones
2260 586 2385 617 autem
2426 582 2472 618 de

1404 630 1475 664 hoc
1503 637 1594 676 etc.,
1632 631 1813 679 proponit
1848 632 2154 669 insufficientiam
2186 633 2420 670 solutionum
2449 647 2471 670 a

1403 682 1641 730 philosophis
1661 684 1758 720 circa
1777 685 1853 721 hoe
1867 685 2152 733 assignatarum.
2170 687 2219 722 Et
2235 686 2323 723 dicit
2337 686 2350 712 ζ
2366 687 2471 734 quod

1405 746 1483 770 non
1512 736 1637 772 solum
1676 737 1809 784 aliquis
1847 738 2054 775 admiratur
2091 739 2138 776 de
2176 740 2250 775 hoc
2283 740 2389 787 quod
2418 740 2471 776 sic

1406 787 1542 824 accidit
1566 788 1664 825 circa
1683 797 1839 836 terram3
1862 791 1930 828 sed
1959 792 2072 828 etiam
2093 792 2225 841 aliquis
2252 799 2377 840 potest
2404 793 2470 830 ad-

1405 840 1533 876 mirari
1566 843 1670 888 quod
1706 843 1944 892 philosophi,
1978 846 2151 882 volentes
2185 846 2334 882 solvere
2362 858 2471 894 prae-

1406 892 1546 930 dictam
1585 894 1878 943 dubitationem,
1918 910 1996 934 non
2023 898 2201 935 viderunt
2239 900 2343 957 quod
2371 899 2471 935 solu-

1404 945 1526 982 tiones
1556 948 1602 983 de
1630 948 1702 983 hac
1723 948 1955 986 dubitatione
1985 951 2192 1010 assignatae
2221 953 2270 988 ab
2300 951 2364 998 eis,
2385 959 2473 988 sunt

1405 999 1525 1046 magis
1547 999 1858 1038 inconvenientes
1878 1015 1993 1051 quam
2014 1004 2059 1040 sit
2078 1004 2160 1052 ipsa
2180 1004 2374 1041 dubitatio.
2398 1006 2471 1041 Im-

1404 1053 1662 1100 probabiliora
1699 1054 1801 1090 enim
1831 1055 2004 1092 dixerunt
2031 1069 2076 1093 eo
2107 1069 2152 1094 ex
2181 1070 2257 1106 quo
2288 1057 2470 1094 dubitatio

1405 1106 1615 1154 consurgit:
1655 1108 1755 1144 unde
1793 1108 1897 1156 ipsae
1932 1110 2139 1147 solutiones
2177 1110 2297 1158 magis
2334 1118 2473 1159 augent

1405 1159 1693 1196 dubitationem.

1457 1224 1494 1259 4.
1517 1213 1666 1250 Deinde
1687 1226 1775 1250 cum
1801 1214 1908 1251 dicit:
1937 1216 1996 1251 Hi
2023 1216 2170 1264 quidem
2191 1217 2290 1253 enim
2314 1223 2471 1265 propter

1403 1266 1475 1302 hoc
1514 1273 1604 1313 etc.,
1646 1267 1754 1315 ponit
1796 1267 1965 1316 quinque
2007 1269 2214 1306 solutiones
2255 1270 2470 1318 praedictae

1406 1319 1659 1357 dubitationis.
1701 1321 1879 1357 Secunda
1914 1321 2044 1370 incipit
2081 1322 2147 1358 ibi:
2180 1323 2240 1359 Hi
2274 1329 2398 1360 autem
2432 1324 2470 1360 in

1404 1384 1505 1421 aqua
1527 1374 1546 1394 3
1575 1381 1662 1410 etc:
1654 1403 1663 1420 ,
1692 1374 1799 1410 tertia
1817 1373 1886 1410 ibi:
1905 1375 2163 1412 Anaximenes
2182 1381 2306 1412 autem
2319 1377 2360 1397 33
2381 1384 2469 1423 etc.;

1405 1433 1538 1474 quarta
1561 1426 1633 1463 ibi.
1669 1427 1855 1469 Quoniam
1875 1434 2000 1464 autem
2029 1429 2193 1465 manet*
2223 1437 2309 1475 etc.;
2340 1430 2507 1477 quinta

1404 1479 1476 1516 ibi:
1506 1480 1602 1516 Sunt
1631 1485 1756 1516 autem
1785 1481 1979 1528 quidam*
2008 1488 2076 1517 etc.

1459 1533 1569 1569 Circa
1597 1533 1766 1582 primurn
1796 1534 1872 1571 duo
1902 1533 1998 1570 facit.
2037 1534 2166 1570 Primo
2200 1535 2379 1583 proponit
2410 1548 2470 1572 50-

1404 1586 1588 1623 lutionem
1616 1586 1793 1634 primam.
1822 1587 1870 1623 Et
1894 1587 1982 1623 dicit
2006 1587 2111 1634 quod
2133 1587 2290 1635 quidam
2316 1596 2472 1636 propter

1404 1640 1490 1686 hoc,
1511 1647 1553 1676 ut
1571 1639 1711 1676 scilicet
1731 1639 1914 1676 evitarent
1934 1639 2194 1677 difficultatem
2223 1641 2469 1689 praedictam,

1406 1693 1536 1730 dicunt
1555 1693 1661 1741 quod
1681 1693 1862 1730 deorsum
1890 1701 2011 1729 terrae
2041 1701 2096 1729 est
2119 1693 2322 1730 infinitum.
2354 1694 2472 1740 Quod

1405 1746 1563 1794 quidem
1592 1754 1718 1795 potest
1745 1746 1897 1794 intelligi
1918 1746 2124 1795 dupliciter.
2154 1747 2241 1783 Uno
2258 1747 2376 1784 modo
2406 1747 2469 1794 sic,

1405 1800 1511 1848 quod
1531 1812 1596 1836 aer
1615 1799 1678 1848 qui
1708 1807 1763 1836 est
1791 1799 1885 1836 infra
1904 1806 2059 1846 terram,
2080 1799 2126 1836 sit
2145 1799 2333 1846 infinitus;
2363 1801 2471 1848 quasi

1405 1861 1503 1890 terra
1528 1854 1578 1889 ob
1607 1854 1682 1890 hoc
1703 1854 1722 1873 3
1748 1865 1826 1889 non
1845 1859 2048 1889 moveatur
2075 1852 2240 1900 inferius,
2262 1853 2350 1901 quia
2379 1853 2470 1890 nihil

1404 1914 1583 1943 movetur
1616 1906 1665 1943 ad
1693 1906 1894 1943 infinitum.
1931 1906 2017 1942 Alio
2048 1906 2188 1953 modo,
2220 1914 2256 1943 et
2284 1908 2303 1927 3
2331 1907 2469 1954 verius,

1403 1959 1616 2007 intelligitur
1635 1959 1741 2007 quod
1761 1959 1842 2008 ipsa
1863 1967 1962 1996 terra
1981 1971 2115 1996 versus
2142 1967 2290 2008 partem
2319 1959 2470 1996 inferio-

1404 2026 1485 2050 rern
1506 2013 1551 2050 sit
1578 2013 1743 2058 infinita3
1774 2020 1810 2049 et
1838 2012 1888 2049 ita
1916 2012 1954 2049 in
1982 2012 2172 2049 infinitum
2192 2013 2364 2062 superior
2382 2025 2470 2061 pars

1404 2066 1483 2103 eius
1504 2067 1684 2103 retinetur
1703 2067 1750 2103 ab
1771 2065 1949 2112 inferiori,
1966 2073 2008 2102 ut
2025 2078 2103 2102 non
2124 2066 2344 2112 descendat;
2366 2067 2471 2115 quod

1402 2120 1614 2169 promptius
1635 2127 1691 2156 est
1710 2119 1759 2156 ad
1778 2119 2075 2167 intelligendum.
2098 2119 2220 2156 Huius
2240 2127 2367 2156 autem
2389 2120 2469 2168 opi-

1402 2173 1526 2209 nionis
1569 2172 1704 2210 dicitur
1740 2172 1854 2209 fuisse
1892 2172 2152 2220 Xenophanes
2193 2173 2467 2221 Colophonius.

1403 2226 1519 2272 Quod
1548 2226 1705 2274 quidem
1731 2225 1914 2272 dixerunt,
1945 2238 2023 2261 non
2043 2225 2200 2272 quidem
2228 2225 2317 2274 quia
2336 2238 2468 2263 secun-

1401 2279 1552 2316 dumse
1567 2278 1772 2315 verisimile
1786 2278 1972 2325 videatur,
1986 2278 2054 2315 sed
2072 2285 2115 2314 ut
2129 2291 2207 2315 non
2223 2285 2469 2326 cogerentur’¹

1401 2333 1574 2368 laborare
1603 2332 1652 2369 ad
1680 2331 1947 2379 inquirendam
1978 2343 2133 2368 causam
2153 2331 2288 2379 quietis
2307 2340 2439 2369 terrae.

1459 2386 1491 2422 5.
1514 2384 1692 2422 Secundo
1709 2384 1776 2421 ibi:
1791 2386 1951 2432 Propter
1964 2385 2066 2432 quod
2077 2390 2112 2420 et
2124 2385 2368 2432 Empedocles
2383 2392 2465 2433 ete„

1400 2438 1508 2487 ponit
1527 2438 1725 2486 quomodo
1746 2438 2002 2487 Empedocles
2030 2438 2130 2474 hanc
2154 2438 2383 2475 solutionem
2404 2439 2467 2475 de-

1402 2492 1489 2529 risit.
1520 2492 1569 2528 Et
1590 2491 1677 2528 dicit
1696 2492 1812 2539 quod,
1835 2491 1958 2539 quia*
1984 2490 2166 2538 praedicti
2191 2491 2364 2528 homines
2392 2492 2467 2528 hoc

1401 2557 1480 2582 non
1500 2544 1674 2582 dicebant
1694 2544 1802 2592 quasi
1821 2544 1963 2592 aliquid
1981 2543 2198 2591 verisimile,
2215 2544 2283 2581 sed
2296 2552 2338 2580 ut
2352 2557 2467 2592 quae-

1401 2598 1564 2635 stionem
1598 2598 1771 2644 vitarent,
1806 2597 2063 2646 Empedocles
2096 2598 2282 2645 obstupuit
2306 2598 2337 2644 3,
2372 2597 2468 2635 idest

1400 2652 1650 2688 vehementer
1677 2650 1884 2688 admiratus
1913 2658 1969 2687 est
1997 2650 2043 2687 de
2073 2662 2207 2687 eorum
2238 2663 2384 2698 errore,
2415 2651 2468 2687 sic

1401 2705 1530 2742 dicens
1549 2705 1587 2741 in
1607 2705 1683 2741 suis
1702 2704 1887 2751 versibus,
1916 2716 2013 2752 quos
2033 2703 2079 2740 de
2099 2703 2341 2753 philosophia
2361 2716 2468 2740 com-

1399 2758 1546 2808 posuit:
1576 2758 1778 2806 Siquidem,
1800 2757 1931 2805 inquit,
1952 2758 2119 2805 infinitae
2136 2762 2223 2794 sunt
2240 2763 2363 2794 terrae
2374 2769 2466 2805 pro-

1390 2812 1600 2861 funditates
1629 2811 1760 2859 (quasi
1790 2811 1948 2847 diceret:
1987 2819 2086 2847 terra
2119 2818 2174 2847 est
2210 2810 2248 2847 in
2276 2810 2465 2847 infinitum

1400 2866 1622 2914 profunda),
1653 2870 1690 2900 et
1709 2865 1848 2910 aether,
1869 2863 1965 2900 idest
1984 2876 2049 2900 aer
2066 2865 2128 2899 vel
2156 2863 2262 2911 ignis,
2283 2869 2337 2900 est
2354 2864 2465 2899 etiam

1401 2919 1631 2955 immensus3
1648 2918 1684 2954 in
1700 2917 1828 2954 altum.
1846 2917 1895 2953 Et
1910 2917 2000 2953 dixit
2019 2916 2123 2965 quod
2137 2917 2232 2952 haec
2245 2928 2353 2962 vane,
2369 2916 2466 2952 idest

1402 2972 1481 3008 sine
1510 2970 1666 3017 ratione,
1688 2970 1808 3019 effusa
1826 2975 1922 3015 sunt,
1943 2969 2039 3006 idest
2059 2969 2259 3016 divulgata,
2280 2981 2365 3005 cum
2393 2969 2468 3005 sint

1402 3025 1499 3061 dicta
1512 3036 1585 3072 per
1603 3024 1776 3073 linguam
1796 3023 2000 3059 multorum
2016 3021 2139 3070 (quasi
2159 3022 2316 3058 diceret:
2338 3034 2383 3058 ex
2398 3034 2463 3058 ore

1402 3078 1610 3114 multorum
1639 3076 1868 3123 hominum),
1890 3075 2170 3124 intelligentium
2199 3074 2387 3111 modicum
2412 3081 2464 3111 to-

1402 3210 1534 3238 deorsum,
1554 3209 1620 3233 idest
1640 3208 1725 3240 (idest
1739 3215 1792 3231 om.
1807 3206 1883 3231 codd.
1896 3214 1949 3230 exc.
1963 3206 2001 3238 A)
2017 3206 2099 3237 magis
2114 3205 2180 3230 infra
2193 3203 2242 3239 (ita
2256 3206 2368 3238 BCEFI)
2385 3214 2465 3238 quam

1401 3245 1434 3269 sit
1453 3245 1493 3277 (si
1511 3244 1550 3275 D)
1571 3244 1643 3267 locus
1662 3243 1731 3267 unde
1744 3242 1845 3266 fuerant
1864 3241 1989 3275 (fuerunt
2004 3242 2039 3271 A
2053 3241 2160 3275 fuerint
2179 3241 2236 3273 cet.)
2254 3246 2427 3273 assumptae.»

1454 3279 1476 3313 ε)
1491 3279 1524 3303 ab
1538 3279 1663 3310 aliquo.—
1644 3278 1705 3302 —ab
1718 3285 1771 3301 om.
1787 3277 1805 3301 P
1820 3282 1844 3301 et
1857 3277 1930 3300 codd.
1945 3283 1998 3300 exc.
2012 3260 2071 3301 A’.-
2082 3277 2139 3301 Lin.
2154 3284 2209 3309 seq.
2224 3276 2320 3301 mirum
2336 3281 2394 3301 ante
2408 3284 2464 3302 esse

1400 3322 1454 3339 om.
1468 3315 1504 3343 B;
1517 3322 1564 3345 pro
1579 3313 1721 3341 descendit,
1732 3312 1875 3337 descendat
1889 3312 1944 3336 P.
1954 3311 2016 3339 Post
2031 3312 2095 3336 duas
2110 3312 2190 3336 lineas
2203 3319 2251 3344 pro
2261 3312 2464 3344 philosophema

1402 3348 1446 3382 (cf.
1461 3349 1504 3373 lib.
1519 3349 1536 3379 I,
1559 3349 1616 3372 lect.
1631 3356 1684 3377 xzu,
1704 3352 1757 3371 not.
1772 3346 1814 3380 σ),
1829 3347 1999 3378 philosophia
2018 3347 2070 3371 PA.

1453 3383 1478 3417 ζ)
1493 3368 1655 3415 proponit...
1671 3383 1707 3407 Et
1719 3382 1815 3407 dicin-
1798 3382 1954 3413 —proponit
1969 3382 2180 3415 insufficientiam
2193 3382 2363 3407 solutionum.
2375 3383 2410 3407 Et
2424 3383 2464 3407 di-

1399 3419 1436 3444 cit
1454 3420 1488 3449 Α;
1509 3426 1557 3451 pro
1576 3401 1748 3446 solutionum,
1774 3417 1910 3441 rationum
1929 3417 1960 3446 Ρ,
1986 3417 2016 3441 cf.
2031 3425 2102 3441 num.
2122 3426 2141 3442 1.
2160 3431 2179 3436 -
2196 3418 2284 3442 Altera
2302 3418 2345 3442 lin.
2366 3426 2413 3450 pro
2432 3419 2464 3443 de

1400 3454 1456 3483 hoc,
1470 3454 1508 3478 ad
1525 3454 1574 3478 hoc
1593 3453 1668 3477 codd.
1683 3460 1736 3477 exc.
1747 3453 1777 3477 A.
1792 3466 1810 3471 -
1828 3453 1878 3476 Pro
1897 3452 2037 3481 admirari,
2058 3453 2155 3477 mirari
2172 3453 2342 3486 codd.·-Seq.
2357 3454 2401 3479 lin.
2416 3461 2463 3486 pro

1401 3497 1451 3513 non
1472 3489 1604 3515 viderunt,
1624 3488 1716 3512 dicunt
1733 3488 1764 3517 A,
1784 3487 1889 3512 videtur
1908 3492 1955 3512 cet.
1975 3493 2000 3512 et
2019 3488 2058 3512 ed.
2082 3487 2156 3512 1516.

1452 3523 1480 3557 η)
1498 3524 1575 3553 Quod
1589 3523 1694 3556 quidem
1745 3526 1913 3555 cogerentur.
1922 3537 1942 3541 -
1955 3523 2088 3547 Variantes
2102 3524 2257 3556 apponimus
2271 3529 2299 3548 ut
2311 3529 2462 3549 occurrunt:

1401 3568 1414 3582 c
1431 3559 1507 3588 Quod
1523 3559 1587 3590 (Qui
1601 3559 1630 3590 P)
1647 3559 1753 3590 quidem
1768 3558 1887 3590 (quidam
1898 3558 1928 3590 B)
1941 3558 2063 3589 dixerunt,
2079 3566 2130 3583 non
2145 3559 2249 3591 quidem
2265 3560 2324 3591 quia
2339 3560 2422 3592 (quod
2431 3560 2462 3591 P)

1400 3594 1543 3618 secundum
1563 3602 1591 3618 se
1609 3594 1750 3618 verisimile
1769 3593 1886 3626 (visibile
1905 3592 1961 3627 pD)
1981 3594 2104 3623 videatur,
2121 3595 2167 3618 sed
2186 3599 2214 3618 ut
2232 3603 2284 3619 non
2303 3595 2360 3627 (sed
2379 3602 2410 3619 ne
2428 3595 2461 3627 A)

1400 3634 1552 3662 cogerentur
1562 3627 1714 3662 (cogeretur
1723 3629 1776 3660 ΑΕ,
1786 3632 1915 3662 cogentur
1924 3628 2058 3662 BCDFG);
2067 3638 2080 3653 >>
2092 3637 2143 3654 non
2154 3629 2259 3662 quidem
2301 3630 2348 3655 sed
2357 3630 2462 3655 om.sD.

2499 480 2713 528 E‘ssi¹‘1⁰.'¹t{·¹¹.;{¹·⁸³

2497 1384 2594 1422 ηΝυπι.
2606 1385 2630 1406 6.

2509 1411 2599 1432 Lect.
2607 1417 2657 1439 seq.

2522 1441 2585 1463 Lect.
2593 1448 2658 1463 xxiv,

2499 1489 2586 1511 'Lecn
2597 1495 2652 1511 xxv.

2500 1862 2508 1870 ·
2524 1861 2624 1882 adhunc
2640 1868 2661 1886 P,
2676 1861 2710 1882 ad

2499 1888 2543 1908 hoc
2552 1894 2566 1909 D
2578 1891 2599 1909 et
2609 1888 2646 1909 ed.
2654 1888 2707 1915 1516.

2498 1920 2507 1928 '¹
2523 1921 2547 1940 et
2556 1925 2604 1940 om.
2615 1926 2654 1940 An.

2494 2495 2505 2506 ⁸
2513 2495 2569 2522 quia
2578 2501 2626 2517 om.
2636 2495 2707 2516 codd.

2495 2527 2546 2543 exc.
2557 2528 2580 2543 Α.

2495 2602 2648 2633 ‘astupuitA,
2659 2604 2707 2623 stu-

2491 2628 2545 2656 puit
2558 2635 2580 2650 o.

2491 2922 2502 2932 ·
2516 2922 2609 2949 infusus
2621 2927 2645 2944 Α.
