2782 4134
1141 287 1253 324 cAP.
1284 288 1315 334 Ι,
1346 287 1497 325 LECT.
1529 288 1561 324 11

253 370 336 400 tum
366 363 467 400 enim
494 363 555 400 illa
574 363 760 413 principia
787 364 995 401 materialia
1024 366 1257 402 conveniunt
1284 365 1322 403 in

254 428 377 453 unum
396 425 419 463 ¹,
451 417 642 465 contingit,
672 417 885 454 secundum
915 429 994 464 eos,
1024 419 1238 465 generatio:
1268 419 1324 455 in-

255 477 442 518 quantum
466 477 595 507 autem
621 470 890 516 dissolvuntur,
916 470 1094 518 contingit
1118 471 1321 520 corruptio,

254 523 366 560 Unde
394 523 653 572 Empedocles
682 523 771 560 dicit
789 524 894 572 quod
914 529 1063 569 natura,
1084 524 1180 561 idest
1199 525 1323 561 forma

255 576 426 625 corporis
451 576 652 625 compositi
681 588 726 613 ex
754 576 963 622 elementis,
994 576 1131 613 nullius
1157 578 1322 614 elemen-

254 637 382 666 torum
411 637 468 666 est
485 636 500 650 ²
528 632 669 678 (neque
697 629 799 666 enim
831 637 885 666 est
905 629 953 666 de
973 637 1106 666 natura
1126 630 1232 677 ignis,
1258 643 1323 666 ne-

255 695 330 732 que
355 683 403 720 de
431 690 566 719 natura
593 694 716 731 aquae
739 683 801 719 vel
821 682 984 719 aliorum
1014 683 1321 729 elementorum),

253 735 322 772 sed
351 742 407 772 est
434 736 560 772 solum
588 736 775 782 mixtura,
809 735 905 772 idest
932 736 1058 772 solum
1088 735 1256 772 consistit
1283 736 1324 772 in

252 795 388 826 natura
425 788 595 837 quadam
633 788 846 834 mixtionis;
882 795 919 825 et
952 789 1128 838 opposita
1159 789 1323 838 privatio

254 841 423 879 consistit
439 841 479 878 in
493 841 754 890 segregatione
773 842 990 879 mixtorum.
1012 843 1061 879 Et
1075 842 1165 891 quia
1185 854 1230 879 ex
1248 843 1323 879 hoc

254 895 390 933 dicitur
417 894 558 944 aliquid
586 895 776 943 generari,
807 896 913 944 quod
941 895 1100 944 acquirit
1127 895 1324 945 propriam

253 955 428 986 naturam
447 946 477 994 λς
502 947 589 985 ideo
617 949 814 997 ponebant
841 949 947 998 quod
967 961 1012 985 ex
1033 949 1324 997 congregatione

253 1009 334 1039 erat
351 1001 556 1050 generatio,
587 1009 623 1038 et
643 1013 689 1038 ex
712 1002 973 1050 segregatione
994 1002 1198 1051 corruptio.
1225 1002 1324 1039 Fieri

253 1054 514 1092 alterationem
543 1062 671 1092 autem
692 1056 889 1105 ponebant
907 1068 976 1105 per
995 1057 1117 1092 solam
1137 1058 1325 1093 transmu-

155 1130 162 1137 ·
189 1130 196 1136 ·
217 1130 224 1136 ·
252 1108 449 1156 tationem,
469 1116 511 1145 ut
530 1109 627 1146 infra
641 1108 661 1130 '¹‘
681 1109 837 1147 dicetur.
860 1109 962 1156 Quia
981 1109 1091 1157 igitur
1109 1109 1178 1146 iste
1193 1121 1322 1146 sermo

253 1169 310 1200 est
335 1161 513 1212 proprius
539 1169 560 1190 Ι*
587 1162 839 1212 suppositioni
868 1175 1022 1209 eorum,
1052 1162 1192 1199 scilicet
1218 1162 1324 1211 quod

230 1216 538 1263 ,itatoquantun
558 1217 802 1254 manifestum
832 1224 887 1253 est
915 1216 1021 1266 quod
1048 1215 1099 1253 ita
1127 1216 1257 1253 dicunt
1276 1216 1324 1252 de

253 1268 466 1307 differentia
498 1270 752 1318 generationis
789 1277 827 1307 et
863 1269 1110 1316 alterationis,
1145 1269 1242 1306 sicut
1269 1269 1323 1306 di-

253 1330 356 1360 ctum
387 1330 454 1360 est.
670 1359 672 1362 ,
909 1362 913 1368 ,

261 1395 264 1398 ·
305 1387 344 1423 4.
374 1376 524 1413 Deinde
554 1388 643 1413 curn
672 1376 781 1414 dicit:
810 1377 976 1414 Necesse
1002 1381 1057 1412 est
1082 1381 1207 1412 autem
1238 1383 1321 1421 etc.,

252 1429 446 1478 improbat
475 1442 520 1466 ea
539 1435 551 1449 ”
579 1430 681 1478 quae
707 1430 807 1468 dicta
834 1436 935 1476 sunt,
961 1436 1146 1478 quantum
1177 1429 1227 1465 ad
1253 1440 1323 1477 po-

253 1490 388 1520 nentes
405 1483 516 1532 plura
538 1483 740 1532 principia:
764 1494 855 1520 nam
873 1490 1061 1532 ponentes
1079 1494 1202 1519 unum
1222 1482 1323 1531 prin-

255 1536 417 1586 cipium,
458 1548 503 1573 ex
531 1536 753 1574 necessitate
791 1535 1024 1573 concludunt
1060 1535 1322 1584 propositum,

254 1589 451 1639 supposita
479 1601 548 1626 sua
576 1589 714 1627 radice.
754 1590 803 1626 Et
841 1589 939 1626 circa
965 1589 1041 1625 hoc
1059 1588 1080 1610 ²¹⁶
1108 1589 1186 1626 duo
1214 1589 1322 1626 facit:

251 1643 379 1693 primo
399 1642 527 1679 obiicit
545 1642 802 1680 communiter
822 1650 952 1680 contra
972 1654 1130 1687 omnes3
1151 1642 1322 1679 secundo

252 1695 464 1746 specialiter
483 1704 614 1733 contra
634 1696 914 1746 Empedoclem
935 1693 959 1743 ε,
981 1695 1052 1733 ibi:
1078 1695 1324 1744 Empedocles

252 1749 402 1799 quidem
429 1749 548 1799 igitur
564 1749 585 1771 *
604 1757 674 1787 etc.
863 1756 867 1762 ⁴

306 1802 419 1840 Circa
441 1803 610 1852 primum
630 1803 708 1840 duo
734 1802 832 1840 facit.
861 1802 993 1840 Primo
1017 1802 1198 1851 proponit
1216 1802 1322 1851 quod

251 1856 423 1903 intendit,
454 1856 584 1894 dicens
604 1856 710 1906 quod
729 1856 787 1893 his
816 1855 882 1905 qui
899 1863 1050 1905 ponunt
1078 1856 1197 1892 multa
1220 1855 1322 1904 prin-

253 1909 362 1960 cipia,
384 1922 541 1947 necesse
562 1917 618 1946 est
646 1909 771 1947 dicere
800 1909 906 1958 quod
933 1909 1126 1957 generatio
1156 1909 1202 1946 sit
1221 1909 1321 1946 aliud

250 1971 402 2013 praeter
421 1962 684 2001 alterationem
699 1969 723 2010 ⁹,
743 1970 785 2000 ut
804 1963 946 2000 dictum
972 1970 1028 2000 est
1045 1962 1082 1999 *ε
1104 1963 1172 2000 sed
1191 1970 1321 1999 tamen

191 2018 198 2025 ’
250 2017 327 2054 hoc
356 2024 412 2054 est
434 2016 669 2066 impossibile
693 2016 897 2053 subsistere
925 2016 1138 2053 secundum
1158 2028 1204 2053 ea
1223 2028 1322 2064 quae

251 2071 301 2108 ab
329 2070 383 2107 eis
408 2069 595 2108 dicuntur.
626 2070 744 2118 Quod
772 2070 879 2107 facile
905 2077 1032 2119 potest
1057 2069 1181 2107 videri
1200 2081 1245 2106 ex
1264 2069 1322 2106 his

251 2135 351 2173 quae
378 2131 600 2172 sequuntur.

264 2188 266 2190 ’
306 2177 486 2215 Secundo
515 2177 584 2214 ibi:
617 2177 943 2219 Quemadmodum
972 2176 1071 2213 enim
1093 2183 1176 2223 etc.,
1202 2176 1322 2213 mani-

250 2226 359 2268 festat
373 2230 614 2279 propositum
630 2230 779 2268 duabus
795 2230 1014 2268 rationibus.
1032 2229 1143 2266 Circa
1157 2241 1321 2277 quarum

249 2284 416 2334 primam
435 2284 616 2333 proponit
634 2284 830 2333 quandam
850 2282 1134 2320 similitudinem
1145 2288 1174 2328 π,
1192 2283 1321 2320 dicens

251 2337 358 2387 quod
386 2337 483 2374 sicut
507 2337 688 2375 videmus
716 2337 834 2386 quod,
855 2336 1064 2374 substantia
1091 2336 1319 2385 quiescente,

251 2390 348 2428 idest
373 2398 637 2439 permanente,
667 2391 802 2428 accidit
829 2390 868 2427 in
897 2403 942 2427 ea
969 2389 1233 2427 transmutatio
1263 2403 1320 2427 se-

305 2549 325 2586 ι)
345 2550 544 2583 Inquantum...
557 2550 584 2574 in
605 2557 696 2575 unum.
709 2563 728 2570 ·-
742 2550 902 2582 Inquantum
923 2547 1003 2583 (enim
1023 2549 1082 2575 add.
1094 2549 1142 2584 Pb)
1164 2549 1210 2574 illa
1228 2557 1322 2574 conve-

251 2586 330 2611 niunt
349 2587 456 2620 (coeunt
474 2586 505 2620 Ρ)
526 2586 553 2611 in
573 2593 655 2610 unum
674 2585 766 2614 PCab,·
783 2593 832 2618 pro
850 2585 920 2610 enim
940 2585 995 2614 illa,
1013 2585 1114 2611 scilicet
1131 2586 1162 2610 B.
1174 2599 1194 2604 -
1212 2585 1262 2610 Pro
1281 2585 1322 2610 in-

251 2624 380 2655 quantum
400 2623 489 2646 autem
510 2621 700 2650 dissolvuntur,
722 2621 879 2653 inquantum
899 2620 1040 2646 discedunt
1057 2622 1088 2645 A.

304 2657 331 2692 x)
353 2657 568 2690 Empedocles...
586 2657 843 2684 elementor-umen.
861 2670 881 2675 —
899 2656 1072 2688 Empedocles
1090 2656 1166 2681 dixit
1184 2656 1256 2689 quod
1274 2663 1321 2681 na-

251 2697 322 2723 tura,
343 2693 412 2718 idest
422 2693 519 2726 forma
539 2690 696 2726 (composita
716 2692 774 2717 add.
789 2691 823 2725 A)
842 2699 880 2717 ex
898 2692 1039 2722 elementis,
1061 2692 1161 2717 nullum
1181 2693 1322 2717 elemento-

251 2736 311 2753 rum
330 2731 371 2753 est
388 2728 447 2757 AB.
467 2727 498 2752 cf.
518 2732 626 2752 textum.
645 2727 732 2760 Pergit
750 2728 785 2752 B:
806 2734 889 2760 neque
914 2727 983 2752 enim
1003 2730 1042 2752 est
1061 2728 1094 2752 de
1117 2730 1217 2752 natura
1237 2727 1320 2760 ignis,

251 2770 335 2796 neque
353 2763 387 2788 de
405 2766 505 2788 natura
524 2770 617 2796 aquae,
637 2770 720 2796 neque
733 2763 848 2788 aliorum
862 2763 1051 2788 elementorum
1066 2763 1207 2795 quodlibet,
1222 2763 1271 2787 sed
1282 2767 1322 2788 est

250 2800 337 2825 solum
356 2798 496 2828 mixtura,
516 2799 585 2824 idest
602 2798 724 2823 consistit
741 2799 826 2823 solum
846 2798 872 2823 in
887 2799 1011 2831 puritate
1030 2799 1146 2831 quadam
1170 2798 1319 2829 mixtionis,

250 2838 278 2860 et
295 2835 344 2860 hoc
358 2834 449 2866 posito
463 2834 585 2866 privatio
598 2837 706 2859 constat
723 2834 750 2858 in
768 2834 955 2867 segregatione
969 2834 1134 2863 mixtorum;
1153 2835 1207 2859 A...
1222 2835 1270 2859 sed
1281 2837 1321 2859 est

249 2871 336 2896 solum
355 2870 445 2895 mixta
462 2869 585 2895 consistit
602 2869 686 2894 solum
706 2869 732 2894 in
753 2870 850 2895 unione
868 2870 984 2902 quadam
1001 2868 1060 2903 (cet.
1073 2869 1139 2904 om.)
1156 2869 1321 2899 mixtorum,-

251 2905 291 2931 Ca
305 2910 475 2938 corrumpunt
481 2905 603 2937 privatio
617 2905 641 2929 in
652 2905 795 2937 principio,
812 2910 837 2930 et
851 2913 904 2930 om.
914 2905 1044 2930 consistit.
1059 2906 1148 2930 Lecti‘o
1161 2905 1319 2933 mixtorum,

250 2942 309 2966 loco
323 2941 473 2969 mixtionis,
493 2940 602 2973 explicat
619 2940 790 2965 omissionem
803 2941 834 2971 A,
847 2945 873 2967 et
887 2940 952 2965 forte
971 2948 1018 2973 pro
1037 2941 1064 2965 in
1084 2944 1184 2966 natura
1202 2941 1319 2973 quadam

249 2976 401 3005 mixtionis,
419 2984 482 3001 vera
499 2977 575 3001 lectio
593 2981 635 3000 est
653 2976 680 3001 in
694 2976 791 3001 unione
809 2976 926 3009 quadam
946 2976 1104 3001 mixtorum.

303 3011 332 3046 λ)
352 3012 468 3044 acquirit
478 3012 620 3044 propriam
635 3015 771 3037 naturam.
784 3027 805 3031 —
816 3012 914 3044 accipit
927 3019 1003 3037 suam
1017 3015 1144 3037 naturam
1158 3013 1190 3041 Α,
1204 3013 1321 3045 acquirit

248 3055 327 3073 suam
346 3047 487 3072 materiam
507 3048 536 3072 B.
549 3061 569 3066 -
581 3048 695 3079 Pergunt
712 3049 771 3072 AB:
792 3048 851 3073 ideo
869 3047 1007 3080 ponebant
1025 3047 1097 3080 quod
1110 3048 1321 3081 congregatione

249 3086 311 3108 erat
319 3083 466 3116 generatio,
477 3081 603 3107 alteratio
615 3089 679 3108 vero
691 3082 792 3116 (autem
807 3090 863 3108 esse
877 3082 910 3118 A)
922 3083 1060 3115 ponebant
1067 3090 1119 3115 per
1132 3084 1216 3108 solam
1231 3087 1319 3108 trans-

251 3118 433 3147 mutationem,
454 3121 484 3142 ut
502 3117 576 3151 infra
592 3116 631 3151 (et
643 3118 684 3143 ita
696 3117 730 3152 A)
747 3119 860 3144 dicetur.
878 3119 1042 3151 Adoptamus
1057 3119 1318 3149 transmutationem,

250 3161 299 3186 pro
318 3161 372 3186 quo
390 3153 626 3185 transpositionem
645 3153 686 3178 hic
704 3154 788 3184 PQb,
804 3155 851 3179 sed
866 3154 931 3179 infra
950 3154 1046 3179 faciunt
1057 3162 1118 3179 cum
1131 3154 1222 3179 ceteris
1243 3156 1318 3180 codd.

304 3188 333 3223 μ)
354 3192 395 3214 est
407 3189 546 3221 proprius.
564 3202 583 3208 —-
601 3196 653 3214 non
673 3192 713 3214 est
726 3190 857 3222 proprius
876 3190 922 3221 Ca,
943 3190 975 3214 cf.
990 3195 1096 3215 textum.
1114 3202 1134 3210 -
1151 3190 1202 3214 Pro
1220 3191 1320 3216 scilicet

248 3225 322 3257 quod
336 3229 394 3255 etc„
407 3224 507 3249 scilicet
519 3224 591 3256 quod
605 3224 750 3257 loquantur
759 3230 808 3250 etc.
819 3226 860 3250 ed.
869 3232 887 3250 a
891 3234 900 3255 ,·
913 3226 1012 3250 seilicet
1026 3225 1098 3258 quod
1111 3226 1257 3258 loquuntur
1269 3231 1318 3250 etc.

251 3260 286 3291 C;
305 3260 404 3285 scilicet
423 3260 494 3292 quod
512 3259 551 3284 ita
564 3260 689 3292 sequitur
707 3261 878 3294 manifestum
898 3260 958 3293 (cet.
973 3260 1038 3295 om.)
1059 3261 1163 3286 Deinde
1181 3268 1240 3285 cum
1254 3261 1320 3286 dicit

250 3296 273 3320 A
279 3302 286 3326 ;
305 3303 353 3328 pro
373 3295 444 3327 quod
462 3295 502 3320 ita
519 3295 619 3325 dicunt,
638 3295 712 3328 quod
729 3296 778 3321 hoc
796 3297 876 3321 modo
895 3297 988 3321 dicunt
1006 3297 1036 3322 B.

304 3330 328 3364 ν)
349 3331 484 3362 improbat
501 3338 542 3355 ea.
559 3345 578 3350 -
594 3331 695 3363 probat
712 3332 803 3356 omnia
821 3332 852 3357 B.
869 3346 888 3351 -
906 3332 957 3356 Pro
977 3339 1038 3356 nam
1053 3334 1184 3363 ponentes
1203 3337 1260 3361 etc„
1280 3332 1318 3356 Ca

249 3366 355 3399 legunt:
375 3373 438 3392 nam
447 3369 578 3398 ponentes
592 3374 674 3391 unum
691 3367 828 3399 principio
841 3374 925 3399 supra
944 3367 1127 3401 manifestavit
1146 3374 1216 3391 nunc
1228 3370 1317 3391 autem

250 3409 289 3426 ex
310 3402 465 3427 necessitate
488 3401 624 3427 concludit
646 3402 816 3434 propositum
823 3410 832 3431 ,·
857 3403 910 3427 Pb:
934 3410 996 3427 nam
1021 3401 1179 3435 (secundum
1204 3402 1263 3426 add.
1285 3400 1316 3435 P)

241 3439 390 3469 ponentes.
400 3455 407 3461 .
416 3454 423 3461 .
446 3437 616 3462 concluditur
628 3438 807 3469 propositum.

305 3470 329 3506 ξ)
345 3472 467 3504 primo...
481 3472 676 3504 mpemlm.
687 3487 707 3492 -
716 3473 808 3505 primo
827 3472 963 3498 concludit
981 3476 1075 3497 contra
1089 3478 1187 3500 omnes,
1202 3471 1317 3496 secundo

250 3507 387 3532 concludit
404 3507 556 3539 specialiter
574 3512 670 3533 contra
689 3509 875 3540 Empedoclem
896 3509 927 3532 A.
941 3521 960 3526 —
978 3507 1088 3532 Inferius
1107 3514 1155 3539 pro
1171 3506 1315 3538 proponit,

246 3543 328 3574 ponit
345 3543 403 3574 AB;
421 3550 470 3575 pro
488 3543 586 3573 dicens,
606 3543 672 3568 dicit
689 3551 754 3577 ergo
773 3543 858 3568 PCab.

262 3597 265 3600 .
305 3577 332 3612 ο)
353 3578 473 3603 dicere...
486 3578 682 3603 alterationem.
699 3593 718 3598 —
737 3579 824 3604 dicere
842 3577 1041 3611 generationem
1059 3576 1135 3601 aliud
1153 3583 1231 3608 quam
1251 3577 1317 3600 alte-

250 3613 383 3638 rationem
396 3614 427 3638 A.
441 3627 460 3632 —
473 3614 523 3638 Pro
541 3614 690 3643 subsistere,
705 3614 836 3639 sustinere
850 3614 909 3643 AB;
929 3620 977 3645 pro
993 3612 1071 3642 Quod
1083 3611 1176 3645 facile,
1192 3615 1222 3636 ut
1233 3611 1319 3645 sacile

249 3649 283 3679 A,
304 3649 383 3679 Quod
394 3649 517 3683 faciliter
533 3649 563 3678 B,
582 3650 642 3675 Hoc
652 3649 738 3682 facile
756 3649 820 3673 Cab.
1195 3667 1197 3670 -

2370 288 2447 336 269

1379 365 1549 403 cundum
1569 365 1884 414 magnitudinem,
1906 378 2003 415 quae
2023 367 2244 404 nominatur
2262 380 2446 415 augmen-

1377 419 1468 456 tatio
1491 427 1526 456 et
1546 419 1756 456 deminutio
1775 425 1801 466 Ρ,
1823 420 1872 456 ita
1889 432 2044 456 necesse
2065 427 2120 457 est
2143 433 2226 457 esse
2246 422 2294 457 de
2313 422 2445 457 altera-

1377 472 1492 519 tione,
1513 484 1612 520 quae
1634 480 1689 509 est
1707 480 1834 509 motus
1854 473 2067 510 secundum
2096 474 2315 522 qualitatem
2320 486 2332 525 ,²
2354 486 2444 510 narn

1378 524 1473 561 sicut
1500 525 1687 573 quantitas
1716 526 1894 563 fundatur
1916 526 1955 563 in
1975 527 2200 574 substantia,
2227 527 2277 563 ita
2298 534 2334 563 et
2353 539 2444 575 qua-

1378 577 1471 614 litas.
1503 579 1580 615 Sed
1599 579 1832 628 impossibile
1853 587 1908 616 est
1927 591 1996 628 per
2010 579 2151 616 *hunc
2175 580 2339 616 modum
2358 580 2441 617 fieri

1377 631 1650 678 alterationem,
1663 633 1874 669 secundum
1895 645 1940 669 ea
1958 645 2057 681 quae
2071 641 2221 682 ponunt
2241 633 2444 670 facientes“

1378 684 1486 730 plura
1518 684 1709 733 principia.
1749 685 1927 722 Dicunt*
1956 686 2059 723 enim
2088 686 2194 735 quod
2224 687 2440 734 passiones,

1377 735 1473 772 idest
1485 737 1682 784 passibiles
1697 738 1906 786 qualitates,
1917 739 2130 777 secundum
2144 752 2239 788 quas
2260 739 2420 776 dicimus
2430 745 2445 760 '

1378 789 1452 825 hoc
1482 789 1711 837 contingere,
1737 791 1876 829 scilicet
1903 793 2180 839 alterationem,
2201 800 2242 829 ut
2267 800 2372 842 patet
2399 805 2444 829 ex

1377 842 1446 878 VII
1476 843 1625 890 Physic.
1650 843 1681 889 ³³²,
1703 852 1789 880 sunt
1816 845 2049 882 differentiae
2069 846 2246 895 propriae
2276 846 2441 882 elemen-

2471 592 2480 601 ·
2496 590 2620 612 secundum
2634 597 2659 613 n.

2571 646 2587 662 0'

2471 701 2479 709 ·
2495 700 2559 722 Dicit
2572 706 2611 722 ea.

2570 750 2584 766 τ

2471 850 2553 898 'scili'
2569 856 2640 898 ¹1¹÷01¹¹·
2647 856 2683 899 ὥς

2471 909 2485 924 n
2509 909 2520 924 2

1377 902 1518 942 torum,
1540 895 1680 932 scilicet
1707 897 1871 934 calidum
1901 907 1937 935 et
1964 899 2151 946 frigidum,
2173 900 2304 936 album
2333 907 2370 935 et
2388 899 2442 935 ni-
2488 919 2493 924 ·
2523 919 2529 925 ·

1378 959 1500 995 grum,
1531 948 1674 985 siccum
1703 956 1739 986 et
1766 951 1980 998 humidum,
2011 953 2127 989 molle
2157 960 2193 989 et
2226 953 2376 999 durum,
2407 960 2444 989 et

1379 1001 1450 1038 alia
1477 1001 1712 1040 huiusmodi:
1743 1002 1838 1040 sicut
1857 1005 2112 1053 Empedocles
2133 1006 2223 1043 dixit
2251 1006 2355 1055 quod
2373 1005 2441 1052 sol,

1378 1054 1476 1091 idest
1502 1055 1598 1103 ignis
1618 1056 1801 1104 (ponebat
1829 1057 1931 1094 enim
1952 1059 2072 1095 solem
2101 1059 2232 1106 igneae
2258 1061 2441 1105 naturae),

1377 1108 1530 1145 videtur
1558 1120 1640 1145 esse
1660 1114 1673 1129 ⁰
1692 1109 1800 1145 albus
1830 1117 1865 1146 et
1885 1110 2037 1158 calidus,
2065 1112 2185 1149 imber
2209 1125 2316 1159 vero,
2346 1111 2444 1149 idest

1379 1173 1491 1210 aqua,
1510 1161 1662 1198 videtur
1689 1162 1728 1198 in
1757 1163 1935 1200 omnibus
1964 1176 2045 1200 esse
2075 1165 2197 1213 niger,
2225 1165 2378 1214 frigidus
2407 1173 2443 1202 et

1378 1215 1598 1262 nebulosus,
1620 1214 1716 1252 sicut
1742 1223 1845 1264 patet
1873 1228 1918 1253 ex
1938 1216 2020 1265 ipsa
2048 1218 2313 1255 obscuratione
2333 1218 2441 1265 aeris,

1379 1279 1478 1315 quae
1516 1268 1560 1305 fit
1592 1280 1663 1316 per
1699 1268 1861 1306 imbres:
1901 1277 1937 1306 et
1965 1270 2132 1308 similiter
2167 1271 2443 1309 determinabat

1379 1321 1427 1357 de
1456 1321 1607 1370 reliquis
1633 1321 1887 1370 passionibus,
1918 1323 2123 1361 attribuens
2141 1330 2157 1354 P
2186 1337 2250 1361 eas
2279 1326 2442 1362 elemen-

1377 1374 1434 1411 tis.
1454 1374 1643 1412 Dicebant
1671 1383 1799 1412 autem
1828 1376 1932 1425 quod
1970 1389 2048 1413 non
2076 1384 2154 1414 erat
2180 1378 2358 1426 possibile
2397 1390 2442 1414 ex

1378 1427 1464 1475 igne
1492 1428 1576 1465 fieri
1604 1440 1757 1477 aquam,
1779 1437 1843 1465 aut
1859 1441 1903 1465 ex
1922 1442 2022 1477 aqua
2050 1438 2189 1467 terram
2204 1431 2235 1477 ²¹³,
2255 1432 2317 1468 vel
2346 1443 2441 1480 quo·
2469 1443 2478 1451 ·

1379 1493 1544 1530 cumque
1583 1481 1702 1518 modo
1730 1494 1851 1519 unum
1891 1483 2167 1520 elementorum
2203 1485 2371 1521 converti
2404 1484 2442 1521 in

1378 1534 1502 1572 aliud:
1532 1547 1611 1572 non
1641 1534 1743 1572 enim
1780 1535 1975 1584 ponebant
2001 1536 2222 1574 huiusmodi
2255 1538 2441 1576 elementa

1379 1588 1626 1637 composita*
1646 1600 1691 1625 ex
1710 1589 1868 1625 materia
1894 1597 1929 1625 et
1957 1590 2092 1637 forma,
2107 1598 2150 1627 ut
2177 1590 2230 1627 sic
2257 1592 2376 1640 possit
2397 1604 2441 1629 ex
2468 1601 2479 1611 ⁸

1376 1653 1456 1678 uno
1478 1649 1657 1690 corrupto
1672 1646 1690 1668 χ
1709 1642 1809 1679 aliud
1830 1642 2016 1690 generari;
2046 1643 2114 1680 sed
2137 1644 2332 1692 ponebant
2360 1657 2441 1682 esse

1377 1694 1520 1744 primas
1547 1694 1738 1742 materias,
1769 1708 1866 1744 quae
1895 1708 1974 1732 non
2004 1697 2281 1734 resolverentur
2312 1698 2351 1734 in
2379 1699 2442 1735 ali-

1377 1748 1678 1797 quodprimum
1717 1747 1952 1795 subiectum3
1983 1758 2132 1798 oportet
2165 1758 2292 1787 autem
2326 1763 2442 1789 omne

1378 1802 1482 1851 quod
1493 1801 1530 1839 in
1546 1802 1647 1839 aliud
1659 1803 1903 1850 convertitur,
1913 1802 2052 1840 resolvi
2065 1802 2081 1831 Ῥ
2096 1803 2134 1840 in
2149 1804 2303 1852 aliquod
2318 1805 2442 1841 subie-

1378 1864 1480 1892 ctum
1508 1855 1688 1904 primum.
1712 1856 1950 1904 Impossibile
1972 1864 2026 1893 est
2054 1864 2181 1893 autem
2200 1857 2355 1906 propria
2382 1870 2443 1894 ac-

1378 1908 1540 1946 cidentia
1559 1908 1720 1946 inveniri
1750 1909 1820 1946 nisi
1848 1909 1887 1946 in
1914 1909 2076 1958 propriis
2105 1910 2297 1947 subiectis:
2326 1911 2440 1957 unde,

1376 1962 1407 1999 si
1423 1962 1588 2000 calidum
1604 1970 1659 1999 est
1673 1963 1871 2011 proprium
1887 1963 2062 2000 accidens
2078 1963 2172 2011 ignis
2184 1971 2219 2000 et
2233 1964 2409 2012 frigidum
2424 1970 2442 1985 ω

1377 2028 1512 2065 aquae,
1533 2015 1765 2065 impossibile
1785 2023 1840 2053 est
1861 2016 2024 2053 calidum
2046 2029 2127 2054 esse
2146 2017 2216 2054 nisi
2236 2017 2273 2053 in
2295 2017 2390 2065 igne,
2408 2025 2444 2054 et

1377 2069 1554 2117 frigidum
1583 2069 1654 2106 nisi
1682 2069 1720 2106 in
1749 2082 1860 2118 aqua,
1883 2077 1919 2106 et
1946 2070 2000 2107 sic
2028 2070 2076 2107 de
2105 2070 2197 2107 aliis.
2219 2070 2259 2107 Si
2288 2083 2377 2118 ergo
2399 2083 2443 2107 ex

1378 2135 1479 2171 aqua
1506 2135 1586 2160 non
1613 2130 1738 2171 potest
1773 2123 1857 2160 fieri
1885 2123 2000 2171 ignis,
2031 2135 2156 2172 neque
2186 2136 2231 2160 ex
2262 2136 2341 2160 uno
2370 2125 2443 2160 ele-

1378 2184 1598 2213 mentorum
1618 2176 1732 2222 aliud,
1754 2188 1995 2224 consequens
2016 2184 2070 2213 est
2085 2177 2188 2226 quod
2212 2177 2312 2214 nec*
2325 2177 2445 2226 possit

1378 2230 1520 2277 aliquid
1541 2241 1586 2266 ex
1601 2230 1690 2266 albo
1711 2229 1795 2267 fieri
1814 2230 1964 2278 nigrum
1983 2230 2076 2266 vel*
2097 2243 2141 2267 ex
2161 2230 2266 2267 molli
2286 2230 2442 2267 durum:
2470 2243 2481 2253 ·

1378 2292 1416 2320 et
1443 2283 1580 2320 eadem
1609 2282 1703 2320 ratio
1734 2291 1789 2320 est
1817 2285 1864 2321 de
1893 2283 1974 2320 aliis
2010 2283 2229 2320 huiusmodi
2262 2283 2444 2332 qualitati-

1378 2337 1449 2373 bus
1467 2342 1515 2373 αα.
1538 2336 1640 2373 Cum
1669 2348 1760 2384 ergo
1781 2337 1950 2374 alteratio
1980 2349 2058 2374 non
2084 2337 2274 2385 contingat
2296 2337 2367 2374 nisi
2387 2350 2443 2374 se-

1377 2390 1547 2427 cundum
1574 2389 1829 2427 variationem
1867 2390 2052 2427 dictarum
2090 2390 2312 2440 qualitatum
2346 2390 2445 2427 circa

1428 2548 1460 2584 π)
1475 2549 1606 2582 proponit
1624 2549 1759 2581 quandam
1778 2549 1990 2574 similitudinem.
2002 2563 2022 2568 -
2034 2550 2113 2581 ponit
2131 2549 2266 2581 quandam
2284 2550 2443 2581 suppositio-

1376 2592 1435 2610 nem
1456 2586 1486 2610 B.
1506 2585 1576 2610 ldem
1595 2592 1644 2617 pro
1663 2585 1790 2615 videmus,
1810 2585 1931 2614 videtur,·
1949 2593 1998 2618 pro
2012 2585 2159 2617 quiescente
2179 2585 2246 2609 idest
2259 2589 2442 2616 permanente,

1376 2621 1402 2645 in
1423 2621 1571 2653 quiescente
1585 2620 1654 2646 idest
1663 2624 1840 2652 permanente
1853 2621 1895 2645 ed.
1907 2628 1932 2650 a,
1947 2621 1973 2645 in
1988 2621 2135 2653 quiescente
2150 2620 2218 2645 idest
2231 2620 2256 2644 in
2268 2625 2445 2652 permanente

1375 2656 1404 2685 C,
1424 2657 1471 2681 sed
1490 2656 1614 2688 expungit
1631 2656 1744 2688 primum
1764 2656 1800 2681 in.

1429 2690 1454 2725 ρ)
1475 2692 1631 2716 nominatur
1649 2691 1834 2725 augmentatio
1853 2695 1879 2716 et
1897 2691 2051 2717 deminutio.
2065 2706 2084 2710 —
2098 2691 2197 2716 dicitur
2214 2694 2386 2724 augmentum
2402 2693 2442 2717 vel

1375 2727 1522 2752 deminutio
1537 2730 1566 2756 A,
1577 2730 1688 2752 vocatur
1702 2730 1874 2760 augmentum
1890 2730 1916 2752 et
1931 2727 2076 2752 deminutio
2086 2728 2141 2752 B.-
2150 2727 2240 2751 Statim
2254 2734 2310 2752 esse
2323 2727 2443 2752 addimus

1375 2771 1405 2787 ex
1423 2764 1455 2793 A,
1474 2768 1500 2787 et
1518 2770 1585 2795 quae
1603 2766 1643 2788 est
1663 2766 1749 2788 motus
1768 2770 1798 2787 ex
1816 2764 1874 2793 AB;
1894 2771 1941 2795 pro
1954 2763 2098 2796 fundatur,
2111 2763 2244 2795 firmatur
2263 2763 2310 2787 Ca.

1428 2798 1455 2833 σ)
1475 2805 1544 2831 quae
1553 2801 1661 2830 ponunt
1677 2798 1819 2832 sacienteS.
1833 2813 1854 2818 -
1865 2805 1933 2831 quae
1942 2801 2083 2830 ponuntur
2096 2799 2129 2823 ab
2142 2798 2183 2823 his
2202 2798 2248 2830 qui
2261 2801 2325 2822 sunt
2336 2798 2441 2831 sacien-

1375 2837 1413 2859 tes
1433 2834 1517 2859 PCab.

1428 2869 1455 2904 τ)
1477 2869 1625 2894 dietmus.-
1640 2869 1739 2894 dicitur
1757 2869 1841 2894 PCab.
1855 2883 1869 2888 -
1892 2869 1942 2893 Pro
1960 2868 2061 2894 scilicet
2078 2868 2276 2896 alterationem,
2298 2868 2367 2900 quod
2386 2876 2439 2893 om.

1373 2905 1410 2934 A,
1431 2905 1499 2930 idest
1517 2905 1630 2929 alterari
1649 2905 1740 2934 PCab;
1759 2913 1806 2937 pro
1825 2912 1863 2929 ex
1885 2904 1947 2933 VII,
1964 2904 1990 2928 in
2011 2904 2063 2928 VII
2078 2905 2107 2928 B.
2122 2904 2185 2928 Post
2198 2904 2297 2928 scilicet
2314 2903 2439 2932 calidum,

1374 2941 1397 2964 A
1410 2945 1502 2973 quater
1515 2948 1569 2965 om.
1584 2944 1617 2970 et,
1633 2941 1654 2965 C
1666 2940 1748 2972 prima
1762 2941 1826 2970 vice,
1841 2940 1880 2964 ab
1899 2939 1981 2971 prima
2000 2945 2025 2964 et
2039 2939 2140 2971 quinta;
2160 2939 2191 2963 cf.
2204 2943 2310 2963 textum.

1427 2975 1454 3010 u)
1476 2976 1583 3000 videtur
1600 2983 1664 3001 esse.
1677 2990 1698 2994 —
1710 2976 1818 3000 videtur
1835 2975 1904 3000 enim
1924 2982 1979 2999 esse
1997 2975 2060 2999 Cab.
2078 2988 2097 2992 -
2115 2974 2164 2998 Pro
2184 2974 2261 3006 niger
2273 2973 2396 3006 frigidus
2414 2977 2441 2998 et

1375 3012 1527 3039 nebulosus,
1549 3012 1635 3044 magis
1646 3010 1711 3044 feias
1730 3009 1812 3043 (quod
1832 3010 1995 3042 expungitur)
2015 3013 2041 3034 et
2062 3009 2200 3033 nebulosus
2219 3010 2256 3038 A,
2276 3009 2353 3041 niger
2372 3009 2440 3033 idest

1375 3047 1514 3071 nebulosus
1528 3047 1564 3077 B;
1584 3055 1631 3079 pro
1650 3046 1841 3074 obscuratione,
1856 3045 2017 3070 obscuritate
2036 3045 2068 3075 ss;
2088 3051 2197 3076 proper
2211 3044 2314 3073 imbres,
2325 3048 2440 3076 propter

1374 3083 1455 3107 nubes
1474 3083 1504 3112 A,
1522 3090 1572 3114 per
1591 3082 1685 3107 mobile
1703 3082 1803 3106 scilicet
1820 3082 1849 3105 B.

1427 3117 1456 3151 φ)
1477 3117 1672 3142 determinabat
1690 3117 1723 3141 de
1741 3116 1849 3148 reliquis
1863 3115 2046 3147 passionibus,
2066 3114 2223 3139 attribuens.
2241 3128 2260 3132 -
2278 3114 2439 3139 determina—

1374 3154 1438 3178 bant
1457 3153 1490 3177 de
1508 3153 1616 3184 reliquis
1631 3152 1810 3184 passionibus,
1830 3150 2003 3175 attribuentes
2019 3150 2134 3179 PACab,·
2152 3149 2184 3174 cf.
2199 3154 2303 3174 textum.
2323 3150 2343 3174 Β
2362 3150 2439 3174 etiam

1374 3188 1479 3212 inferius
1495 3189 1555 3221 legit
1568 3189 1593 3212 in
1609 3187 1731 3219 singulari
1746 3186 1858 3211 Dicebat
1871 3191 1896 3210 et
1910 3193 1960 3209 non
1976 3185 2045 3209 enim
2055 3185 2188 3216 ponebas,-
2201 3189 2288 3209 tamen
2302 3185 2336 3209 ibi
2351 3192 2439 3209 sermo

1373 3224 1439 3248 redit
1457 3224 1488 3247 ad
1509 3233 1522 3245 «
1535 3223 1655 3247 facientes
1670 3223 1743 3254 plura
1756 3221 1878 3254 principia
1891 3229 1914 3251 ε»,
1933 3226 1958 3244 et
1972 3220 2027 3252 ipse
2046 3221 2067 3244 B
2086 3221 2119 3244 ad
2136 3220 2183 3244 sed
2196 3220 2333 3252 ponebant
2347 3220 2437 3252 plurali

1373 3260 1460 3288 utitur,
1480 3258 1511 3282 cf.
1526 3264 1578 3282 not.
1594 3265 1650 3289 seq.

1425 3293 1455 3327 γ)
1476 3297 1505 3317 ut
1522 3293 1560 3318 sic
1576 3293 1662 3324 possit
1680 3299 1718 3316 ex
1737 3299 1789 3315 uno
1807 3293 1943 3322 corrupto.
1961 3304 1975 3309 -
1995 3293 2024 3314 ut
2038 3290 2126 3321 possit
2144 3297 2182 3314 ex
2200 3297 2252 3314 uno
2270 3298 2384 3322 corpore
2403 3292 2436 3321 B,

1375 3333 1404 3353 ut
1422 3323 1459 3353 sic
1473 3329 1548 3360 posit
1571 3336 1622 3352 uno
1645 3331 1672 3352 et
1691 3327 1750 3359 (pro
1769 3327 1815 3358 ex)
1839 3329 1965 3357 corrupto
1985 3326 2025 3350 ed.
2044 3333 2077 3354 α,-
2100 3333 2137 3350 ex
2154 3333 2208 3350 om.
2227 3326 2264 3356 A;
2283 3326 2325 3350 PC
2343 3326 2440 3351 habent

1369 3367 1468 3396 posset.
1481 3377 1500 3382 —-
1514 3364 1563 3387 Pro
1577 3363 1624 3388 sed
1639 3362 1774 3394 ponebant
1788 3367 1845 3390 etc„
1864 3361 1912 3386 sed
1926 3361 2061 3393 ponebant
2073 3368 2117 3385 eas
2131 3368 2188 3385 esse
2200 3361 2307 3393 primas
2326 3365 2439 3387 naturas

1373 3406 1440 3431 quae
1454 3406 1504 3423 non
1520 3398 1720 3423 resolvebantur
1733 3398 1764 3426 A,
1778 3397 1826 3421 sed
1835 3399 1985 3428 posuerunt
1998 3403 2029 3421 ea
2043 3403 2098 3421 esse
2107 3396 2214 3427 primas
2232 3397 2359 3422 materias
2371 3404 2438 3430 quae

1374 3435 1539 3459 resolventur
1558 3434 1591 3463 13;
1611 3433 1686 3457 etiam
1706 3432 1744 3456 Ca
1762 3439 1816 3456 om.
1831 3439 1892 3456 non.

1426 3468 1454 3503 ψ)
1475 3471 1580 3500 oportet
1597 3471 1686 3492 autem
1705 3474 1818 3492 omne...
1831 3466 1935 3491 resolvi.
1953 3481 1972 3485 -
1990 3470 2095 3498 oportet
2117 3470 2208 3492 autem
2231 3468 2303 3499 quod
2325 3475 2438 3492 omne..

1373 3506 1523 3529 resolvatur
1541 3504 1569 3532 Β,
1589 3506 1694 3534 oportet
1712 3509 1823 3527 omne...
1838 3502 1936 3527 resolvi
1954 3502 1994 3528 ed.
2007 3509 2038 3531 a,
2058 3505 2162 3534 oportet
2176 3502 2245 3527 enim
2297 3504 2394 3528 resolvi
2409 3504 2438 3528 C.

1425 3538 1457 3573 ω)
1478 3542 1504 3563 et
1516 3539 1661 3572 frigidum.
1681 3552 1699 3556 —
1714 3541 1739 3562 et
1757 3545 1810 3562 om.
1825 3537 1916 3566 PCab‚·
1934 3538 1995 3562 item
2015 3538 2058 3562 lin.
2072 3545 2127 3570 seq.
2140 3551 2158 3557 -
2178 3538 2229 3562 Pro
2248 3538 2280 3562 Si
2297 3546 2370 3572 ergo,
2392 3539 2439 3563 Ex

1391 3582 1423 3599 uo
1442 3582 1472 3599 er
1492 3581 1507 3598 ο
1527 3575 1556 3598 Β.

1373 3583 1388 3626 q
1425 3582 1524 3643 aa)gde
1542 3609 1602 3633 aliis
1621 3608 1774 3633 huiusmodi
1792 3608 1972 3640 qualitatibus.
1991 3621 2008 3627 -
2027 3608 2059 3633 de
2077 3608 2138 3633 aliis
2156 3608 2387 3641 qualibuscumque
2406 3610 2438 3639 B,

1372 3645 1404 3669 de
1422 3644 1574 3669 huiusmodi
1591 3644 1652 3669 aliis
1670 3644 1843 3676 qualitatibus
1862 3644 1946 3668 PCab.

2493 1447 2573 1463 aerem
2586 1447 2610 1463 Δ.

2494 1601 2602 1628 componi
2612 1607 2636 1622 n.

2565 1656 2585 1681 Χ.

2470 2186 2481 2196 ⁸
2495 2190 2541 2206 non
2554 2191 2578 2206 Α.

2496 2247 2570 2270 neque
2583 2248 2606 2263 Β.

2561 2345 2596 2362 αα
