2782 4134
85 429 97 440 ⁴
111 429 207 450 servari
220 434 242 449 Ρ.

83 799 94 809 '¹
105 800 129 819 et
142 804 189 820 om.
204 804 226 819 Ρ.

82 2332 90 2341 ·
101 2330 187 2352 minori
196 2337 208 2352 Ρ
219 2334 240 2352 et
250 2336 290 2352 co-

81 2358 143 2379 dices
158 2363 207 2379 exc.
222 2363 259 2378 nc.

84 2542 197 2572 'peragit
203 2549 216 2563 P
224 2546 245 2563 ct
253 2548 292 2563 co-

83 2568 146 2590 dices
161 2574 209 2590 exc.
224 2575 247 2590 Α.

182 2657 196 2674 0

331 288 402 323 180

324 365 478 415 proprio
507 371 625 401 motu.
647 384 671 390 -
693 361 868 399 Similiter
902 360 1014 396 etiam
1044 371 1123 395 non
1150 359 1299 395 videtur
1327 371 1387 395 or-

325 419 421 456 dinis
450 416 714 454 convenientia
746 413 882 451 salvari
906 414 940 459 ³³,
971 412 1000 448 si
1030 424 1168 459 corpus
1197 411 1303 458 quod
1332 419 1388 448 est

324 471 504 508 remotius
524 483 545 506 a
564 478 662 506 terra
680 467 878 512 immobili,
899 464 1151 514 propinquius
1171 471 1300 500 autem
1320 476 1386 501 ve-

323 524 513 561 locissimo
534 522 653 559 motui
673 520 784 570 primi
804 518 966 565 mobilis,
987 517 1129 554 tardius
1149 516 1188 553 in
1209 528 1280 553 suo
1299 529 1386 566 pro-

323 578 405 627 prio
434 584 542 613 motu
569 581 780 612 moveatur.
1089 622 1096 628 .
1223 612 1225 615 Ι

380 632 411 667 5.
442 629 552 667 Unde
582 636 617 664 et
650 627 709 663 alii
746 626 917 663 dixerunt
954 622 1060 671 quod
1087 635 1126 658 1n
1164 623 1269 658 caelo
1307 634 1386 659 non

324 691 378 720 est
406 683 475 719 nisi
511 694 608 718 unus
637 687 782 724 motus,
812 677 950 714 scilicet
978 688 1055 723 quo
1084 683 1207 712 totum
1237 676 1385 712 caelum

323 736 529 773 revolvitur
560 746 628 783 per
651 739 800 769 motum
831 729 945 778 primi
983 729 1135 765 mobilis
1164 729 1211 765 ab
1241 729 1385 765 oriente

322 790 363 826 in
391 788 648 832 occidentem;
684 792 719 821 et
746 785 765 804 ‘⁴‘
793 790 977 831 quantum
1007 782 1056 819 ad
1084 783 1186 818 hunc
1221 790 1383 830 motum,

323 841 493 890 superius
519 851 654 888 corpus
683 845 738 874 est
765 835 964 873 velocioris
993 843 1133 882 motus,
1154 847 1233 871 non
1258 836 1384 871 solum

323 903 506 943 quantum
521 893 570 930 ad
585 889 884 939 magnitudinem
901 888 1039 936 circuli,
1052 889 1120 926 sed
1136 888 1249 925 etiam
1265 900 1384 936 quan-

322 956 402 985 tum
430 948 477 984 ad
496 945 674 994 temporis
704 942 942 990 brevitatem,
962 941 1012 978 ita
1032 942 1169 978 scilicet
1197 942 1303 989 quod
1323 954 1384 978 su—

320 1001 448 1050 perior
475 1000 632 1049 sphaera
658 997 696 1033 in
725 995 863 1033 minori
891 1002 1063 1044 tempore
1091 1002 1287 1044 percurrat
1304 1007 1384 1031 ma-

320 1055 441 1091 iorem
470 1052 667 1096 circulum;
699 1057 734 1086 et
761 1049 849 1086 inde
879 1056 935 1086 est
963 1048 1069 1096 quod
1097 1048 1252 1085 inferior
1280 1049 1384 1085 stella

321 1106 446 1144 deficit
465 1118 486 1142 a
505 1103 752 1152 regrediendo
774 1103 823 1140 ad
843 1101 946 1138 idem
965 1108 1150 1150 punctum
1171 1102 1383 1139 secundum

320 1167 489 1208 tempus,
526 1170 603 1194 non
632 1156 738 1205 quod
774 1155 814 1192 in
847 1155 1078 1192 contrarium
1106 1155 1218 1204 primi
1257 1163 1384 1192 motus

320 1220 527 1249 moveatur.
558 1211 606 1247 Et
624 1208 836 1246 secundum
865 1209 941 1244 hoc
959 1214 979 1235 μ
1006 1209 1173 1245 salvatur
1201 1209 1317 1257 quod,
1340 1221 1385 1245 ex

319 1267 392 1302 hoc
419 1265 502 1314 ipso
522 1263 627 1312 quod
655 1262 828 1311 superior
845 1262 997 1310 planeta
1023 1274 1161 1310 parum
1190 1261 1317 1298 deficit
1336 1263 1384 1299 ab

319 1317 533 1366 attingendo
562 1316 730 1366 primum
750 1323 913 1362 motum,
942 1314 1097 1351 inferior
1124 1322 1252 1352 autem
1285 1316 1382 1364 plus,

319 1371 490 1420 superior
517 1371 667 1419 planeta
695 1376 750 1406 est
777 1367 957 1414 velocior,
983 1375 1020 1404 et
1047 1367 1203 1407 inferior
1229 1369 1382 1406 tardior.

371 1426 405 1461 6.
428 1425 477 1461 Et
502 1424 577 1460 hoc
605 1422 778 1470 quidem,
799 1421 894 1458 sicut
913 1421 1158 1458 Ptolomaeus
1188 1421 1277 1458 dicit
1295 1428 1322 1468 ⁹,
1354 1422 1383 1459 si

317 1485 443 1514 motus
469 1477 707 1525 planetarum
743 1475 935 1522 contingat
961 1474 1044 1511 fieri
1079 1486 1193 1523 super
1226 1475 1385 1513 circulos

317 1543 438 1578 aeque
458 1530 636 1567 distantes
655 1530 703 1566 ab
723 1527 1001 1576 aequinoctiali,
1028 1534 1064 1564 et
1092 1540 1207 1577 super
1227 1529 1384 1566 eosdem

316 1585 437 1633 polos.
467 1583 583 1620 Cuius
613 1581 845 1619 contrarium
874 1588 1053 1630 apparet,
1082 1581 1241 1630 planetis
1270 1582 1383 1620 decli-

318 1637 492 1674 nantibus
511 1635 742 1684 quandoque
758 1635 806 1671 ad
822 1634 1132 1683 septentrionem,
1150 1635 1383 1684 quandoque

318 1690 367 1727 ad
386 1689 592 1727 meridiem.
618 1688 730 1725 Unde
749 1687 869 1735 magis
888 1687 1039 1725 videtur
1058 1689 1164 1736 quod
1183 1689 1258 1725 hoc
1278 1689 1384 1738 quod

317 1744 488 1792 planetae
517 1742 827 1790 derelinquuntur
845 1753 867 1777 a
889 1741 1015 1789 primo
1035 1749 1155 1789 motu,
1177 1741 1223 1778 sit
1250 1754 1384 1779 secun-

319 1797 410 1834 dum
430 1793 444 1820 ξ
470 1795 585 1832 alium
613 1801 763 1832 motum
791 1795 1041 1843 planetarum,
1071 1807 1149 1844 quo
1179 1803 1384 1832 moventur

318 1851 364 1886 ab
394 1849 589 1886 occidente
608 1848 646 1885 in
668 1848 866 1894 orientem,
889 1860 1006 1897 quam
1026 1849 1238 1885 secundum
1260 1849 1382 1886 solam

318 1902 569 1940 deficientiam
598 1914 619 1938 a
646 1901 772 1950 primo
797 1908 917 1948 motu,
938 1901 1150 1938 secundum
1179 1914 1298 1950 quam
1326 1902 1382 1939 vi-

318 1956 425 1993 detur
452 1954 623 2004 superior
650 1956 802 2003 planeta
829 1954 971 1992 tardius
1000 1955 1162 1992 moveri.

371 2022 406 2058 7.
446 2008 568 2045 Huius
605 2015 734 2045 autem
773 2020 928 2044 causam
966 2007 1131 2056 assignat
1166 2008 1384 2046 Alexander

318 2062 440 2109 aliam,
460 2069 609 2111 praeter
637 2073 723 2098 eam
752 2073 870 2110 quam
889 2061 950 2098 hic
980 2061 1143 2109 assignat
1161 2061 1382 2099 Aristoteles

318 2128 362 2152 ex
382 2115 636 2165 praevalentia
650 2114 763 2164 primi
783 2122 922 2152 motus,
939 2114 1039 2151 Dicit
1054 2115 1157 2152 enim
1174 2116 1278 2164 quod
1294 2115 1382 2153 ideo

316 2170 465 2218 planeta
489 2168 660 2217 superior
678 2168 716 2205 in
745 2167 881 2204 maiori
900 2175 1074 2216 tempore
1094 2168 1240 2217 peragit
1265 2169 1382 2206 circu-

317 2224 397 2259 lum
426 2234 555 2268 suum,
586 2234 664 2258 non
701 2229 857 2270 propter
884 2221 1099 2258 tarditatem
1137 2230 1285 2270 motus,
1315 2223 1384 2260 sed

317 2282 471 2324 propter
490 2275 789 2323 magnitudinem
806 2274 948 2311 circuli:
969 2282 1094 2324 potest
1109 2275 1211 2312 enim
1225 2275 1263 2313 id
1278 2277 1384 2324 quod

317 2329 355 2366 in
384 2328 517 2365 maiori
538 2330 557 2349 ³⁵
586 2336 758 2377 tempore
784 2335 981 2375 movetur,
1014 2341 1095 2366 esse
1124 2328 1295 2366 velocius
1322 2330 1384 2366 vel

319 2394 439 2430 aeque
467 2382 600 2429 velox,
635 2381 665 2418 si
694 2380 817 2418 maior
841 2381 887 2418 sit
910 2393 1087 2419 excessus
1116 2382 1384 2430 magnitudinis

319 2447 435 2483 quam
475 2435 697 2484 pertransit,
735 2435 798 2472 vel
831 2434 1020 2482 aequalis,
1057 2447 1174 2484 quam
1208 2447 1384 2473 excessus

319 2488 511 2537 temporis.
532 2509 556 2516 -
583 2488 659 2525 Sed
695 2487 793 2525 istud
827 2500 906 2524 non
943 2495 1100 2536 apparet
1137 2488 1175 2525 in
1210 2489 1382 2537 planetiS.

322 2542 420 2578 Cum
449 2542 549 2578 enim
580 2542 764 2578 Saturnus
790 2542 980 2590 peragat*
1001 2541 1184 2578 circulum
1205 2553 1317 2578 suum
1346 2542 1385 2578 in

319 2595 465 2643 triginta
484 2594 602 2641 annis,
623 2595 712 2632 luna
730 2606 823 2632 vero
845 2593 954 2641 quasi
973 2594 1011 2631 in
1030 2606 1173 2641 mense,
1195 2602 1387 2643 oporteret

321 2648 425 2696 quod
461 2647 654 2697 proportio
683 2646 951 2696 magnitudinis
979 2653 992 2668 ⁰
1020 2648 1204 2696 sphaerae
1233 2648 1385 2684 Saturni

321 2701 370 2738 ad
389 2701 588 2749 sphaeram
607 2702 720 2738 lunae
740 2708 839 2738 esset
862 2700 1075 2737 secundum
1095 2701 1383 2749 proportionem

320 2754 598 2803 praedictorum
627 2762 859 2804 temporum,
880 2754 942 2789 vel
967 2753 1081 2790 etiam
1109 2754 1249 2791 maior:
1279 2755 1384 2803 quod

321 2819 391 2844 nec
417 2807 478 2844 hic
505 2807 671 2854 videtur,
702 2819 772 2844 nec
799 2807 837 2844 in
866 2805 945 2843 aliis
973 2806 1143 2855 planetis.

375 2861 409 2896 8.
431 2860 540 2897 Unde
556 2860 660 2897 aliter
680 2860 884 2898 dicendum
904 2860 1055 2897 videtur
1069 2865 1099 2905 ⁷¹,
1121 2859 1226 2908 quod
1245 2860 1284 2897 in
1303 2859 1384 2896 uni-

319 2925 432 2950 verso
462 2921 516 2950 est
544 2913 734 2965 duplicem
760 2922 933 2951 naturam
955 2913 1215 2951 considerare:
1245 2913 1385 2950 scilicet

322 2974 492 3002 naturam
512 2966 760 3014 sempiternae
788 2966 1085 3015 permanentiae,
1107 2979 1206 3014 quae
1231 2974 1286 3003 est
1304 2979 1383 3003 ma-

321 3018 420 3055 xime
449 3019 486 3055 in
506 3019 719 3056 substantiis
739 3019 940 3068 separatis3
972 3027 1007 3056 et
1035 3027 1208 3056 naturam
1229 3031 1383 3068 genera—

376 3210 405 3245 μ)
427 3212 461 3236 Et
479 3212 620 3236 secundum
639 3212 695 3237 hoc.
712 3226 730 3231 —
751 3213 828 3243 Quod
847 3213 990 3238 secundum
1010 3213 1059 3238 hoc
1078 3213 1097 3238 P
1118 3218 1143 3238 et
1162 3213 1236 3238 codd.
1250 3220 1304 3238 exc.
1321 3214 1352 3238 A.
1365 3226 1384 3232 —

324 3246 374 3270 Pro
393 3246 425 3270 ab
443 3247 607 3279 attingendo,
628 3247 646 3271 P
666 3248 698 3272 ab
718 3248 873 3281 attingente.

376 3279 400 3314 ν)
416 3281 482 3306 sicut
497 3282 662 3306 Ptolomaeus
681 3283 753 3307 dicit.
765 3297 783 3302 —
795 3284 963 3309 Ptolomaeus
975 3284 1092 3309 ostendit
1106 3285 1134 3309 P.
1147 3298 1166 3303 —
1179 3284 1319 3316 contingat
1330 3291 1383 3308 om.

325 3315 400 3340 codd.
414 3323 466 3340 exc.
481 3317 516 3346 A;
531 3317 539 3341 Ι
554 3325 600 3348 pro
608 3317 673 3349 fieri
685 3318 745 3350 legit
753 3318 826 3350 sit.—
836 3319 886 3343 Pro
900 3326 982 3351 aeque
997 3319 1127 3344 distantes
1141 3319 1174 3344 ab
1188 3319 1382 3351 aequinoctiali,

325 3350 530 3382 aequidistantes
544 3352 729 3383 aequinoctiali
743 3354 861 3382 ABDEF,
880 3361 962 3386 aeque
976 3355 1106 3380 distantes
1118 3354 1307 3388 aequinoctiali
1320 3355 1383 3385 IsG;

325 3392 406 3417 aeque
425 3385 551 3410 distantes
569 3387 602 3411 ab
620 3395 673 3412 om.
688 3388 741 3420 pG;
760 3389 966 3420 aequidistantes
985 3394 1011 3414 et
1026 3390 1213 3423 aequinoctiali
1231 3389 1309 3414 habet
1327 3390 1356 3414 C.

379 3418 403 3452 ξ)
422 3421 492 3452 quod
510 3421 558 3446 hoc
576 3422 646 3453 quod
660 3423 817 3453 planetae...
830 3424 865 3448 sit
883 3425 1109 3451 secundum—lta
1129 3426 1168 3450 ed.
1192 3423 1258 3450 1516
1278 3429 1303 3449 et
1321 3426 1382 3456 Asl;

327 3459 374 3479 cet.
390 3454 560 3479 diversimode
579 3462 747 3489 corrumpunt
765 3459 834 3490 quod
853 3459 901 3484 hoc
915 3460 985 3491 quod
991 3469 1000 3490 ,·
1020 3460 1039 3484 P
1059 3461 1129 3493 quod
1143 3461 1302 3493 planetae...
1316 3460 1339 3485 si
1346 3461 1384 3494 fit

325 3489 504 3514 secundum·
517 3490 578 3515 Post
591 3498 668 3515 unam
683 3492 727 3516 lin.
740 3500 787 3524 pro
801 3494 942 3519 secundum
958 3502 1045 3527 quam,
1060 3497 1203 3521 secundum
1217 3502 1293 3528 quem
1308 3496 1384 3520 codd.

380 3524 405 3557 ο)
425 3527 558 3556 oporteret
576 3526 646 3557 quod
665 3527 806 3558 proportio
826 3529 1053 3562 magnitudinis.-
1067 3531 1117 3555 Pro
1136 3534 1284 3563 oporteret,
1305 3538 1384 3563 opor-

326 3562 364 3584 tet
378 3559 411 3590 P;
431 3567 478 3592 pro
488 3560 636 3591 proportio,
650 3562 818 3592 proportioni
832 3564 861 3591 A,
877 3565 1052 3595 proportione
1068 3566 1096 3595 E,
1113 3566 1315 3598 proportionem
1335 3571 1384 3591 cet.

326 3601 379 3618 exc.
393 3594 425 3619 sl.
437 3594 503 3619 -lbi
523 3595 563 3619 vel
581 3595 659 3620 etiam
680 3596 777 3626 maior,
797 3597 843 3621 DG
862 3606 914 3623 om.
931 3599 1020 3625 etiam.
1032 3614 1052 3619 —
1066 3601 1116 3625 Pro
1135 3608 1181 3626 nec
1201 3602 1226 3626 in
1246 3602 1307 3627 aliis
1321 3602 1383 3634 pla-

326 3629 402 3659 netis,
422 3630 444 3654 A
463 3636 510 3654 nec
528 3630 607 3654 etiam
627 3630 652 3654 in
673 3631 732 3655 aliis
746 3631 870 3662 planetis.

1020 281 1091 316 DE
1122 280 1298 316 CAELO
1328 281 1399 316 ET
1428 280 1624 317 MUNDO
1654 280 1749 317 LIB.
1780 281 1812 317 II

1443 360 1558 396 bilem
1587 367 1623 396 et
1652 360 1957 409 corruptibilem,
1988 372 2086 408 quae
2116 367 2178 396 >est
2204 359 2242 396 in
2275 359 2514 399 inferioribus

1443 413 1680 461 corporibus.
1721 414 1895 462 Corpora
1928 421 2056 450 autem
2091 413 2285 461 caelestia,
2320 426 2408 450 curn
2441 414 2514 451 sint

1441 466 1578 512 media,
1595 473 1755 514 utraque
1771 467 1791 488 *
1812 466 2023 515 aliqualiter
2041 466 2277 515 participant,
2299 467 2513 504 secundum

1442 519 1540 555 duos
1568 526 1708 556 motus.
1746 520 1849 557 Nam
1877 520 2026 568 primus
2055 527 2201 566 motus,
2232 519 2298 567 qui
2327 527 2384 556 est
2412 520 2511 556 diur-

1441 584 1514 608 nus
1535 574 1566 618 ²¹²,
1589 579 1644 609 est
1664 585 1779 609 causa
1802 573 2056 622 sempiternae
2086 572 2295 610 durationis
2320 572 2359 609 in
2379 573 2511 610 rebus:

1440 625 1631 662 secundus
1660 633 1789 662 autem
1808 634 1949 673 motus,
1970 626 2034 674 qui
2055 634 2110 663 est
2127 626 2165 663 in
2195 626 2333 662 circulo
2354 626 2511 674 obliquo

1440 679 1489 715 ab
1519 679 1716 715 occidente
1745 679 1784 716 in
1812 679 2011 726 orientem,
2038 687 2093 716 est
2117 691 2232 716 causa
2259 679 2514 727 generationis

1441 739 1477 768 et
1505 731 1758 780 corruptionis
1787 739 1823 769 et
1857 732 2017 769 aliarum
2050 732 2433 779 transmutationum,
2471 740 2514 769 ut

1438 792 1542 833 patet
1569 797 1638 834 per
1666 785 1945 834 Philosophum
1973 785 2011 822 in
2041 787 2072 822 II
2094 786 2140 822 de
2168 786 2343 823 Generat.
2359 786 2409 816 *Ρ
2433 785 2513 822 Pri-

1439 850 1548 875 mum
1568 838 1678 885 igitur
1697 838 1851 886 mobile,
1867 846 2052 887 tanquam
2071 839 2353 876 nobilissimum
2369 847 2406 875 et
2423 851 2513 888 pro-

1438 891 1731 940 pinquissimum
1756 891 1794 927 in
1815 891 1949 928 ordine
1978 899 2135 928 naturae
2157 892 2374 929 substantiis
2403 904 2512 941 sepa-

1439 944 1545 991 ratis,
1576 944 1691 981 habet
1720 945 1846 981 solum
1874 944 2044 993 primum
2074 953 2237 993 motum,
2259 945 2325 994 qui
2349 945 2513 994 pertinet

1439 997 1487 1034 ad
1507 1004 1684 1033 naturam
1702 997 1983 1035 uniformitatis.
2013 997 2097 1034 Alia
2121 1010 2214 1035 vero
2241 1011 2404 1048 corpora
2428 1011 2512 1036 cae·

1438 1050 1565 1097 lestia,
1604 1050 1832 1099 inquantum
1867 1050 1988 1098 magis
2026 1051 2210 1088 recedunt
2241 1064 2264 1088 a
2295 1052 2512 1089 substantiis

1437 1103 1710 1150 immobilibus,
1735 1103 2083 1152 appropinquando
2112 1105 2329 1142 substantiis
2357 1117 2512 1153 genera-

1438 1157 1576 1194 bilibus
1612 1164 1647 1193 et
1676 1156 1998 1206 corruptibilibus,
2036 1157 2179 1206 aliquid
2206 1157 2432 1207 participant
2464 1158 2512 1196 de

1439 1210 1513 1247 alio
1533 1217 1642 1247 motu
1657 1216 1683 1256 ⁶,
1705 1210 1768 1259 qui
1787 1209 1949 1258 pertinet
1968 1210 2018 1247 ad
2037 1218 2223 1252 naturam,
2240 1210 2511 1258 difformitatis3

1440 1271 1475 1301 et
1493 1271 1598 1301 tanto
1623 1263 1750 1300 minus
1779 1271 1924 1311 quanto
1954 1275 2093 1312 corpus
2122 1270 2178 1300 est
2197 1263 2369 1313 superius
2391 1272 2427 1301 et
2445 1276 2513 1303 no-

1439 1317 1561 1355 bilius.
1584 1316 1646 1354 Sic
1661 1317 1772 1365 igitur
1791 1316 1964 1366 superior
1977 1317 2141 1366 planeta,
2158 1317 2298 1354 scilicet
2314 1318 2511 1364 Saturnus,

1438 1370 1642 1408 minimum
1662 1370 1682 1391 *
1711 1370 1826 1406 habet
1852 1370 1900 1407 de
1923 1370 2094 1407 secundo
2118 1378 2238 1418 motu,
2263 1378 2421 1420 propter
2442 1382 2512 1408 no-

1439 1424 1620 1461 bilitatem
1644 1436 1736 1461 suae
1756 1430 1930 1460 naturae:
1959 1423 2063 1460 unde
2090 1423 2152 1460 hic
2177 1431 2306 1461 motus
2330 1424 2368 1460 in
2389 1436 2436 1461 eo
2457 1431 2514 1462 est

1438 1477 1592 1515 tardior.
1614 1478 1726 1514 Luna
1744 1484 1885 1523 autern,
1904 1484 2063 1526 propter
2079 1476 2401 1526 propinquitatem
2420 1488 2512 1515 suae

1439 1538 1596 1568 naturae
1625 1531 1674 1568 ad
1708 1542 1870 1579 corpora
1906 1529 2134 1578 generabilia
2169 1537 2206 1567 et
2243 1530 2511 1580 corruptibilia,

1438 1584 1647 1633 plurimum
1684 1583 1882 1632 participat
1910 1584 1957 1621 de
1995 1584 2165 1621 secundo
2195 1591 2324 1631 motu,
2362 1583 2428 1633 qui
2456 1590 2512 1622 est

1438 1637 1477 1675 in
1506 1650 1551 1674 ea
1569 1636 1845 1674 velocissimus.
1875 1636 1995 1674 Medii
2023 1644 2151 1673 autem
2176 1637 2352 1685 planetae
2381 1636 2511 1674 medio

1438 1690 1558 1727 modo
1588 1702 1628 1727 se
1656 1691 1816 1727 habent:
1845 1701 1935 1726 nam
1955 1689 2107 1738 Iupiter,
2129 1690 2195 1738 qui
2214 1697 2270 1727 est
2288 1689 2511 1728 immediate

1438 1744 1509 1781 sub
1530 1744 1708 1790 Saturno,
1723 1742 1868 1791 peragit
1888 1742 2071 1780 circulum
2090 1755 2203 1780 suum
2224 1743 2382 1792 proprio
2401 1750 2512 1781 motu

1439 1797 1537 1834 circa
1570 1796 1776 1834 duodecim
1812 1808 1954 1841 annos;
1991 1797 2097 1833 Mars
2124 1808 2220 1833 vero
2257 1796 2356 1833 circa
2390 1797 2511 1844 duos;

1439 1851 1522 1897 Sol,
1552 1850 1685 1887 Venus
1714 1856 1750 1886 et
1778 1849 1992 1886 Mercurius
2014 1850 2034 1871 ²³²
2063 1849 2141 1886 fere
2168 1849 2417 1898 uniformiter,
2439 1849 2510 1887 sci-

1438 1903 1524 1940 licet
1551 1915 1620 1952 per
1649 1914 1805 1940 annum.

1492 1969 1528 2005 9.
1550 1957 1635 1993 Nec
1653 1963 1783 1992 tamen
1802 1962 1952 2004 oportet
1971 1956 2077 2005 quod
2096 1955 2143 1993 sit
2159 1955 2357 2005 proportio
2371 1954 2514 1993 veloci-

1437 2010 1522 2047 tatis
1541 2010 1755 2047 secundum
1781 2009 2074 2058 proportionem
2103 2009 2380 2047 distantiarum.
2411 2007 2514 2056 Quia

1438 2071 1567 2101 motus
1596 2064 1776 2100 caelestes
1810 2074 1888 2099 non
1923 2062 2048 2099 solum
2083 2070 2170 2099 sunt
2204 2063 2415 2110 naturales,
2445 2061 2514 2100 sed

1437 2116 1654 2164 voluntarii,
1677 2124 1712 2153 et
1731 2123 1888 2164 propter
1906 2115 2024 2153 finem
2047 2115 2317 2154 desideratum.
2343 2116 2393 2153 Et
2410 2115 2512 2164 ideo,

1438 2170 1667 2219 inquantum
1687 2177 1815 2206 motus
1839 2169 1889 2206 illi
1908 2177 1995 2206 sunt
2015 2169 2216 2216 naturales,
2237 2170 2313 2206 hoc
2338 2181 2513 2206 commu-

1439 2223 1538 2261 niter
1566 2223 1603 2260 in
1633 2222 1686 2260 eis
1714 2222 1923 2269 invenitur,
1958 2223 2064 2272 quod
2093 2222 2310 2272 superiores
2336 2222 2512 2271 planetae

1439 2284 1527 2314 sunt
1553 2275 1727 2313 tardioris
1751 2283 1897 2313 motus:
1927 2275 2156 2325 inquantum
2174 2287 2270 2314 vero
2294 2283 2423 2314 motus
2449 2287 2513 2313 eo-

1440 2342 1525 2367 rum
1559 2337 1646 2367 sunt
1677 2328 1898 2376 voluntarii,
1932 2329 1953 2349 '⁸
1986 2329 2154 2366 variatur
2177 2329 2376 2379 proportio
2403 2329 2510 2366 velo-

1440 2383 1558 2420 citatis
1587 2395 1723 2420 eorum
1744 2382 1781 2419 in
1801 2381 1976 2431 speciali,
2010 2394 2089 2419 non
2117 2383 2333 2420 secundum
2352 2393 2512 2432 propor-

1438 2437 1584 2474 tionem
1614 2435 1823 2482 distantiae,
1844 2435 1912 2472 sed
1931 2436 2145 2472 secundum
2174 2434 2214 2472 id
2242 2435 2348 2484 quod
2376 2434 2513 2473 melius

1440 2497 1507 2527 est.
1537 2488 1650 2527 Unde
1679 2488 1768 2537 quia
1796 2495 1924 2539 motus
1951 2487 2113 2525 Veneris
2133 2495 2169 2525 et
2193 2487 2375 2525 Mercurii
2403 2487 2512 2536 quasi

1441 2542 1662 2590 colligantur
1685 2547 1700 2562 ⁹
1729 2541 1849 2578 motui
1879 2540 1998 2588 Solis,
2027 2548 2160 2590 utpote
2189 2540 2223 2578 ei
2254 2541 2512 2579 deservientes

1440 2595 1490 2632 ad
1517 2594 1810 2644 productionem
1839 2594 1897 2631 sui
1927 2594 2104 2643 effectus,
2134 2593 2244 2643 quasi
2271 2594 2510 2632 uniformiter

1441 2661 1529 2686 cum
1558 2648 1642 2697 ipso
1672 2654 1889 2684 moventur.

1500 2714 1557 2739 10.
1589 2701 1651 2738 Sic
1679 2701 1787 2749 igitur
1815 2701 1920 2749 quod
1947 2699 2169 2737 Aristoteles
2197 2700 2295 2748 dicit,
2317 2700 2422 2749 quod
2450 2712 2511 2738 su·

1439 2767 1573 2804 prema
1588 2755 1750 2803 sphaera
1764 2754 1848 2803 plus
1867 2754 2062 2803 praevalet
2080 2753 2119 2791 in
2135 2765 2359 2803 supremum
2378 2754 2511 2803 plane-

1439 2816 1517 2845 tam
1547 2815 1583 2845 et
1611 2807 1737 2844 minus
1765 2807 1804 2844 in
1831 2814 2034 2854 remotum,
2051 2819 2130 2844 non
2150 2815 2206 2844 est
2225 2806 2510 2855 intelligendum

1439 2861 1652 2898 secundum
1686 2860 1850 2909 aliquam
1879 2859 2118 2897 coactionem
2139 2865 2168 2907 ⁰,
2198 2860 2265 2898 sed
2295 2860 2509 2898 secundum

1439 2915 1649 2951 naturalem
1678 2913 1994 2962 impressionem3
2023 2913 2248 2962 inquantum
2278 2912 2418 2951 scilicet
2445 2925 2511 2951 na-

1437 2975 1561 3005 turam
1588 2967 1791 3016 superioris
1811 2967 1932 3015 magis
1951 2966 2149 3015 participat
2163 2967 2269 3016 quod
2289 2975 2345 3004 est
2368 2966 2403 3004 ei
2421 2979 2510 3016 pro-

1437 3021 1626 3070 pinquius,
1658 3033 1775 3069 quam
1803 3020 1910 3069 quod
1940 3027 1995 3057 est
2023 3019 2056 3056 ei
2085 3019 2280 3057 remotius.

1492 3213 1521 3246 π)
1545 3213 1620 3238 Unde
1638 3214 1718 3239 aliter
1737 3213 1876 3239 dicendum
1892 3213 2008 3239 videtur.
2021 3227 2040 3232 -
2055 3213 2130 3239 Unde
2143 3213 2224 3239 aliter
2241 3217 2282 3239 est
2296 3213 2453 3243 dicendum
2471 3213 2510 3239 vi-

1439 3248 1517 3273 detur
1536 3249 1572 3280 A;
1593 3249 1612 3274 P
1631 3257 1685 3274 om.
1703 3249 1796 3280 aliter,
1823 3249 1890 3274 forte
1909 3249 1968 3282 quia
1994 3249 2073 3282 aliqui
2092 3249 2167 3274 codd.
2187 3254 2357 3282 corrumpunt
2379 3248 2466 3282 ipsum
2484 3249 2510 3274 in

1438 3287 1536 3309 autem.

1493 3320 1517 3353 ρ)
1534 3320 1559 3345 in
1578 3319 1609 3344 ΙΙ
1623 3320 1656 3344 de
1673 3321 1800 3345 Gener-at.
1811 3334 1831 3339 -
1845 3319 1871 3344 in
1885 3320 1946 3344 XII
1960 3319 2116 3354 Metaphys.
2130 3320 2160 3350 A,
2181 3319 2207 3345 in
2220 3319 2269 3344 X!
2277 3318 2431 3352 Metaphys.
2445 3323 2508 3350 cet.;

1438 3354 1490 3380 vid.
1510 3356 1535 3380 S.
1549 3355 1599 3380 Th.
1620 3355 1663 3380 lib.
1682 3355 1742 3386 ΧΗ,
1762 3356 1820 3380 lect.
1834 3363 1860 3380 vr
1880 3354 1950 3388 (Did.
1969 3355 2014 3380 lib.
2028 3356 2076 3385 X1,
2097 3363 2119 3380 c.
2132 3363 2172 3385 vr,
2192 3363 2218 3380 n.
2235 3354 2293 3387 10);
2313 3355 2359 3379 sed
2379 3353 2411 3379 cf.
2430 3361 2510 3388 supra

1439 3390 1495 3415 lect.
1507 3398 1540 3421 iv,
1555 3399 1580 3415 n.
1596 3397 1634 3415 12.
1644 3391 1761 3415 -Statim
1776 3398 1823 3423 pro
1837 3393 1975 3423 tanquam.
1985 3408 2006 3416 ..
2019 3390 2184 3420 substantiis,
2199 3393 2326 3422 tanquam
2336 3389 2509 3423 propinquis-

1438 3425 1520 3450 simae
1539 3429 1565 3450 et
1583 3425 1761 3451 nobilissimae
1786 3429 1900 3451 naturae
1920 3426 1945 3450 in
1965 3425 2121 3451 substantiis
2140 3425 2160 3450 P
2179 3430 2205 3450 et
2223 3425 2298 3450 codd.
2312 3433 2367 3450 exc.
2382 3426 2412 3450 Α.

1493 3461 1518 3494 ο)
1533 3461 1566 3486 de
1579 3461 1632 3486 alio
1646 3465 1727 3486 motu.
1740 3474 1759 3481 ·-
1773 3461 1806 3486 de
1821 3464 1893 3486 motu
1908 3461 1963 3486 alio
1977 3462 2052 3486 codd.
2068 3468 2121 3486 exc.
2131 3461 2162 3490 Α,
2176 3461 2210 3486 de
2225 3463 2297 3486 motu
2317 3461 2363 3485 illo
2378 3460 2406 3485 P.
2419 3473 2439 3479 —
2452 3460 2508 3485 Sta—

1438 3495 1485 3520 tim
1504 3504 1552 3528 pro
1572 3496 1767 3529 difformitatis,
1788 3504 1840 3522 non
1861 3496 2055 3531 uniformitatis
2073 3497 2101 3527 P,
2121 3495 2315 3530 uniformitatis
2333 3496 2365 3521 D.

1493 3531 1518 3565 τ)
1538 3532 1710 3564 colligantur.
1722 3546 1740 3550 -
1755 3532 1920 3565 colliguntur
1939 3532 2015 3557 codd.
2028 3539 2082 3557 exc.
2099 3531 2182 3556 AsGl.
2199 3545 2219 3550 -
2238 3531 2294 3556 Lin.
2308 3538 2365 3564 seq.
2380 3538 2428 3565 pro
2442 3537 2510 3563 pro—

1438 3566 1597 3595 ductionem,
1618 3567 1797 3599 impletionem
1817 3568 1848 3592 A.

1492 3602 1517 3634 υ)
1538 3610 1589 3627 non
1610 3605 1684 3628 est...
1696 3602 1867 3627 coactionem.
1882 3616 1902 3622 —
1920 3609 1971 3627 non
1991 3605 2031 3628 est
2048 3602 2192 3628 secundum
2211 3602 2329 3636 aliquam
2348 3600 2508 3627 coarctatio-

1439 3643 1496 3662 nem
1516 3637 1545 3662 P.
1557 3651 1576 3655 -
1589 3637 1651 3662 Post
1665 3645 1743 3662 unam
1764 3638 1806 3662 lin.
1821 3638 1840 3662 P
1860 3638 1917 3662 add.
1932 3637 1960 3662 id
1979 3642 2039 3670 post
2054 3636 2212 3670 participat.

2542 476 2550 485 ·
2557 477 2658 503 utraque
2664 477 2758 501 (ueram-

2542 508 2587 529 que
2592 502 2618 527 ⁴⁹!
2625 504 2712 524 natura
2719 509 2754 531 so,

2540 530 2641 556 utroque
2653 535 2667 550 ι’
2677 532 2699 551 et
2708 533 2753 552 cet.

2541 560 2592 576 exc.
2601 561 2624 576 A.

2540 581 2552 592 ⁶
2566 581 2691 604 diuturnus
2704 588 2727 604 Α.

2541 787 2631 836 ...⁰3:¹¹
2639 793 2755 837 §³3:¹⁹⁴

2540 1378 2660 1402 ‘ms-ine
2672 1385 2704 1402 n.

2541 1857 2658 1879 'Solvere
2666 1856 2754 1879 etum

2539 1883 2622 1932 ῗινήιε
2640 1885 2665 1906 et
2681 1883 2755 1906 Venus

2541 2337 2551 2346 ·
2569 2335 2607 2358 vel
2619 2335 2674 2358 add.
2685 2335 2755 2358 codd.

2541 2368 2592 2384 exc.
2605 2369 2629 2385 Α.
