2782 4134
0 2805 10 2843 ἶ»
65 2832 116 2855 pm.

0 1259 26 1918 ἈἈὛᾞΨΨΨΨΝ-τ-ᾙ-νσνᾟψᾞ-
0 995 15 1254 W‘w
0 988 3 989 ¹
0 970 2 981 ἡ

66 477 77 488 ⁸
91 477 196 504 sequitur
212 482 280 499 cnm.

66 530 78 541 ⁸
95 529 178 557 aliqua
193 535 242 551 om.
255 535 278 552 A·

98 630 242 684 .1516.⁰⁰dd'
258 633 279 653 et

67 683 88 695 ⁸·
102 683 165 705 Lect.
177 689 193 710 ι,
204 689 227 704 n.
240 689 262 711 7.

67 1053 80 1065 ⁶
95 1052 159 1076 net.
175 1051 280 1080 prame.

68 1085 92 1101 ¹¹·
102 1085 114 1108 5
129 1085 180 1108 sqq.

34 1210 221 1240 ι·ὓωυ..5

69 1295 204 1319 meo!

285 1216 429 1247 Μ
516 1217 557 1242 ra

44 1267 51 1272 ‘
67 1267 285 1297 'unumne
310 1204 649 1307 corporsiuaijnimato
678 1259 891 1296 secundum
918 1267 1180 1319 augmentum,
1201 1262 1323 1297 ante
1341 1267 1379 1296 et

1169 282 1281 318 CAP.
1312 283 1363 328 11,
1394 281 1545 318 LECT.
1576 282 1625 317 111

307 371 445 408 corpus
483 371 572 396 cum
609 360 740 396 labore
778 367 909 396 contra
945 367 1120 396 naturam
1160 360 1264 406 eius;
1303 360 1370 397 sed

306 419 492 460 quantum
521 413 571 449 ad
598 413 766 450 naturale
795 424 878 449 esse
906 411 1024 460 ipsius
1053 412 1202 450 animae
1236 413 1371 449 melius

307 473 364 502 est
383 465 417 501 ei
437 478 520 502 esse
549 465 589 502 in
609 477 782 514 corpore,
802 464 891 513 quia
908 476 978 513 per
996 466 1072 502 hoc
1091 466 1335 515 consequitur
1351 468 1370 487 ³²

306 518 517 567 perfectum
534 531 618 556 esse
632 517 783 567 speciei.
804 518 915 555 Unde
929 517 959 554 si
975 518 1021 554 sit
1035 518 1160 567 aliqua
1169 520 1189 540 ’ᾖ
1199 520 1371 556 substan-

306 571 357 608 tia
385 571 584 619 spiritualis
604 571 710 608 cuius
728 570 847 607 virtus
876 570 922 606 sit
943 570 1194 608 determinata
1222 573 1270 609 ad
1289 585 1372 608 mo—

306 631 389 660 tum
419 624 522 671 caeli,
543 624 648 672 quod
664 625 684 644 ss
698 630 832 660 movet
859 622 939 659 sine
968 624 1111 670 labore,
1130 633 1173 661 ut
1195 637 1311 673 supra
1329 625 1372 645 *³*

307 677 451 715 dictum
480 684 556 724 est,
585 676 750 714 nobilius
779 682 834 712 est
862 675 896 712 ei
926 688 1007 713 esse
1045 677 1083 713 in
1111 677 1175 714 tali
1211 689 1372 725 corpore

307 742 425 778 quam
463 742 545 767 esse
574 737 806 778 separatam:
842 728 931 777 quia
958 730 1159 778 perfectior
1192 737 1248 767 est
1275 729 1373 766 actio

306 795 426 832 quam
457 782 542 831 quis
580 781 654 830 agit
686 794 756 830 per
783 781 1076 819 instrumentum
1115 783 1373 829 coniunctum,

306 847 424 884 quarn
442 847 512 883 per
529 834 824 871 instrumentum
844 842 1073 883 separatum.
1101 836 1179 872 Sed
1203 836 1374 872 substan-

306 888 357 926 tia
394 894 568 936 separata
605 887 712 924 cuius
747 887 868 925 virtus
897 900 976 925 non
1014 889 1287 926 determinatur
1324 888 1375 925 ad

307 940 636 987 huncveffectum,
667 948 724 978 est
751 940 911 978 omnino
940 941 1116 978 nobilior.

361 993 420 1030 Ex
438 994 513 1030 hoc
532 1001 660 1030 autem
677 993 782 1042 quod
803 994 951 1030 caelum
971 1002 1027 1031 est
1046 995 1270 1042 animatum,
1287 1006 1376 1031 con-

308 1046 424 1083 cludit
442 1046 656 1083 secundum
680 1046 874 1095 praedicta
889 1049 909 1066 ⁴*
928 1047 1035 1096 quod
1061 1048 1201 1085 habeat
1223 1060 1376 1085 sursum

309 1107 346 1136 et
373 1098 567 1145 deorsum,
597 1099 773 1137 dextrum
802 1107 839 1136 et
867 1099 1069 1137 sinistrum.

360 1163 399 1198 4.
421 1152 499 1189 Sed
525 1152 677 1190 videtur
694 1153 770 1190 hoc
798 1165 877 1190 non
898 1165 980 1190 esse
1010 1154 1254 1191 conveniens.
1276 1153 1379 1190 Dixit

621 1206 727 1254 quod
755 1218 906 1243 sursum
936 1214 972 1243 et
995 1206 1177 1244 deorsum
1197 1206 1379 1278 compffetit

310 1318 410 1348 retro
434 1312 648 1349 secundum
668 1324 838 1359 sensum,
858 1313 1034 1350 dextrum
1055 1321 1091 1350 et
1109 1312 1301 1350 sinistrum
1320 1325 1378 1349 se-

310 1364 481 1402 cundum
509 1372 661 1402 motum
696 1366 878 1411 localem;
907 1366 1032 1402 nullus
1066 1373 1196 1402 autern
1228 1377 1378 1414 ponens

310 1417 460 1454 caelum
478 1417 702 1465 animatum,
716 1418 826 1467 ponit
844 1418 884 1455 in
903 1430 950 1455 eo
970 1425 1120 1455 motum
1136 1419 1156 1439 ¹⁸
1172 1419 1378 1467 augmenti,

309 1482 436 1519 neque
456 1471 572 1508 etiam
600 1478 750 1508 motum
768 1472 788 1492 *
807 1483 958 1516 sensus;
988 1483 1079 1519 ergo
1107 1483 1234 1519 neque
1263 1472 1378 1509 debe—

271 1542 282 1548 -
309 1530 367 1561 ret
382 1524 402 1544 *
419 1523 513 1572 poni
540 1523 580 1560 in
607 1525 714 1560 caelo
734 1536 886 1561 sursum
906 1531 971 1561 aut
989 1524 1183 1571 deorsum,
1206 1533 1272 1562 aut
1290 1533 1376 1562 ante

211 1605 218 1612 .
235 1573 242 1580 '
262 1574 282 1611 .'
309 1584 375 1613 aut
393 1576 626 1614 retr0.-Sed
645 1576 852 1614 dicendum
871 1584 928 1614 est
941 1578 1047 1626 quod
1059 1579 1078 1599 *
1094 1577 1131 1614 in
1151 1578 1378 1616 animalibus

306 1629 483 1678 perfectis
509 1629 738 1667 habentibus
759 1637 911 1667 motum
938 1630 1113 1678 localem,
1134 1631 1378 1671 attenduntur

306 1682 524 1731 praedictae
544 1682 780 1720 differentiae
798 1695 878 1720 non
897 1683 1023 1720 solum
1055 1684 1269 1722 secundum
1289 1697 1378 1733 aug-

307 1742 482 1773 mentum
503 1743 540 1772 et
558 1735 772 1773 secundum
793 1748 949 1773 sensum
967 1738 998 1783 *,
1019 1737 1086 1774 sed
1107 1737 1220 1774 etiam
1244 1750 1378 1775 secun-

309 1788 403 1826 dum
430 1796 581 1826 motum
609 1789 782 1826 localem.
811 1789 924 1827 Unde
952 1789 1033 1839 ipse
1052 1792 1203 1839 supra*
1233 1790 1322 1828 dixit
1340 1791 1399 1828 in·

306 1841 478 1890 quadam
506 1841 651 1879 ratione
681 1843 786 1891 quod
815 1854 966 1880 sursum
995 1850 1052 1880 est
1079 1843 1182 1881 unde
1212 1851 1267 1881 est
1295 1857 1378 1882 mo-

306 1901 387 1942 tus,
422 1895 598 1932 dextrum
631 1903 760 1932 autem
789 1907 812 1932 a
839 1908 939 1945 qu0,
973 1896 1138 1934 anterius
1167 1904 1296 1935 autem
1330 1898 1379 1935 ad

254 1952 261 1955 *
307 1947 424 1997 quod.
447 1947 525 1985 Sed
544 1948 582 1985 in
610 1948 680 1985 illis
705 1961 803 1997 quae
833 1961 911 1986 non
937 1950 1080 1987 habent
1107 1958 1259 1988 motum
1278 1951 1378 1988 loca-

67 2168 78 2178 ·
91 2167 168 2191 wb-
180 2173 260 2191 ons-n.

69 2594 78 2603 ·
93 2593 254 2618 ἅπασαι.

68 2693 80 2706 ’
93 2694 152 2717 ibid.
162 2701 185 2718 ιι.
193 2701 217 2724 9.
224 2707 234 2712 -

63 2726 114 2749 pra
127 2727 176 2744 οιιι.
190 2728 213 2744 r.

68 2799 80 2812 ⁴
93 2800 200 2823 ambus
209 2807 283 2824 mcor

306 2002 395 2048 lem,
417 2013 516 2050 quae
537 2001 695 2038 omnino
725 2003 1012 2040 carent·dextro
1035 2011 1070 2040 et
1090 2003 1252 2051 sinistro,
1273 2004 1379 2042 inve-

305 2054 462 2092 niuntur
487 2067 640 2092 sursum
679 2062 715 2092 et
748 2055 951 2103 deorsum,
983 2063 1069 2093 ante
1099 2063 1136 2093 et
1164 2064 1286 2104 retro,
1321 2070 1378 2095 se-

307 2107 479 2145 cundum
512 2108 606 2145 alios
634 2115 774 2146 motus.
810 2109 859 2146 Et
886 2108 939 2146 sic
972 2117 1123 2171 oportet
1151 2110 1282 2148 omnia
1310 2110 1379 2148 ista

307 2160 460 2212 attribui
488 2161 594 2198 caelo
614 2161 829 2198 secundum
848 2162 1010 2198 solum*
1031 2170 1184 2200 motum
1203 2164 1377 2211 localem,

306 2213 403 2251 sicut
428 2213 718 2262 perfectissimo.

366 2267 398 2303 5.
426 2266 576 2303 Deinde
605 2279 694 2303 cum
719 2266 825 2304 dicit:
854 2267 946 2304 Non
975 2273 1119 2315 oportet
1145 2269 1246 2305 enim
1273 2269 1378 2306 dubi-

307 2325 390 2356 tare
403 2327 487 2366 etc.,
505 2319 667 2357 excludit
686 2319 782 2357 duas
801 2319 1051 2357 obiectiones:
1072 2328 1109 2358 et
1126 2321 1253 2370 primo
1272 2322 1381 2370 ponit

296 2383 384 2410 eas.
415 2372 592 2419 Quarum
615 2372 741 2421 prima
768 2372 851 2410 talis
880 2381 936 2410 est
953 2379 979 2410 η.
1011 2374 1171 2411 Caelum
1191 2374 1294 2412 enim
1323 2383 1380 2412 est

307 2425 528 2474 sphaericae
555 2426 714 2474 figurae,
735 2433 772 2462 et
799 2425 849 2462 ita
877 2438 1014 2464 omnes
1041 2435 1168 2476 partes
1192 2428 1274 2465 eius
1293 2436 1380 2465 sunt

307 2477 469 2525 similes;
497 2478 713 2527 praedictae
741 2487 869 2516 autem
889 2479 1124 2517 differentiae
1143 2481 1379 2529 positionum

307 2531 516 2580 requirunt*
539 2531 886 2570 dissimilitudinem
917 2532 1105 2581 partium,
1144 2534 1207 2570 vel
1238 2534 1278 2571 in
1304 2534 1378 2570 vir-

307 2591 386 2621 tute
405 2585 542 2632 solum,
563 2585 658 2622 sicut
677 2585 852 2623 dextrum
868 2593 905 2622 et
924 2585 1129 2634 sinistrum,
1145 2587 1207 2624 vel
1228 2587 1342 2624 etiam
1358 2588 1378 2608 *

307 2637 354 2675 inv
365 2638 499 2685 figura,
521 2638 616 2675 sicut
635 2651 788 2676 sursum
817 2647 854 2676 et
874 2639 1068 2687 deorsum,
1098 2647 1185 2676 ante
1210 2648 1246 2677 et
1264 2648 1377 2687 retro,

242 2702 282 2718 τν-
307 2697 350 2727 ut
377 2703 493 2739 supra
521 2693 540 2710 ⁴*
570 2691 714 2728 dictum
752 2700 827 2738 est3
857 2705 937 2729 non
966 2705 1056 2741 ergo
1085 2693 1237 2730 videtur
1273 2693 1379 2742 quod

307 2743 528 2781 huiusmodi
541 2744 775 2794 positionum
792 2745 1027 2783 differentiae
1041 2746 1188 2795 possint
1203 2747 1308 2783 caelo
1324 2754 1377 2783 at-

308 2796 433 2834 tribui.
444 2817 469 2824 —
485 2797 664 2835 Secunda
684 2798 847 2836 obiectio
864 2806 930 2846 est,
947 2799 1036 2848 quia
1054 2799 1094 2836 in
1108 2799 1336 2836 animalibus
1346 2801 1376 2847 *‚

269 2866 275 2867 ’
308 2849 448 2899 quibus
476 2850 697 2888 huiusmodi
723 2851 959 2900 positionum
997 2852 1143 2901 species
1170 2853 1380 2890 attribuun-

69 2959 80 2970 ·
107 2959 174 2980 cuius
197 2961 282 2987 parte:

69 2985 141 3007 cml
151 2991 175 3007 A.

69 3011 157 3047 ’.αἰπὰ
169 3011 238 3033 codd.

70 3063 96 3086 S.
70 3037 160 3085 ..5²⁸ss
166 3044 219 3086 Ιῖεισῖ,
220 3043 282 3091 ⁰131}

70 3096 93 3112 ¹²·
104 3096 118 3117 7
132 3096 168 3118 “1

308 2910 380 2950 tur,
399 2915 478 2940 una
490 2916 579 2952 pars
599 2912 779 2942 movetur
806 2913 892 2942 ante
913 2906 1088 2951 alteram3
1118 2905 1187 2942 sed
1205 2906 1280 2943 hoc
1299 2918 1379 2943 non

308 2963 434 3003 potest
462 2969 543 2993 esse
571 2957 610 2994 in
639 2959 757 3006 caelo,
778 2958 847 2995 sed
865 2966 990 3007 partes
1012 2958 1092 2995 eius
1109 2959 1128 2979 ’¹‘
1149 2959 1255 2996 omni
1283 2967 1379 2996 tem-

309 3020 403 3056 pore
423 3017 640 3057 moventur,
661 3018 703 3048 ut
725 3011 807 3060 ipse
836 3011 925 3048 dicit
945 3012 964 3033 '¹‘
982 3012 1022 3048 in
1040 3012 1127 3049 VIII
1146 3013 1296 3060 Physic.
1314 3013 1378 3057 **;

309 3060 413 3097 unde
431 3061 583 3098 videtur
601 3064 706 3112 quod
734 3064 954 3102 huiusmodi
979 3064 1188 3114 positiones
1208 3077 1287 3102 non
1307 3065 1380 3102 sint

309 3114 513 3162 ponendae
541 3115 581 3152 in
609 3116 726 3154 caelo.

364 3235 390 3270 η)
408 3237 530 3267 Quarum
540 3236 634 3268 prima
646 3237 708 3261 tali-t
719 3241 801 3262 εει·
813 3239 887 3263 Hanc
898 3239 1039 3265 fonnulam
1053 3249 1106 3271 0111-
1121 3242 1196 3266 codd.
1205 3249 1260 3267 exc.
1269 3241 1380 3272 AsEG1;

310 3273 366 3297 eius
383 3273 441 3297 loco
456 3272 476 3296 P
490 3271 569 3296 habet
586 3271 702 3296 secundo
715 3272 795 3299 soluit
809 3280 862 3302 eas.
878 3273 914 3298 ibi
927 3274 983 3299 Sed
997 3275 1146 3309 intelligere
1159 3279 1224 3307 etc.,·
1242 3277 1290 3301 sed
1308 3261 1380 3309 quod

311 3308 436 3340 sequitur,
451 3307 559 3332 Caelum
579 3314 649 3331 emm
667 3310 715 3336 est,
731 3307 835 3333 denotat
853 3316 876 3333 s.
885 3308 1017 3334 'I'homam
1035 3310 1077 3335 hic
1094 3319 1148 3336 non
1160 3312 1254 3336 citasse
1266 3317 1379 3343 textum;

310 3351 371 3368 nam
386 3343 408 3367 si
421 3350 482 3367 eum
496 3342 642 3375 allegasset,
658 3342 801 3367 secundum
816 3351 892 3368 suum
907 3345 1005 3376 stylum
1018 3350 1088 3370 esset
1102 3352 1272 3378 prosecutus:
1286 3347 1380 3372 Prima

311 3378 421 3404 obtectio
426 3378 497 3437 6talis
515 3381 568 3403 est:
585 3378 687 3403 caelum
705 3380 746 3402 est
764 3383 826 3409 etc.;
844 3378 876 3403 ef.
891 3378 956 3404 infra
973 3380 1097 3405 Secunda
1109 3386 1166 3413 etc.,
1185 3387 1211 3406 et
1224 3382 1380 3415 principium

311 3421 411 3438 numm.
457 3419 482 3438 et
498 3421 523 3446 7.

365 3447 390 3481 Θ)
404 3449 523 3481 aliquam
537 3448 634 3474 habeat
646 3448 864 3482 differentiamff-
845 3449 967 3481 -alt'qua
980 3449 1096 3475 habeant
1109 3451 1287 3485 differentiam
1302 3453 1378 3477 codd.

310 3498 330 3502 -
339 3484 390 3508 Pro
404 3484 485 3508 etiam
497 3484 649 3514 secundum,
665 3487 692 3508 et
705 3484 848 3509 secundum
863 3485 892 3515 P,
905 3485 974 3509 idest
987 3486 1131 3511 secundum
1146 3487 1222 3512 codd.
1235 3495 1288 3512 exc.
1302 3488 1379 3518 AsG;

313 3519 345 3543 cf.
356 3524 496 3544 textum.-
509 3519 567 3544 Lin.
570 3527 638 3552 seq.
652 3527 700 3552 pro
718 3519 750 3549 ei,
770 3519 807 3544 eis
826 3520 877 3551 sG;
896 3520 939 3552 pG
958 3521 1075 3545 lacunam
1094 3521 1180 3547 habet.

367 3555 385 3586 ι)
405 3554 556 3579 huiusmodi
575 3555 780 3588 drfferentiae.=
794 3555 830 3580 Ita
847 3555 920 3586 AsE3
940 3555 1018 3580 ceteri
1034 3556 1156 3581 omittunt
1174 3557 1340 3588 huiusmodi,-

312 3589 374 3621 legit
393 3590 481 3616 decem
501 3589 668 3623 differentiae
676 3590 858 3622 positionum;
877 3591 918 3615 ed.
937 3589 1002 3615 1516
1021 3591 1109 3617 dictae
1127 3592 1292 3625 differentiae
1305 3593 1379 3625 posi-

313 3625 423 3650 tionum.

2421 283 2483 318 131

1480 361 1516 396 6.
1539 359 1718 396 Secundo
1739 359 1808 396 ibi:
1830 359 1904 396 Sed
1922 359 2128 409 intelligere
2147 367 2230 406 etc.,
2251 359 2363 396 solvit
2385 372 2493 408 prae-

1428 413 1545 450 dictas
1565 412 1810 449 obiectiones.
1833 413 1882 449 Et
1900 412 2026 460 primo
2045 412 2223 461 primam,
2241 412 2368 449 dicens
2388 413 2493 461 quod

1426 478 1505 503 non
1534 473 1685 514 oportet
1703 472 1859 514 propter
1886 465 1962 501 hoc
1982 465 2166 512 dubitare,
2192 465 2259 501 sed
2280 466 2354 502 hoc
2374 465 2492 502 modo

1427 527 1576 567 oportet
1604 520 1678 555 hoc
1693 518 1932 566 *intelligere
1961 518 2000 555 in
2023 520 2142 564 caelo,
2164 518 2259 555 sicut
2278 518 2308 554 si
2327 518 2493 567 aliquam

1426 572 1564 608 habeat
1583 569 1858 609 differentiam⁰
1878 571 1996 608 dextri
2016 579 2053 608 et
2073 571 2207 608 sinistri
2228 571 2341 607 etiarn
2362 583 2494 607 secun—

1428 625 1520 661 dum
1536 625 1676 672 figuras
1695 624 1872 673 partium,
1885 631 1922 661 et
1935 632 2069 673 postea
2084 624 2347 672 circumponat
2361 624 2494 673 aliquis

1429 677 1461 713 ei
1481 678 1695 725 sphaeram,
1712 690 1790 714 non
1818 677 1975 726 quidem
1996 677 2157 714 exterius
2176 677 2272 714 sicut
2290 676 2494 713 vestimen-

1428 737 1522 776 tum,
1544 731 1610 767 sed
1631 730 1725 766 sicut
1745 743 1884 779 corpus
1904 731 2151 768 coniunctum
2170 730 2386 767 naturaliter
2406 742 2494 766 con-

1428 790 1559 829 tegens
1597 783 1779 820 exterius:
1818 783 1871 820 sic
1909 784 2011 821 enim
2040 783 2146 833 quod
2182 783 2404 820 huiusmodi
2442 790 2497 819 est

1428 836 1586 872 haberet
1617 835 1796 872 virtutem
1826 837 2064 874 differentem
2083 838 2103 858 '⁸‘
2123 836 2240 874 dextri
2271 843 2307 873 et
2339 835 2494 882 sinistri,

1430 888 1497 925 sed
1524 888 1718 924 videretur
1732 889 1751 909 *
1766 901 1843 925 non
1867 890 2008 926 habere
2031 897 2187 938 propter
2211 889 2495 926 similitudinem

1429 941 1575 989 figurae
1603 953 1701 988 quae
1735 943 1896 978 exterius
1934 951 2090 991 apparet
2111 944 2141 980 *.
2173 943 2223 979 Et
2250 941 2420 979 similiter
2447 942 2495 978 ab
2525 952 2533 959 ·

1431 994 1558 1031 anima
1579 994 1672 1030 caeli
1691 1001 1778 1031 sunt
1806 994 1978 1032 diversae
2000 996 2157 1032 virtutes
2176 995 2215 1033 in
2235 995 2394 1032 diversis
2412 1007 2496 1043 par-

1430 1047 1530 1084 tibus
1555 1046 1647 1094 eius,
1668 1047 1846 1096 quamvis
1875 1047 2058 1085 similibus
2087 1049 2298 1086 secundum
2319 1048 2495 1096 figuram,

1429 1107 1586 1149 propter
1616 1101 1635 1121 *
1663 1112 1759 1148 quas
1786 1100 2000 1149 praedictae
2028 1101 2236 1150 positiones
2265 1101 2371 1138 caelo
2401 1100 2497 1138 attri-

1431 1154 1610 1190 buuntur.
2474 1193 2490 1199 κ

1486 1202 1521 1253 7.
1545 1205 1764 1242 Secundam
1779 1206 1892 1244 solvit
1911 1206 1979 1243 ibi:
1999 1208 2144 1244 Eodem
2159 1213 2284 1244 autem
2299 1207 2410 1244 modo
2427 1214 2495 1243 etc.

1432 1259 1482 1295 Et
1511 1259 1530 1279 ‘¹‘
1559 1258 1648 1295 dicit
1676 1259 1781 1307 quod
1810 1259 1949 1296 eodem
1978 1261 2097 1297 modo
2131 1272 2211 1297 non
2244 1268 2300 1297 est
2327 1259 2499 1298 dubitan-
2528 1273 2536 1281 ·

1433 1311 1527 1348 dum
1555 1319 1712 1360 propter
1729 1313 1804 1349 hoc
1832 1312 1937 1361 quod
1963 1313 2151 1359 animalia,
2181 1313 2220 1350 in
2247 1313 2386 1361 quibus
2414 1320 2500 1349 sunt

1432 1364 1654 1402 huiusmodi
1684 1364 1917 1402 differentiae
1936 1372 1960 1411 ‘,
1989 1366 2132 1403 habent
2157 1366 2386 1414 principium
2419 1365 2500 1402 eius

1433 1418 1539 1466 quod
1567 1425 1624 1454 est
1651 1418 1811 1455 moveri.
1842 1419 1922 1455 Etsi
1943 1420 1963 1440 ‘³
1993 1419 2094 1456 enirn
2125 1420 2273 1456 caelum
2301 1431 2500 1466 nunquam

1433 1471 1599 1519 incoepit
1618 1471 1780 1519 moveri,
1800 1479 1931 1508 tamen
1958 1472 2048 1520 quia
2075 1479 2204 1509 motus
2225 1472 2306 1508 eius
2326 1479 2382 1508 est
2400 1471 2501 1508 ordi-

1433 1531 1555 1570 natus,
1576 1536 1731 1561 necesse
1760 1532 1816 1561 est
1843 1524 1881 1561 in
1910 1533 2019 1562 motu
2047 1525 2126 1562 eius
2146 1525 2318 1573 accipere
2346 1525 2500 1573 aliquod

1433 1577 1661 1626 principium
1677 1577 1780 1614 unde
1796 1585 1923 1614 motus
1938 1578 2019 1614 eius
2034 1578 2241 1626 incoeperit
2250 1584 2275 1623 κ,
2292 1578 2323 1614 si
2337 1577 2502 1626 incoepit

1434 1630 1596 1676 moveri,
1618 1637 1654 1667 et
1680 1630 1785 1667 unde
1814 1630 1928 1667 etiam
1957 1630 2093 1668 iterum
2121 1631 2271 1669 moveri
2307 1630 2499 1679 inciperet,

1434 1683 1464 1720 si
1493 1683 1727 1731 contingeret
1754 1683 1880 1732 ipsum
1910 1691 2019 1720 stare.

1489 1737 1524 1773 8.
1555 1736 1703 1774 Deinde
1742 1748 1831 1773 cum
1870 1736 1975 1773 dicit:
2004 1737 2100 1773 Dico
2138 1742 2263 1773 autem
2301 1737 2501 1786 longitudi-

1434 1802 1520 1826 nem
1549 1796 1632 1837 etc.,
1654 1789 1818 1827 ostendit
1841 1790 2054 1827 secundum
2074 1802 2191 1838 quam
2221 1789 2501 1827 dimensionem

1435 1843 1528 1880 caeli
1565 1843 1780 1880 attendatur
1812 1855 1965 1880 sursum
2003 1850 2039 1880 et
2071 1843 2265 1880 deorsum.
2300 1843 2349 1880 Et
2375 1843 2501 1892 primo

1432 1895 1613 1944 proponit
1649 1896 1755 1944 quod
1782 1896 1960 1933 intendit:
1990 1904 2028 1933 et
2056 1896 2145 1933 dicit
2171 1896 2278 1944 quod
2306 1896 2502 1944 longitudo

1434 1949 1527 1986 caeli
1549 1956 1605 1986 est
1623 1948 1797 1986 distantia
1815 1962 1915 1998 quae
1935 1956 1991 1986 est
2005 1949 2101 1986 inter
2119 1950 2230 1998 polos
2249 1949 2378 1998 ipsius,
2395 1949 2501 1986 arcti-

1435 2015 1523 2039 cum
1552 2002 1692 2039 scilicet
1717 2003 1765 2040 ad
1786 2002 2032 2040 antarcticum
2051 2002 2074 2049 λ,
2098 2002 2148 2039 ita
2176 2002 2282 2052 quod
2309 2015 2409 2039 unus
2434 2015 2503 2050 po-

1433 2056 1559 2092 lorum
1589 2055 1635 2092 sit
1662 2067 1815 2092 sursum
1845 2064 1881 2092 et
1909 2056 2002 2092 alius
2032 2055 2226 2092 deorsum.

1489 2121 1525 2157 9.
1547 2109 1727 2146 Secundo
1756 2108 1824 2145 ibi:
1854 2109 2119 2158 Differentiam
2140 2109 2239 2146 enim
2265 2116 2347 2154 ete„
2367 2109 2505 2157 probat

1433 2161 1675 2211 propositum
1705 2162 1912 2211 dupliciter.
1942 2161 2072 2199 Primo
2101 2162 2259 2210 quidem
2286 2174 2356 2211 per
2392 2161 2503 2198 ratio-

1435 2227 1536 2252 nem.
1567 2215 1813 2252 Manifestum
1834 2223 1891 2252 est
1910 2215 2012 2252 enim
2041 2215 2147 2263 quod
2166 2215 2204 2252 in
2233 2214 2402 2264 quolibet
2421 2227 2502 2251 cor-

1434 2280 1529 2316 pore
1565 2267 1764 2316 longitudo
1803 2268 2007 2305 attenditur
2043 2268 2256 2306 secundum
2294 2268 2503 2304 maximam

1435 2321 1717 2358 dimensionem
1732 2321 1860 2370 ipsius.
1877 2321 2046 2359 Maxima
2067 2329 2195 2358 autem
2218 2321 2406 2358 dimensio
2421 2333 2503 2358 cor—

1434 2374 1538 2423 poris
1576 2373 1763 2422 sphaerici
1800 2383 1857 2411 est
1894 2375 2106 2412 secundum
2145 2374 2373 2411 diametrum
2409 2375 2501 2410 eius.

1434 2427 1632 2464 Diameter
1651 2434 1780 2464 autem
1799 2427 1837 2464 in
1862 2428 1968 2464 caelo
1994 2427 2267 2464 determinatur
2285 2428 2410 2464 solum
2439 2427 2504 2475 qui

1435 2487 1491 2517 est
1506 2481 1602 2517 inter
1617 2481 1714 2517 duos
1733 2481 1856 2530 polos,
1873 2480 1937 2529 qui
1958 2488 2044 2518 sunt
2064 2481 2141 2518 duo
2161 2488 2304 2530 puncta
2318 2481 2503 2529 sphaerae

1433 2533 1647 2570 immobilia
1675 2541 1712 2570 et
1739 2546 1893 2582 semper
1921 2534 2060 2571 eodem
2089 2534 2208 2571 modo
2238 2546 2278 2570 se
2305 2534 2502 2578 habentia3

1435 2599 1701 2635 quaecumque
1722 2595 1851 2624 autern
1879 2586 1952 2626 alia
1979 2594 2122 2635 puncta
2148 2587 2188 2624 in
2216 2587 2379 2635 sphaera
2407 2586 2503 2623 acci-

1433 2639 1604 2689 piantur,
1644 2648 1731 2677 sunt
1767 2639 1945 2686 mobilia,
1982 2640 2086 2677 unde
2104 2670 2109 2675 .
2125 2647 2161 2676 et
2197 2640 2372 2677 diametri
2409 2640 2505 2677 inter

1434 2705 1704 2742 quaecumque
1728 2693 1801 2730 alia
1821 2693 1898 2730 duo
1917 2701 2058 2742 puncta
2071 2699 2091 2720 ¹⁴
2104 2694 2382 2742 protrahantur,
2398 2693 2504 2730 inde-

1433 2746 1633 2784 terminate
1662 2758 1704 2783 se
1731 2747 1884 2784 habent.
1918 2747 1968 2784 Et
1994 2754 2151 2795 propter
2177 2747 2265 2794 hoc,
2290 2747 2504 2783 secundum

1433 2799 1574 2836 lineam
1612 2811 1711 2847 quae
1751 2807 1806 2836 est
1840 2799 1936 2836 inter
1963 2800 2062 2837 duos
2089 2800 2221 2848 polos,
2256 2800 2422 2836 maxime
2452 2807 2504 2836 at-

1433 2852 1597 2890 tenditur
1625 2852 1822 2900 longitudo
1852 2852 1963 2890 caeli:
1994 2853 2082 2902 quia
2109 2852 2148 2890 in
2167 2852 2225 2889 his
2245 2852 2334 2889 solis
2354 2853 2503 2901 punctis

1435 2905 1528 2942 caeli
1555 2905 1735 2942 videmus
1767 2905 2059 2943 determinatam
2095 2905 2347 2942 differentiam
2382 2906 2504 2942 hemi-

1435 2959 1721 3007 sphaeriorum,
1749 2971 1819 3007 per
1847 2959 1921 2995 hoc
1950 2959 2056 3006 quod
2084 2958 2303 2995 huiusmodi
2326 2958 2405 3007 poli
2425 2971 2503 2995 non

1434 3019 1652 3049 moventur.

1494 3077 1551 3101 10.
1574 3064 1754 3101 Secundo
1773 3065 1841 3101 ibi:
1862 3064 1983 3101 Simul
1999 3069 2124 3100 autem
2141 3071 2222 3110 etc.,
2243 3064 2382 3112 probat
2400 3064 2502 3101 idem

1434 3130 1503 3166 per
1531 3130 1781 3155 communem
1801 3118 1962 3154 modum
1991 3116 2184 3165 loquendi.
2215 3117 2501 3154 Consuevimus

1488 3241 1513 3274 x)
1534 3242 1604 3266 unde
1623 3245 1710 3266 motus
1728 3241 1784 3265 eius
1804 3240 1955 3272 incoeperit.
1975 3252 1994 3259 —-·
2011 3240 2062 3264 Pro
2081 3239 2238 3271 incoeperit,
2262 3240 2414 3271 incoeperat
2431 3241 2502 3271 AsG,

1435 3277 1549 3308 incoepit
1567 3277 1618 3305 BF,
1638 3276 1753 3308 incoepit
1771 3275 1872 3300 moveri
1890 3275 1909 3300 Ι.
1929 3275 2132 3300 Homoteleuton
2149 3278 2237 3300 tamen
2257 3275 2353 3307 quia...
2372 3276 2396 3300 si
2417 3276 2503 3302 incoe-

1428 3312 1474 3344 pit
1498 3311 1599 3336 moveri
1617 3311 1712 3336 omittit
1730 3311 1781 3343 pG.
1799 3324 1819 3330 —
1842 3311 1912 3335 Loco
1931 3310 2032 3335 moveri
2055 3310 2196 3342 inciperet,
2217 3310 2318 3335 moveri
2342 3311 2450 3343 incipiet
2469 3312 2502 3343 C;

1434 3347 1535 3371 moveri
1552 3347 1646 3371 omittit
1665 3347 1684 3371 1.

1487 3381 1515 3415 λ)
1531 3382 1600 3406 inter
1610 3382 1687 3413 polos
1701 3381 1792 3412 ipsius,
1802 3381 1931 3406 arcticum
1945 3381 2045 3406 scilicet
2054 3381 2092 3406 αα
2102 3381 2289 3406 antarcticum.
2298 3382 2348 3406 -Α
2363 3384 2504 3415 corrumpit

1428 3418 1507 3449 polos
1525 3417 1608 3448 ipsius
1626 3416 1756 3441 arcticum
1775 3416 1800 3440 in
1822 3416 2032 3448 polusarticum5
2057 3424 2105 3449 pro
2123 3417 2174 3446 ad,
2193 3420 2219 3441 et
2237 3416 2272 3446 E;
2292 3417 2311 3441 P
2330 3417 2408 3442 habet
2432 3418 2502 3443 inter

1428 3453 1507 3484 polos
1527 3452 1609 3483 ipsius
1624 3451 1682 3483 poli
1699 3452 1803 3480 arctici,
1821 3452 1922 3477 scilicet
1939 3451 1976 3476 ad
1993 3452 2181 3477 antarcticum.

1488 3487 1516 3520 μ)
1537 3487 1563 3511 in
1583 3487 1698 3518 sphaera
1710 3487 1910 3519 accipiantur...
1923 3487 1976 3512 duo
1985 3490 2098 3519 puncta.
2107 3502 2126 3506 -
2139 3488 2196 3512 Hoc
2210 3495 2264 3512 om.
2274 3488 2302 3518 P,
2316 3488 2428 3521 ideoque
2442 3497 2502 3521 pro—

1434 3530 1524 3547 cessus
1544 3522 1772 3554 argumentationis
1786 3522 1912 3547 turbatur.
1924 3536 1943 3541 -
1958 3523 2015 3547 Lin.
2029 3530 2084 3555 seq.
2099 3531 2147 3555 pro
2165 3523 2310 3548 secundum
2330 3524 2434 3553 lineam,
2450 3532 2502 3556 per

1433 3558 1530 3582 lineam
1544 3557 1580 3588 1³3
1600 3557 1674 3582 codd.
1689 3565 1743 3582 exc.
1756 3558 1851 3583 AsEGl
1865 3566 1918 3583 orn.
1930 3558 2086 3583 secundum.
2097 3572 2117 3578 -
2130 3558 2166 3583 Ibi
2180 3559 2243 3591 quia
2257 3559 2284 3583 in
2299 3559 2339 3584 his
2358 3559 2421 3584 solis
2430 3568 2501 3591 pun-

1433 3593 1496 3622 ctis,
1515 3593 1539 3616 Α
1558 3600 1605 3625 pro
1624 3593 1702 3622 solis,
1721 3593 1806 3618 solum
1813 3600 1822 3621 ;
1846 3593 1933 3618 BCDF
1953 3594 2041 3626 legunt
2059 3597 2086 3618 et
2105 3594 2168 3626 quia
2186 3594 2213 3619 in
2239 3594 2356 3626 ipsorum
2370 3598 2500 3626 punctum

1434 3628 1556 3661 (punctis
1574 3627 1623 3662 B);
1643 3628 1652 3652 Ι
1671 3631 1697 3653 et
1715 3629 1753 3654 sic
1771 3629 1834 3661 quia
1854 3629 1880 3653 in
1899 3629 1940 3654 his
1958 3629 2022 3654 solis
2035 3630 2144 3661 punctis
2151 3637 2160 3659 ;
2178 3630 2220 3662 pG
2239 3637 2292 3654 om.

2522 533 2532 542 ⁸
2546 532 2590 553 hoc
2605 538 2652 554 om.
2667 539 2698 554 Λι.

2619 581 2632 605 0

2523 845 2533 853 ’·
2556 844 2706 872 differentiae
2721 852 2734 866 B

2524 877 2583 893 curi.

2524 903 2534 912 ⁸
2549 902 2657 923 videntur
2671 908 2709 923 po.

2558 952 2688 978 appareret
2708 956 2736 972 cn

2525 983 2565 1003 so,
2594 979 2738 1004 apparerent

2521 1009 2561 1030 po,
2577 1009 2625 1025 om.
2641 1010 2661 1024 ι’.

2524 1114 2534 1123 ⁸
2548 1119 2592 1140 per
2607 1119 2627 1134 Ρ.

2552 1271 2582 1292 Et
2597 1278 2644 1293 om.
2659 1278 2681 1292 ι’.

2528 1431 2610 1453 ’δίῃ
