2782 4134
136 611 146 620 ⁶
163 609 237 631 Num.
252 614 301 636 seq.

134 878 147 889 ¹⁵
171 877 338 899 commixtione

134 910 173 926 AB.

233 1188 247 1213 ’ὁ

136 1251 146 1259 ·
158 1255 211 1271 esse
226 1255 274 1270 om.
289 1255 327 1270 AB.

133 1302 145 1313 ⁴*
161 1302 231 1323 etiam
246 1301 299 1323 add.
310 1308 347 1323 ΑΒ.

132 1462 144 1473 “
159 1462 182 1483 in
197 1461 280 1489 quod?
292 1467 314 1482 Λ.

133 1887 142 1895 ·
158 1885 229 1906 Num.
247 1890 296 1912 seq.

132 1939 142 1948 ·
157 1938 229 1960 Num.
244 1944 264 1966 5.

131 2157 143 2167 ⁸
172 2158 226 2177 erat
250 2156 345 2185 sactum

133 2189 181 2204 om.
197 2189 233 2204 ΑΒ.

132 2262 143 2271 ”
157 2261 180 2282 si
193 2263 272 2283 autem
280 2267 315 2283 AB.

131 2315 141 2325 ‘¹
156 2314 231 2335 maris
247 2321 284 2336 ΑΒ.

128 2365 141 2377 ⁴
155 2366 206 2387 tale
219 2372 257 2388 AB.

131 2845 142 2856 ⁸
157 2844 227 2867 Haec
239 2852 276 2867 AB.

378 322 458 358 404

434 400 469 425 2.
491 387 641 425 Deinde
671 400 759 424 cum
789 387 895 425 dicit:
916 387 991 424 Isis
1019 392 1144 424 autem
1172 387 1226 423 sic
1244 398 1284 422 se
1310 386 1448 422 haben-

379 441 475 478 tibus
503 448 595 489 etc.,
626 440 789 489 assignat
818 453 973 478 causam
1008 439 1204 476 salsedinis
1241 438 1368 475 maris.
1400 438 1450 474 Et

381 494 479 535 circa
507 495 582 531 hoc
611 494 688 531 duo
717 493 822 530 facit:
851 493 978 542 primo
1012 492 1177 529 ostendit
1214 491 1254 528 in
1281 491 1448 539 generali

379 548 482 585 unde
509 554 684 584 causetur
703 559 818 595 sapor
845 547 980 592 salsus;
1003 545 1172 582 secundo
1192 544 1295 581 unde
1317 556 1448 581 cause-

379 608 439 637 tur
454 601 602 637 salsedo
618 600 656 636 in
674 600 782 646 mari,
794 599 862 635 ibi:
882 600 1043 647 Propter
1057 598 1159 647 quod
1171 603 1207 634 et
1220 609 1328 634 mare
1341 596 1361 618 ’¹⁵
1376 605 1446 634 etc.

434 653 534 690 Dicit
562 665 650 701 ergo
674 652 800 701 primo
830 652 946 700 quod,
969 664 1058 688 cum
1085 651 1296 700 praemissa
1325 651 1379 687 sic
1407 663 1447 688 se

379 707 546 743 habeant
572 714 615 742 ut
643 705 785 743 dictum
816 712 891 751 est,
923 711 1073 753 oportet
1101 704 1260 742 reddere
1291 716 1447 741 causam

380 759 428 796 de
465 759 650 796 salsedine
686 757 812 794 maris.
843 758 1090 795 Manifestum
1121 765 1176 794 est
1213 765 1341 795 autem
1378 770 1448 807 per

379 813 499 849 multa
526 812 631 859 signa
660 811 766 859 quod
794 822 910 859 sapor
942 812 1062 848 salsus
1095 818 1272 848 causatur
1308 824 1353 848 ex
1382 811 1447 848 ad-

378 864 591 902 mixtione*
605 864 772 901 alicuius.
785 863 972 901 Videmus
987 864 1090 901 enim
1107 865 1212 914 quod
1226 865 1265 902 in
1281 864 1447 914 corpori-

378 919 449 955 bus
470 917 690 955 animalium
709 916 802 953 illud
821 918 927 966 quod
946 925 1004 954 est
1021 917 1370 966 indigestissimum,
1393 924 1448 954 est

379 972 520 1008 salsum
550 978 586 1007 et
613 981 807 1006 amarum:
841 970 917 1007 hoc
945 978 1075 1008 autem
1104 971 1272 1008 maxime
1302 978 1358 1008 est
1386 983 1447 1007 su-

376 1023 571 1073 perfluitas
591 1022 758 1059 alimenti
778 1027 806 1070 ⁷,
828 1030 866 1060 et
884 1023 1051 1061 maxime
1078 1037 1178 1074 quae
1199 1031 1448 1072 congregatur

376 1078 414 1114 in
442 1076 580 1114 vesica.
606 1077 656 1112 Et
683 1075 791 1124 quod
818 1077 915 1114 haec
934 1077 980 1114 sit
1008 1077 1311 1126 indigestissima,
1333 1077 1445 1124 signi-

375 1131 510 1167 ficatur
526 1141 595 1178 per
612 1130 688 1165 hoc
718 1129 824 1178 quod
851 1137 906 1167 est
925 1131 1170 1168 subtilissima
1189 1131 1285 1167 inter
1310 1142 1446 1167 omnes

376 1183 653 1232 superfluitates
669 1179 682 1203 δ
693 1195 701 1228 ;
723 1182 854 1220 omnia
882 1191 1012 1221 autem
1033 1184 1176 1232 digesta
1194 1184 1373 1222 videntur
1391 1183 1446 1221 in-

375 1237 533 1286 spissata
563 1247 645 1272 esse
661 1235 681 1257 '¹‘
700 1248 723 1271 a
738 1237 876 1273 calore.
898 1238 947 1274 Et
966 1236 1061 1274 sicut
1087 1245 1142 1274 est
1171 1238 1218 1274 de
1238 1237 1367 1286 urina,
1397 1238 1447 1275 ita

375 1297 431 1326 est
445 1289 464 1311 '¹‘
484 1290 531 1327 de
551 1289 710 1326 sudore:
732 1289 901 1326 similiter
921 1290 1022 1327 enirn
1044 1303 1132 1327 cum
1162 1291 1302 1328 sudore
1322 1304 1446 1340 segre-

374 1350 481 1391 gatur
509 1342 651 1391 aliquid
678 1342 920 1391 indigestum,
942 1345 1048 1392 quod
1078 1344 1165 1381 facit
1192 1345 1307 1381 talem
1335 1357 1447 1394 sapo-

374 1408 467 1433 rem.
490 1395 670 1432 Similiter
689 1403 744 1432 est
771 1396 810 1433 in
839 1397 1003 1434 adustis:
1029 1397 1116 1446 quia
1144 1397 1236 1435 illud
1264 1398 1371 1446 quod
1392 1405 1448 1435 est

374 1449 568 1486 residuum
597 1449 645 1485 ab
675 1449 824 1486 actione
854 1450 1010 1498 caloris,
1041 1450 1270 1499 inquantum
1295 1451 1316 1473 '¹‘
1344 1452 1448 1488 calor

373 1515 452 1540 non
479 1509 605 1551 potest
632 1502 800 1550 vincere,
830 1502 868 1540 in
898 1503 1124 1553 corporibus
1153 1504 1375 1541 animalium
1404 1505 1447 1542 fit

374 1555 626 1604 superfluitas,
650 1555 689 1592 in
718 1556 860 1594 adustis
890 1565 1019 1594 autem
1047 1557 1092 1594 fit
1120 1557 1224 1606 cinis,
1244 1570 1314 1607 per
1339 1558 1446 1595 cuius

374 1609 649 1646 admixtionem
670 1621 770 1658 aqua
790 1610 905 1647 etiam
935 1610 1104 1648 redditur
1123 1611 1220 1648 salsa
1241 1618 1277 1648 et
1300 1623 1443 1649 amara.

430 1664 463 1699 3.
486 1662 635 1699 Deinde
656 1675 746 1700 curn
762 1662 867 1700 dicit:
888 1664 1048 1712 Propter
1062 1664 1165 1713 quod
1181 1670 1218 1701 et
1236 1676 1345 1702 mare
1360 1672 1444 1712 etc.,

374 1715 539 1764 assignat
566 1715 777 1764 specialiter
814 1729 970 1754 causam
1006 1717 1204 1755 salsedinis
1239 1718 1366 1755 maris.
1397 1719 1447 1755 Et

375 1769 472 1806 circa
492 1769 567 1806 hoc
581 1769 652 1805 tria
670 1769 775 1806 facit:
796 1770 921 1819 primo
943 1770 1030 1808 facit
1049 1771 1155 1819 quod
1177 1771 1322 1808 dictum
1343 1779 1398 1808 est
1411 1777 1443 1819 ‘3

375 1822 544 1860 secundo
573 1823 649 1859 hoc
676 1822 893 1860 manifestat
910 1835 980 1873 per
1008 1824 1201 1872 quaedam
1230 1824 1349 1873 signa,
1371 1825 1443 1862 ibi:

373 1877 423 1913 Et
430 1881 588 1925 propter
600 1877 672 1912 hoc
685 1877 869 1914 australes
885 1877 905 1898 *
921 1885 1009 1924 etc.;
1030 1878 1140 1914 tertio
1157 1877 1319 1915 excludit
1334 1890 1446 1927 quas-

375 1929 465 1967 dam
478 1928 723 1978 obiectiones,
735 1929 802 1967 ibi:
818 1931 882 1967 Fit
890 1931 1007 1980 igitur
1015 1943 1165 1979 semper
1174 1931 1334 1968 alterum
1346 1931 1366 1953 ’¹‘
1374 1939 1443 1969 etc.

427 1982 527 2019 Dicit
547 1994 636 2030 ergo
655 1983 794 2031 primo,
815 1984 921 2033 quod
941 1991 1097 2033 propter
1114 1985 1190 2021 hoc
1210 1986 1314 2033 quod
1330 1997 1446 2034 sapor

375 2036 494 2073 salsus
515 2043 551 2072 et
570 2048 721 2073 amarus
750 2037 942 2075 invenitur
961 2037 1107 2074 causari
1138 2050 1183 2075 ex
1211 2037 1444 2075 admixtione

374 2089 530 2127 alicuius
545 2089 718 2137 indigesti
737 2091 800 2127 vel
819 2090 954 2138 adusti,
972 2090 1128 2140 quidam
1146 2091 1319 2128 dixerunt
1338 2091 1444 2141 quod

374 2155 480 2180 mare
509 2150 589 2179 erat
621 2143 762 2180 facturn
790 2143 811 2166 '³‘
839 2157 884 2181 ex
913 2152 1011 2181 terra
1039 2144 1184 2182 adusta.
1215 2145 1333 2192 Quod
1362 2145 1445 2194 qui—

374 2196 463 2233 dem
496 2196 770 2234 inconveniens
805 2205 880 2245 est,
911 2197 941 2235 si
969 2197 1194 2246 intelligatur
1230 2198 1444 2236 secundum

373 2249 478 2298 quod
517 2249 671 2287 dicitur:
711 2250 779 2288 sed
816 2251 846 2287 si
877 2250 897 2273 ’¹‘
933 2250 1158 2299 intelligatur
1195 2251 1338 2289 dictum
1376 2264 1446 2301 per

373 2303 679 2350 similitudinem,
708 2311 750 2340 ut
778 2303 919 2341 scilicet
947 2304 1097 2342 salsedo
1126 2304 1164 2342 in
1193 2305 1289 2342 mari
1308 2304 1329 2327 ³¹⁸
1357 2313 1466 2342 caus

373 2364 476 2393 setur
502 2368 571 2406 per
599 2356 874 2394 admixtionem
903 2357 1060 2395 alicuius
1084 2358 1190 2407 quod
1210 2366 1266 2396 est
1284 2358 1406 2396 simile
1425 2358 1446 2381 *

374 2422 462 2446 cum
498 2417 598 2446 terra
635 2410 789 2457 adusta,
828 2410 881 2448 sic
917 2423 1055 2448 verum
1092 2419 1158 2448 est.
1199 2411 1304 2449 Sicut
1341 2412 1443 2449 enim

374 2462 555 2511 contingit
582 2462 620 2499 in
647 2463 867 2512 praedictis,
899 2463 1038 2501 scilicet
1064 2464 1194 2512 urina,
1233 2465 1375 2502 sudore
1410 2473 1445 2502 et

374 2516 520 2563 cinere,
556 2514 609 2552 sic
647 2524 797 2565 oportet
832 2517 1038 2565 intelligere
1076 2525 1113 2554 et
1144 2517 1183 2555 in
1220 2525 1298 2555 tota
1326 2526 1443 2555 terra:

373 2569 481 2606 sicuti
501 2569 603 2606 enim
624 2581 670 2606 ex
688 2569 810 2617 ignitis
839 2570 1061 2620 relinquitur
1080 2570 1222 2619 aliquid
1242 2571 1346 2620 quod
1365 2583 1444 2608 non

374 2622 496 2671 potuit
523 2622 618 2671 ignis
647 2623 869 2670 dissolvere,
899 2623 949 2660 ita
978 2631 1127 2672 oportet
1156 2623 1359 2672 intelligere
1389 2636 1444 2661 re-

373 2675 493 2724 linqui
532 2676 631 2713 circa
667 2683 808 2713 terram
846 2677 894 2713 ab
937 2676 1086 2714 actione
1125 2677 1259 2714 caloris
1301 2677 1443 2727 aliquid

374 2729 495 2766 simile
525 2728 641 2766 cineri
670 2729 799 2767 relicto
829 2730 878 2766 ab
907 2730 1056 2767 actione
1086 2729 1192 2778 ignis.
1224 2731 1274 2767 Et
1300 2731 1413 2768 huius
1430 2730 1444 2758 ἶ

373 2782 657 2820 similitudinem
686 2783 802 2820 habet
829 2783 1016 2820 exhalatio
1046 2795 1144 2832 quae
1174 2784 1216 2820 fit
1245 2795 1290 2820 ex
1319 2784 1441 2831 arida,

374 2835 480 2873 cuius
517 2835 798 2873 multitudinem
823 2843 933 2873 terra
969 2836 1129 2874 exhibet.
1161 2836 1395 2875 Huiusmodi
1422 2837 1442 2860 '¹‘

372 2888 482 2937 igitur
510 2888 696 2926 exhalatio
726 2889 826 2926 sicca
856 2902 944 2926 cum
972 2889 1203 2927 admiscetur
1225 2903 1440 2940 vaporosae

228 3062 244 3085 ⁷1

131 3162 142 3173 ⁶
149 3162 249 3190 seretur
263 3169 302 3185 pa.

373 2942 610 2989 exhalationi,
628 2954 726 2991 quae
743 2943 1000 2980 condensatur
1014 2943 1052 2980 in
1067 2944 1190 2981 nubes
1205 2951 1241 2980 et
1256 2944 1438 2993 pluviam,

372 3008 526 3033 necesse
557 3003 611 3033 est
639 2996 745 3044 quod
774 3008 927 3045 semper
955 2996 994 3034 in
1021 2996 1082 3033 illa
1111 2997 1347 3042 exhalatione
1371 2998 1441 3034 hu·

372 3048 476 3086 mida
494 3054 509 3072 '¹
538 3049 773 3086 contineatur
801 3049 942 3098 aliquid
969 3049 1118 3087 virtutis
1147 3050 1272 3098 huius,
1299 3050 1440 3088 scilicet

373 3101 618 3139 exhalationis
647 3102 788 3149 siccae;
819 3110 856 3140 et
884 3102 937 3140 sic
966 3103 1079 3140 simul
1097 3110 1305 3152 utrumque
1336 3116 1439 3141 com-

371 3155 532 3192 mixtum
561 3156 710 3193 fertur*
726 3157 919 3205 deorsum,
941 3169 1041 3206 aqua
1066 3157 1233 3205 pluente.
1257 3158 1343 3194 Hoc
1373 3170 1439 3194 au—

423 3304 450 3338 γ)
469 3304 517 3330 hoc
531 3308 619 3330 autem
670 3305 798 3331 alimenti.
811 3320 830 3324 -
844 3306 893 3331 hoc
905 3309 994 3332 autem
1011 3307 1130 3332 maxime
1149 3310 1188 3333 est
1205 3307 1376 3342 superfluitas
1389 3307 1440 3332 ali-

372 3339 454 3364 menti
467 3339 515 3364 hoc
527 3343 615 3364 autem
630 3343 669 3365 est
681 3341 833 3374 hypostasis
851 3341 972 3367 alimenti
990 3342 1049 3372 ΑΒ;
1070 3343 1190 3368 maxime
1209 3343 1248 3368 Pa
1265 3347 1439 3376 transponunt

372 3379 431 3406 post
449 3375 629 3409 superfluitas.
646 3389 665 3394 -
683 3376 734 3400 Pro
755 3376 780 3401 in
802 3377 895 3405 vesica,
915 3385 953 3402 ex
971 3378 1058 3403 vesica
1077 3379 1131 3403 ΑΒ.

425 3408 449 3441 ὃ)
469 3413 507 3434 est
525 3410 696 3435 subtilissima
722 3411 793 3436 inter
818 3419 908 3437 omnes
932 3414 1140 3447 superfluitates.
1157 3428 1176 3433 -
1194 3414 1349 3439 subtiliatur
1369 3413 1440 3438 inter

372 3444 462 3469 omnia
480 3446 613 3479 superflua
631 3446 665 3474 Α,
685 3446 922 3472 subtilissimantur
940 3448 995 3472 alia
1014 3450 1149 3483 superflua
1168 3449 1197 3474 B.

425 3479 447 3511 ε)
468 3480 503 3504 Et
521 3480 593 3504 circa
643 3481 742 3506 dictum
762 3485 810 3507 est.
821 3495 840 3501 -·
855 3483 911 3507 Hoc
924 3491 977 3508 om.
992 3484 1044 3508 ΑΒ.
1058 3497 1077 3503 -
1092 3484 1171 3509 Iidem
1186 3485 1230 3509 lin.
1249 3492 1306 3517 seq.
1320 3493 1374 3510 om.
1391 3484 1441 3510 hoc

373 3518 399 3538 et
417 3515 556 3546 quaedam.
570 3529 588 3534 -
608 3516 657 3540 Pro
677 3516 726 3541 ibi:
747 3517 791 3541 Fit
810 3517 895 3549 igitur
914 3525 1018 3550 semper
1035 3520 1150 3544 alterum
1170 3523 1227 3550 etc.,
1247 3520 1322 3546 codd.
1337 3525 1362 3545 et
1380 3520 1440 3544 edd.

373 3548 468 3574 habent
487 3549 535 3574 ibi.-
554 3550 683 3575 Elevatur
700 3554 789 3576 autem
808 3559 911 3583 semper
929 3553 1020 3586 aliqua
1035 3561 1112 3585 pars.

426 3583 451 3616 ζ)
472 3584 547 3609 Sicut
565 3585 633 3610 enim
653 3586 821 3619 contingit...
836 3587 871 3612 Et
889 3588 975 3613 huius.
994 3602 1012 3607 —
1032 3589 1108 3614 Sicut
1130 3589 1199 3614 enim
1225 3590 1358 3623 contingit
1380 3598 1439 3616 cum

367 3619 530 3651 praedictis,
549 3620 648 3645 scilicet
671 3621 764 3650 urina,
789 3622 887 3647 sudore
905 3626 932 3647 et
950 3623 1052 3653 cinere,
1071 3624 1109 3649 sic
1129 3624 1214 3657 igitur
1238 3625 1440 3658 intelligendum

373 3654 538 3688 (intelligere
556 3658 582 3680 et
596 3656 628 3688 B)
644 3655 669 3680 in
684 3659 741 3681 tota
761 3660 842 3686 terra,
860 3657 940 3683 sicuti
953 3661 993 3683 est
1006 3662 1143 3691 assumpto
1156 3660 1284 3685 alimento
1298 3667 1335 3685 ex
1349 3660 1442 3694 ignitis

1094 276 1684 346 METEORoLOGICORUM
1712 306 1807 343 LIB.
1839 308 1871 343 ΙΙ

1505 392 1583 421 tem
1612 384 1656 421 fit
1683 384 1898 422 secundum
1927 385 2122 433 quendam
2147 386 2321 424 ordinem
2349 384 2513 438 semper,
2534 397 2576 427 ut

1505 437 1645 474 scilicet
1674 437 1930 475 exhalationes
1960 438 2188 475 commixtae
2218 440 2424 488 eleventur,
2446 449 2483 478 et
2510 442 2576 479 ite-

1505 503 1591 527 rum
1619 490 1756 527 cadant
1773 503 1844 541 per
1869 490 2052 540 pluviam.
2073 491 2171 528 Dico
2192 499 2322 530 autem
2345 494 2421 531 hoc
2441 507 2574 532 secun-

1504 544 1598 581 dum
1627 543 1803 581 ordinem
1822 545 1917 592 fieri,
1939 545 2153 582 secundum
2178 546 2284 594 quod
2313 559 2359 583 ea
2387 559 2487 596 quae
2514 548 2576 585 hic

1503 596 1658 634 inferius
1686 597 1795 644 fiunt,
1814 605 1976 646 possunt
1994 598 2219 647 participare
2245 599 2422 637 ordinem
2441 598 2467 637 ⁰:
2495 613 2576 638 non

1504 650 1607 687 enim
1636 650 1688 687 sic
1701 662 1797 700 pure
1816 650 1837 672 ’¹‘
1858 651 2085 701 participant
2113 651 2289 689 ordinem
2318 659 2360 689 ut
2387 653 2460 690 sint
2479 665 2576 691 sem-

1502 716 1572 754 per
1600 704 1739 741 eodem
1767 704 1901 752 modo,
1922 704 2018 742 sicut
2046 712 2102 742 est
2129 705 2177 743 de
2202 706 2427 754 corporibus
2456 707 2598 744 caele-¹

1503 757 1640 804 stibus,
1671 757 1740 794 sed
1768 757 1945 795 accidunt
1963 766 2004 795 ut
2031 758 2260 808 frequenter.
2282 759 2332 796 Et
2350 759 2403 796 sic
2423 761 2575 798 conclu-

1504 811 1558 848 dit
1586 811 1692 859 quod
1721 810 1863 848 dictum
1888 818 1945 848 est
1962 812 2066 849 unde
2093 813 2160 850 fiat
2178 812 2371 860 generatio
2395 813 2518 851 salsi*
2535 813 2575 851 in

1502 876 1603 913 aqua
1631 863 1759 900 maris.

1555 929 1592 964 4.
1614 916 1764 954 Deinde
1795 928 1884 953 cum
1913 917 2004 954 dicit
2021 917 2058 954 *ε
2086 919 2139 955 Et
2157 925 2317 967 propter
2338 920 2410 965 lgoc
2428 925 2576 957 austra·
2601 927 2614 939 ·

1502 969 1553 1006 les
1583 976 1675 1016 etc.,
1705 969 1921 1006 manifestat
1947 983 2047 1020 quae
2066 970 2087 993 *
2115 971 2259 1009 dixerat
2284 984 2354 1021 per
2382 972 2574 1022 quaedam

1502 1023 1618 1071 signa.
1650 1023 1699 1059 Et
1727 1021 1816 1059 dicit
1835 1023 1941 1072 quod
1968 1030 2125 1072 propter
2151 1025 2227 1062 hoc
2252 1026 2358 1074 quod
2387 1026 2574 1064 exhalatio

1502 1075 1602 1112 sicca
1639 1075 1871 1112 admiscetur
1908 1077 2172 1125 evaporationi
2208 1078 2412 1127 humidae,
2451 1092 2573 1128 aquae

1502 1129 1684 1166 australes
1700 1136 1736 1165 et
1750 1141 1873 1178 aquae
1893 1141 1992 1177 quae
2006 1130 2134 1178 primo
2155 1131 2296 1168 cadunt
2313 1131 2353 1168 in
2373 1139 2573 1180 autumno,

1502 1182 1627 1219 sunt*
1655 1182 1818 1229 latiores,
1838 1182 1935 1219 idest
1962 1182 2158 1231 graviores
2178 1191 2214 1221 et
2233 1184 2353 1232 magis
2382 1185 2432 1222 ad
2460 1186 2575 1223 salse·
2600 1193 2612 1205 ⁸

1499 1236 1632 1273 dinem
1659 1236 1859 1273 tendentes
1885 1235 1917 1273 ²⁸².
1947 1236 1998 1273 Et
2023 1235 2150 1286 primo
2180 1237 2395 1275 manifestat
2421 1238 2498 1276 hoc
2526 1238 2574 1277 de
2601 1245 2612 1255 ·
2632 1256 2728 1262 ’-·
2755 1221 2766 1262 ’Ῐ

1501 1289 1611 1338 aquis
1630 1289 1869 1336 australibus,
1889 1288 1986 1326 idest
2009 1301 2109 1337 quae
2138 1290 2279 1334 cadunt
2297 1298 2424 1329 austro
2443 1291 2573 1330 fiante.

1501 1344 1640 1380 Auster
1669 1342 1771 1380 enim
1793 1350 1828 1379 et
1846 1343 1940 1380 flatu
1960 1350 1997 1379 et
2016 1343 2276 1392 magnitudine
2296 1351 2354 1382 est
2379 1345 2497 1383 valde
2513 1357 2574 1385 ca·

1501 1396 1621 1433 lidus:
1651 1396 1718 1433 flat
1746 1396 1848 1433 enim
1868 1408 1890 1432 a
1908 1395 2002 1433 locis
2022 1396 2150 1433 calidis
2170 1403 2208 1434 et
2234 1397 2354 1446 siccis,
2374 1397 2415 1436 in
2433 1397 2573 1447 quibus

1502 1457 1558 1486 est
1576 1462 1714 1498 pamm
1731 1449 1779 1487 de
1792 1461 1939 1498 vapore
1957 1449 2120 1487 humido
2135 1455 2160 1498 ⁸,
2182 1457 2220 1487 et
2238 1450 2326 1488 ideo
2342 1459 2398 1488 est
2416 1449 2571 1490 calidus.

1503 1503 1581 1540 Sed
1609 1503 1699 1552 quia
1725 1510 1856 1552 posset
1884 1503 2020 1552 aliquis
2050 1503 2176 1540 dicere
2205 1504 2311 1554 quod
2339 1504 2406 1542 flat
2429 1516 2451 1543 a
2478 1504 2573 1544 locis

1501 1556 1662 1604 frigidis,
1692 1556 1832 1593 scilicet
1859 1568 1882 1593 a
1909 1557 2001 1606 polo
2030 1556 2250 1605 antarctico,
2276 1569 2393 1607 quern
2422 1565 2574 1607 oportet

1502 1622 1586 1647 esse
1615 1609 1795 1658 frigidum
1828 1617 1986 1659 propter
2014 1610 2228 1648 distantiam
2257 1623 2280 1647 a
2309 1612 2410 1659 sole,
2443 1611 2533 1650 ideo
2551 1610 2573 1635 ⁴⁸
2597 1615 2609 1628 '

1501 1663 1693 1711 subiungit
1719 1663 1838 1713 quod,
1859 1663 1928 1700 etsi
1955 1664 2030 1700 hoc
2061 1663 2206 1701 dicatur
2225 1664 2333 1712 quod
2360 1677 2440 1702 non
2466 1664 2536 1703 flat
2551 1663 2574 1688 ⁸¹
2598 1669 2609 1679 ·

1501 1729 1524 1753 a
1551 1716 1644 1754 locis
1666 1716 1795 1754 calidis
1824 1716 1893 1754 sed
1912 1729 1935 1754 a
1954 1716 2107 1766 frigidis,
2128 1724 2259 1754 tamen
2287 1725 2440 1767 oportet
2466 1716 2573 1768 quod

1500 1776 1667 1807 transeat
1695 1769 1745 1807 ad
1768 1782 1840 1807 nos
1863 1782 1933 1820 per
1960 1770 2046 1807 loca
2065 1770 2188 1808 calida
2216 1777 2254 1808 et
2280 1771 2390 1820 sicca,
2412 1783 2459 1809 ex
2476 1770 2572 1810 loeis

1499 1823 1742 1872 propinquis3
1773 1830 1810 1860 et
1833 1823 1921 1861 ideo
1936 1822 1957 1846 '¹‘
1976 1831 2032 1861 est
2051 1823 2208 1861 calidus.
2238 1824 2317 1862 Sed
2336 1825 2487 1874 boreas,
2507 1823 2573 1875 qui
2598 1833 2611 1845 ⁶

1499 1877 1606 1914 venit
1619 1876 1670 1914 ad
1684 1888 1756 1914 nos
1776 1875 1997 1914 immediate
2018 1889 2063 1914 ex
2082 1877 2175 1914 locis
2194 1876 2348 1927 frigidis,
2369 1885 2574 1933 congregat

1501 1930 1642 1967 multos
1669 1942 1835 1979 vapores
1871 1929 2053 1968 humidos
2082 1937 2119 1967 et
2145 1930 2322 1979 frigidos;
2353 1938 2390 1968 et
2414 1935 2574 1981 propter

1499 1983 1574 2020 hoc
1605 1991 1660 2020 est
1687 1983 1853 2032 frigidus.
1884 1984 1961 2021 Sed
1995 1991 2126 2021 tamen
2160 1983 2273 2021 nobis
2308 1991 2364 2022 est
2391 1996 2572 2034 serenus,

1500 2037 1591 2086 quia
1611 2037 1770 2086 impellit
1788 2036 2010 2074 huiusmodi
2028 2049 2195 2087 vapores
2215 2037 2265 2075 ad
2283 2045 2431 2087 partem
2450 2047 2572 2089 oppoz

1500 2089 1633 2127 sitam:
1662 2091 1730 2128 sed
1757 2090 1796 2128 in
1824 2089 1917 2128 locis
1946 2098 1982 2128 et
2009 2090 2229 2140 regionibus
2257 2090 2573 2132 meridionalibus

1500 2151 1557 2180 est
1593 2156 1784 2192 aquosus,
1822 2144 1913 2194 quia
1945 2143 2032 2181 illuc
2069 2144 2228 2194 impellit
2257 2154 2436 2194 vapores.
2465 2145 2517 2183 Et
2548 2154 2572 2183 e

1501 2209 1690 2235 converso
1720 2205 1847 2235 auster
1875 2204 1931 2235 est
1958 2209 2116 2235 serenus
2142 2197 2212 2236 illis
2245 2198 2311 2247 qui
2339 2197 2573 2237 habitantia

1501 2250 1826 2298 meridionalibus,
1846 2250 1988 2288 scilicet
2015 2251 2115 2289 circa
2142 2250 2320 2300 Lybiam,
2342 2264 2431 2290 cum
2458 2251 2572 2291 nobis

1500 2304 1546 2341 sit
1563 2304 1774 2353 pluviosus.
1806 2304 1869 2342 Sic
1896 2304 2007 2353 igitur
2035 2305 2124 2353 quia
2151 2312 2277 2342 auster
2308 2304 2448 2355 colligit
2473 2306 2572 2344 mul-

1499 2365 1582 2395 tum
1619 2359 1666 2396 de
1696 2358 1935 2396 exhalatione
1972 2358 2092 2406 sicca,
2130 2358 2214 2396 talis
2249 2366 2388 2396 ventus
2426 2359 2573 2397 confert

1500 2411 1664 2448 multum
1684 2411 1734 2450 ad
1752 2412 1828 2449 hoc
1846 2411 1952 2461 quod
1973 2411 2180 2450 descendat
2197 2424 2298 2461 aqua
2317 2413 2427 2450 salsa.
2447 2412 2500 2452 Et
2515 2411 2572 2451 sic

1498 2472 1603 2514 patet
1630 2465 1725 2502 ratio
1753 2465 1867 2502 unius
1896 2477 2032 2502 eorum
2060 2477 2159 2514 quae
2188 2465 2287 2502 dicta
2313 2472 2412 2514 sunt,
2432 2465 2572 2503 scilicet

1499 2530 1618 2566 quare
1647 2530 1771 2566 aquae
1800 2518 1981 2556 australes
2009 2525 2097 2555 sunt
2123 2517 2286 2556 latiores.

1554 2570 1631 2608 Sed
1650 2570 1671 2593 '¹‘
1690 2571 1780 2619 quia
1806 2571 1882 2608 hoc
1912 2570 2026 2608 etiam
2055 2570 2200 2609 dixerat
2227 2571 2274 2609 de
2302 2570 2436 2621 primis
2461 2571 2570 2622 aquis
2597 2582 2607 2592 ·

1499 2624 1795 2671 autumnalibus,
1815 2624 1980 2673 assignat
2008 2624 2123 2662 etiam
2142 2624 2256 2662 huius
2276 2637 2452 2663 causam:
2480 2625 2570 2676 quia

1499 2677 1638 2714 scilicet
1658 2689 1815 2715 necesse
1836 2685 1891 2715 est
1918 2678 2024 2727 quod
2053 2690 2099 2715 ea
2119 2690 2217 2727 quae
2236 2686 2326 2716 sunt
2344 2678 2570 2727 gravissima

1498 2731 1537 2767 in
1570 2731 1780 2780 vaporibus
1819 2731 1995 2778 elevatis,
2030 2731 2135 2780 prius
2170 2731 2352 2769 deorsum
2381 2732 2568 2780 ferantur;

1497 2784 1722 2832 gravissima
1750 2791 1880 2822 autem
1909 2791 1996 2822 sunt
2032 2785 2070 2822 in
2108 2784 2248 2834 quibus
2277 2793 2332 2823 est
2358 2785 2569 2835 plurimum

1498 2838 1545 2875 de
1574 2837 1758 2884 terrestri;
1798 2846 1834 2875 et
1868 2837 1956 2876 ideo
1991 2850 2115 2887 aquae
2151 2839 2278 2888 primo
2318 2839 2498 2878 cadentes
2529 2839 2571 2879 in

1497 2898 1683 2928 autumno
1712 2898 1800 2941 post
1827 2899 2023 2940 aestatem,
2043 2899 2131 2929 sunt
2158 2891 2323 2940 latiores,
2342 2893 2456 2931 valde
2483 2893 2568 2942 plu·

1498 2944 1640 2981 rimum
1670 2944 1717 2982 de
1745 2944 1909 2982 terrestri
1936 2946 2132 2982 habentes.

1549 2997 1664 3035 Aliud
1704 2997 1818 3035 etiam
1859 2998 2011 3046 signum
2052 2998 2217 3047 assignat
2252 2998 2470 3047 praedictae
2509 3010 2567 3036 ra-

1496 3050 1590 3088 tioni
1613 3051 1824 3099 assignatae
1844 3051 1892 3089 de
1921 3051 2117 3089 salsedinis
2146 3064 2278 3090 causa:
2309 3051 2399 3100 quia
2426 3051 2568 3093 scilicet

1494 3112 1651 3153 propter
1678 3105 1754 3142 hoc
1782 3117 1888 3142 mare
1917 3112 1973 3142 est
2001 3105 2180 3153 calidum,
2211 3113 2247 3142 et
2275 3105 2450 3154 regiones
2476 3116 2566 3155 pro-

1495 3157 1663 3207 pinquae
1691 3157 1787 3195 mari
1815 3165 1902 3196 sunt
1930 3157 2149 3206 calidiores,
2177 3166 2335 3208 propter
2367 3158 2567 3197 abundan-

1494 3307 1656 3340 relinquitur
1674 3308 1778 3341 aliquid
1790 3308 1862 3341 quod
1877 3315 1928 3333 non
1939 3308 2032 3341 poeuis
2050 3308 2120 3342 ignis
2135 3308 2292 3338 dissolvere,
2312 3308 2352 3334 iea
2365 3311 2471 3341 oportet
2489 3308 2566 3335 intei-

1494 3343 1578 3375 ligere
1593 3343 1707 3376 relinqui
1721 3346 1822 3369 terram
1835 3343 1938 3369 actioni
1948 3343 2047 3369 caloris
2058 3347 2123 3376 post
2135 3350 2167 3369 ea
2179 3351 2247 3377 quae
2260 3347 2427 3378 generantur
2439 3351 2478 3370 ex
2490 3347 2567 3371 term

1495 3386 1546 3403 non
1559 3379 1634 3411 fiunt
1652 3387 1690 3404 ex
1707 3386 1748 3404 ea.
1771 3379 1846 3404 Unde
1860 3386 1913 3411 per
1930 3386 2092 3412 consequens
2109 3379 2263 3405 huiusmodi
2281 3380 2334 3404 ΑΒ.

1548 3415 1574 3446 η)
1594 3415 1620 3439 in
1641 3415 1687 3439 illa
1705 3414 1879 3440 exhalatione
1902 3414 2050 3440 humida.—
2063 3415 2133 3440 inter
2151 3415 2224 3440 illam
2243 3413 2460 3447 evaporationem
2479 3414 2566 3440 humi-

1494 3449 1556 3474 dam
1576 3450 1611 3480 A,
1636 3455 1661 3474 et
1679 3450 1712 3475 ita
1731 3451 1760 3479 Β,
1774 3455 1881 3483 excepto
1900 3450 1971 3483 quod
1989 3458 2042 3475 om.
2061 3451 2140 3476 inter.
2157 3463 2176 3469 -
2195 3450 2245 3475 Pro
2263 3449 2445 3475 ext-dationis
2463 3450 2563 3481 siccae,

1494 3485 1602 3517 vapon’s
1620 3485 1685 3511 sicci
1702 3486 1738 3515 Α,
1757 3485 1956 3517 evaporationis
1974 3485 2060 3511 siccae
2078 3486 2108 3510 B.

1548 3518 1572 3552 0)
1597 3521 1657 3546 Hoc
1681 3524 1770 3546 autem
1791 3521 1830 3554 fit
1853 3521 1997 3546 secundum
2017 3521 2187 3554 quendam..
2204 3521 2373 3553 participare
2397 3520 2528 3547 ordinem.
2543 3533 2565 3542 -

1496 3556 1532 3580 Et
1550 3556 1599 3581 hoc
1617 3563 1722 3588 semper
1732 3556 1770 3589 fit
1787 3556 1931 3582 secundum
1950 3556 2072 3582 ordinem
2087 3556 2152 3588 (om.
2167 3555 2364 3582 homoteleuton
2383 3558 2413 3582 ue
2428 3555 2564 3582 scilicet...

1491 3591 1660 3623 participare
1679 3591 1817 3624 ordinem)
1836 3592 1871 3622 Α;
1890 3592 1912 3616 Β
1931 3591 2018 3624 incipit
2036 3597 2065 3616 ut
2082 3592 2115 3617 Α.

1549 3627 1567 3658 ι)
1587 3626 1620 3651 de
1639 3633 1739 3658 vapore
1757 3627 1876 3652 humido.
1894 3641 1914 3646 —
1932 3627 1965 3652 de
1983 3627 2093 3652 humido
2112 3627 2164 3656 Pa,
2184 3626 2218 3652 de
2235 3626 2346 3652 humore
2367 3625 2477 3651 humido
2495 3626 2526 3651 Β.
2543 3639 2563 3645 -

1495 3661 1546 3686 Pro
1564 3668 1581 3686 a
1600 3661 1664 3687 locis
1676 3662 1792 3695 frigidis
1809 3661 1916 3691 scilicet,
1936 3669 1954 3686 a
1972 3662 2028 3687 loco
2039 3661 2149 3695 frigido
2167 3661 2236 3687 idest
2253 3662 2309 3686 ΑΒ.
