2690 4062
1103 231 1215 268 CAP.
1246 231 1279 278 1,
1310 231 1463 268 LECT.
1493 232 1525 268 11

289 306 352 338 τοῦ
385 306 510 352 ὑγροῦ,
537 307 577 338 τὸ
604 301 634 337 δ’
663 304 896 351 ἀντικείμενον
928 306 1027 348 ξηρόν
1061 308 1122 341 τοῦ
1157 306 1291 351 πρώτου

289 349 404 395 ξηροῦ.
429 349 533 382 Πάλιν
553 345 592 383 δὲ
610 351 650 382 το
677 351 776 396 ὑγρᾶν
800 353 858 382 καὶ
877 352 918 384 τὸ
936 351 1090 397 πεπηγὸς
1107 351 1291 390 ὡσαύτως·

287 395 388 442 ὑγρόν
413 396 475 438 μὲν
525 391 563 437 dp
590 395 664 427 ἐστι
689 397 730 428 τό
756 394 834 439 ἔχον
861 395 987 427 οἰκείαν
1016 396 1212 441 ὑγρότητα,
1239 396 1293 437 βε-

288 437 471 485 βρεγμένον
497 406 534 471 ge*
560 441 602 472 τό
634 439 713 483 ἔχον
746 439 930 483 ἀλλοτρίαν
967 441 1146 486 ὑγρότητα
1179 439 1212 472 ὲν
1243 442 1290 482 τῷ

288 482 405 524 βοίθει,
433 483 587 527 πεπηγός
616 479 654 516 δὲ
687 484 727 516 *ro*
757 483 980 527 ἐστερημένον
1012 485 1157 523 ταύτης.
1188 484 1291 517 Ὥστε

286 531 345 560 καὶ
371 525 506 559 τούτων
531 529 632 560 ἔσται
657 529 697 560 τό
716 530 776 571 μὲν
794 527 895 569 ξηροῦ
922 529 963 560 τό
984 523 1022 561 δὲ
1041 530 1154 575 ὑγροῦ.
1183 530 1290 566 Δῆλον

238 574 242 577 ’
288 574 402 605 τοίνυν
428 569 484 604 ὅτι
510 572 621 605 πᾶσαι
646 574 682 604 αἱ
709 572 811 605 α”λλαι
843 569 1001 617 διαφοραὶ
1027 572 1222 619 ἀνάγονται
1246 574 1291 611 εἰς

287 618 352 654 τοίς
377 614 515 660 πρώτας
541 615 738 660 τέτταρας,

219 659 328 693 αὗται
345 658 383 694 δὲ
404 659 522 694 οὐκέτι
539 661 584 699 εἰς
605 661 789 699 ἐλάττους·
818 661 898 694 οὔτε
923 662 987 707 γοὶρ
1015 663 1056 694 τὸ
1073 660 1125 705 θερ
1155 664 1191 693 ον
1210 659 1290 705 ὅπερ

287 706 387 752 ὑγρόν
412 703 434 742 ἦ
460 703 540 750 ὅπερ
566 705 688 750 ξηρόν,
719 705 800 738 οὔτε
826 708 868 738 ‘ro'
893 706 994 751 ὑγρὸν
1019 705 1100 749 ὅπερ
1146 706 1244 749 epp-dv
1269 705 1291 741 ’ἢ

286 747 368 795 ὅπερ
394 748 533 794 ψυχρόν,
554 751 634 783 οὔτε
661 751 702 782 τὸ
727 749 853 794 ψυχρόν
877 754 935 783 καὶ
954 751 995 783 τό
1017 750 1116 795 ξηρὸν
1142 749 1210 782 οὗθ’
1232 748 1290 782 ὑπ’

287 793 404 832 ἅλληλ’
426 793 496 828 οὔθ’
517 796 584 829 ὑπὸ
606 796 647 827 τό
673 794 792 840 θερμὸν
816 797 874 827 καὶ
900 797 942 828 ‘ro‘
962 795 1062 842 ὑγρόν
1083 795 1182 827 εἰσιν·
1204 793 1287 827 ὥστ’

287 836 419 886 ἀνάγκη
447 840 624 885 τέτταρας
649 836 735 872 εἶναι
759 839 908 877 ταύτας.

355 959 365 970 ,
388 970 392 971 ⁷
416 954 421 961 ,
443 960 447 967 ,
476 938 630 974 ostquam
646 929 871 974 Philosophus
895 928 1124 962 determinavit
1139 928 1180 962 de
1204 928 1291 972 prin-

349 998 360 1005 ,
430 971 450 1014 ἔς
475 975 564 1018 cipio
577 974 737 1007 materiali
756 973 1008 1014 elementorum,
1024 973 1078 1006 hic
1097 972 1292 1006 determinat

343 1011 349 1023 x
420 1044 428 1057 .,
439 1029 459 1063 (2
475 1018 516 1052 de
532 1019 695 1063 principio
718 1018 858 1052 formali.
875 1018 918 1051 Et
933 1018 1041 1062 primo
1065 1017 1120 1051 dat
1135 1018 1290 1050 intentio-

405 1066 424 1106 Ἰ
439 1062 455 1105 ,²5
474 1074 553 1096 nem
575 1075 689 1104 suam;
713 1062 860 1096 secundo
881 1063 1092 1107 prosequitur
1115 1063 1290 1102 intentum,

419 1110 440 1121 ‘¹⁴
474 1107 536 1141 ibi:
565 1107 721 1151 Quoniam
743 1108 837 1152 igitur
858 1108 1033 1152 quaerimus
1055 1106 1071 1123 *
1095 1115 1156 1139 etc.

219 1173 221 1175 ·
383 1163 463 1196 ergo
511 1153 617 1194 rium,
664 1152 734 1186 uod
756 1164 827 1185 non
857 1152 968 1185 minus
1000 1150 1158 1184 debemus
1182 1150 1289 1183 dicere

217 1199 270 1236 de.
333 1197 340 1203 '
387 1197 394 1204 '
424 1198 430 1204 ’
461 1164 614 1230 “gaman
631 1209 649 1231 e
663 1205 873 1230 ementorum
890 1207 990 1240 quam
1006 1195 1046 1229 de
1063 1194 1231 1228 materiali.
1248 1195 1290 1228 Et

215 1244 251 1278 in
311 1241 370 1284 igit
420 1253 480 1286 per
502 1241 639 1275 formale
662 1242 864 1285 principium
888 1242 976 1284 ipsas
992 1239 1162 1273 sensibiles
1186 1239 1289 1284 quali—

216 1296 300 1322 tates
317 1287 502 1330 potentiam
521 1287 675 1319 materiae
699 1285 752 1319 vel
774 1285 945 1318 materiam
968 1284 1219 1328 distinguentes,
1238 1296 1287 1317 se-

216 1331 365 1369 cundum
389 1342 470 1375 quas
493 1330 549 1364 illa
565 1342 704 1375 corpora
721 1329 829 1375 qualia
852 1338 940 1363 sunt.
957 1329 1099 1374 Inquirit
1121 1330 1211 1362 enim
1234 1328 1288 1362 hic

215 1375 442 1419 Philosophus
458 1375 659 1419 principium
674 1385 854 1419 corporum
869 1373 1074 1407 sensibilium
1090 1374 1287 1418 inquantum

215 1419 382 1456 sensibilia
405 1429 493 1460 sunt,
512 1428 551 1453 ut
572 1421 643 1464 ipse
667 1419 746 1453 dicit
768 1420 803 1452 in
826 1418 941 1452 littera.
967 1418 1002 1451 Si
1026 1427 1137 1451 autern
1161 1418 1288 1452 dicatur

239 1465 309 1500 uod
324 1464 404 1499 velit
417 1465 581 1509 inquirere
598 1465 703 1508 princi
729 1464 759 1496 ia
781 1462 930 1496 sormalia
954 1462 1188 1504 substantialia,
1208 1472 1287 1496 tunc

252 1509 395 1544 cendum
411 1518 461 1543 est
484 1509 586 1554 quod,
605 1509 683 1560 quia
712 1519 823 1541 ormae
843 1506 1071 1540 substantiales
1091 1516 1168 1540 sunt
1191 1507 1286 1541 nobis

215 1555 349 1600 ignotae
369 1554 447 1599 quia
470 1552 694 1593 insensibiles,
716 1552 792 1586 ideo
816 1563 875 1596 per
898 1553 975 1585 istas
1004 1551 1176 1596 qualitates
1203 1563 1287 1597 quae

214 1608 295 1633 sunt
308 1597 499 1633 immediata
514 1598 618 1642 princi
644 1598 675 1631 ia
689 1597 971 1630 transmutationis
988 1595 1220 1637 substantialis,
1234 1597 1289 1631 dat

215 1643 398 1687 intelligere
424 1643 495 1687 ipsa
518 1641 605 1675 form
639 1642 669 1675 ia
721 1642 858 1686 rincipia
889 1640 1132 1681 substantialia;
1155 1651 1189 1675 et
1212 1641 1287 1675 ideo

215 1687 296 1723 dicit
316 1687 409 1733 quod
425 1687 524 1720 etiam
541 1695 674 1731 oportet
687 1653 794 1720 dicere
819 1685 933 1731 quales
950 1694 982 1719 et
1005 1694 1088 1731 quot
1107 1695 1184 1719 sunt
1207 1687 1287 1720 istae

262 1732 398 1766 alitates.
420 1730 501 1765 Ideo
525 1740 636 1764 autem
653 1730 694 1764 de
717 1731 787 1764 istis
811 1730 1027 1764 determinare
1052 1740 1194 1775 oportet,
1234 1732 1288 1764 uia

285 1775 479 1822 philosophi
495 1787 564 1809 non
580 1775 723 1809 reddunt
735 1786 868 1809 causam
885 1786 984 1820 quare
1001 1784 1089 1816 sunt,
1103 1775 1160 1809 sed
1176 1787 1215 1809 so
1229 1787 1287 1808 um

214 1832 256 1856 ex
283 1821 514 1866 suppositione
538 1829 676 1854 utuntur
699 1820 756 1853 eis.

217 1877 228 1894 1
261 1875 292 1900 2.
308 1865 438 1900 Deinde
455 1876 531 1898 cum
548 1864 640 1898 dicit:
661 1864 818 1907 Quoniam
831 1864 926 1908 igitur
939 1865 1114 1908 quaerimus
1128 1873 1201 1906 etc.,
1214 1876 1287 1909 pro-

214 1912 364 1956 sequitur
386 1911 562 1943 intentum.
580 1909 622 1943 Et
644 1910 729 1942 circa
752 1909 817 1942 hoc
841 1909 909 1942 duo
925 1908 1018 1942 facit:
1043 1910 1152 1953 primo
1177 1918 1287 1943 osten-

215 1954 264 1991 dit
286 1955 378 2000 quod
400 1966 470 1988 non
489 1965 606 1988 omnes
630 1954 874 1987 contrarietates
899 1962 976 1986 sunt
998 1953 1124 1987 formae
1147 1954 1287 1988 elemen-

214 2007 326 2034 torum
349 1999 562 2045 perfectivae,
586 1998 645 2032 sed
669 1998 780 2031 solum
803 1997 992 2042 tangibiles;
1017 1998 1164 2032 secundo
1196 1999 1286 2044 quod

213 2054 284 2078 non
303 2055 421 2078 omnes
443 2043 616 2088 tangibiles
632 2042 691 2076 sed
707 2042 817 2076 solum
834 2043 975 2087 primae:
992 2051 1025 2076 et
1041 2043 1186 2077 ostendit
1202 2055 1285 2088 quae

214 2097 293 2123 sunt
315 2089 452 2134 primae,
475 2087 538 2122 ibi:
562 2088 703 2133 Ipsorum
725 2094 826 2121 autem
857 2087 1050 2131 tangibilium
1072 2087 1088 2104 *
1112 2096 1173 2121 etc.

218 2151 223 2155 ·
258 2133 350 2168 Dicit
372 2144 452 2178 ergo
500 2133 585 2166 rimo
602 2131 704 2177 quod,
724 2133 801 2177 quia
823 2143 886 2165 nos
911 2133 1100 2176 quaerimus
1126 2133 1286 2176 principia

214 2179 364 2223 eorporis
387 2144 569 2218 sensigilis,
595 2186 629 2210 et
658 2188 728 2210 non
758 2177 868 2210 omnis
898 2175 1059 2210 sensibilis
1089 2176 1147 2210 sed
1175 2176 1285 2210 solum

213 2222 390 2267 tangibilis‚
405 2222 562 2266 tangibile
586 2230 698 2254 autem
721 2220 832 2254 solum
855 2229 905 2254 est
928 2232 1044 2254 sensus
1067 2229 1190 2261 tactus,
1215 2233 1285 2254 ma-

214 2267 371 2301 nifestum
387 2275 437 2300 est
460 2266 552 2311 quod
574 2277 644 2299 non
668 2277 785 2299 omnes
802 2266 1047 2298 contrarietates
1063 2264 1188 2298 faciunt
1211 2277 1286 2310 spe-

249 1777 269 1786 -n

148 2335 155 2342 ·
180 2336 187 2342 ·
215 2312 282 2346 cies
297 2313 366 2345 sive
382 2311 506 2345 formas
521 2313 539 2332 *
555 2311 703 2354 corporis
719 2310 892 2351 sensibilis,
910 2309 968 2343 sed
987 2309 1097 2343 solum
1113 2309 1187 2343 illae
1204 2322 1287 2354 quae

215 2365 294 2391 sunt
324 2355 494 2390 sensibiles
524 2354 709 2389 secundum
741 2363 883 2395 tactum;
908 2363 940 2388 et
967 2353 1043 2388 ideo
1078 2366 1139 2387 nec
1170 2354 1287 2388 albedo

185 2411 187 2413 ’
215 2409 250 2435 et
272 2400 428 2445 nigredo,
456 2411 518 2433 nec
542 2399 684 2434 dulcedo
708 2407 741 2432 et
770 2398 973 2439 amaritudo,
997 2410 1058 2432 nec
1090 2398 1198 2443 aliqua
1226 2399 1288 2432 alia

215 2445 378 2480 sensibilis
398 2444 537 2490 qualitas
561 2455 645 2490 quae
664 2455 734 2477 non
757 2453 807 2477 est
825 2443 1002 2487 tangibilis‚
1018 2442 1095 2476 facit
1113 2443 1287 2477 elementa.

215 2490 258 2525 Et
279 2489 380 2524 huius
404 2501 501 2523 causa
525 2498 584 2530 est,
609 2489 686 2534 quia
713 2499 783 2521 non
811 2497 889 2522 sunt
912 2489 1055 2532 primae,
1079 2499 1140 2521 nec
1164 2489 1288 2522 activae

214 2546 277 2569 nec
300 2535 449 2579 passivae
466 2534 661 2574 adinvicem,
678 2532 866 2566 cuiusmodi
883 2541 1015 2577 oportet
1039 2544 1111 2566 esse
1127 2533 1288 2577 principia

215 2580 402 2624 primorum
426 2589 620 2623 corpomm,
641 2577 765 2611 scilicet
787 2577 1046 2617 elementorum,
1071 2586 1104 2610 et
1126 2577 1203 2611 ideo
1219 2589 1288 2611 non

214 2632 436 2658 transmutant
451 2635 489 2657 ea
506 2634 590 2668 quae
609 2631 759 2666 tangunt,
776 2631 808 2655 et
851 2631 1002 2666 ropterea
1019 2633 1090 2655 non
1113 2621 1224 2655 valent
1247 2622 1288 2656 ad

215 2669 463 2713 generationem
486 2676 519 2701 et
542 2668 790 2711 corruptionem
814 2678 831 2700 e
846 2675 1055 2700 ementorum
1074 2676 1101 2699 α.

222 2732 224 2734 v
263 2723 293 2757 3.
310 2712 441 2746 Deinde
458 2723 535 2746 cum
551 2711 647 2745 dicit:
667 2711 819 2754 Quamvis
830 2712 918 2756 prior
933 2720 1006 2751 etc.,
1021 2719 1170 2744 removet
1186 2711 1289 2756 quod-

216 2756 293 2791 dam
317 2757 465 2791 dubium.
484 2757 573 2791 Cum
588 2757 677 2790 enim
694 2764 828 2800 quaerat
851 2755 904 2789 hic
921 2755 1146 2799 Philosophus
1165 2754 1288 2789 formas

216 2801 409 2846 perfectivas
425 2812 604 2846 corporum
619 2801 871 2841 elementorum,
887 2809 920 2833 et
936 2811 1012 2833 cum
1028 2801 1119 2833 visus
1141 2801 1183 2833 sit
1198 2801 1290 2844 prior

217 2855 322 2888 tactu,
346 2855 379 2880 et
401 2845 477 2880 ideo
510 2846 678 2879 obiectum
700 2845 791 2878 visus
815 2845 858 2877 sit
885 2846 976 2889 prius
1005 2844 1136 2877 obiecto
1164 2853 1288 2885 tactus,

216 2892 330 2936 potius
344 2890 476 2925 videtur
499 2889 591 2935 quod
606 2889 731 2923 formae
748 2889 944 2934 perfectivae
965 2888 1207 2922 elementorum
1223 2890 1289 2922 sint

217 2935 422 2981 quaerendae
445 2947 547 2980 penes
563 2934 762 2968 differentias
778 2935 869 2967 visus
886 2945 986 2978 quam
1006 2942 1122 2966 tactus.
1142 2933 1207 2967 Sed
1223 2933 1288 2967 hoc

215 2989 376 3022 removet,
394 2979 506 3014 dicens
527 2979 617 3024 quod
635 2979 785 3024 quamvis
808 2979 899 3012 visus
924 2979 966 3011 sit
981 2989 1050 3011 uno
1075 2978 1177 3011 modo
1198 2979 1288 3022 prior

215 3033 316 3066 tactu,
338 3025 415 3070 quia
438 3024 545 3058 forma
572 3033 605 3057 et
627 3026 645 3045 *
668 3023 825 3067 dignitate
849 3023 940 3067 prior
960 3031 1009 3056 est
1033 3022 1188 3055 omnibus
1213 3034 1287 3055 sen-

216 3069 317 3110 sibus,
333 3078 366 3103 et
389 3068 465 3103 ideo
490 3068 657 3113 obiectum
686 3069 777 3102 visus
809 3068 899 3112 prius
931 3076 980 3100 est
1009 3066 1139 3100 obiecto
1169 3075 1287 3107 tactus,

216 3122 328 3148 tamen
351 3113 490 3159 qualitas
515 3125 598 3158 quae
623 3121 672 3146 est
696 3112 863 3146 obiectum
886 3113 977 3145 visus
1001 3123 1070 3145 non
1095 3120 1144 3144 est
1167 3123 1287 3155 corpus

216 3158 373 3207 tangibile
397 3158 581 3192 secundum
606 3157 697 3202 quod
721 3156 894 3200 tangibile,
918 3157 1046 3190 etiarnsi
1069 3156 1179 3189 visum
1210 3167 1288 3189 con-

227 3362 229 3364 *
272 3355 300 3388 α)
319 3354 419 3380 scilicet
437 3355 659 3379 elementorum...
674 3353 873 3378 elementorum.
886 3367 906 3371 -
918 3353 988 3377 Haec
1002 3360 1055 3376 om.
1069 3352 1108 3376 Ca
1127 3357 1153 3376 et
1168 3352 1288 3376 videntur

217 3391 373 3423 deprompta
386 3397 417 3414 ex
431 3390 461 3414 B.
471 3389 586 3418 Alberto,
599 3389 644 3421 qui
663 3389 738 3421 legit:
756 3397 775 3412 «ιι4
788 3389 821 3412 Et
841 3388 917 3412 huius
941 3395 1018 3412 causa
1032 3392 1072 3412 est
1085 3387 1146 3419 quia
1164 3395 1213 3417 nec
1236 3387 1288 3419 pri-

218 3433 278 3451 mae
291 3430 352 3450 sunt
371 3432 419 3450 nec
438 3424 535 3449 activae
554 3432 602 3449 nec
621 3424 740 3457 passivae
746 3431 753 3454 ;
774 3428 799 3448 et
812 3423 872 3456 quia
886 3431 939 3447 non
954 3427 1016 3447 sunt
1034 3423 1145 3455 primae,
1164 3423 1222 3447 ideo
1235 3430 1287 3446 non

219 3466 281 3486 sunt
305 3461 449 3493 primorum
470 3467 627 3492 corporum,
643 3467 710 3492 quae
737 3464 798 3489 sunt
821 3459 961 3488 elementa3
987 3463 1013 3482 et
1036 3457 1096 3490 quia
1120 3465 1167 3482 nec
1191 3457 1288 3482 activae

219 3505 267 3522 nec
286 3496 414 3529 passivae,
434 3495 494 3528 quia
512 3499 747 3519 transmutarentur
765 3494 835 3527 (ideo
854 3501 907 3518 non
926 3491 1161 3525 transmutat-enti)
1176 3500 1206 3517 ea
1221 3500 1288 3525 quae

217 3537 334 3564 tangunt,
354 3535 379 3556 et
398 3531 431 3556 ita
450 3534 503 3555 non
522 3530 637 3555 valerent
655 3530 687 3554 ad
706 3530 898 3562 generationem
918 3534 943 3553 et
962 3528 1155 3561 corruptionem
1174 3528 1288 3552 elemen-

247 3575 315 3592 tum.
336 3577 349 3589 2

218 3573 246 3593 to
273 3601 298 3635 β)
319 3605 407 3628 movet
429 3602 530 3627 caelum
556 3601 706 3626 materiam.
725 3615 744 3619 -
762 3603 849 3625 movet
872 3599 1012 3624 materiam
1038 3599 1122 3624 solum
1147 3599 1287 3623 materiam

2333 242 2418 267 XXIX

1414 310 1534 341 siccum
1552 310 1647 350 primi
1671 310 1754 341 sicci.
1771 309 1787 326 *
1806 311 1948 342 Rursum
1967 317 2075 341 autern
2090 311 2262 342 humidum
2291 318 2321 342 et
2345 321 2416 341 coa-

1413 355 1560 394 gulatum
1576 355 1735 386 similiter:
1760 355 1933 386 humidum
1948 355 2034 386 enirn
2051 362 2107 394 est,
2124 356 2214 396 quod
2229 356 2323 386 habet
2345 365 2417 395 pro-

1413 399 1517 438 priam
1539 399 1774 438 humiditatem,
1798 400 1943 431 infusum
1973 406 2081 430 autern
2113 400 2203 440 quod
2226 400 2320 431 habet
2343 400 2415 430 alie-

1413 453 1489 474 nam
1505 443 1728 475 humiditatem
1742 444 1775 474 in
1792 444 1967 485 profundo,
1984 444 2188 484 coagulatum
2203 451 2311 475 autem
2325 445 2415 485 quod

1413 488 1554 528 privatur
1583 488 1651 519 hac.
1677 488 1881 530 Quapropter
1903 496 1934 520 et
1962 489 2080 519 horum
2103 489 2175 527 erit,
2199 488 2261 519 hoc
2284 488 2416 529 quidem

1413 531 1504 570 sicci,
1529 532 1591 563 hoc
1614 540 1721 563 autem
1745 533 1880 564 humidi.
1905 533 2112 564 Manifestum
2134 533 2230 572 igitur
2261 532 2416 573 quoniam

1414 586 1527 607 omnes
1551 577 1628 607 aliae
1645 577 1835 608 differentiae
1858 578 2053 609 reducuntur
2069 578 2109 608 ad
2132 577 2250 618 primas
2266 583 2414 618 quatuor.

1347 663 1416 693 Hae
1432 670 1540 694 autem
1555 675 1621 695 non
1638 666 1775 706 amplius
1790 666 1824 696 in
1838 666 2019 706 pauciores:
2044 676 2149 707 neque
2172 666 2259 697 enim
2277 666 2415 697 calidum

1413 708 1503 747 quod
1533 708 1652 739 siccum
1683 717 1738 741 aut
1772 711 1861 751 quod
1895 711 2085 750 humidum,
2109 721 2214 752 neque
2243 710 2415 741 humidum

1414 752 1504 792 quod
1527 750 1667 783 calidum
1697 761 1752 785 aut
1775 755 1864 795 quod
1887 755 2057 796 frigidum,
2082 765 2186 796 neque
2210 755 2362 796 frigidum
2385 762 2416 786 et

1413 795 1533 826 siccum
1556 807 1660 838 neque
1675 799 1733 829 sub
1753 798 1889 830 invicem
1907 810 2011 841 neque
2026 801 2086 831 sub
2105 800 2208 830 calido
2225 806 2256 830 et
2278 799 2413 830 humido

1413 846 1504 879 sunt;
1533 849 1727 882 quapropter
1757 853 1883 874 necesse
1913 851 2051 885 quatuor
2074 854 2141 875 esse
2168 844 2234 875 has.

1348 927 1452 970 tingat
1467 939 1539 961 esse
1555 928 1738 961 secundum
1754 939 1903 963 naturam
1921 931 2079 974 primum:
2097 931 2188 975 prior
2203 931 2292 964 enim
2308 931 2414 965 forma

1348 980 1397 1004 est
1420 980 1453 1005 et
1476 971 1632 1016 dignitate
1657 981 1689 1006 et
1711 973 1775 1006 fine
1807 974 1960 1008 omnibus
1991 975 2150 1008 sensibus.
2176 976 2218 1009 Et
2246 976 2274 1008 si
2305 985 2354 1009 est
2377 985 2414 1009 ut

1347 1015 1472 1049 dictum
1495 1025 1555 1058 est,
1572 1026 1604 1050 et
1628 1016 1794 1051 obiectum
1818 1020 1908 1052 visus
1951 1020 2017 1052 rius
2042 1029 2091 1053 est
2113 1019 2249 1053 obiectis
2273 1020 2413 1054 aliorum

1347 1072 1516 1102 sensuum,
1534 1073 1602 1095 non
1619 1070 1729 1095 tamen
1753 1074 1851 1096 omne
1868 1064 1929 1096 visi
1954 1063 1994 1097 ile
2015 1064 2072 1098 sed
2088 1064 2198 1098 solum
2213 1065 2327 1098 lumen
2344 1066 2412 1098 sive

1345 1104 1420 1138 lux:
1445 1107 1523 1150 quia
1538 1117 1597 1149 per
1619 1106 1725 1150 ipsam
1748 1116 1862 1140 movet
1882 1107 2009 1141 caelum
2024 1109 2194 1142 materiam
2212 1110 2226 1144 β
2246 1109 2413 1153 generabi-

1345 1149 1427 1182 lium
1452 1158 1484 1183 et
1500 1150 1763 1194 corruptibilium
1780 1151 1819 1185 ad
1840 1163 1975 1186 omnem
1991 1152 2140 1186 formam.
2159 1154 2284 1187 Tactus
2301 1163 2412 1188 autem

1345 1193 1494 1227 subiecto
1518 1195 1608 1238 prior
1639 1204 1698 1236 est,
1723 1196 1799 1240 quia
1822 1196 2039 1230 substernitur
2062 1197 2216 1231 omnibus
2240 1199 2389 1232 sensibus
2403 1225 2412 1239 ,

1345 1247 1382 1271 ut
1405 1247 1494 1282 patet
1518 1240 1550 1273 II
1574 1239 1608 1272 de
1630 1240 1759 1280 Anima,
1778 1249 1811 1274 et
1834 1253 1911 1274 suae
1928 1243 2171 1276 contrarietates
2195 1251 2272 1276 sunt
2296 1255 2412 1276 causae

1344 1284 1496 1316 omnium
1514 1285 1791 1317 contrarietatum.
1809 1286 1851 1318 Et
1866 1285 1930 1319 hoc
1947 1295 2045 1330 patet,
2066 1288 2142 1331 quia
2166 1299 2234 1320 non
2251 1289 2411 1322 sentimus

1343 1327 1527 1361 secundum
1550 1337 1685 1369 tactum,
1710 1329 1773 1362 nisi
1797 1329 1830 1363 id
1854 1330 1944 1374 quod
1969 1331 2096 1364 excellit
2122 1331 2292 1376 qualitates
2319 1344 2410 1366 com-

1343 1371 1568 1415 plexionantes
1585 1372 1732 1406 medium
1749 1383 1853 1407 tactus
1877 1385 1893 1409 γ
1914 1375 2002 1419 quod
2018 1384 2066 1408 est
2082 1387 2168 1416 caro,
2191 1385 2223 1409 et
2238 1376 2311 1410 illae
2335 1386 2412 1410 sunt

1344 1416 1509 1457 calidum,
1532 1416 1706 1461 frigidum,
1730 1418 1906 1452 humidum
1937 1429 1969 1453 et
1992 1421 2127 1461 siccum,
2152 1432 2291 1465 quarum
2321 1422 2411 1455 nulla

1344 1469 1393 1493 est
1416 1461 1450 1494 in
1475 1461 1585 1494 caelo:
1610 1471 1643 1495 et
1659 1462 1735 1496 ideo
1760 1463 1888 1496 caelum
1904 1464 2087 1498 secundum
2110 1474 2261 1498 naturam
2277 1477 2346 1499 non
2363 1475 2412 1499 est

1344 1505 1496 1539 sensibile
1521 1515 1609 1539 tactu
1634 1506 1691 1540 sed
1715 1507 1825 1540 solum
1849 1507 2021 1549 elementa,
2038 1510 2072 1542 in
2097 1509 2215 1554 quibus
2232 1520 2309 1543 sunt
2333 1523 2411 1555 qua-

1344 1559 1421 1583 tuor
1445 1550 1617 1628 cBlalitates
1641 1563 1681 1584 ex
1728 1551 1823 1585 uibus
1847 1552 1883 1585 fit
1907 1553 2093 1597 complexio
2118 1563 2150 1587 et
2173 1563 2289 1587 tactus.

1396 1605 1426 1637 4.
1486 1594 1581 1628 einde
1606 1607 1683 1629 cum
1730 1597 1801 1630 icit:
1825 1597 1965 1641 Ipsorum
1988 1604 2087 1631 autem
2119 1605 2171 1632 tan
2190 1598 2309 1632 ibilium
2332 1608 2411 1641 etc.,

1344 1639 1490 1672 ostendit
1509 1639 1600 1684 quod
1622 1651 1692 1673 non
1716 1652 1832 1674 omnes
1857 1641 2028 1686 qualitates
2052 1610 2231 1687 tangibffes.
2247 1653 2325 1677 sunt
2347 1644 2411 1677 for-

1344 1695 1416 1717 mae
1440 1683 1635 1728 perfectivae
1661 1684 1912 1726 elementorum‚
1929 1686 1986 1720 sed
2010 1686 2119 1720 solum
2140 1689 2264 1731 primae
2288 1689 2411 1722 activae

1344 1736 1376 1761 et
1400 1729 1548 1772 passivae
1568 1738 1645 1762 sunt
1661 1729 1855 1763 adinvicem.
1873 1731 1914 1764 Et
1931 1732 2014 1764 circa
2030 1731 2095 1764 hoc
2110 1733 2170 1765 tria
2186 1732 2278 1766 facit:
2302 1734 2411 1777 primo

1344 1772 1461 1806 dividit
1477 1773 1648 1818 qualitates
1665 1774 1852 1818 tangibiles;
1872 1775 2019 1809 secundo
2036 1776 2179 1810 ostendit
2217 1777 2285 1811 uod
2301 1778 2411 1811 solum

1342 1817 1404 1850 hae
1429 1826 1581 1862 quatuor,
1598 1818 1722 1852 scilicet
1745 1819 1898 1860 calidum,
1914 1819 2080 1864 frigidum,
2105 1820 2198 1854 humi
2222 1833 2280 1854 um
2296 1831 2328 1855 et
2351 1823 2411 1855 sic-

1343 1873 1431 1903 cum,
1455 1871 1532 1895 sunt
1555 1863 1679 1896 activae
1703 1872 1735 1897 et
1758 1865 1917 1908 passivae,
1941 1864 2001 1897 ibi:
2022 1865 2147 1899 Horum
2170 1872 2270 1899 autem
2293 1866 2308 1883 *
2325 1865 2411 1907 'etc.;

1343 1908 1439 1941 tertio
1457 1907 1601 1940 ostendit
1617 1907 1707 1952 quod
1723 1909 1813 1952 ipsae
1830 1917 1907 1942 sunt
1922 1909 2058 1953 primae,
2075 1910 2152 1954 quia
2168 1909 2208 1943 ad
2224 1922 2278 1943 eas
2295 1922 2411 1944 omnes

1343 1952 1423 1985 aliae
1448 1952 1660 1993 reducuntur,
1677 1952 1736 1986 ibi:
1762 1953 1874 1987 Subtile
1897 1960 1998 1987 autem
2021 1961 2047 1987 et
2066 1965 2204 1998 grossum
2222 1954 2238 1971 *
2261 1963 2321 1988 etc.

1387 1998 1477 2031 Dicit
1492 2009 1571 2041 ergo
1588 1998 1697 2041 primo
1722 1997 1812 2042 quod
1837 1997 2031 2032 dividendae
2047 2008 2124 2032 sunt
2140 1999 2311 2043 tangibiles
2336 2011 2412 2043 qua-

1342 2042 1448 2075 litates
1479 2043 1548 2075 sive
1573 2043 1827 2083 contrarietates,
1848 2051 1884 2075 ut
1907 2042 2078 2076 videamus
2103 2055 2186 2088 quae
2210 2055 2322 2076 earum
2347 2045 2412 2077 sint

1342 2087 1477 2131 primae.
1492 2087 1578 2120 Sunt
1593 2095 1703 2119 autem
1717 2088 1960 2120 contrarietates
1976 2087 2160 2121 secundum
2175 2097 2298 2121 tactum
2315 2088 2410 2121 haec:

1343 2131 1485 2165 calidum
1510 2130 1676 2174 frigidum,
1701 2131 1877 2165 humidum
1900 2132 2040 2172 siccum,
2064 2143 2161 2176 grave
2185 2132 2267 2174 leve,
2290 2132 2410 2166 durum

1342 2175 1454 2216 molle,
1469 2175 1633 2208 lubricum
1657 2175 1796 2216 aridum,
1819 2187 1972 2220 asperum
1995 2175 2080 2217 lene,
2104 2188 2258 2220 grossum
2281 2177 2409 2210 subtile.

1342 2221 1465 2254 Rarum
1489 2228 1600 2253 autem
1624 2228 1656 2253 et
1679 2220 1835 2261 densum,
1859 2228 1896 2253 ut
1919 2221 1953 2253 in
1977 2221 2026 2254 IV
2049 2221 2164 2266 Physic.
2190 2221 2318 2262 dicitur,
2342 2233 2411 2254 non

1341 2273 1419 2298 sunt
1466 2264 1614 2297 ualitates
1646 2264 1812 2308 physicae,
1837 2264 1894 2298 sed
1918 2265 2041 2308 positio
2072 2266 2214 2309 partium
2238 2267 2410 2306 materiae,

1341 2277 1525 2348 secundum
1550 2310 1777 2354 propinquum
1801 2310 1835 2342 in
1859 2309 1962 2342 denso
1987 2318 2019 2342 et
2042 2309 2224 2343 secundum
2244 2319 2410 2343 remotum

1341 2355 1375 2387 in
1398 2365 1483 2387 raro.

1389 2408 1417 2440 5.
1435 2397 1566 2432 Deinde
1590 2409 1667 2431 cum
1691 2397 1786 2431 dicit:
1811 2398 1936 2432 Horum
1951 2405 2052 2431 autem
2067 2410 2161 2442 grave
2177 2407 2250 2439 etc.,
2267 2399 2410 2432 ostendit

1342 2442 1434 2488 quod
1457 2442 1518 2476 hae
1542 2441 1653 2475 solum
1677 2451 1819 2487 quatuor
1843 2442 2014 2487 qualitates
2038 2452 2116 2476 sunt
2138 2443 2261 2476 activae
2285 2452 2317 2476 et
2340 2455 2410 2488 pas-

1342 2489 1430 2520 sivae
1454 2487 1656 2528 adinvicem,
1681 2495 1714 2520 et
1740 2499 1797 2531 per
1829 2498 2035 2532 consequens
2060 2487 2150 2532 quod
2181 2497 2258 2521 sunt
2286 2487 2410 2521 formae

1342 2531 1593 2565 elementorum.
1613 2531 1678 2565 Sed
1696 2533 1772 2576 quia
1795 2543 1893 2576 grave
1909 2541 1942 2565 et
1964 2531 2036 2565 leve
2060 2541 2138 2565 sunt
2153 2533 2305 2576 propriae
2330 2545 2410 2577 qua-

1342 2577 1449 2610 litates
1467 2575 1719 2617 elementorum,
1739 2575 1779 2609 de
1795 2576 1915 2621 quibus
1931 2585 2044 2620 posset
2066 2576 2169 2610 videri
2189 2577 2279 2621 quod
2304 2586 2412 2610 essent

1342 2622 1493 2666 ipsorum
1517 2620 1666 2654 formalia
1685 2621 1856 2665 principia,
1873 2621 1948 2654 ideo
1966 2622 2074 2665 primo
2091 2621 2209 2655 dicitur
2233 2621 2323 2666 quod
2342 2633 2410 2654 non

1342 2675 1420 2699 sunt
1443 2666 1549 2699 activa
1572 2677 1633 2698 nec
1648 2666 1787 2709 passiva.
1805 2666 1847 2699 Et
1862 2665 1926 2698 hoc
1943 2665 2084 2699 declarat
2107 2666 2120 2691 δ
2141 2677 2200 2710 per
2215 2666 2354 2699 modum
2374 2667 2413 2699 si-

1342 2709 1520 2754 gnificandi
1543 2710 1715 2754 ipsorum:
1743 2710 1819 2754 quia
1846 2721 1914 2743 non
1950 2710 2135 2754 significant
2165 2711 2329 2743 actionem
2360 2710 2412 2743 vel

1342 2756 1542 2799 passionem,
1563 2766 1640 2787 cum
1663 2766 1733 2787 non
1759 2755 1825 2787 sint
1851 2752 1987 2787 noniina
2014 2754 2164 2788 verbalia.
2191 2755 2279 2788 Cum
2303 2763 2412 2788 autem

1342 2799 1504 2833 elementa
1526 2800 1726 2833 misceantur
1743 2808 1775 2832 et
1791 2807 2049 2832 transmutentur
2072 2798 2264 2839 adinvicem,
2281 2807 2413 2842 oportet

1343 2843 1434 2888 quod
1451 2844 1516 2876 sint
1532 2844 1636 2876 activa
1651 2843 1704 2877 vel
1720 2844 1864 2888 passiva:
1883 2843 1958 2876 talia
1975 2852 2084 2876 autem
2101 2855 2171 2876 esse
2187 2854 2254 2875 non
2272 2852 2412 2887 possunt

1342 2889 1405 2921 nisi
1429 2899 1488 2932 per
1510 2887 1660 2921 formalia
1691 2900 1750 2921 sua
1772 2888 1941 2932 principia.
1960 2888 2009 2920 Ex
2039 2887 2090 2920 his
2118 2888 2218 2930 igitur
2241 2886 2411 2920 manifeste

1342 2933 1499 2977 sequitur,
1524 2932 1614 2976 quod
1637 2944 1699 2965 nec
1722 2944 1819 2976 grave
1843 2943 1904 2965 nec
1926 2931 1998 2965 leve
2022 2940 2099 2964 sunt
2124 2931 2273 2964 formalia
2296 2932 2413 2975 princi-

1343 2978 1397 3022 pia
1421 2977 1672 3010 elementorum.

1387 3023 1418 3055 6.
1435 3020 1564 3055 Deinde
1585 3032 1660 3054 cum
1677 3019 1771 3053 dicit:
1792 3020 1935 3054 Calidum
1951 3026 2051 3053 autem
2068 3028 2140 3060 etc.,
2157 3019 2300 3053 ostendit
2322 3020 2411 3064 quod

1343 3066 1404 3099 hae
1429 3074 1571 3110 quatuor
1595 3065 1775 3109 qualitates,
1797 3064 1920 3097 scilicet
1944 3063 2086 3097 calidum
2110 3073 2142 3097 et
2164 3063 2330 3107 frigidum,
2351 3065 2411 3097 hu-

1344 3110 1472 3143 midum
1486 3119 1518 3142 et
1530 3110 1664 3150 siccum,
1677 3118 1755 3142 sunt
1771 3109 1892 3142 activae
1906 3117 1938 3141 et
1953 3109 2111 3152 passivae.
2126 3109 2167 3142 Et
2202 3109 2287 3142 rimo
2301 3117 2410 3142 osten-

1345 3154 1392 3188 dit
1416 3154 1480 3187 hoc
1500 3153 1540 3187 de
1565 3153 1670 3186 calido
1690 3162 1723 3186 et
1746 3152 1876 3196 frigido,
1897 3152 2008 3186 dicens
2029 3152 2119 3197 quod
2143 3164 2179 3186 ca
2193 3152 2285 3186 idum
2309 3162 2341 3186 et
2360 3153 2412 3186 fri—

1342 3351 1382 3376 ed.
1401 3358 1426 3380 a,
1446 3350 1531 3375 solum
1550 3353 1638 3374 movet
1657 3350 1797 3375 materiam
1817 3350 1851 3380 C;
1870 3351 1899 3374 B.
1914 3350 2051 3374 Albertus:
2073 3360 2085 3373 ιι
2103 3355 2208 3383 propter
2227 3352 2312 3376 lucem
2332 3358 2358 3377 et
2372 3353 2411 3377 lu-

1341 3394 1401 3410 men
1421 3386 1491 3418 quod
1511 3385 1594 3410 forma
1613 3390 1653 3410 est
1670 3385 1828 3415 formarum,
1848 3386 1907 3418 quia
1926 3393 1973 3418 per
1991 3386 2077 3418 ipsum
2097 3392 2185 3411 movet
2205 3397 2218 3409 ›
2239 3393 2288 3412 etc.
2307 3393 2335 3412 ut
2355 3388 2383 3412 P.

1394 3421 1421 3454 γ)
1436 3421 1578 3453 qualitates
1591 3421 1836 3452 complexionantes
1852 3421 1966 3446 medium
1978 3424 2074 3446 tactus.
2083 3423 2254 3447 -secundum
2268 3423 2412 3455 qualitates

1341 3456 1572 3488 complexionatas
1583 3456 1698 3481 medium
1706 3456 1805 3489 (medio
1813 3456 1843 3489 P)
1853 3459 1939 3481 tactus
1950 3457 2040 3486 PCab;
2051 3458 2209 3482 correximus
2217 3466 2247 3483 ex
2257 3459 2286 3483 B.
2294 3459 2410 3483 Alberto.

1395 3490 1419 3524 δ)
1439 3491 1568 3516 declarat.
1586 3505 1605 3510 -
1624 3491 1784 3516 determinat
1802 3492 1849 3516 Ca.
1863 3506 1881 3510 —
1900 3491 1953 3517 Pab
1978 3492 2068 3524 legunt
2091 3493 2198 3518 modum
2224 3499 2282 3518 ante
2302 3499 2327 3518 et
2352 3499 2412 3527 post

1341 3527 1521 3560 significandi.
1539 3541 1558 3546 —
1576 3527 1626 3551 Pro
1645 3535 1703 3552 cum
1724 3535 1775 3552 non
1795 3527 1850 3552 sint
1868 3527 1977 3552 nomina
2002 3528 2133 3558 verbalia,
2153 3536 2212 3553 cum
2233 3536 2284 3553 non
2310 3529 2346 3553 sit
2365 3537 2411 3554 no-

1342 3563 1415 3587 mina
1434 3563 1475 3587 ed.
1488 3569 1513 3591 a,
1534 3563 1604 3594 quod
1619 3563 1639 3587 C
1653 3570 1720 3593 om.;
1735 3564 1765 3587 B.
1778 3563 1916 3587 Albertus:
1931 3573 1944 3585 ‹
1961 3563 2022 3596 quia
2038 3572 2091 3588 non
2104 3569 2165 3589 sunt
2179 3565 2282 3589 nomina
2296 3565 2411 3589 verbalia

1341 3599 1469 3622 actionem
1487 3598 1529 3622 vel
1548 3598 1697 3630 passionem
1717 3598 1916 3623 denominantia.
1937 3607 1951 3622 s

2447 318 2455 327 ’
2467 318 2536 341 Text.
2552 325 2583 347 15·

2439 1871 2449 1881 ⁸
2464 1871 2535 1893 Num.
2550 1877 2598 1898 seq.

2438 1959 2448 1969 ⁸
2463 1958 2534 1980 Num.
2549 1959 2571 1980 8.

2538 2672 2552 2697 ΘΙ
