2782 4134
129 365 145 400 β

31 424 49 472 :¹
56 423 121 476 [aget.
135 421 242 450 praeced.

1123 282 1234 319 CA-P.
1264 282 1316 330 V,
1346 281 1498 318 LECT.
1528 281 1600 318 XV

269 366 402 397 natum
425 371 620 407 apponere
638 357 667 406 β,
683 366 725 395 ut
742 358 954 396 inveniatur
967 359 1049 396 talis
1068 360 1203 397 solutio
1219 373 1334 408 quae—

269 412 412 459 stionis,
429 424 506 461 qua
525 412 719 448 salventur
746 411 816 448 tria
835 424 934 459 quae
963 424 1076 460 supra
1090 413 1110 434 ’¹‘
1131 413 1229 450 dicta
1248 421 1336 451 sunt

270 465 318 502 de
341 464 488 501 ratione
517 464 722 511 augmenti.
753 465 929 511 Quorum
958 465 1125 512 primum
1155 474 1211 502 est
1229 466 1333 515 quod

267 517 308 555 id
327 517 434 567 quod
456 525 625 565 augetur,
645 525 882 565 permaneat:
912 518 1125 554 secundum
1147 526 1201 555 est
1229 519 1334 567 quod

269 577 518 618 augmentum
547 570 614 606 fiat
642 569 868 607 adveniente
898 569 1038 618 aliquo,
1059 578 1095 606 et
1124 571 1333 608 deminutio

269 623 396 671 aliquo
425 623 647 660 recedente:
677 622 829 659 tertium
857 630 913 659 est
937 623 1043 670 quod
1071 624 1269 671 quodlibet
1286 624 1334 661 si-

267 688 389 727 gnum
425 682 632 722 sensatum,
662 675 758 713 idest
786 675 976 724 quaelibet
1011 687 1099 724 pars
1128 676 1333 723 sensibilis,

269 730 349 767 eius
377 730 483 778 quod
510 736 679 777 augetur,
700 729 768 765 fiat
794 728 919 765 maior
945 728 984 765 in
1012 737 1240 777 augmento,
1271 736 1335 766 aut

268 782 396 822 minor
417 782 456 819 in
484 781 759 819 deminutione.

323 835 502 873 Secundo
523 835 686 872 ostendit
705 835 904 883 quomodo
924 834 1084 872 intendit
1102 834 1171 871 tria
1191 834 1334 883 impos-

268 888 390 926 sibilia
408 894 422 915 Υ
448 888 587 925 vitare:
614 888 741 937 primo
775 887 931 937 quidem
959 895 1000 924 ut
1032 900 1112 924 non
1138 900 1332 936 ponamus

268 954 408 991 corpus
436 942 542 990 quod
569 949 728 989 augetur
763 953 844 978 esse
879 953 1064 987 vacuum;
1094 941 1265 978 secundo
1292 948 1335 977 ut

267 1007 347 1034 non
373 1006 566 1044 ponamus
586 994 681 1032 duas
709 994 999 1045 magnitudines,
1019 994 1116 1031 idest
1144 994 1222 1031 duo
1252 1006 1333 1030 cor-

265 1060 375 1098 pora,
397 1060 480 1084 esse
499 1047 630 1094 simul;
658 1047 767 1085 tertio
787 1055 828 1084 ut
846 1059 926 1084 non
939 1059 1132 1096 ponamus
1151 1059 1333 1095 augmen-

266 1109 349 1139 tum
376 1100 459 1138 fieri
486 1113 556 1150 per
583 1100 816 1138 additionem
839 1100 996 1137 alicuius
1024 1100 1251 1149 incorporei.
1271 1100 1334 1138 Vi-

268 1153 378 1192 detur
406 1154 519 1201 enim,
540 1154 744 1203 suppositis
766 1153 968 1202 praedictis
996 1153 1332 1203 suppositionibus,

221 1232 228 1239 ·
267 1207 588 1253 alterumrhorm'n
614 1207 635 1229 '¹‘
661 1206 1014 1245 inconvenientium
1035 1219 1081 1243 ex
1109 1206 1331 1244 necessitate

233 1278 237 1282 ¹·
253 1260 395 1309 sequi.
411 1260 452 1297 Si
481 1260 584 1298 enim
612 1267 770 1308 augetur
797 1260 989 1309 quaelibet
1005 1272 1095 1309 pars
1124 1260 1204 1296 eius
1229 1259 1333 1308 quod

267 1321 438 1363 augetur,
459 1320 496 1350 et
521 1313 613 1351 nihil
641 1321 800 1361 augetur
826 1313 898 1350 nisi
926 1313 1153 1350 adveniente
1182 1312 1332 1360 aliquo,

267 1374 419 1416 oportet
446 1367 551 1415 quod
580 1366 732 1404 cuilibet
766 1365 864 1415 parti
892 1366 972 1403 eius
1009 1366 1115 1414 quod
1153 1373 1331 1413 augetur,

267 1419 409 1469 aliquid
445 1420 644 1458 adveniat:
686 1419 718 1457 si
755 1431 846 1467 ergo
883 1419 975 1456 illud
991 1419 1120 1467 -quod
1157 1418 1332 1466 advenit,

266 1485 346 1511 non
374 1480 431 1510 est
457 1472 746 1522 incorporeum,
775 1479 926 1521 oportet
954 1471 1032 1509 duo
1061 1484 1223 1521 corpora
1250 1484 1333 1508 esse

265 1525 400 1574 simul,
437 1525 509 1563 nisi
543 1533 708 1575 ponatur
744 1537 885 1574 corpus
918 1525 1023 1574 quod
1060 1533 1218 1573 augetur
1251 1537 1334 1562 esse

264 1591 446 1617 vacuum.

319 1644 356 1670 2.
385 1631 535 1670 Deinde
571 1644 659 1668 cum
688 1630 794 1668 dicit:
830 1631 1073 1679 Suscipienda
1102 1638 1190 1679 etc.,
1220 1630 1335 1668 solvit

266 1684 555 1727 dubitationem.
585 1685 635 1722 Et
660 1684 787 1734 primo
814 1684 1020 1733 praemittit
1048 1685 1240 1733 quaedam
1268 1696 1334 1721 ne-

266 1738 428 1782 cessaria
447 1737 498 1775 ad
516 1737 748 1786 quaestionis
768 1737 1016 1784 solutionem3
1037 1738 1207 1775 secundo
1226 1737 1335 1786 ponit

265 1791 509 1838 solutionem,
531 1791 599 1828 ibi:
634 1790 846 1834 Quamlibet
864 1791 982 1840 igitur
1002 1796 1153 1840 partem
1172 1790 1193 1812 '¹‘
1221 1798 1291 1828 etc.
1307 1812 1331 1818 -

266 1844 376 1884 Circa
402 1844 571 1893 primum
601 1844 679 1881 duo
707 1843 899 1893 proponit.
930 1843 1041 1881 Circa
1065 1856 1231 1892 quorum
1258 1843 1334 1892 pri-

266 1908 376 1937 mum
406 1897 495 1940 dicit
522 1897 630 1946 quod
663 1905 815 1947 oportet
842 1897 1034 1946 suscipere
1064 1909 1235 1944 causam,
1264 1909 1334 1946 per

265 1960 384 2000 quam
412 1958 450 1988 et
476 1950 671 1999 praedicta
706 1950 775 1988 tria
802 1951 996 1988 salventur
1024 1948 1066 1997 ἢ·
1088 1958 1126 1988 et
1152 1950 1332 1988 inconve-

265 2004 407 2042 nientia
431 2003 618 2052 vitentur,
648 2003 699 2040 ita
726 2011 857 2041 tamen
888 2004 995 2052 quod
1033 2003 1332 2042 determinemus

236 2079 238 2082 -
265 2057 458 2108 quaedam
486 2056 603 2106 prius.
633 2057 812 2104 Quorum
840 2069 960 2094 unum
993 2065 1048 2094 est
1066 2063 1077 2077 ⁸
1105 2057 1211 2106 quod
1239 2069 1334 2094 ano-

265 2122 504 2156 moeomera,
533 2110 631 2148 idest
667 2110 845 2148 membra
877 2110 1116 2147 dissimilium
1143 2110 1331 2160 partium,

208 2208 212 2212 ⁴
263 2171 358 2214 puta
380 2176 519 2201 manus
538 2171 603 2200 aut
620 2175 689 2212 pes
709 2170 774 2200 aut
792 2163 940 2210 similia,
961 2171 1147 2211 augentur
1167 2175 1238 2212 per
1256 2164 1332 2200 hoe

265 2217 372 2268 quod
397 2224 524 2266 partes
561 2216 778 2254 consimiles
806 2224 992 2264 augentur
1019 2219 1130 2265 (quas
1156 2218 1332 2254 homoeo-

263 2282 373 2309 mera
399 2271 542 2317 vocat),
562 2269 657 2307 sicut
684 2278 772 2307 sunt
800 2282 888 2307 caro
914 2277 950 2306 et
969 2282 1012 2306 os
1041 2277 1079 2306 et
1105 2269 1178 2306 alia
1204 2269 1333 2306 huius-

264 2323 383 2364 modi.
400 2324 450 2360 Et
462 2323 574 2360 huius
590 2323 777 2360 rationem
793 2323 969 2371 assignat,
985 2322 1074 2371 quia
1088 2322 1333 2370 unumquod-

265 2389 341 2426 que
363 2377 586 2424 membrum
611 2376 851 2413 dissimilium
870 2376 1036 2425 partium
1057 2376 1300 2424 componitur
1319 2375 1333 2402 ς

236 2456 238 2458 v
265 2441 312 2473 ex
328 2429 388 2467 his
416 2442 514 2478 quae
538 2437 625 2466 sunt
653 2429 830 2466 similium
857 2429 1043 2479 partium,
1073 2429 1168 2466 sicut
1195 2441 1333 2466 manus

265 2495 310 2526 ex
339 2495 452 2526 carne
481 2490 518 2519 et
544 2495 631 2519 osse
652 2490 688 2519 et
716 2495 858 2520 nervo:
889 2490 924 2519 et
952 2482 1039 2520 ideo
1059 2489 1208 2531 oportet
1227 2482 1333 2531 quod

262 2548 333 2586 per
364 2543 612 2584 augmentum
638 2536 805 2585 partium
825 2543 1007 2584 augeatur
1034 2543 1169 2572 totum.

276 2610 278 2612 ·
299 2627 301 2629 ,
318 2589 497 2627 Secundo
525 2589 634 2638 ponit
661 2590 767 2637 quod
787 2601 874 2625 caro
896 2597 932 2626 et
951 2601 995 2626 os
1015 2596 1050 2625 et
1077 2601 1331 2638 unaquaeque

263 2642 396 2686 talium
422 2642 602 2692 partium,
631 2642 928 2691 quaeprimum
957 2642 1046 2679 dicit
1073 2642 1202 2690 augeri
1221 2647 1246 2688 ¹⁰,
1277 2650 1333 2678 est

264 2695 425 2744 duplex,
455 2696 551 2738 sicut
579 2695 759 2743 contingit
786 2695 826 2732 in
855 2695 1035 2732 omnibus
1063 2707 1162 2744 quae
1190 2695 1333 2732 habent

263 2749 431 2798 speciem
457 2749 498 2786 in
525 2749 700 2786 materia:
730 2760 822 2786 nam
851 2761 939 2785 caro
967 2749 1030 2786 vel
1049 2760 1092 2785 os
1111 2756 1237 2797 potest
1256 2748 1331 2785 dici

262 2802 326 2840 vel
352 2809 394 2839 ut
420 2801 580 2839 materia
609 2802 748 2849 carnis,
777 2802 840 2839 vel
866 2809 909 2838 ut
935 2801 1083 2850 species
1111 2801 1245 2838 carnis.

317 2855 404 2893 Hoc
423 2862 552 2892 autem
567 2855 725 2903 quidam
745 2854 798 2891 sic
822 2854 1083 2892 intellexerunt
1092 2851 1116 2902 ⁶,
1137 2854 1244 2903 quod
1259 2854 1331 2892 alia

263 2920 353 2947 earo
372 2908 518 2956 signata
537 2915 636 2945 esset
649 2920 749 2957 quae
764 2915 821 2945 est
834 2907 1047 2945 secundum
1066 2907 1277 2954 materiam,
1295 2915 1332 2944 et

317 3016 342 3051 β)
362 3017 431 3043 idest
449 3017 486 3043 ad
504 3017 554 3042 hoc
571 3021 697 3043 conatum
715 3025 858 3050 apponere.
876 3032 895 3036 -
913 3019 970 3043 Hoc
987 3026 1042 3043 orn.
1057 3019 1085 3050 C,
1105 3019 1166 3051 quia
1184 3019 1225 3043 ed.
1239 3026 1256 3043 a
1272 3026 1329 3043 cor—

261 3053 330 3086 rupit
347 3060 482 3085 apponere
500 3053 526 3078 in
543 3056 666 3086 apparet.
679 3067 698 3072 -
712 3053 747 3077 lbi
767 3060 851 3085 qua...
864 3054 1010 3086 augmenti,
1025 3061 1077 3085 per
1095 3061 1174 3086 quam
1193 3054 1331 3079 salventur

264 3089 412 3122 (solventur
431 3089 472 3113 ed.
484 3096 502 3113 a
517 3094 543 3114 et
556 3089 606 3122 pC)
626 3089 681 3114 tria
699 3096 768 3121 quae
779 3089 925 3120 praedicta
943 3090 1043 3121 (supra
1061 3089 1134 3114 dicta
1148 3089 1202 3120 Ca)
1221 3093 1284 3114 sunt
1298 3089 1331 3114 de

263 3124 368 3149 ratione
387 3124 527 3157 augmenti
539 3123 678 3156 pertinere
696 3124 775 3152 ACa,·
794 3132 841 3156 pro
859 3125 1011 3154 salventur,
1030 3125 1172 3149 solvantur
1192 3125 1233 3149 ed.
1252 3125 1276 3150 b.

316 3160 342 3194 γ)
363 3159 418 3184 tria
437 3159 617 3191 impossibilia.
635 3174 654 3178 -
673 3159 896 3193 incomgossibilia
914 3160 945 3185 A.
958 3174 976 3178 -
990 3160 1050 3184 Mox
1061 3159 1258 3184 homoteleuton
1269 3168 1328 3186 cor-

257 3202 312 3228 pus
325 3195 428 3227 quod..
442 3195 557 3220 seeundo
577 3198 607 3220 ut
625 3202 676 3220 non
685 3202 820 3227 ponamus
834 3203 888 3220 om.
902 3195 949 3224 Ca,
963 3195 1074 3228 ideoque
1086 3203 1134 3228 pro
1147 3195 1228 3220 tertio
1242 3196 1331 3229 legunt

262 3230 392 3260 secundm·
411 3237 458 3263 pro
478 3230 546 3255 idest
564 3230 625 3259 duo,
645 3230 687 3254 vel
705 3230 758 3254 duo
778 3229 862 3254 PCab.

316 3265 341 3298 δ)
355 3265 500 3297 praedicta
518 3266 573 3291 tria
590 3266 736 3290 salventur.
754 3279 773 3284 -
785 3265 929 3297 praedicta
944 3266 1081 3290 solventur
1099 3265 1255 3295 (solvantur
1274 3266 1328 3296 Pb)

263 3300 348 3327 PCab.
365 3315 385 3320 -
402 3300 453 3325 Pro
471 3301 602 3333 quaedam
618 3300 705 3332 prius,
724 3307 792 3332 quae
811 3300 883 3325 dicta
901 3303 963 3325 sunt
975 3300 1056 3332 prius
1075 3300 1121 3325 Ca.

317 3336 338 3369 ε)
352 3343 434 3361 unum
448 3338 521 3360 est.-
527 3335 648 3368 primum
658 3338 698 3360 est
709 3335 740 3360 A.
748 3349 767 3354 -
775 3335 825 3359 Pro
835 3342 1047 3365 anomoeomera‚
1059 3335 1204 3360 omiomera
1214 3335 1272 3360 edd.
1282 3336 1329 3364 ab,

263 3371 482 3397 anahomiomera
495 3370 528 3402 C,
547 3370 595 3395 sed
612 3377 667 3395 ana
686 3377 765 3403 super
782 3377 833 3394 ras.
846 3370 1025 3395 -consimiles
1044 3375 1069 3394 et
1087 3370 1142 3395 alia
1159 3378 1212 3395 om.
1227 3370 1312 3395 PCab.

316 3405 344 3438 ζ)
362 3405 540 3437 componitur.
553 3419 573 3424 —
585 3407 703 3438 augetur
716 3405 802 3430 PCab.
814 3406 962 3436 —partium
981 3413 1034 3430 om.
1048 3405 1138 3436 PCab;
1157 3408 1183 3430 et
1197 3410 1256 3430 ante
1270 3405 1329 3430 ideo

264 3449 317 3466 om.
331 3441 376 3466 Pb.

318 3475 345 3509 η)
360 3482 427 3508 quae
434 3476 555 3508 primum
569 3475 635 3500 dicit
643 3476 748 3508 augeri.
757 3489 776 3494 -
784 3480 852 3507 quae
859 3474 978 3509 primozt
994 3482 1094 3508 augere
1106 3475 1137 3506 Α,
1147 3482 1215 3508 quae
1223 3475 1330 3507 primus

265 3511 398 3544 (primum
413 3511 453 3536 ed.
468 3511 500 3541 b)
519 3511 626 3536 dicatur
637 3511 735 3544 augeri
753 3511 811 3536 edd.
825 3518 842 3534 a
852 3511 879 3540 b,
899 3518 951 3535 orn.
967 3511 987 3535 C
993 3517 1001 3540 ;
1019 3517 1094 3543 quae,
1109 3515 1138 3534 ut
1156 3516 1235 3543 patet,
1252 3515 1292 3535 est
1304 3511 1330 3534 in

265 3554 360 3580 genere
378 3551 479 3571 neutro.
490 3560 510 3565 —
521 3546 571 3571 Pro
591 3546 630 3571 vel
649 3553 690 3575 os,
710 3549 736 3571 et
754 3553 784 3571 os
801 3546 824 3570 A
830 3553 837 3576 ς
857 3554 904 3579 pro
924 3546 965 3571 vel
983 3549 1020 3576 ut,
1039 3551 1152 3578 utroque
1169 3547 1226 3570 loco
1238 3548 1286 3570 aut
1298 3546 1330 3570 A.

318 3579 343 3614 Θ)
358 3582 418 3607 Hoc
431 3585 520 3606 autem
534 3581 643 3614 quidam
655 3581 694 3606 sic
707 3581 905 3606 intellexerunt.
917 3595 936 3600 -
949 3581 1008 3606 Hoc
1022 3581 1113 3612 (Haec
1127 3581 1155 3610 C,
1174 3581 1231 3606 Nec
1245 3581 1286 3605 ed.
1300 3582 1329 3610 a)

265 3617 374 3649 quidam
394 3617 586 3642 intellexerunt
603 3617 641 3641 sic
654 3616 739 3642 PCab.
756 3630 776 3635 —-
794 3616 845 3640 Pro
863 3617 919 3641 alia
937 3623 1000 3641 caro
1019 3616 1127 3649 signata
1146 3619 1220 3646 esset,
1239 3616 1330 3648 aliqua

265 3648 331 3677 σαί-ο
349 3653 457 3685 signata
476 3656 516 3678 est
534 3653 587 3682 Pa‚·
604 3652 696 3685 aliqua
715 3651 791 3677 etiam
810 3651 855 3677 Cb.

2377 285 2449 321 315

1391 360 1462 397 alia
1477 372 1575 409 quae
1591 367 1647 397 est
1661 360 1874 398 secundum
1889 361 2069 409 speciem.
2081 361 2222 398 Dicunt
2232 362 2334 398 enim
2349 362 2455 411 quod

1392 425 1479 450 caro
1502 421 1537 450 et
1556 426 1600 450 os
1620 421 1657 450 et
1685 413 1867 462 quidquid
1888 422 1943 450 est
1965 414 2194 462 huiusmodi,
2221 415 2353 452 dicitur
2372 427 2454 452 esse

1390 466 1603 503 secundum
1632 466 1800 515 speciem
1825 474 1844 514 ⁸,
1868 479 1913 503 ex
1942 479 1988 503 eo
2017 468 2121 516 quod
2150 474 2206 504 est
2232 475 2455 515 generatum

1391 531 1437 555 ex
1454 519 1580 568 primo
1598 519 1759 557 humido
1779 519 1963 568 seminali,
1982 520 2022 556 in
2041 532 2119 568 quo
2138 520 2263 569 primo
2292 521 2358 557 fuit
2380 521 2454 558 vir-

1390 579 1449 608 tus
1477 572 1631 620 speciei:
1662 585 1750 610 caro
1779 580 1908 610 autem
1937 581 1973 610 et
2002 585 2046 609 os
2063 572 2084 595 '¹‘
2102 574 2312 610 secundum
2337 582 2454 610 mate-

1390 624 1486 661 riam
1515 625 1666 673 dicitur,
1697 637 1744 662 ex
1771 638 1818 663 eo
1852 626 1958 675 quod
1985 634 2187 674 generatur
2214 638 2259 663 ex
2295 627 2454 664 humido

1390 677 1664 724 nutrimentali3
1685 680 1790 726 quod
1805 679 1961 728 quidem
1981 679 2135 716 advenit
2152 679 2278 727 primo
2293 680 2453 717 humido

1391 729 1563 766 seminali
1582 736 1595 750 κ
1624 730 1717 767 sicut
1738 732 1895 768 materia
1919 732 2109 780 quaedam
2130 732 2221 779 eius,
2241 741 2354 782 prout
2379 733 2454 782 pri-

1390 794 1500 818 mum
1526 783 1730 820 humidum
1759 785 1971 822 extenditur
1987 797 2058 834 per
2081 785 2153 822 alia
2181 787 2367 833 membra,
2388 786 2454 823 ad-

1390 834 1509 871 mixto
1530 835 1599 871 sibi
1620 837 1788 873 secundo
1808 838 1982 885 humido,
2004 838 2054 875 ad
2073 839 2149 875 hoc
2163 846 2205 875 ut
2222 838 2243 860 '¹‘
2262 840 2454 888 complea-

1389 894 1450 924 tur
1469 888 1658 935 quantitas
1678 889 1731 925 rei
1744 889 1904 927 viventis
1925 898 1961 927 et
1979 891 2156 928 omnium
2174 891 2339 940 partium
2361 892 2452 930 eius.

1389 941 1439 977 Et
1456 941 1552 978 haec
1571 941 1638 978 fuit
1665 942 1792 990 opinio
1821 944 2038 992 Alexandri,
2057 952 2099 981 ut
2126 944 2213 982 dicit
2232 946 2423 982 Averroes
2441 945 2455 967 λ

1388 993 1428 1030 in
1457 994 1691 1042 expositione
1718 995 1831 1032 huius
1858 996 1945 1043 loci,
1976 1009 2092 1044 quern
2119 999 2246 1046 plures
2282 1000 2473 1047 postm0—'

1390 1046 1484 1083 dum
1503 1047 1622 1084 secuti
1650 1055 1747 1085 sunt.
1764 1069 1788 1075 -
1806 1049 1882 1085 Sed
1901 1050 1975 1086 hoc
1999 1062 2078 1087 non
2095 1058 2220 1099 potest
2248 1058 2347 1088 stare
2367 1064 2454 1089 cum

1388 1099 1515 1137 verbis
1542 1100 1764 1148 Aristotelis,
1794 1114 1892 1150 quae
1920 1102 1980 1138 hic
2009 1103 2193 1141 dicuntur.
2222 1104 2323 1141 Dicit
2350 1105 2453 1142 enirn

1389 1153 1494 1201 quod
1523 1165 1614 1190 caro
1643 1159 1679 1190 et
1704 1165 1746 1190 os
1773 1160 1809 1190 et
1835 1167 2082 1204 unaquaeque
2109 1157 2238 1194 talium
2260 1158 2451 1205 partium,

1388 1211 1443 1242 est
1459 1206 1598 1254 duplex
1615 1212 1646 1252 μ,
1667 1207 1982 1254 quemadmodum
2002 1214 2038 1245 et
2054 1209 2216 1246 aliorum
2237 1210 2274 1247 in
2294 1211 2453 1248 materia

1387 1259 1546 1307 speciem
1573 1260 1801 1297 habentium.
1831 1261 2078 1298 Manifestum
2106 1270 2162 1299 est
2189 1270 2318 1300 autem
2347 1263 2454 1311 quod

1389 1312 1557 1360 speciem
1585 1312 1623 1349 in
1653 1313 1810 1349 materia
1838 1314 1979 1351 habent
2005 1327 2085 1351 non
2113 1316 2236 1352 solum
2262 1316 2331 1353 ista
2355 1329 2453 1365 quae

1388 1372 1617 1413 generantur
1635 1378 1682 1402 ex
1705 1366 1850 1403 semine
1880 1375 1916 1403 et
1939 1380 2036 1416 quae
2056 1368 2286 1416 nutriuntur,
2313 1369 2352 1406 in
2373 1370 2454 1418 qui-

1390 1419 1461 1455 bus
1488 1418 1704 1467 praedictus
1731 1419 1940 1457 intellectus
1959 1420 2164 1470 aliqualiter
2190 1430 2320 1470 posset
2347 1423 2454 1459 susti—

1390 1471 1482 1519 neri,
1503 1471 1572 1508 sed
1591 1471 1705 1509 etiam
1726 1485 1888 1521 corpora
1907 1473 2124 1521 inanimata,
2136 1474 2239 1522 ‚sicut
2257 1483 2344 1512 sunt
2362 1476 2453 1524 lapi—

1391 1524 1469 1572 des,
1482 1537 1619 1561 aurum
1635 1532 1670 1561 et
1684 1533 1900 1573 argentum:
1914 1528 1996 1563 vult
2011 1539 2100 1574 ergo
2115 1527 2334 1565 Aristoteles
2349 1529 2455 1577 quod

1389 1577 1428 1614 in
1457 1590 1570 1614 carne
1599 1586 1636 1615 et
1659 1590 1745 1615 osse
1775 1578 1908 1616 dicitur
1932 1579 2078 1628 species
2106 1588 2142 1617 et
2170 1581 2339 1628 materia,
2360 1582 2456 1619 sicut

1390 1631 1429 1668 in
1457 1630 1580 1680 lapide
1609 1638 1647 1668 et
1674 1643 1780 1678 aur0,
1801 1631 1840 1668 in
1868 1632 2006 1680 quibus
2025 1638 2036 1652 ¹⁴
2064 1645 2142 1670 non
2171 1641 2226 1670 est
2253 1635 2454 1672 humidum

1390 1684 1573 1721 seminale
1601 1692 1638 1720 et
1666 1684 1942 1722 nutrimentale.
1977 1686 2026 1722 Et
2054 1686 2141 1723 ideo
2170 1687 2372 1725 dicendum
2401 1696 2456 1725 est

1390 1738 1511 1786 quod,
1540 1738 1753 1774 secundum
1782 1737 2030 1775 intentionem
2059 1739 2287 1787 Aristotelis,
2318 1741 2455 1778 eadem

1390 1803 1478 1827 caro
1499 1790 1634 1827 dicitur
1661 1790 1874 1828 secundum
1894 1792 2072 1840 speciem,
2092 1800 2206 1841 prout
2232 1793 2272 1830 in
2291 1805 2336 1831 ea
2364 1807 2456 1831 con-

1389 1843 1575 1881 sideratur
1602 1844 1692 1881 illud
1721 1844 1826 1893 quod
1853 1844 2014 1892 pertinet
2042 1846 2092 1882 ad
2120 1846 2287 1894 speciem
2312 1847 2454 1893 carnis;

1389 1904 1426 1934 et
1453 1897 1667 1934 secundum
1695 1897 1908 1944 materiam,
1928 1905 2042 1946 prout
2065 1898 2103 1935 in
2133 1911 2177 1935 ea
2197 1900 2456 1937 consideratur

1386 1950 1478 1988 illud
1506 1950 1610 1999 quod
1641 1958 1696 1987 est
1723 1950 1915 1988 materiae.
1946 1952 1995 1988 Et
2023 1952 2159 1989 eadem
2188 1953 2281 1990 ratio
2315 1961 2372 1990 est
2407 1954 2455 1990 de

1388 2004 1569 2041 omnibus
1607 2003 1686 2040 aliis
1715 2004 1935 2052 compositis
1963 2017 2009 2041 ex
2041 2005 2199 2042 materia
2228 2014 2264 2042 et
2291 2006 2426 2043 forma.

1439 2058 1474 2094 3.
1486 2057 1634 2094 Deinde
1646 2069 1734 2094 cum
1746 2057 1848 2095 dicit:
1861 2058 2073 2100 Quamlibet
2085 2058 2202 2107 igitur
2208 2065 2358 2107 partem
2371 2067 2454 2107 etc.,

1386 2110 1495 2159 ponit
1523 2109 1766 2147 solutionem.
1796 2111 1845 2147 Et
1862 2110 1988 2159 primo
2017 2112 2124 2159 ponit
2153 2124 2256 2158 eam;
2283 2112 2453 2149 secundo

1388 2163 1602 2200 manifestat
1620 2160 1634 2186 ε
1651 2159 1728 2212 pef
1736 2164 1967 2212 exemplum,
1987 2163 2056 2200 ibi:
2083 2164 2235 2212 Oportet
2255 2171 2379 2202 autem
2400 2166 2454 2202 in-

1387 2217 1555 2266 telligere
1580 2215 1601 2237 ‘¹‘
1630 2224 1718 2262 etc.;
1744 2216 1853 2253 tertio
1883 2217 2074 2254 concludit
2093 2218 2320 2266 epilogando
2350 2231 2452 2255 sum-

1387 2281 1494 2306 mam
1509 2268 1717 2316 solutionis,
1734 2269 1803 2306 ibi:
1828 2270 2065 2318 Quapropter
2078 2276 2133 2307 est
2145 2271 2294 2319 quidem
2308 2271 2328 2293 '³‘
2344 2279 2411 2308 etc.
2425 2293 2449 2299 -

1387 2322 1486 2359 Dicit
1514 2334 1603 2370 ergo
1622 2322 1748 2371 primo
1777 2322 1884 2370 quod
1902 2323 1977 2359 hoc
2004 2323 2109 2371 quod
2137 2336 2252 2372 supra
2271 2324 2291 2346 '¹‘
2310 2324 2452 2362 dictum

1388 2383 1455 2423 est,
1476 2375 1582 2424 quod
1610 2375 1800 2424 quaelibet
1835 2388 1924 2424 pars
1953 2384 2110 2423 augetur
2138 2377 2218 2413 eius
2253 2378 2360 2425 quod
2388 2390 2453 2415 au-

1387 2436 1506 2477 getur,
1522 2436 1559 2466 et
1582 2428 1688 2477 quod
1715 2429 2022 2477 unumquodque
2051 2438 2208 2478 augetur
2227 2431 2453 2468 adveniente

1387 2482 1536 2530 aliquo,
1569 2489 1624 2518 est
1650 2494 1787 2519 verum
1824 2482 1855 2518 si
1882 2482 2088 2530 accipiatur
2122 2495 2211 2532 pars
2240 2485 2453 2526 secundum

1387 2535 1571 2584 speciem:
1600 2547 1691 2572 nam
1727 2534 1875 2572 cuilibet
1910 2535 2007 2583 parti
2036 2538 2248 2574 secundum
2285 2538 2453 2586 speciem

1387 2588 1648 2625 consideratae
1667 2587 1818 2625 additur
1836 2588 1979 2637 aliquid
1997 2596 2179 2638 tanquam
2202 2591 2452 2638 permanenti,

1387 2649 1425 2678 et
1442 2642 1493 2679 ita
1520 2641 1712 2690 quaelibet
1733 2653 1822 2690 pars
1850 2642 2064 2678 secundum
2085 2643 2251 2691 speciem
2281 2644 2453 2681 conside-

1387 2702 1467 2732 rata
1495 2702 1664 2743 augetur.
1686 2695 1777 2732 Non
1798 2702 1927 2732 autem
1947 2695 2099 2732 cuilibet
2125 2696 2221 2744 parti
2240 2698 2452 2734 secundum

1386 2748 1587 2785 materiam
1617 2747 1873 2785 consideratae
1900 2748 1943 2786 fit
1979 2748 2139 2795 additio,
2169 2761 2239 2786 nec
2267 2749 2287 2771 '¹‘
2314 2750 2452 2799 quaeli-

1387 2802 1450 2838 bet
1468 2813 1556 2850 pars
1571 2801 1784 2838 secundum
1805 2801 2004 2838 materiam
2026 2802 2262 2839 considerata
2277 2811 2450 2850 augetur:

1387 2854 1531 2892 dictum
1561 2854 1662 2891 enim
1687 2861 1743 2890 est
1771 2855 1790 2873 ³*
1820 2855 1925 2901 quod
1953 2854 1992 2891 id
2019 2854 2126 2903 quod
2154 2863 2310 2903 augetur
2338 2868 2452 2904 opor-

1385 2915 1438 2944 tet
1470 2919 1716 2956 permanere,
1746 2919 1824 2943 non
1863 2914 1990 2943 autem
2026 2915 2226 2956 permanet
2262 2909 2454 2956 quaelibet

1355 3021 1359 3047 Ι
1438 3019 1456 3051 ι)
1477 3019 1578 3044 Dicunt
1596 3019 1665 3043 enim
1684 3019 1787 3051 quod...
1806 3019 1950 3043 secundum
1970 3018 2089 3049 speciem.
2109 3019 2165 3042 Hoc
2184 3026 2237 3043 om.
2251 3019 2303 3049 Ca;
2322 3027 2369 3052 pro
2385 3022 2411 3044 et
2423 3026 2453 3044 os

1383 3057 1409 3079 et
1429 3054 1570 3086 quidquid,
1591 3055 1632 3078 vel
1649 3061 1679 3079 os
1698 3055 1739 3079 vel
1762 3054 1893 3086 quidquid
1912 3054 1957 3078 Pb.
1974 3067 1993 3071 -
2011 3054 2090 3078 Linea
2110 3054 2227 3086 sequenti
2250 3062 2298 3086 pro
2316 3054 2450 3083 seminali,

1382 3089 1554 3114 substantiali
1572 3089 1619 3114 Ca.

1437 3125 1462 3157 x)
1482 3124 1591 3149 humido
1610 3124 1740 3149 seminali.
1754 3139 1772 3143 —
1785 3123 1894 3149 humido
1912 3123 2082 3148 substantiali
2101 3123 2192 3154 PCab;
2212 3124 2243 3149 cf.
2265 3129 2318 3149 not.
2332 3124 2450 3157 praeced.

1384 3165 1410 3184 et
1427 3168 1449 3184 ν.
1467 3174 1486 3178 -
1504 3160 1554 3184 Pro
1569 3160 1688 3191 primum
1714 3159 1865 3188 humidum,
1885 3158 1984 3183 scilicet
2002 3158 2087 3190 ipsum
2111 3159 2263 3188 humidum,
2286 3165 2311 3184 et
2330 3167 2377 3192 pro
2395 3159 2451 3185 alia

1385 3195 1511 3223 membra,
1531 3195 1622 3219 omnia
1641 3194 1758 3219 membra
1776 3195 1807 3219 Α.

1436 3229 1464 3262 λ)
1486 3233 1514 3254 ut
1533 3230 1599 3255 dicit
1616 3231 1755 3254 Averroes.
1773 3243 1792 3248 —
1811 3232 1840 3254 ut
1853 3230 1876 3253 A
1892 3229 1958 3254 dicit
1970 3229 2001 3259 A,
2017 3232 2046 3253 ut
2065 3228 2130 3254 dicit
2143 3229 2278 3254 Avicenna
2291 3230 2354 3254 Cab.
2366 3244 2383 3249 -
2398 3231 2450 3255 Pro

1384 3265 1461 3289 huius
1480 3264 1538 3295 loci,
1558 3265 1634 3289 istius
1652 3264 1714 3288 libri
1731 3265 1762 3288 A.

1438 3300 1465 3333 μ)
1486 3306 1688 3332 unaquaeque...
1704 3299 1814 3331 duplex.
1831 3313 1851 3318 -
1868 3306 2025 3331 unaquaque
2043 3299 2136 3324 talium
2155 3302 2195 3324 est
2214 3299 2332 3332 duplex,
2350 3301 2450 3326 scilicet

1382 3334 1526 3359 secundum
1546 3335 1686 3359 materiam
1706 3337 1732 3359 et
1749 3334 1861 3366 speciem
1885 3334 2013 3366 (speciem
2032 3338 2058 3360 et
2070 3334 2191 3368 sormam
2211 3335 2251 3359 ed.
2265 3335 2295 3366 b)
2314 3336 2366 3362 Pb:
2380 3344 2450 3368 par·-

1383 3370 1449 3394 tium
1462 3378 1515 3394 om.
1531 3370 1607 3394 etiam
1622 3370 1669 3394 Ca.
1682 3383 1701 3388 -
1713 3373 1739 3394 et
1757 3374 1816 3394 ante
1834 3369 1949 3394 aliorum
1968 3377 2021 3395 om.
2036 3370 2065 3395 P.
2078 3382 2098 3389 -
2111 3370 2174 3394 Post
2192 3378 2271 3394 unam
2286 3371 2381 3396 lineam
2395 3371 2448 3396 ista

1383 3405 1477 3429 omittit
1494 3405 1526 3429 A.

1436 3440 1460 3472 ν)
1481 3439 1580 3464 dicitur
1597 3440 1727 3471 species...
1743 3439 1769 3464 in
1789 3439 1889 3472 quibus.
1908 3454 1926 3459 -
1945 3440 2044 3465 dicitur
2056 3440 2153 3472 species
2173 3444 2202 3465 ut
2221 3441 2247 3465 in
2267 3441 2356 3473 lapide
2374 3445 2401 3467 et
2421 3442 2447 3466 in

1383 3482 1451 3500 auro
1466 3475 1492 3499 in
1506 3482 1557 3507 quo
1569 3475 1604 3504 A;
1624 3483 1671 3507 pro
1691 3475 1788 3500 dicitur
1806 3475 1912 3507 species,
1926 3475 2025 3500 dicitur
2042 3476 2140 3507 species
2152 3476 2216 3509 sore
2235 3476 2263 3501 C.
2276 3490 2296 3495 -—
2309 3477 2359 3501 Pro
2373 3477 2448 3502 semi-

1385 3510 1452 3539 nale,
1468 3510 1642 3535 substantiale
1660 3510 1749 3539 PCab,·
1768 3511 1839 3543 quod
1857 3515 1918 3542 post
1938 3511 2077 3536 dicendum
2093 3514 2133 3536 est
2146 3519 2199 3536 om.
2214 3512 2254 3536 ed.
2267 3519 2293 3541 a,
2309 3517 2369 3545 post
2386 3513 2448 3537 Ari-

1383 3545 1484 3574 stotelis
1497 3550 1597 3577 ponunt
1614 3545 1686 3575 PCb,·
1704 3545 1797 3570 eadem
1815 3553 1879 3571 caro
1898 3554 1951 3571 om.
1965 3546 2012 3571 Ca.

1438 3578 1462 3614 ξ)
1484 3580 1563 3612 ponit
1587 3581 1775 3606 solutionem...
1791 3581 1952 3614 manifestat.
1970 3596 1989 3601 -
2004 3581 2083 3614 ponit
2105 3581 2262 3608 solutionem
2287 3586 2314 3607 et
2333 3583 2448 3614 probat,

1384 3616 1498 3640 secundo
1523 3616 1676 3649 manifestat
1695 3623 1752 3641 eam
1771 3617 1803 3641 Α.
1822 3617 1894 3641 Idem
1913 3625 1961 3650 pro
1980 3617 2092 3643 tertio...
2108 3617 2151 3647 ibi,
2171 3618 2250 3643 tertio
2271 3618 2389 3651 epilogat
2406 3625 2447 3643 so-

1385 3651 1494 3676 lutionis
1512 3659 1642 3676 summam
1662 3655 1688 3676 et
1705 3652 1839 3677 concludit
1858 3652 1901 3678 ibi.

2584 490 2592 504 t

2482 587 2493 598 ¹*
2503 589 2527 608 et
2536 593 2563 608 os
2571 593 2618 609 om.
2627 588 2692 610 καὶ».

2482 852 2490 861 ·
2505 852 2568 879 quod
2580 858 2603 874 Α.

2481 2227 2491 2238 ”
2506 2227 2578 2249 Num.
2591 2234 2639 2255 seq.

2481 2282 2490 2290 ·
2504 2281 2575 2302 Num.
2591 2281 2613 2302 6.

2480 2333 2491 2344 ¹*
2506 2332 2576 2354 Num.
2593 2339 2608 2354 1.

2481 2757 2489 2767 ⁸
2500 2756 2597 2777 sed-non
2607 2756 2658 2783 rab,
2670 2757 2692 2777 et

2479 2788 2525 2804 non
2537 2788 2558 2803 c.

2481 2868 2488 2876 ”
2504 2866 2561 2887 lbid.
