2782 4134
98 462 106 470 ⁸
125 460 196 482 Num.
208 465 255 487 seq.

98 725 107 733 '¹
123 724 185 744 Lect.
201 729 234 745 ιιι.
252 729 275 744 n.
287 729 307 750 7.

96 750 119 761 *⁸⁸
133 750 167 771 ita
183 749 250 771 codd.

97 776 306 803 'Cap.1v,n.1sq.

93 1204 105 1215 '⁵
114 1204 183 1225 sumit
191 1210 213 1227 A,
228 1205 306 1224 sumat

93 1236 133 1253 so:
149 1231 177 1251 cf.
193 1234 248 1251 text.

91 1258 113 1269 ’Ψ
128 1263 142 1277 α
163 1256 215 1278 add.
232 1256 302 1277 codd.

92 1365 101 1373 ·
116 1362 213 1383 medium
227 1369 248 1383 Α.

90 1733 102 1743 ’“
113 1733 230 1759 generato
245 1737 267 1752 Α.

84 1891 170 1911 “etiam
179 1891 298 1917 om.1>ar.‚

84 1917 148 1944 quod
161 1923 208 1939 om.
226 1921 270 1939 cet.

87 2320 98 2330 *¹
113 2319 232 2342 desinente
246 2327 267 2342 P.

86 2536 96 2544 ⁶
112 2534 198 2555 dicitur
214 2540 261 2556 om.
277 2540 297 2556 Ρ.

87 2561 109 2571 ““
124 2561 181 2588 Cap.
196 2567 219 2585 x,
235 2567 257 2582 n.
273 2567 298 2589 5;

88 2587 298 2641 {.{h.1ect.xx11,

338 268 412 304 252

337 358 402 383 mo
432 345 629 394 quomodo
664 345 827 382 deservit
855 344 976 382 motui
1004 344 1193 390 violento;
1230 343 1400 380 secundo

337 400 535 448 quomodo
570 398 734 435 deservit
767 398 888 434 motui
920 397 1100 444 naturali,
1135 397 1207 433 ibi:
1237 398 1288 433 Et
1313 408 1399 432 eum

337 458 461 488 autem
495 451 561 500 qui
585 452 788 488 secundum
818 457 994 487 naturam
1025 452 1044 471 *
1074 457 1142 485 etc.

390 504 488 541 Dicit
512 516 601 551 ergo
625 504 748 552 primo
778 504 884 551 quod
912 504 1030 539 virtus
1055 501 1213 538 motoris
1242 500 1399 538 violenti

336 557 451 594 utitur
474 569 560 594 aere
580 565 761 605 tanquam
791 556 959 604 quodam
980 556 1230 592 instrumento
1250 554 1301 590 ad
1318 566 1398 590 am-

336 611 394 656 bo,
425 611 520 647 idest
547 610 595 647 ad
624 618 773 646 motum
803 621 950 645 sursum
977 616 1013 644 et
1032 608 1081 645 ad
1109 615 1259 644 motum
1289 608 1398 644 deor—

337 676 433 700 sum.
463 666 541 699 Aer
568 671 695 699 autem
724 670 833 699 natus
863 669 918 698 est
946 674 1029 697 esse
1058 661 1151 697 levis
1187 668 1224 697 et
1251 660 1396 708 gravis:

337 717 430 753 sicut
450 716 552 753 enim
572 728 685 764 supra
703 716 723 736 '⁸
743 715 884 752 dictum
906 722 976 761 est,
998 722 1034 750 et
1053 714 1150 750 infra
1168 714 1209 734 *⁴²⁴*
1228 713 1266 750 ln
1287 725 1397 761 quar-

335 777 374 806 to
404 771 423 790 ss
451 769 599 818 plenius
632 768 791 814 dicetur,
822 767 915 815 ignis
945 775 1001 804 est
1029 767 1247 816 simpliciter
1281 766 1396 814 levis,

334 830 432 859 terra
452 830 578 859 autem
608 821 825 870 simpliciter
844 820 982 868 gravis,
1005 833 1070 857 aer
1088 827 1216 857 autem
1238 827 1273 856 et
1298 832 1397 868 aqua

335 875 464 912 medio
493 874 612 911 modo
633 887 672 910 se
692 874 834 910 habent
861 874 958 910 inter
980 882 1201 922 utrumque:
1222 885 1312 910 nam
1333 885 1397 909 aer

334 929 383 965 ad
411 929 536 976 ignem
566 927 720 976 quidem
742 935 796 963 est
815 927 951 975 gravis,
982 927 1030 964 ad
1050 939 1191 976 aquam
1212 934 1340 963 autem
1361 934 1397 963 et

334 989 471 1018 terram
489 988 544 1017 est
558 980 667 1026 levis3
689 992 788 1029 aqua
796 989 932 1017 'autem
948 981 996 1017 ad
1012 988 1152 1017 terram
1169 979 1326 1028 quidem
1343 987 1398 1016 est

333 1034 437 1081 levis,
459 1032 507 1070 ad
527 1034 653 1081 ignem
673 1041 802 1070 autern
819 1042 855 1070 et
875 1046 1004 1071 aerem
1020 1042 1076 1070 est
1095 1033 1230 1081 gravis.
1254 1033 1316 1069 Sic
1331 1032 1395 1080 igi-

333 1095 392 1124 tur
407 1099 481 1133 aer,
498 1086 710 1123 secundum
730 1087 836 1135 quod
856 1095 912 1124 est
926 1087 1031 1133 levis,
1052 1086 1224 1135 perficiet
1246 1094 1394 1122 motum

331 1141 541 1177 violentum
560 1140 624 1188 qui
645 1147 699 1176 est
718 1152 870 1176 sursum
891 1140 961 1187 (ita
980 1148 1108 1177 tamen
1126 1147 1240 1188 prout
1262 1151 1396 1176 move-

331 1201 400 1240 tur,
419 1201 454 1229 et
472 1193 580 1230 fuerit
596 1195 615 1214 ²¹²
630 1193 858 1242 principium
874 1194 954 1230 talis
973 1193 1153 1230 motionis
1170 1194 1212 1214 ’Μ
1228 1192 1396 1241 potentia

331 1247 485 1283 violenti
513 1247 703 1293 motoris):
734 1249 884 1283 motum
905 1254 1032 1283 autem
1054 1247 1118 1295 qui
1138 1254 1194 1283 est
1214 1247 1394 1283 deorsum

330 1300 477 1349 perficit
505 1301 716 1336 secundum
746 1301 848 1348 quod
882 1308 937 1336 est
970 1300 1106 1348 gravis.
1137 1300 1263 1336 Virtus
1292 1300 1393 1336 enirn

330 1354 484 1390 violenti
508 1353 683 1399 motoris,
709 1365 777 1401 per
800 1353 962 1390 modum
979 1356 996 1372 ''“
1014 1354 1212 1391 cuiusdam
1236 1353 1394 1401 impres-

331 1406 458 1453 sionis,
476 1406 586 1443 tradit
604 1414 754 1443 motum
775 1407 932 1455 utrique,
949 1406 1046 1443 idest
1063 1407 1125 1443 vel
1145 1406 1221 1443 aeri
1241 1418 1393 1443 sursum

329 1468 434 1496 moto
466 1467 501 1496 et
529 1461 708 1497 deorsum
729 1467 848 1506 moto,
869 1460 931 1496 vel
951 1460 1064 1496 etiam
1085 1460 1162 1496 aeri
1183 1467 1218 1496 et
1243 1459 1394 1508 corpori

330 1513 445 1561 gravi,
475 1520 565 1561 puta
593 1513 717 1561 lapidi.
748 1514 839 1549 Non
868 1521 924 1549 est
951 1521 1079 1550 autem
1108 1513 1393 1561 intelligendum

330 1566 434 1615 quod
462 1566 579 1602 virtus
601 1566 757 1603 violenti
786 1566 945 1602 motoris
969 1566 1162 1615 imprimat
1189 1566 1303 1614 lapidi
1328 1566 1393 1614 qui

330 1632 399 1668 per
426 1619 646 1656 violentiam
680 1626 879 1666 movetur,
909 1619 1074 1668 aliquam
1108 1620 1287 1656 virtutem
1325 1632 1394 1668 per

331 1685 447 1720 quam
477 1680 689 1719 moveatur,
719 1673 814 1709 sicut
841 1673 959 1709 virtus
978 1674 1192 1720 generantis
1211 1673 1393 1722 imprimit

330 1726 456 1773 genito
472 1727 491 1746 ³*
502 1726 677 1772 formam,
695 1738 811 1775 quam
832 1726 1076 1774 consequitur
1094 1734 1222 1763 motus
1242 1734 1392 1763 natura-

329 1779 393 1815 lis:
430 1791 520 1815 nam
555 1779 608 1815 sic
640 1787 767 1816 motus
800 1779 988 1816 violentus
1023 1787 1121 1816 esset
1153 1792 1174 1816 a
1206 1779 1391 1828 principio

329 1832 542 1878 intrinseco,
572 1832 678 1881 quod
707 1840 761 1869 est
790 1840 920 1869 contra
949 1832 1135 1869 rationem
1158 1840 1285 1869 motus
1310 1832 1392 1869 vio-

328 1886 428 1922 lenti.
460 1886 690 1933 sequeretur
718 1886 831 1922 etiam
850 1887 870 1907 ’ὲ
889 1886 993 1933 quod
1018 1886 1126 1934 lapis,
1149 1898 1194 1923 ex
1213 1887 1288 1922 hoc
1307 1885 1390 1934 ipso

329 1939 433 1988 quod
462 1946 641 1975 movetur
669 1939 834 1975 localiter
860 1951 931 1987 per
957 1939 1195 1985 violentiam,
1217 1940 1390 1976 alterare-

328 2000 402 2029 tur:
420 1993 524 2041 quod
541 1999 596 2028 est
615 2000 746 2028 contra
765 2004 932 2029 sensum.
955 1992 1142 2042 Imprimit
1158 2005 1247 2041 ergo
1264 2000 1392 2029 motor

326 2045 516 2082 violentus
545 2045 659 2094 lapidi
688 2046 818 2091 solum,
840 2053 1012 2082 motum:
1033 2046 1139 2095 quod
1168 2046 1324 2095 quidem
1349 2045 1392 2082 fit

328 2099 421 2135 dum
441 2099 556 2146 tangit
584 2099 722 2147 ipsum.
752 2098 829 2135 Sed
849 2099 936 2147 quia
956 2111 1022 2135 aer
1041 2106 1097 2135 est
1115 2098 1392 2148 susceptibilior

326 2152 409 2188 talis
429 2151 700 2200 impressionis,
716 2159 796 2188 tum
816 2152 905 2200 quia
925 2160 980 2188 est
999 2152 1179 2199 subtilior,
1200 2160 1282 2189 tum
1302 2152 1391 2200 quia

328 2213 383 2241 est
402 2205 693 2253 quodammodo
715 2205 820 2251 levis,
841 2205 1012 2242 velocius
1036 2213 1215 2242 movetur
1233 2218 1302 2254 per
1322 2206 1390 2242 im-

326 2258 564 2307 pressionem
593 2258 747 2295 violenti
779 2259 955 2306 motoris,
986 2271 1101 2307 quam
1132 2259 1248 2307 lapis:
1271 2266 1306 2295 et
1326 2258 1390 2305 sic,

327 2312 529 2349 desistente
549 2311 569 2332 ’¹‘
589 2311 757 2348 violento
779 2319 940 2358 motore,
961 2324 1026 2348 aer
1054 2312 1101 2348 ab
1123 2324 1169 2348 eo
1189 2319 1317 2349 motus
1336 2313 1391 2348 ul-

326 2365 440 2402 terius
468 2364 643 2413 propellit
671 2364 849 2413 lapidem,
881 2373 917 2401 et
946 2365 1059 2401 etiarn
1084 2377 1213 2402 aerem
1235 2365 1391 2402 coniun-

328 2426 447 2463 ctum;
464 2418 528 2466 qui
550 2418 661 2454 etiam
683 2425 815 2454 movet
834 2418 999 2467 lapidem
1018 2418 1183 2464 ulterius,
1205 2426 1242 2455 et
1260 2419 1335 2455 hoc
1350 2419 1392 2455 fit

327 2483 529 2520 quousque
558 2471 666 2508 durat
685 2471 885 2520 impressio
905 2471 1016 2519 primi
1045 2471 1204 2508 motoris
1223 2471 1391 2518 violenti,

327 2533 368 2561 ut
394 2524 527 2561 dicitur
547 2524 566 2545 *
587 2524 624 2560 in
643 2524 730 2560 VIII
754 2524 904 2572 Physic.
926 2525 967 2545 *²³²
994 2525 1042 2560 Et
1071 2524 1160 2560 inde
1190 2532 1245 2560 est
1274 2525 1390 2573 quod,

327 2577 503 2626 quamvis
525 2585 652 2613 motor
670 2577 860 2613 violentus
876 2589 955 2613 non
970 2584 1150 2624 sequatur
1163 2577 1288 2625 ipsum
1309 2589 1392 2613 mo—

328 2631 401 2667 bile
430 2630 535 2678 quod
560 2642 628 2678 per
654 2629 876 2666 violentiam
901 2630 1027 2675 fertur,
1048 2637 1138 2678 puta
1158 2629 1336 2678 lapidem,
1352 2638 1394 2667 ut

329 2683 623 2732 praesentialiter
651 2683 776 2731 ipsum
806 2690 979 2728 moveat,
1009 2690 1138 2719 tamen
1167 2691 1301 2719 movet
1324 2695 1393 2732 per

330 2737 621 2784 impressionem
650 2735 763 2772 aeris:
793 2735 823 2771 si
853 2735 953 2772 enim
976 2748 1054 2772 non
1085 2744 1182 2772 esset
1209 2736 1282 2772 tale
1312 2749 1392 2773 cor-

329 2802 401 2838 pus
430 2790 541 2837 quale
571 2797 627 2825 est
655 2801 734 2835 aer,
764 2801 842 2824 non
871 2796 968 2825 esset
998 2796 1122 2825 motus
1150 2789 1391 2826 violentus.-

331 2844 388 2879 Ex
417 2855 492 2891 quo
521 2850 623 2890 patet
651 2841 755 2890 quod
780 2854 844 2878 aer
873 2850 927 2878 est
952 2842 1244 2878 instrumentum
1265 2850 1392 2879 motus

330 2895 484 2933 violenti
513 2895 779 2942 necessarium,
802 2902 837 2931 et
860 2907 938 2931 non
967 2896 1091 2932 solum
1120 2903 1276 2944 propter
1295 2896 1391 2933 bene

332 2961 424 2985 esse.

384 3014 420 3049 7.
442 3001 590 3037 Deinde
620 3013 708 3038 cum
730 3001 834 3038 dicit:
855 3002 905 3038 Et
922 3013 1007 3038 eum
1027 3007 1152 3038 autem
1178 3002 1244 3049 qui
1264 3014 1392 3039 secun-

330 3055 418 3091 dum
440 3060 615 3091 naturam
642 3061 724 3100 etc„
753 3054 916 3091 ostendit
944 3055 1143 3102 quomodo
1173 3067 1238 3091 aer
1267 3055 1392 3092 deser-

330 3107 407 3144 viat
442 3107 561 3144 motui
597 3107 764 3144 naturali.
802 3108 850 3144 Et
888 3107 975 3144 dicit
1012 3108 1117 3156 quod
1154 3120 1219 3144 aer
1254 3108 1391 3145 eodem

331 3161 448 3197 modo
468 3168 673 3208 promovet
696 3168 846 3197 motum
867 3162 1076 3197 naturalem
1096 3160 1392 3210 uniuscuiusque

332 3225 554 3261 corporum,
576 3214 670 3250 sicut
690 3221 726 3250 et
744 3222 892 3250 motum
913 3214 1141 3251 violentum:
1168 3214 1392 3263 inquantum

386 3405 404 3437 ι)
428 3405 509 3434 Unde,
529 3413 620 3431 cum...
636 3409 708 3430 motu
728 3407 854 3431 naturali.
869 3421 887 3426 -
900 3415 959 3432 cum
980 3411 1066 3433 motus
1080 3408 1213 3433 naturalis
1233 3415 1283 3433 non
1305 3408 1395 3433 imme-

334 3440 406 3464 diate
424 3444 550 3472 sequatur
568 3448 584 3465 a
603 3445 760 3474 generante,
786 3442 832 3467 sed
849 3443 945 3475 forma
964 3443 999 3467 sit
1018 3443 1148 3475 proprius
1168 3446 1255 3468 motor
1275 3444 1300 3468 in
1321 3447 1394 3469 motu

333 3475 452 3499 naturali
467 3476 495 3506 P,
512 3477 578 3500 male
598 3477 748 3507 corrigendo
768 3478 902 3502 lectionem
924 3478 1012 3503 BEFG
1032 3484 1057 3503 et
1077 3479 1133 3503 Par.
1149 3479 1192 3512 qui
1212 3479 1334 3503 omittunt
1348 3479 1394 3504 ho-

333 3511 491 3534 moteleuton
510 3511 615 3535 videtur
634 3513 705 3543 quod
717 3512 819 3545 forma.

386 3546 412 3579 κ)
433 3546 504 3577 quod
521 3553 568 3571 aer
586 3547 621 3571 sit
640 3547 672 3571 de
691 3547 845 3572 necessitate
869 3552 955 3573 motus
975 3549 1116 3574 naturalis.
1130 3563 1148 3568 —
1162 3550 1198 3574 Ita
1217 3550 1265 3580 sF;
1286 3555 1333 3575 cet.
1347 3558 1394 3582 pro

333 3581 465 3605 naturalis
489 3581 583 3606 habent
607 3582 723 3606 violenti.
743 3582 761 3605 P
782 3582 858 3607 habet
881 3584 951 3614 quod
975 3591 1023 3609 aer
1042 3585 1074 3609 de
1101 3585 1254 3610 necessitate
1280 3585 1395 3610 deservit

333 3616 417 3640 motui
435 3616 568 3646 natura!i;
589 3617 634 3641 sed
656 3622 680 3641 et
699 3618 753 3649 ipsa
779 3618 803 3642 in
823 3617 873 3643 fine
893 3627 965 3644 num.
985 3627 1044 3644 cum
1071 3621 1200 3645 codicibus
1222 3621 1282 3653 legit
1308 3624 1333 3645 et
1356 3621 1394 3646 sic

1028 267 1099 303 DE
1129 266 1304 302 CAELO
1333 265 1404 301 ET
1432 265 1628 302 MUNDO
1658 265 1752 302 LlB.
1783 266 1834 303 III

1458 343 1596 379 scilicet
1623 355 1693 391 per
1712 356 1821 380 suam
1851 344 2044 381 levitatem
2065 345 2269 383 coadiuvat
2297 346 2346 383 ad
2374 355 2524 386 motum

1457 395 1521 443 qui
1551 403 1606 432 est
1633 408 1800 443 sursum,
1830 409 1899 446 per
1927 410 2036 434 suam
2066 406 2195 435 autem
2224 399 2447 446 gravitatem
2476 402 2526 439 ad

1457 455 1607 485 motum
1641 449 1706 497 qui
1735 457 1790 486 est
1815 451 2007 488 deorsum.

1511 502 1545 537 8.
1568 502 1698 538 Potest
1725 510 1853 539 autem
1875 516 1957 540 esse
1978 503 2139 541 dubium
2163 512 2291 541 utrum
2312 517 2379 542 aer
2398 506 2523 544 deser-

1454 553 1533 591 viat
1560 556 1682 591 motui
1711 556 1870 592 naturali
1900 569 2106 606 corporum
2125 557 2297 605 gravium
2320 566 2356 595 et
2380 559 2524 597 levium

1455 619 1500 643 ex
1516 608 1750 655 necessitate,
1761 610 1824 645 vel
1839 610 1963 646 solum
1978 618 2134 659 propter
2149 611 2247 647 bene
2259 613 2525 649 esse-Deter-

1455 660 1575 697 minat
1594 669 1723 698 autem
1743 663 1936 700 Averroes
1961 663 2067 712 quod
2088 664 2201 700 etiam
2222 664 2345 701 motui
2364 666 2524 702 naturali

1455 713 1645 750 deserviat
1674 726 1719 751 ex
1747 715 1990 752 necessitate:
2021 723 2058 752 et
2084 717 2159 753 hoc
2194 717 2334 766 duplici
2363 718 2521 756 ratione.

1453 767 1586 803 Primo
1615 767 1769 816 quidem
1790 768 1894 816 quia,
1916 769 2011 805 sicut
2030 769 2111 818 ipse
2132 769 2220 807 dicit
2242 771 2280 807 in
2301 779 2523 809 commento

1452 832 1522 856 suo
1552 820 1591 857 in
1618 821 1693 857 hoc
1721 821 1827 867 loco,
1861 829 1989 858 motor
2020 823 2193 870 gravium
2229 831 2264 860 et
2292 824 2435 861 levium
2469 832 2524 862 est

1452 885 1650 921 generans,
1681 873 1757 921 qui,
1788 875 1881 911 dum
1910 875 1974 911 dat
2001 875 2185 923 formam,
2208 889 2252 913 ex
2273 878 2522 926 consequenti

1454 926 1517 963 dat
1545 934 1693 963 motum
1723 928 1951 974 naturalem,
1982 927 2078 965 sicut
2098 937 2134 966 et
2153 930 2284 966 omnia
2312 930 2523 968 accidentia

1452 980 1634 1016 naturalia
1661 992 1760 1029 quae
1791 989 2074 1029 consequuntur
2101 982 2287 1019 formam:
2318 991 2355 1020 et
2383 983 2436 1020 sic
2459 997 2522 1032 ge-

1452 1045 1589 1069 nerans
1619 1041 1749 1070 causat
1769 1041 1918 1070 motum
1938 1035 2148 1071 naturalem
2169 1036 2364 1073 mediante
2384 1037 2517 1074 forma.

1452 1087 1582 1123 Motus
1611 1093 1738 1123 autem
1768 1087 1946 1123 naturalis
1975 1087 2090 1124 debet
2117 1088 2338 1126 immediate
2367 1090 2475 1138 sequi
2498 1103 2521 1127 a

1452 1152 1522 1176 suo
1551 1147 1712 1177 motore.
1734 1140 1858 1187 Unde,
1881 1152 1969 1177 cum
1989 1148 2117 1178 motus
2137 1142 2316 1179 naturalis
2344 1155 2423 1180 non
2452 1143 2519 1180 im-

1451 1193 1616 1230 mediate
1645 1201 1823 1241 sequatur
1843 1206 1864 1230 a
1883 1202 2098 1241 generante,
2120 1195 2188 1231 sed
2207 1207 2230 1231 a
2258 1195 2393 1242 forma,
2413 1196 2519 1233 vide-

1450 1254 1511 1282 tur
1539 1246 1644 1295 quod
1672 1247 1795 1283 forma
1819 1247 1865 1283 sit
1892 1247 2070 1295 proprius
2095 1255 2224 1285 motor
2251 1248 2288 1285 in
2323 1256 2430 1285 motu
2455 1261 2520 1286 na-

1450 1300 1557 1336 turali
1576 1306 1594 1336 ¹.
1616 1300 1726 1337 Unde
1744 1300 1897 1337 videtur
1916 1300 2020 1348 quod
2041 1313 2202 1350 corpora
2216 1301 2346 1348 gravia
2367 1309 2403 1338 et
2421 1301 2521 1340 levia

1450 1353 1741 1402 quodammodo
1776 1361 1959 1390 moveant
1991 1354 2127 1402 seipsa.
2159 1355 2250 1391 Non
2284 1362 2413 1391 autem
2450 1367 2520 1404 per

1449 1418 1509 1443 se:
1540 1406 1629 1454 quia
1652 1406 2004 1455 movens'seipsum
2026 1407 2205 1444 dividitur
2224 1407 2262 1444 in
2290 1420 2454 1445 movens
2483 1416 2520 1446 et

1448 1467 1610 1506 motum,
1630 1467 1672 1496 ut
1690 1461 1874 1508 probatur
1893 1460 1930 1497 in
1954 1461 2040 1496 VIII
2064 1461 2214 1508 Physic.
2244 1462 2279 1507 *3
2306 1463 2411 1510 quod
2439 1473 2518 1499 non

1449 1512 1639 1550 invenitur
1658 1513 1696 1549 in
1717 1513 1941 1561 corporibus
1970 1514 2148 1561 gravibus
2169 1521 2206 1550 et
2228 1515 2389 1561 levibus,
2419 1527 2518 1563 quae

1449 1579 1526 1603 non
1558 1567 1578 1588 ’¹‘
1606 1566 1825 1603 dividuntur
1857 1566 1927 1602 nisi
1959 1566 1998 1603 in
2030 1567 2196 1603 formam
2231 1575 2267 1604 et
2294 1568 2516 1614 materiam,

1450 1619 1556 1656 cuius
1584 1632 1663 1656 non
1692 1627 1747 1656 est
1770 1619 1932 1666 moveri,
1952 1627 1993 1656 ut
2015 1620 2200 1668 probatur
2218 1620 2257 1657 in
2276 1621 2308 1657 V
2329 1622 2479 1669 Pitysic,
2497 1622 2517 1643 *

1448 1673 1560 1710 Unde
1580 1673 1801 1720 relinquitur
1820 1674 1925 1720 quod
1946 1685 2084 1721 corpus
2104 1685 2218 1720 grave
2242 1674 2305 1710 vel
2329 1675 2413 1711 leve
2433 1687 2518 1711 mo-

1447 1734 1535 1763 veat
1554 1726 1722 1774 seipsum
1741 1738 1810 1774 per
1829 1725 2018 1772 accidens,
2049 1726 2144 1763 sicut
2163 1734 2279 1763 nauta
2299 1727 2363 1776 qui
2384 1735 2518 1765 movet

1448 1791 1599 1825 navem,
1630 1779 1679 1815 ad
1709 1778 1814 1815 cuius
1843 1786 1994 1815 motum
2022 1778 2103 1827 ipse
2132 1787 2328 1816 movetur:
2361 1788 2396 1817 et
2415 1780 2518 1817 simi-

1447 1832 1528 1869 liter
1556 1844 1695 1880 corpus
1723 1843 1839 1879 grave
1865 1839 1900 1868 et
1919 1832 2004 1868 leve
2023 1844 2093 1880 per
2115 1844 2226 1869 suam
2246 1833 2413 1870 formam
2433 1845 2517 1870 mo-

1446 1894 1511 1922 vet
1539 1897 1678 1930 aerem,
1699 1885 1747 1922 ad
1777 1884 1883 1921 cuius
1912 1892 2061 1921 motum
2089 1884 2216 1933 ipsum
2238 1897 2377 1934 corpus
2401 1898 2517 1934 grave

1447 1947 1483 1975 et
1510 1939 1594 1975 leve
1623 1945 1811 1975 movetur.
1842 1939 1891 1974 Et
1910 1937 1963 1974 sic
1985 1938 2176 1975 concludit
2194 1939 2300 1987 quod
2320 1951 2386 1975 aer
2405 1940 2451 1976 sit
2469 1940 2518 1978 de

1447 1991 1669 2029 necessitate
1698 1998 1826 2027 motus
1846 1991 2025 2028 naturalis
2045 1997 2068 2028 ⁸.
2090 2012 2115 2018 -
2137 1991 2316 2029 Secundo
2346 1991 2446 2041 quia,
2474 1999 2518 2030 ut

1446 2045 1526 2094 ipse
1556 2044 1644 2082 dicit
1671 2044 1710 2081 in
1739 2052 1959 2081 commento
1988 2045 2039 2080 IV
2058 2045 2225 2092 Physic.,
2256 2052 2407 2094 oportet
2435 2057 2517 2083 esse

1447 2098 1614 2146 aliquam
1654 2097 1903 2134 resistentiam
1941 2097 2037 2134 inter
2079 2109 2244 2135 movens
2287 2105 2324 2135 et
2360 2099 2516 2136 mobile.

1447 2152 1563 2188 Nulla
1588 2158 1717 2188 autem
1738 2158 1793 2187 est
1813 2150 2021 2188 resistentia
2041 2150 2222 2200 materiae
2247 2151 2417 2200 corporis
2435 2164 2518 2200 gra-

1446 2205 1504 2242 vis
1523 2205 1585 2241 vel
1606 2204 1699 2241 levis
1719 2205 1769 2241 ad
1789 2203 1870 2240 eius
1891 2204 2073 2250 formam,
2095 2216 2194 2252 quae
2215 2212 2270 2241 est
2289 2205 2517 2254 principium

1447 2266 1586 2295 motus.
1618 2259 1667 2294 Et
1695 2257 1782 2294 ideo
1812 2269 1967 2294 necesse
1993 2265 2053 2294 est
2081 2257 2188 2305 quod
2208 2257 2254 2294 sit
2273 2258 2400 2306 aliqua
2428 2258 2517 2296 resi-

1447 2311 1581 2348 stentia
1611 2323 1656 2347 ex
1684 2318 1791 2359 parte
1819 2310 1948 2357 medii,
1975 2310 2081 2359 quod
2102 2318 2156 2348 est
2175 2323 2241 2348 aer
2259 2312 2322 2348 vel
2342 2323 2459 2361 aqua:
2480 2318 2517 2349 et

1447 2365 1500 2402 sic
1520 2377 1585 2401 aer
1605 2372 1660 2400 est
1680 2364 1727 2401 de
1748 2363 1969 2400 necessitate
1994 2371 2123 2400 motus
2142 2364 2335 2401 naturalis.

1502 2430 1537 2465 9.
1568 2418 1783 2464 Utrumque
1812 2424 1940 2453 autem
1965 2429 2011 2453 ex
2040 2417 2176 2454 eadem
2213 2417 2339 2454 radice
2377 2417 2515 2455 erroris

1447 2470 1627 2519 procedit.
1658 2469 1899 2506 Existimavit
1927 2469 2029 2506 enim
2058 2470 2163 2518 quod
2192 2470 2316 2507 forma
2345 2470 2516 2519 corporis

1447 2523 1573 2571 gravis
1594 2531 1629 2559 et
1644 2522 1738 2559 levis
1763 2522 1808 2558 sit
1830 2522 2058 2571 'principium
2079 2522 2246 2560 activum
2268 2530 2396 2560 motus
2413 2523 2433 2544 ²¹¹
2446 2535 2516 2572 per

1449 2576 1610 2613 modum
1640 2574 1847 2621 moventis,
1868 2583 1910 2611 ut
1930 2576 1949 2596 *
1970 2574 2023 2611 sic
2047 2583 2219 2624 oporteat
2245 2588 2328 2612 esse
2347 2576 2515 2626 aliquam

1448 2629 1697 2666 resistentiam
1713 2628 1761 2665 ad
1781 2628 2063 2665 inclinationem
2079 2629 2242 2675 formae3
2260 2637 2295 2666 et
2309 2629 2416 2677 quod
2431 2641 2515 2666 rno-

1447 2690 1506 2719 tus
1530 2695 1609 2719 non
1633 2681 1816 2730 procedat
1844 2681 2064 2718 immediate
2089 2694 2111 2718 a
2133 2690 2337 2729 generante
2361 2681 2428 2731 qui
2451 2682 2516 2720 dat

1448 2735 1624 2772 formam.
1647 2735 1723 2771 Sed
1743 2735 1818 2771 hoc
1838 2742 1893 2771 est
1915 2734 2073 2771 omnino
2093 2734 2244 2773 salsum.
2267 2735 2370 2772 Nam
2391 2735 2515 2773 forma

1447 2788 1572 2837 gravis
1608 2796 1643 2825 et
1672 2788 1766 2824 levis
1798 2800 1876 2824 non
1912 2795 1968 2824 est
2000 2787 2230 2837 principium
2263 2795 2391 2825 motus
2419 2788 2516 2826 sicut

1447 2854 1561 2890 agens
1581 2849 1749 2887 motum,
1771 2841 1838 2878 sed
1858 2841 1951 2877 sicut
1969 2853 2046 2890 quo
2066 2853 2229 2878 movens
2249 2849 2399 2887 movet;
2419 2841 2516 2879 sicut

1448 2896 1552 2932 color
1570 2893 1582 2916 ²
1603 2902 1657 2931 est
1684 2894 1912 2943 principium
1938 2894 2110 2942 visionis,
2137 2907 2215 2942 quo
2241 2894 2382 2942 aliquid
2406 2894 2513 2932 vide-

1447 2957 1517 2985 tur.
1548 2948 1659 2985 Unde
1689 2955 1724 2984 et
1752 2947 1972 2984 Aristoteles
2002 2947 2090 2984 dicit
2117 2947 2155 2984 in
2183 2948 2269 2984 VIII
2298 2948 2448 2996 Physic.
2474 2948 2512 2995 ¹⁸,

1447 3009 1534 3050 post
1549 3013 1593 3038 ea
1612 3007 1740 3050 quaet‘
1752 3001 1894 3038 dixerat
1914 3000 1962 3038 de
1981 3009 2091 3038 motu
2110 3001 2283 3048 gravium
2301 3009 2338 3038 et
2351 3001 2512 3038 levium:
2558 3019 2565 3026 ·

1448 3055 1548 3104 quod
1574 3055 1722 3102 quidem
1756 3054 1872 3103 igitur
1904 3054 1996 3091 nihil
2026 3056 2162 3091 horum
2197 3060 2323 3091 movet
2350 3054 2513 3103 sezpsum

1447 3108 1686 3156 manifestum
1707 3112 1780 3143 est.-
1799 3108 1865 3144 sed
1883 3113 2004 3144 motus
2022 3108 2159 3144 hahent
2173 3107 2416 3156 principium,
2437 3119 2512 3144 non

1448 3161 1624 3198 movendi
1645 3172 1764 3208 neque
1784 3161 1978 3209 faciendi,
2011 3161 2077 3198 sed
2102 3161 2281 3209 patiendi.
2317 3160 2381 3198 Sic
2405 3160 2515 3208 igitur

1449 3222 1575 3252 motus
1604 3214 1777 3262 gravium
1808 3221 1843 3250 et
1870 3213 2013 3250 levium
2042 3226 2120 3251 non
2148 3213 2321 3263 procedit
2352 3226 2374 3250 a
2402 3225 2514 3262 gene-

1449 3415 1497 3433 aer
1515 3411 1554 3433 est
1567 3408 1599 3433 de
1614 3408 1769 3433 necessitate
1781 3411 1867 3432 motus
1883 3407 2050 3432 naturalis.-
2059 3407 2138 3432 Linea
2152 3407 2270 3440 sequenti
2285 3414 2333 3441 pro
2347 3407 2389 3432 IV
2399 3406 2513 3441 thsi‘c„

1449 3447 1545 3476 quarto
1566 3444 1671 3477 Physic.
1692 3443 1720 3468 Ρ.

1502 3478 1529 3511 λ)
1549 3486 1600 3511 quo
1621 3486 1726 3504 movens
1746 3481 1832 3503 movet
1838 3486 1845 3507 ;
1859 3478 1929 3504 sicut
1941 3479 2022 3504 color.
2036 3492 2054 3497 -
2067 3485 2118 3511 quo
2134 3485 2240 3503 movens
2258 3478 2332 3503 color
2345 3478 2376 3507 Α,
2391 3485 2442 3510 quo
2459 3483 2514 3502 mo·
2534 3508 2538 3510 ι

1450 3522 1511 3540 vens
1530 3515 1598 3540 sicut
1617 3515 1690 3539 color
1710 3514 1807 3547 EGpF,
1827 3522 1878 3547 quo
1898 3521 2004 3538 movens
2023 3514 2091 3538 sicut
2110 3513 2185 3538 calor
2204 3514 2275 3544 Par.;
2295 3514 2314 3537 B
2334 3513 2412 3538 habet
2430 3513 2477 3537 lac.

1503 3549 1531 3584 μ)
1547 3553 1611 3582 post
1629 3557 1660 3574 ea
1674 3557 1750 3582 quae.
1763 3564 1781 3569 -
1793 3553 1933 3581 postquam
1955 3549 1984 3579 E,
1998 3552 2139 3581 postquam
2152 3550 2186 3574 'ea
2199 3556 2266 3581 quae
2279 3549 2308 3573 B.
2322 3561 2341 3568 -
2354 3548 2382 3573 ln
2396 3547 2513 3580 sequenti

1449 3591 1519 3610 textu
1533 3585 1678 3610 Aristotelis
1701 3586 1719 3609 Ρ
1733 3593 1786 3609 om.
1802 3585 1894 3618 igitur,
1919 3590 1944 3609 et
1966 3592 2013 3616 pro
2037 3584 2134 3609 habent
2156 3584 2217 3616 legit
2238 3583 2349 3613 habetat,-
2371 3583 2417 3608 sed
2437 3582 2481 3608 lib.
2495 3582 2514 3611 1.

1450 3621 1507 3646 lect.
1521 3628 1557 3651 ιιι,
1577 3629 1602 3650 ιι,
1618 3628 1643 3651 4,
1664 3620 1723 3653 legit
1742 3620 1839 3644 habent
1858 3621 1883 3644 in
1904 3619 1995 3644 eodem
2015 3624 2094 3644 textu.

2546 1466 2759 1521 s.c⁸·1¹i·‘.v1’ect¹³.'{,

2546 1526 2571 1542 n.
2585 1526 2597 1542 α
2612 1526 2665 1548 sqq.

2546 1574 2555 1583 ⁶
2565 1578 2612 1595 non
2620 1576 2642 1595 et
2651 1573 2701 1595 nise
2708 1579 2757 1595 om.

2545 1605 2608 1648 t'‘Ca
2626 1641 2632 1648 .
2647 1632 2714 1675 'l'ecih
2728 1626 2758 1674 ΙΨ

2545 1668 2664 1708 nssssqq.
2702 1670 2708 1676 '
2751 1669 2758 1680 ’

2542 2531 2553 2541 ⁸
2567 2531 2644 2552 motus
2657 2536 2705 2553 om.
2721 2537 2743 2553 Ρ.

2544 2586 2552 2595 ·
2569 2586 2593 2606 et
2605 2590 2626 2606 Ρ.

2621 2956 2654 2977 tv,
2662 2950 2754 2976 ωιτη-ὅς

2541 2950 2619 3031 ηεξ-ἘΖ
2633 2977 2685 2999 lect.
2702 2983 2752 3004 viu,
