2782 4134
108 2826 118 2837 ⁶
134 2831 220 2847 causas
230 2832 257 2847 ΑΒ
262 2841 267 2846 .

110 2882 117 2889 ·
128 2879 226 2901 Cf.1ect.
236 2885 266 2905 vi,
276 2885 320 2900 n.1.

352 284 426 329 346

1063 278 1652 329 METEOROLOGICORUM
1680 279 1774 316 L[B.
1806 280 1819 315 1

1107 504 1408 561 LECTIO
1448 505 1781 562 OCTAVA

462 653 603 684 CAUSA
627 651 906 690 QUORUNDAM
929 649 1128 680 ALIORUM
1152 648 1468 680 METEORORUM
1487 649 1607 687 QUAE
1631 650 1889 688 ALIQUANDO
1913 651 2143 682 APPARENT
2167 651 2211 681 IN
2234 650 2384 682 NOCTE
2410 669 2428 674 -

750 708 898 746 QUARE
922 707 1078 738 MULTA
1100 707 1202 737 ALIA
1226 706 1470 738 HUlUSMODI
1494 707 1628 738 FIUNT
1652 708 1772 746 QUAE
1795 708 1888 740 NON
1911 709 2141 740 APPARENT

347 852 514 881 Φαίνεται
539 844 575 879 δέ
603 859 686 879 ποτε
712 845 943 890 συνιστάμενα
972 844 1116 888 νύκτωρ,
1145 843 1275 889 αἰθρίας
1303 846 1416 886 οὔσης,

417 892 530 925 πολλοὶ
546 891 715 937 φάσματα
737 889 769 922 ἑν
792 892 839 932 τῷ
858 891 1003 933 οὐρανῷ,
1021 890 1090 922 οἷον
1111 889 1283 935 χάσματα
1301 902 1338 923 τε
1359 892 1417 922 καὶ

416 936 547 977 βόθυνοι
572 939 629 967 καὶ
656 931 841 979 αἱματώδη
866 934 1050 980 χρώματα.

348 984 461 1014 Αἴτιον
486 977 523 1012 δὲ
547 982 605 1012 καὶ
632 980 765 1012 τούτων
792 979 834 1012 τὸ
860 979 968 1012 αὐτό·
997 980 1070 1012 ἐπεὶ
1094 978 1159 1025 γὰρ
1185 978 1324 1023 φανερός
1344 976 1417 1010 ἐστι

414 1025 655 1069 συνιστάμενος
674 1026 689 1056 ὁ
711 1025 778 1056 ἄνω
806 1025 869 1069 ἀήρ
895 1024 976 1056 ὥστ’
1002 1022 1242 1068 ἐκπυροῦσθαι,
1268 1024 1326 1055 καὶ
1352 1022 1416 1059 τήν

415 1070 599 1115 ἐκπύρωσιν
632 1069 691 1102 ὁτὲ
723 1069 781 1114 μὲν
813 1069 982 1106 τοιαύτην
1014 1068 1166 1114 γίνεσθαι
1191 1066 1279 1099 ὥστε
1305 1067 1417 1113 φλόγα

413 1111 523 1147 δοκεῖν
555 1113 719 1156 καίεσθαι,
756 1115 815 1146 ὁτὲ
847 1109 876 1145 δ’
906 1114 975 1146 οἷον
1007 1110 1133 1151 ὃαλούς
1166 1111 1323 1157 φέρεσθαι
1357 1113 1417 1143 καὶ

415 1159 584 1204 ἀστέρας,
616 1159 712 1191 οὐθὲν
744 1159 876 1192 ἄτοπον
907 1160 935 1191 εἰ
964 1159 1227 1204 χρωματίζεται
1261 1158 1276 1189 ὁ
1310 1156 1416 1194 αὐτὸς

413 1205 512 1242 οὗτος
541 1204 604 1248 ᾰνὶρ
630 1203 873 1248 συνιστάμενος
892 1199 1124 1240 παντοδαπὰς
1150 1201 1275 1247 χρόας·
1302 1196 1362 1234 διαί
1379 1213 1417 1233 τε

412 1249 475 1295 γαρ
495 1249 701 1294 πυκνοτέρου
719 1245 981 1292 διαφαινόμενον
1004 1248 1152 1281 ἔλαττον
1170 1247 1235 1291 φῶς
1259 1249 1317 1278 καὶ
1338 1245 1418 1280 ἀνοί-

411 1296 531 1325 κλασιν
556 1289 737 1338 δεχόμενος
758 1295 773 1326 ὁ
793 1293 856 1338 ἀήρ
883 1289 1101 1325 παντοδαποὶ
1124 1291 1296 1337 χρώματα
1320 1291 1421 1328 ποιή-

412 1350 486 1379 σει,
521 1338 678 1382 μαλιστα
709 1334 746 1370 δὲ
782 1339 949 1383 φοινικοῦν
981 1337 1002 1375 ἦ
1037 1337 1248 1382 πορφυροῦν,
1283 1332 1344 1369 δια
1375 1336 1417 1369 τό

413 1384 532 1415 ταῦτα
557 1383 713 1426 μάλιστα
739 1383 775 1415 ἐκ
799 1384 863 1415 τοῦ
889 1379 1061 1427 πυρώδους
1085 1383 1143 1413 καὶ
1166 1381 1288 1412 λευκοῦ
1305 1384 1420 1425 φαίνε-

412 1427 489 1460 σθαι
515 1428 724 1474 μιγνυμένων
749 1428 846 1460 κατὰ
869 1427 933 1465 τοὶς
959 1425 1233 1472 ἑπιπροσθήσεις,
1253 1422 1321 1457 οἷον
1350 1426 1418 1458 ἀνί-

413 1484 544 1517 σχοντα
571 1473 619 1504 τοί
645 1472 756 1517 ἄστρα
784 1475 842 1505 καὶ
867 1469 1034 1516 δυόμενα,
1062 1471 1120 1504 ὲοὶν
1148 1469 1170 1514 ’ᾗ
1194 1471 1332 1514 καῦμα,
1358 1472 1417 1503 καὶ

412 1515 472 1549 &a
494 1518 628 1549 καπνοῦ
654 1518 787 1562 φοινικᾶ
812 1520 985 1562 φαίνεται.
1014 1518 1081 1548 Καὶ
1104 1517 1150 1559 τῇ
1174 1513 1362 1548 ἀνακλάσει
1379 1510 1418 1547 δὲ

414 1562 563 1604 ποιήσει,
588 1561 672 1594 ὅταν
699 1563 740 1594 τό
766 1562 931 1606 ἔνοπτρον
944 1560 980 1604 )’ᾔ
1006 1562 1166 1594 τοιοῦτον
1191 1559 1279 1592 ὥστε
1305 1560 1354 1605 μή
1376 1560 1416 1593 vd

413 1608 545 1652 σχῆμα,
567 1605 659 1639 άλλοὶ
683 1607 723 1640 τι)
749 1607 870 1652 χρῶμα
887 1602 1062 1652 δέχεσθαι.
1089 1607 1156 1638 Τοῦ
1173 1600 1211 1637 δὲ
1236 1604 1283 1649 μὴ
1309 1606 1416 1638 πολύν

439 1652 533 1696 ρόνον
559 1651 666 1690 μένειν
686 1654 806 1684 ταῦτα
824 1653 844 1689 ἡ
863 1651 1024 1690 σύντασις
1051 1651 1151 1683 αἰτία
1169 1654 1297 1694 ταχεῖα
1315 1649 1413 1683 οὖσα.

446 1697 459 1729 ἑ
483 1691 668 1742 χάσματα,
690 1696 983 1743 ἀναρρηγνυμένου
1002 1696 1065 1729 τοῦ
1082 1695 1193 1739 φωτὸς
1211 1697 1248 1729 ἑκ
1272 1694 1416 1728 κυανέου

412 1743 471 1774 καὶ
497 1741 654 1785 μέλανος,
683 1746 775 1774 ποιεῖ’
797 1754 831 1775 τι
857 1741 960 1782 βοίθος
986 1742 1075 1787 ἔχειν
1099 1735 1223 1774 δοκεῖν.
1250 1740 1416 1777 Πολλάκις

413 1783 441 1819 δ’
471 1787 506 1818 ἐκ
537 1788 603 1819 τῶν
639 1788 807 1820 τοιούτων
838 1788 897 1818 καὶ
927 1782 1026 1818 δαλοὶ
1057 1786 1301 1826 ἐκπίπτουσιν,
1331 1784 1416 1818 ὅταν

413 1831 574 1877 συγκριθῇ
601 1833 747 1876 μᾶλλον·
775 1831 885 1863 συνιὸν
911 1826 949 1863 δέ
974 1843 1008 1864 τι
1033 1830 1154 1876 χάσμα
1178 1826 1282 1863 δοκεῖ.

345 1696 397 1727 Tot

338 1874 445 1914 ’Ὀλως
471 1873 499 1909 δ’
530 1877 562 1908 ἐν
589 1877 636 1918 τῷ
663 1876 783 1921 μέλανι
815 1876 856 1908 τό
879 1876 999 1908 λευκὸν
1031 1875 1160 1913 πολλαὶς
1188 1879 1279 1908 ποιεῖ
1309 1885 1417 1907 ποικι-

411 1923 500 1963 λίας,
530 1922 597 1953 οἷον
624 1923 644 1958 ἢ
670 1921 752 1966 φλὸξ
770 1922 803 1953 ἑν
825 1921 872 1961 τῷ
898 1921 1030 1962 καπνῷ.
1065 1920 1211 1965 Ἡμέρας
1238 1920 1298 1963 μὲν
1324 1917 1381 1951 οὖν
1401 1919 1417 1950 ὀ

413 1965 506 2005 ἥλιος
530 1966 671 1998 κωλύει·
699 1966 818 2004 νυκτός
844 1961 872 1997 δ’
902 1965 964 2007 ἔξω
991 1966 1053 1998 τοῦ
1078 1966 1228 2008 φοινικοῦ
1253 1965 1301 1998 τοὶ
1327 1964 1417 1996 ἄλλα

413 2005 450 2043 δι’
482 2010 544 2056 όμό
572 2023 665 2056 ροιαν
692 2012 730 2043 οὐ
755 2013 926 2055 φαίνεται.
983 2037 986 2042 .

345 2057 418 2099 Περὶ
445 2057 503 2102 μὲν
530 2068 586 2088 ουν
612 2057 678 2088 τῶν
711 2051 916 2088 διαθεόντων
954 2053 1104 2099 ἀστέρων
1136 2055 1195 2086 καὶ
1222 2055 1287 2086 τῶν
1320 2054 1418 2086 ἐκπυ-

413 2101 598 2147 ρουμένων,
626 2101 678 2133 ἔτι
702 2096 740 2132 δὲ
765 2101 831 2134 τῶν
860 2099 970 2132 ἄλλων
997 2101 1062 2132 τῶν
1090 2098 1257 2131 τοιούτων
1283 2097 1419 2143 φασμοί-

414 2159 480 2179 των
507 2145 570 2178 ὅσα
598 2148 744 2191 ταχείας
774 2149 926 2178 ποιεῖται
952 2144 1016 2182 τοὶς
1041 2146 1254 2188 φαντασίας,
1282 2142 1418 2180 ταύτας

413 2192 598 2232 ὑπολαβεῖν
625 2186 678 2222 δεῖ
700 2190 764 2227 τοὶς
792 2190 920 2227 αἰτίας.

406 2290 555 2317 SYNOPsm.
574 2304 607 2308 —
631 2297 653 2314 1.
669 2288 881 2323 Argumentum
899 2292 1002 2313 textus.
1020 2285 1086 2319 Qua
1100 2285 1136 2312 de
1151 2293 1239 2312 causa
1259 2284 1418 2321 aliquando

345 2335 431 2358 nocte
452 2337 554 2357 serena
574 2333 715 2364 apparent
729 2326 759 2354 in
774 2326 855 2354 caelo
870 2325 1027 2364 sanguinei
1041 2325 1164 2360 colores,
1179 2324 1275 2352 hiatus
1290 2331 1317 2352 et
1332 2333 1418 2352 vora·

345 2370 440 2409 gines.
455 2386 474 2389 —
489 2376 515 2396 2.
531 2369 639 2396 Textus
654 2366 767 2395 divisio.
782 2383 801 2387 -
819 2366 915 2394 Causa
925 2365 1148 2403 praedictorum
1166 2365 1308 2392 colorum.
1331 2364 1417 2399 Cum,

346 2409 419 2438 sicut
440 2408 547 2436 dictum
571 2414 613 2435 est
635 2407 664 2435 in
684 2407 748 2435 lect.
762 2414 801 2441 vr,
823 2414 873 2434 aer
894 2405 1026 2442 superior
1047 2404 1087 2433 ita
1107 2404 1143 2432 sit
1157 2404 1315 2441 dispositus
1336 2396 1368 2432 u‘t
1389 2403 1419 2432 in

346 2459 382 2478 eo
404 2449 475 2477 fiant
495 2447 665 2486 ignitiones,
688 2453 715 2475 et
743 2455 810 2474 eum
832 2446 885 2474 hae
908 2445 1122 2473 multiformiter
1142 2444 1227 2480 fiant,
1250 2443 1291 2472 nil
1311 2443 1419 2472 mirum

347 2490 426 2526 quod
448 2498 497 2517 aer
517 2488 564 2516 ille
585 2493 723 2524 appareat
743 2486 889 2514 coloratus
911 2485 992 2514 omni
1013 2493 1118 2522 genere
1144 2485 1288 2513 colorum.
1310 2499 1329 2504 —
1351 2485 1419 2512 Duo

347 2528 428 2558 modi
443 2528 603 2557 secundum
625 2536 700 2564 quos
721 2525 862 2563 contingit
881 2525 963 2562 quod
977 2534 1026 2553 aer
1046 2524 1229 2561 aliquatenus
1250 2523 1420 2560 inspissatus

347 2578 450 2597 omnes
465 2569 571 2596 modos
593 2567 726 2595 colorum
740 2571 944 2602 repraesentet.
959 2581 980 2586 -
997 2566 1063 2599 Qua
1077 2565 1113 2592 de
1128 2573 1216 2592 causa
1230 2563 1355 2592 maxime
1369 2573 1420 2600 ap—

347 2615 449 2646 parent
463 2608 493 2636 in
510 2617 575 2636 aere
597 2607 679 2635 color
700 2606 840 2643 puniceus
855 2611 883 2633 et
902 2613 1076 2641 purpureus.
1099 2620 1119 2625 —
1140 2605 1238 2639 Quare
1253 2603 1421 2632 huiusmodi

570 2726 585 2746 ,.
614 2707 792 2747 ostquam
815 2697 1074 2746 Philosophus
1099 2696 1303 2745 assignavit
1331 2709 1418 2734 cau-

499 2838 504 2850 ,
526 2806 598 2855 «Ἓξ
614 2805 696 2843 veri
711 2805 748 2842 in
763 2817 863 2852 aere,
875 2803 938 2841 hic
949 2804 1112 2852 assignat
1127 2802 1312 2840 causam*
1323 2816 1418 2852 quo-

616 2859 778 2896 rundam
795 2858 955 2895 aliorum
970 2865 1080 2895 nocte
1106 2856 1371 2906 apparentium
1386 2857 1417 2894 ³¹⁸.

621 2913 698 2950 duo
714 2912 811 2949 facit.
832 2912 963 2949 Primo
978 2910 1159 2960 proponit
1178 2910 1238 2947 illa
1253 2922 1418 2960 quorum

351 2980 483 3005 causas
512 2967 701 3015 assignare
721 2965 891 3003 intendit.
913 2966 962 3002 Et
981 2964 1069 3002 dicit
1088 2964 1194 3012 quod
1214 2964 1418 3013 aliquando

350 3028 535 3071 apparent
563 3020 601 3057 in
630 3027 753 3066 nocte,
776 3031 864 3056 curn
895 3018 1004 3056 fuerit
1032 3017 1232 3064 serenitas,
1257 3019 1419 3066 phanta-

349 3081 470 3112 smata
490 3080 519 3121 α,
550 3074 646 3111 idest
665 3072 934 3122 apparitiones,
956 3072 994 3109 in
1015 3072 1137 3118 caelo,
1168 3071 1263 3108 sieut
1285 3071 1419 3118 hiatus,

350 3129 447 3165 idest
466 3127 657 3176 quaedam
679 3134 889 3175 aperturae,
911 3138 956 3163 ac
976 3125 1006 3162 si
1027 3125 1176 3162 caelum
1198 3132 1294 3161 esset
1314 3137 1421 3174 aper-

351 3189 444 3228 tum,
467 3188 502 3218 et
526 3180 692 3229 bothyni,
714 3179 809 3217 idest
827 3178 1044 3227 voragines,
1070 3178 1179 3227 quasi
1207 3178 1420 3227 profundae

352 3242 562 3283 aperturae,
594 3241 630 3270 et
658 3233 771 3270 etiam
800 3233 1005 3283 sanguinei
1031 3232 1186 3270 colores.

407 3299 440 3324 2.
460 3287 639 3324 Secundo
660 3286 727 3323 ibi:
755 3287 880 3323 Causa
900 3291 1024 3323 autem
1045 3291 1080 3322 et
1098 3285 1134 3322 in
1155 3286 1211 3322 his
1231 3292 1314 3332 etc„
1331 3284 1421 3322 assi-

354 3348 441 3387 gnat
461 3353 593 3377 causas
612 3341 764 3377 horum.
795 3341 843 3376 Et
864 3339 962 3376 circa
981 3339 1056 3375 hoc
1072 3338 1149 3376 duo
1171 3339 1273 3376 facit:
1294 3338 1420 3388 primo

354 3392 516 3440 assignat
545 3405 698 3430 causam
728 3405 845 3440 quare
885 3400 1093 3442 appareant
1120 3392 1333 3441 praedicta;
1363 3405 1420 3429 se-

356 3446 482 3482 cundo
520 3458 636 3494 quare
675 3446 793 3483 multa
823 3445 892 3483 alia
922 3446 1018 3483 fiunt
1055 3458 1155 3494 quae
1190 3458 1269 3483 non
1303 3458 1420 3495 appa-

410 3601 436 3635 α)
448 3601 650 3633 phantasmata„
663 3602 853 3634 -phantasma
869 3603 901 3631 P:
922 3604 962 3627 ed.
981 3602 1041 3628 1561
1060 3609 1088 3628 ut
1102 3612 1158 3629 nos.
1170 3618 1189 3624 —
1199 3605 1257 3629 Mox
1272 3613 1319 3637 pro
1334 3605 1421 3630 hiatus

356 3633 512 3672 (χάσματα),
529 3637 597 3670 ignis
615 3637 666 3665 Pa;
686 3645 716 3662 an
737 3637 796 3669 quia
815 3638 917 3662 codices
931 3638 1042 3671 ymas?
1062 3639 1112 3663 Pro
1132 3639 1252 3672 bothyni,
1268 3640 1357 3665 bothin
1375 3640 1422 3664 Pa.

1470 847 1488 867 *
1510 849 1676 888 Apparent
1699 854 1807 878 autem
1837 848 2011 889 aliquando
2034 857 2148 888 nocte,
2181 848 2346 880 serenitate
2377 848 2545 888 existente,
2576 857 2585 864 ·

1539 892 1744 923 consistentia
1771 893 1874 924 multa
1899 893 2121 934 phantasmata
2147 894 2179 925 in
2205 894 2309 934 caelo,
2340 900 2419 935 puta
2440 894 2547 925 hiatus

1539 943 1570 967 et
1591 936 1727 978 bothyni
1751 943 1782 967 et
1805 937 1970 978 sanguinei
1994 938 2127 969 colores.

1473 980 1578 1012 Causa
1601 987 1709 1011 autem
1733 987 1764 1012 et
1786 981 1819 1011 in
1843 981 1892 1012 his
1916 982 2038 1013 eadem.
2070 982 2157 1014 Cum
2180 983 2267 1014 enim
2289 982 2476 1014 manifestus
2500 988 2548 1014 est

1539 1032 1688 1056 constans
1712 1025 1768 1067 qui
1792 1036 1920 1056 sursum
1943 1036 1996 1058 aer
2019 1033 2055 1058 ut
2077 1027 2190 1068 ignitio
2212 1026 2278 1067 fiat,
2300 1034 2331 1059 et
2353 1027 2467 1068 ignitio
2491 1027 2546 1058 ali-

1538 1069 1670 1110 quando
1700 1069 1832 1111 quidem
1863 1070 1934 1101 talis
1957 1070 1993 1102 fit
2021 1078 2058 1102 ut
2085 1071 2215 1102 flamma
2243 1072 2388 1103 videatur
2416 1073 2545 1110 ardere,

1538 1114 1712 1155 aliquando
1737 1121 1845 1146 autem
1867 1115 1956 1146 velut
1979 1115 2042 1146 dali
2066 1115 2206 1147 ferantur
2224 1123 2255 1147 et
2274 1116 2394 1147 sidera:
2418 1117 2547 1147 nullum

1538 1159 1766 1190 inconveniens
1790 1159 1816 1190 si
1841 1160 2003 1191 coloratur
2025 1160 2111 1191 idem
2133 1161 2191 1192 iste
2208 1171 2260 1192 aer
2276 1167 2425 1192 constans
2442 1161 2547 1192 omni-

1539 1204 1645 1235 modis
1670 1204 1841 1235 coloribus.
1869 1205 1929 1235 Per
1951 1204 2083 1245 spissius
2107 1205 2194 1236 enim
2216 1211 2416 1246 transparens
2438 1205 2548 1237 minus

1538 1249 1661 1287 lumen,
1678 1255 1708 1280 et
1727 1249 1950 1280 refractionem
1973 1249 2149 1291 suscipiens
2172 1259 2235 1290 aer,
2260 1249 2468 1281 omnimodos
2492 1259 2547 1282 co-

1539 1293 1621 1324 lores
1645 1293 1753 1325 faciet:
1777 1294 1915 1325 maxime
1939 1301 2048 1325 autern
2067 1294 2246 1336 puniceum
2265 1301 2321 1326 aut
2333 1304 2546 1336 purpureum,

1539 1338 1615 1380 quia
1639 1338 1672 1369 hi
1695 1338 1832 1369 maxime
1863 1349 1900 1369 ex
1930 1338 2026 1379 igneo
2050 1346 2082 1370 et
2104 1339 2178 1370 albo
2202 1345 2355 1380 apparent
2384 1339 2548 1381 permixtis

1539 1383 1642 1424 nigro,
1659 1384 1836 1414 secundum
1864 1384 2190 1425 superappositiones‚
2205 1384 2294 1416 velut
2313 1383 2448 1415 orientia
2465 1390 2549 1416 astra

1539 1435 1570 1459 et
1585 1428 1819 1467 occumbentia,
1834 1428 1860 1458 si
1880 1428 1974 1460 fuerit
1993 1436 2122 1468 cauma;
2147 1435 2178 1460 et
2192 1438 2249 1470 per
2263 1427 2394 1460 fumum
2409 1427 2548 1470 punicea

1539 1479 1703 1513 apparent.
1720 1471 1921 1504 Refractione
1937 1480 2045 1504 autem
2061 1473 2165 1512 faciet,
2179 1483 2255 1505 cum
2269 1473 2438 1514 speculum
2453 1472 2550 1508 fuerit

1538 1517 1600 1548 tale
1624 1524 1659 1549 ut
1682 1527 1749 1548 non
1773 1516 1908 1558 figuram
1932 1518 1988 1549 sed
2011 1518 2154 1549 colorem
2177 1518 2337 1560 suscipiat.
2362 1518 2470 1557 Quare
2491 1527 2549 1556 au—

1539 1569 1605 1592 tem
1638 1572 1704 1593 non
1734 1562 1839 1593 multo
1867 1569 2012 1603 tempore
2041 1569 2190 1595 maneant
2219 1562 2312 1602 haec,
2345 1559 2549 1595 consistentia

1540 1617 1635 1638 causa
1657 1607 1750 1638 velox
1769 1607 1914 1638 existens.
2542 1615 2548 1617 “

1471 1696 1586 1727 Hiatus
1610 1702 1730 1735 autem,
1755 1696 1900 1737 disrupto
1922 1695 2045 1727 lumine
2069 1706 2106 1727 ex
2130 1696 2267 1728 obscuro
2292 1703 2323 1728 et
2345 1696 2449 1738 nigro,
2473 1684 2565 1728 facit·

1538 1741 1643 1781 putari
1666 1741 1809 1782 aliquam
1830 1740 2092 1781 profunditatem.
2122 1741 2287 1772 Multoties
2310 1747 2419 1773 autem
2442 1751 2480 1773 ex
2501 1748 2548 1773 ta-

1538 1785 1621 1817 libus
1645 1792 1676 1816 et
1706 1785 1768 1816 dali
1797 1785 1962 1823 excidunt,
1987 1795 2062 1816 cum
2093 1792 2302 1826 congregetur
2324 1786 2435 1827 magis.
2460 1785 2548 1819 Con-

1538 1837 1659 1861 cretum
1683 1836 1791 1861 autem
1816 1829 1954 1870 amplius
1977 1839 2097 1870 vorago
2121 1830 2256 1861 videtur.

1473 1874 1617 1906 Omnino
1634 1881 1742 1911 autem
1761 1874 1793 1904 in
1810 1874 1900 1915 nigro
1921 1874 2031 1905 album
2047 1874 2164 1905 multas
2180 1873 2255 1906 facit
2269 1874 2444 1913 varietates,
2460 1874 2549 1906 velut

1539 1919 1670 1950 flamma
1693 1919 1726 1950 in
1749 1918 1852 1950 fumo.
1882 1919 1930 1950 De
1954 1918 2004 1949 die
2033 1918 2166 1960 quidem
2192 1918 2290 1960 igitur
2312 1918 2361 1950 sol
2384 1918 2547 1960 prohibet:

1539 1970 1633 1995 nocte
1657 1970 1776 2002 autem,
1792 1971 1923 2005 excepto
1947 1963 2097 2004 puniceo,
2117 1963 2170 1994 alii
2189 1970 2320 2004 propter
2337 1963 2477 1995 similem
2487 1973 2548 1996 ,εο-

1539 2008 1731 2040 lorationem
1755 2019 1822 2039 non
1845 2014 2008 2049 apparent.

1473 2054 1521 2085 De
1546 2053 1792 2084 discurrentibus
1816 2053 1948 2094 quidem
1970 2052 2066 2093 igitur
2081 2052 2170 2084 astris
2190 2059 2221 2084 et
2239 2051 2356 2093 ignitis,
2372 2052 2478 2085 adhuc
2491 2063 2548 2095 au-

1540 2105 1606 2129 tem
1621 2104 1652 2129 et
1667 2098 1707 2128 de
1726 2097 1794 2128 aliis
1818 2097 2091 2139 phantasmatibus
2115 2097 2242 2137 talibus,
2261 2107 2490 2140 quaecumque,
2503 2096 2548 2131 fe-

1541 2142 1636 2174 stinas
1661 2141 1781 2174 faciunt
1795 2141 1988 2183 phantasias,
2005 2142 2061 2173 has
2083 2141 2260 2174 existimare
2284 2148 2412 2183 oportet
2426 2150 2548 2175 causas.

1474 2284 1587 2312 colores
1609 2283 1666 2312 cito
1688 2283 1845 2320 disparent.
1868 2300 1887 2305 -
1909 2283 1935 2311 3.
1955 2283 2050 2312 Causa
2071 2283 2167 2312 hiatus
2187 2289 2216 2312 et
2230 2283 2392 2322 voraginis.
2414 2284 2491 2313 Cum
2505 2283 2549 2313 lu-

1474 2333 1542 2352 men
1563 2323 1593 2352 in
1614 2332 1680 2352 aere
1702 2323 1934 2352 discontinuatur
1955 2332 1989 2352 ex
2010 2323 2108 2362 aliquo
2131 2325 2257 2353 obscuro
2279 2330 2307 2352 et
2327 2324 2411 2362 nigro
2429 2330 2550 2362 propter

1473 2364 1600 2401 aliquem
1615 2373 1754 2401 vaporem
1769 2363 1860 2401 magis
1879 2363 2014 2401 spissum,
2029 2370 2149 2400 apparet
2170 2363 2200 2392 in
2215 2364 2296 2393 caelo
2311 2363 2408 2402 aliqua
2427 2364 2550 2402 profun-

1474 2403 1548 2432 ditas
1562 2410 1590 2432 et
1603 2410 1747 2441 apertura.
1772 2405 1855 2439 Quae
1876 2403 2004 2441 quidem,
2020 2404 2091 2432 dum
2105 2413 2197 2441 vapor
2215 2403 2436 2438 discontinuans
2449 2403 2550 2435 lumen

1474 2450 1517 2472 est
1538 2443 1630 2481 magis
1651 2449 1805 2472 concretus
1826 2450 1854 2472 et
1875 2443 2060 2481 inspissatus,
2082 2450 2202 2481 apparet
2223 2443 2333 2480 maior,
2355 2443 2439 2481 quasi
2459 2453 2550 2483 quae-

1475 2484 1543 2512 dam
1557 2493 1682 2521 vorago:
1704 2483 1775 2512 alias
1789 2483 1903 2511 videtur
1916 2483 2012 2512 solum
2027 2483 2122 2512 hiatus
2136 2483 2182 2512 vel
2194 2490 2339 2520 apertura.
2352 2500 2373 2506 -
2387 2484 2548 2519 Quomodo

1474 2530 1597 2560 utraque
1618 2523 1769 2560 apparitio,
1792 2529 1820 2551 et
1841 2523 1973 2551 colorum
1996 2529 2024 2552 et
2045 2523 2187 2559 hiatuum,
2207 2524 2315 2552 habent
2336 2524 2460 2552 eandem
2480 2533 2549 2553 eau-

1475 2573 1546 2592 sam.
1561 2580 1582 2584 —
1594 2573 1623 2598 4.
1639 2564 1737 2598 Quare
1752 2563 1843 2591 multa
1856 2562 1912 2591 alia
1933 2562 2007 2591 fiunt
2028 2563 2165 2591 similium
2180 2570 2389 2599 meteororum,
2405 2573 2481 2602 quae
2494 2573 2550 2593 nee

1476 2604 1512 2631 de
1534 2602 1580 2631 die
1601 2612 1655 2631 nec
1676 2603 1713 2631 de
1734 2609 1820 2631 nocte
1841 2609 1991 2640 apparent.
2014 2620 2034 2625 -
2055 2603 2204 2641 Epilogus.

1475 2704 1577 2743 rent,
1612 2696 1685 2733 ibi:
1720 2696 1882 2734 Omnino
1914 2702 2040 2734 autem
2070 2697 2107 2734 in
2138 2697 2251 2748 nigro
2279 2697 2409 2734 album
2427 2697 2448 2720 *
2477 2705 2547 2735 etc.
2576 2713 2586 2723 ·

1475 2750 1586 2787 Circa
1614 2750 1782 2799 primurn
1813 2750 1890 2786 duo
1920 2750 2024 2787 facit:
2053 2750 2179 2799 primo
2204 2750 2369 2799 assignat
2391 2763 2548 2789 causam

1475 2804 1648 2840 colorum
1677 2803 1715 2849 *3
1749 2803 1920 2840 secundo
1959 2803 2123 2852 assignat
2161 2816 2317 2842 causam
2353 2803 2478 2842 hiatus
2512 2812 2550 2842 et
2575 2816 2584 2824 ”

1473 2857 1678 2905 voraginis,
1707 2857 1775 2894 ibi:
1803 2857 1945 2894 fflatus
1973 2863 2099 2894 autem
2118 2857 2139 2879 *
2167 2865 2237 2895 etc.

1529 2910 1628 2948 Dicit
1657 2923 1746 2958 ergo
1775 2910 1901 2959 primo
1930 2911 2037 2959 quod
2064 2911 2201 2949 eadem
2222 2922 2337 2948 causa
2356 2917 2412 2948 est
2431 2910 2470 2948 in
2488 2911 2547 2949 his

1475 2964 1775 3014 apparitionibus
1803 2964 1843 3010 ³¹⁸,
1874 2977 1972 3014 quae
2007 2964 2119 3002 etiam
2152 2971 2208 3002 est
2235 2964 2461 3012 ignitionum
2499 2965 2548 3002 de
2575 2975 2584 2984 ·

1475 3018 1613 3066 quibus
1633 3030 1748 3066 supra
1762 3017 1782 3039 ’¹‘
1803 3018 1946 3056 dictum
1967 3025 2033 3055 est.
2056 3018 2157 3055 Cum
2178 3018 2281 3055 enim
2302 3017 2545 3056 manifestum
2574 3027 2586 3039 ⁴

1475 3071 1521 3108 sit
1548 3071 1655 3121 quod
1679 3083 1744 3108 aer
1772 3071 1946 3121 superior
1974 3074 2117 3120 (quem
2147 3084 2262 3121 supra
2291 3071 2383 3110 dixit
2409 3072 2548 3121 hypec-

1474 3127 1627 3171 cauma)
1644 3125 1697 3162 sic
1716 3124 1929 3174 disponitur
1948 3125 2054 3173 quod
2074 3125 2113 3162 in
2133 3138 2179 3163 eo
2200 3126 2266 3163 fiat
2281 3124 2429 3173 ignitio;
2449 3137 2548 3174 quae

1475 3178 1631 3227 quidem
1669 3178 1874 3227 aliquando
1911 3178 1994 3215 talis
2029 3186 2085 3216 est
2122 3187 2163 3216 ut
2199 3178 2375 3216 videatur
2412 3178 2548 3216 ardere

1475 3232 1657 3279 flamma,
1687 3232 1921 3281 quandoque
1959 3239 2088 3270 autern
2118 3232 2239 3270 taliter
2274 3233 2317 3270 fit
2350 3232 2480 3281 ignitio
2508 3239 2550 3270 ut

1475 3285 1678 3322 videantur
1715 3285 1802 3323 ferri
1841 3285 1991 3323 titiones
2017 3284 2034 3315 θ
2063 3293 2100 3323 et
2128 3285 2273 3333 sidera;
2310 3286 2455 3323 nullum
2493 3293 2550 3323 est

1476 3338 1763 3386 inconveniens,
1794 3351 1881 3376 cum
1906 3339 2146 3377 incensiones
2174 3339 2267 3383 fiant
2287 3339 2326 3376 in
2345 3351 2432 3376 aere
2452 3339 2549 3376 mul·

1476 3393 1658 3439 tiformes,
1690 3393 1795 3441 quod
1824 3392 1882 3429 ille
1916 3405 1982 3430 aer
2010 3393 2184 3443 superior
2213 3394 2402 3430 coloratus
2431 3404 2548 3442 appa-

1476 3454 1554 3483 reat
1579 3446 1684 3483 omni
1712 3458 1850 3494 genere
1880 3447 2067 3484 colorum.
2098 3447 2262 3484 Duobus
2291 3446 2392 3483 enim
2422 3445 2548 3484 modis

1532 3604 1557 3638 β)
1579 3609 1607 3630 ut
1628 3605 1770 3630 videantur
1781 3605 1856 3638 ser-ri
1870 3605 1985 3630 titiones.
1999 3618 2018 3624 —
2031 3611 2063 3630 ac
2082 3604 2105 3629 si
2117 3604 2248 3638 serantur
2267 3604 2374 3629 titiones
2387 3603 2440 3628 ΑΒ.
2453 3617 2472 3622 -
2486 3603 2549 3628 Post

1477 3641 1571 3665 lineam
1591 3648 1638 3673 pro
1657 3641 1742 3673 quod,
1762 3640 1786 3665 si
1800 3641 1853 3665 ΑΒ.
1866 3654 1885 3659 -
1898 3640 1949 3664 Pro
1963 3640 2091 3668 colorum,
2106 3640 2240 3665 caelorum
2254 3639 2287 3670 P;
2307 3639 2348 3664 ed.
2367 3637 2428 3663 1561
2447 3643 2476 3663 ut
2490 3646 2548 3664 nos.
