2690 4062
312 281 418 309 CXXIV

311 345 515 380 consimilem
538 353 571 378 et
593 344 880 389 proportionatum
904 353 981 375 suae
1006 349 1158 379 naturae,
1190 346 1223 371 et
1245 346 1373 370 natura-

310 391 382 424 liter
405 391 578 435 quiescunt
600 390 634 422 in
658 399 717 421 eo:
743 387 819 432 quia
842 387 935 419 locus
959 384 1147 418 naturaliter
1170 391 1219 415 est
1243 392 1372 414 conser-

309 436 437 468 vativus
467 433 587 474 locati,
617 433 702 466 sicut
731 440 820 476 patet
849 432 882 463 in
906 430 955 463 IV
982 429 1113 473 Physic.,·
1138 427 1237 470 igitur
1261 425 1372 458 omnia

310 478 461 512 animalia
484 486 617 511 manent
640 478 673 509 in
690 480 773 509 terra
794 484 826 508 et
842 485 926 518 aqua
949 472 1146 511 naturaliter,
1171 479 1207 503 ut
1222 471 1256 502 in
1273 468 1372 502 simili

310 535 388 556 suae
403 531 537 555 naturae
560 521 647 561 loco,
671 529 704 553 et
726 529 763 553 ut
785 518 900 552 nutriri
924 525 956 550 et
980 515 1164 549 conservari
1188 514 1317 558 possint
1332 513 1371 546 ab

310 567 487 607 elemento,
516 565 605 610 quod
629 565 736 609 primo
767 562 863 596 habet
886 561 1076 605 qualitatem
1100 559 1263 603 passivam
1288 569 1371 602 quae

309 611 575 655 praedominatur
603 610 637 641 in
661 609 715 641 eis.
748 608 840 640 Licet
870 614 980 638 autem
1012 604 1120 648 aliqua
1148 601 1301 636 animalia
1325 600 1371 634 di-

310 664 424 689 cantur
446 655 562 688 nutriri
585 654 619 686 in
642 652 706 686 alio
730 651 905 689 elemento,
929 658 967 682 ut
990 660 1065 682 aves
1088 648 1123 680 in
1147 658 1219 680 aere
1239 655 1271 679 et
1291 645 1371 678 sala-

309 699 443 732 mandra
467 700 500 731 in
523 699 616 741 igne,
640 706 748 729 tamen
772 695 852 728 haec
877 694 988 726 omnia
1011 693 1201 725 nutriuntur
1225 702 1263 723 ex
1287 699 1371 723 terra

309 753 342 777 et
357 755 450 794 aqua,
466 742 518 775 vel
534 754 573 774 ex
595 741 645 773 his
670 751 752 784 quae
775 747 954 771 nascuntur
978 738 1011 770 in
1031 737 1088 777 eis,
1105 744 1142 768 ut
1160 734 1371 768 manifestum

309 796 358 821 est
384 799 418 820 1n
446 786 569 820 avibus.
602 783 811 818 Salamandra
842 791 951 815 autem
981 792 1039 825 per
1069 780 1126 814 lon
1175 791 1209 812 m
1240 788 1370 822 tempus

307 832 449 865 nutritur
471 831 505 863 in
527 831 603 873 igne
626 840 666 862 ex
689 829 776 860 sicco
800 835 906 860 terreo
929 825 1048 859 adusto
1071 833 1104 858 et
1162 835 1271 864 moso,
1295 834 1370 867 pro-

307 885 379 920 pter
395 874 644 908 convenientem
661 871 910 905 similitudinem
926 869 966 903 ad
984 869 1247 913 complexionem
1264 879 1369 907 suam,

308 932 390 965 quae
417 919 558 952 maxime
588 917 752 950 invenitur
782 917 816 948 in
846 923 961 948 nostro
991 915 1001 947 i
1050 926 1067 947 e
1095 912 1259 946 inferiori:
1293 913 1369 956 quia

306 975 375 997 non
397 962 554 996 habemus
578 961 631 995 hic
654 962 765 1004 ignem
788 971 927 1004 purum,
957 925 1220 992 seffidmixtum
1243 965 1368 997 terreo;

306 1019 374 1041 non
397 1016 506 1040 autem
528 1007 706 1039 nutriretur
728 1005 763 1037 in
787 1005 862 1048 igne
886 1014 981 1047 puro.

361 1061 391 1084 2.
415 1050 543 1085 Deinde
567 1062 643 1083 cum
667 1049 762 1083 dicit:
795 1047 1008 1093 Corporalium
1031 1053 1131 1080 autem
1154 1054 1235 1086 etc.‚
1264 1045 1368 1078 deter-

305 1097 407 1129 minat
423 1095 462 1128 de
479 1094 648 1139 speciebus
666 1093 859 1138 qualitatum
875 1093 1079 1136 passivarum
1098 1089 1367 1135 provenientibus

305 1152 344 1173 ex
359 1139 496 1173 humido
513 1148 544 1172 et
561 1139 662 1172 sicco:
681 1149 820 1182 quarum
836 1137 960 1182 primae
977 1145 1054 1170 sunt
1070 1135 1189 1169 durum
1206 1143 1239 1168 et
1254 1133 1366 1167 molle.

304 1185 345 1218 Et
361 1183 436 1217 ideo
453 1184 559 1227 primo
577 1183 771 1217 determinat
789 1181 829 1215 de
847 1181 930 1215 duro
951 1189 984 1214 et
1002 1179 1106 1221 molli,
1123 1188 1156 1213 et
1178 1179 1257 1213 dicit
1276 1179 1367 1224 quod

304 1229 414 1262 omnia
431 1239 568 1272 corpora
585 1239 668 1272 quae
687 1235 885 1271 generantur
908 1237 947 1258 ex
966 1224 1104 1258 humido
1122 1233 1155 1257 et
1171 1225 1270 1264 sicco,
1290 1233 1367 1257 sunt

303 1281 359 1305 aut
381 1272 460 1305 dura
484 1281 540 1305 aut
555 1271 681 1305 mollia:
706 1280 738 1304 et
753 1270 828 1304 ideo
845 1270 885 1304 de
909 1271 956 1303 eis
980 1270 1088 1313 primo
1112 1268 1290 1302 dicendum
1306 1277 1364 1301 est.

302 1316 426 1350 Definit
449 1325 558 1349 autem
582 1316 701 1349 durum
725 1324 757 1348 et
779 1314 896 1355 molle,
921 1314 1032 1348 dicens
1057 1313 1148 1358 quod
1172 1313 1293 1346 durum
1317 1322 1366 1346 est

301 1360 382 1395 illud
406 1360 495 1405 quod
518 1372 587 1394 non
610 1359 696 1394 cedit
714 1360 747 1393 in
764 1360 910 1404 seipsum
933 1359 1079 1402 tangenti
1103 1357 1287 1391 secundum
1311 1369 1366 1390 su-

302 1404 477 1449 perficiem,
493 1414 530 1438 ut
545 1404 626 1448 lapis
651 1413 683 1438 et
705 1404 842 1449 lignum.
869 1403 973 1444 Quod
992 1401 1243 1446 intelligendum
1260 1411 1309 1436 est
1325 1402 1365 1436 de

302 1458 454 1493 tangente
476 1449 665 1483 naturaliter
692 1458 725 1482 et
751 1450 822 1482 sine
846 1460 964 1492 magna
987 1447 1160 1481 violentia:
1189 1448 1267 1492 quia
1289 1446 1366 1481 licet

1005 259 1594 301 METEOROLOGICORUM
1622 259 1717 295 LIB.
1749 259 1802 296 1-V

1427 336 1556 380 lignum
1576 335 1670 369 cedat
1692 337 1799 369 securi
1823 344 1856 369 et
1878 335 2002 370 ferrum
2025 336 2147 371 malleo
2170 339 2319 390 tangenti
2339 350 2416 373 cum
2432 341 2503 374 vio-

1428 380 1537 420 lentia,
1557 388 1668 413 tamen
1693 380 1813 413 dicitur
1836 380 1957 414 durum
1981 382 2058 426 quia
2081 393 2151 415 non
2175 382 2262 416 cedit
2284 385 2433 428 tangenti
2448 396 2505 418 na-

1428 423 1583 457 turaliter.
1602 423 1705 457 Molle
1722 433 1834 458 autem
1851 434 1911 465 est,
1928 425 2019 470 quod
2044 437 2061 459 e
2075 437 2237 460 converso
2255 427 2342 462 cedit
2356 430 2505 473 tangenti

1427 468 1618 501 naturaliter
1634 468 1704 501 sine
1722 480 1842 512 magna
1857 469 2025 510 violentia,
2045 479 2078 503 et
2096 481 2165 504 non
2185 472 2376 506 circumstat
2391 475 2504 515 tactui,

1428 512 1485 546 sed
1502 511 1588 545 cedit
1603 512 1638 545 in
1654 512 1859 556 profundum
1875 515 1927 546 sui
1943 515 1954 546 i
1980 514 2059 555 sius,
2076 515 2163 548 sicut
2179 527 2261 549 cera.
2278 517 2376 562 Aqua
2392 527 2504 552 autem

1427 568 1495 590 non
1520 556 1638 589 dicitur
1660 556 1784 598 mollis,
1807 569 1916 602 neque
1934 570 1952 591 a
1966 559 1995 591 ia
2014 558 2139 604 liquida
2154 559 2181 600 ⁴¹,
2205 561 2283 605 quia
2306 572 2376 595 non
2398 561 2505 607 depri-
2533 571 2543 581 ·

1427 601 1528 651 mitur
1545 602 1578 652 in
1618 600 1799 652 rofundum
1818 601 1873 636 illa
1889 614 1964 647 pars
1989 615 2073 648 quae
2092 606 2294 648 supponitur
2317 607 2429 647 tactui,
2445 607 2504 642 sed

1427 656 1521 689 quasl
1545 645 1578 678 d1
1628 654 1676 689 g1t
1699 645 1740 679 ad
1763 645 1867 680 latus:
1886 646 1984 725 guod
2007 648 2078 692 ipse
2101 657 2200 682 vocat
2222 650 2424 685 circumstare.

1484 689 1550 723 Sed
1574 689 1695 723 durum
1711 699 1745 723 et
1760 690 1861 725 molle
1909 691 2061 736 upliciter
2083 692 2249 735 dicuntur,
2265 693 2391 729 scilicet
2409 695 2503 730 abso-

1426 733 1494 784 lute
1519 742 1550 785 et
1574 734 1786 778 simpliciter,
1818 744 1851 769 et
1877 747 1937 780 per
1961 738 2244 782 comparationem
2275 738 2316 772 ad
2345 739 2503 783 alterum,

1426 787 1511 811 Sicut
1521 778 1656 830 ‘hgnum
1695 778 1764 813 uod
1779 789 1930 825 respectu
1956 793 2049 815 cerae
2070 791 2119 815 est
2139 782 2272 824 durum,
2288 792 2321 817 et
2336 795 2397 828 per
2412 794 2504 819 com-

1425 831 1632 867 parationem
1655 835 1673 857 a
1719 823 1844 858 ferrum
1867 833 1917 858 est
1939 825 2050 860 molle.
2077 827 2169 867 Quia
2191 836 2304 861 autem
2326 828 2363 862 in
2389 828 2504 863 defini-

1425 866 1572 900 tionibus
1602 867 1777 912 praedictis
1806 868 1894 903 cadit
1915 881 2032 904 sensus
2055 879 2180 913 tactus,
2202 871 2279 906 ideo
2303 872 2384 907 dicit
2410 873 2503 919 quod

1425 911 1546 945 durum
1563 920 1596 945 et
1611 911 1713 946 molle
1737 912 1887 947 definivit
1932 925 1968 948 er
1990 925 2180 960 respectum
2203 916 2245 951 ad
2267 925 2404 959 tactum,
2424 919 2503 963 quia

1424 956 1652 990 universaliter
1667 968 1769 991 omne
1787 957 1910 992 sensibi
1924 970 1943 992 e
1966 958 2122 994 definitur
2141 972 2201 1005 per
2212 963 2503 1006 comparationem

1424 1000 1464 1034 ad
1489 1012 1646 1034 sensum:
1678 1010 1757 1035 sunt
1786 1003 1876 1036 enim
1906 1014 2025 1037 sensus
2052 1012 2086 1038 et
2111 1005 2266 1040 sensibile
2298 1006 2500 1042 correlativa.

1425 1045 1610 1089 Cognoscit
1632 1055 1745 1080 autem
1769 1058 1886 1081 sensus
1909 1057 2017 1082 tactus
2042 1048 2215 1093 qualitates
2238 1051 2432 1092 nunctum,
2451 1063 2503 1086 se-

1424 1089 1572 1142 cundum
1597 1090 1688 1135 quod
1712 1091 1876 1126 excedunt
1899 1101 1956 1126 aut
1979 1092 2146 1127 deficiunt<
2167 1105 2187 1127 a
2210 1094 2320 1128 media
2343 1095 2501 1141 qualitate

1423 1146 1539 1179 organi
1559 1144 1675 1169 tactus.
1699 1135 1780 1170 Non
1803 1137 1894 1170 enim
1917 1145 2028 1182 potest
2050 1149 2105 1172 eas
2133 1149 2336 1183 cognoscere
2362 1141 2502 1192 inquan-

1422 1187 1495 1212 tum
1519 1188 1597 1213 sunt
1620 1180 1760 1214 omnino
1784 1180 1908 1215 similes
1933 1182 2052 1224 tactui,
2082 1183 2168 1216 sicut
2190 1183 2334 1228 probant
2355 1193 2501 1220 rationes

1422 1223 1617 1265 Alexandri3
1641 1224 1700 1259 sed
1723 1234 1836 1259 tamen
1858 1225 1914 1259 illa
1937 1226 2078 1272 qualitas
2099 1239 2183 1279 quae
2199 1239 2270 1262 non
2286 1230 2502 1274 cognoscitur

1422 1268 1462 1302 ab
1479 1280 1548 1302 uno
1569 1278 1658 1303 tactu
1682 1278 1819 1314 propter
1841 1270 2073 1306 omnimodam
2096 1272 2360 1315 similitudinem,
2375 1285 2501 1319 cogno-

1422 1314 1524 1347 scitur
1540 1313 1580 1347 ab
1597 1313 1662 1347 alio
1678 1323 1814 1359 propter
1833 1314 2138 1351 dissimilitudinem
2157 1317 2317 1363 aliquam:
2337 1318 2415 1364 quia
2429 1330 2501 1355 non

1421 1367 1472 1391 est
1494 1359 1635 1392 omnino
1664 1358 1780 1393 eadem
1809 1359 1948 1405 qualitas
1971 1361 2081 1396 media
2109 1361 2144 1395 in
2172 1373 2300 1407 organo
2322 1370 2434 1398 tactus·
2452 1362 2501 1399 di-

1421 1414 1596 1436 versorum
1619 1403 1823 1438 animalium.
1849 1405 1892 1438 Et
1910 1405 1958 1439 sic
1977 1405 2206 1441 universaliter
2229 1407 2340 1441 omnis
2358 1401 2501 1455 <inditas

1419 1447 1586 1492 tangibilis
1609 1449 1822 1493 cognoscitur
1845 1449 1885 1484 ab
1909 1449 2022 1496 aliquo
2045 1459 2145 1485 tactu.
2407 1469 2421 1481 ·-
