2782 4134
1281 385 1461 437 DIVI

287 545 1183 679 THOMAE
1280 546 2462 708 AQUINATIS

946 797 1017 848 IN
1059 797 1309 850 LIBROS
1348 799 1809 852 ARISTOTELIS

669 960 2080 1046 METEOROLOGICORUM

1216 1153 1536 1195 EXPOSITIO

1135 1309 1595 1373 LIBERI

1294 1484 1748 1509 -’—§—*-'—⁴—‘—
1758 1496 1796 1498 w„

1069 1623 1372 1680 LECTIO
1417 1626 1681 1681 PRIMA

602 1768 813 1799 INTENTIO
837 1767 1123 1799 ARISTOTELIS
1148 1768 1191 1798 IN
1213 1768 1453 1800 PRAESENTI
1478 1770 1606 1802 LIBRO
1632 1789 1649 1793 -
1674 1771 1962 1804 ENUMERATIO
1987 1773 2141 1804 EORUM

407 1821 464 1852 DE
488 1820 646 1858 QUIBUS
669 1820 1026 1851 DETERMINATUM
1050 1820 1131 1851 EST
1155 1821 1198 1851 IN
1222 1821 1609 1854 PRAECEDENTIBUS
1634 1823 1863 1855 SCIENTIAE
1886 1825 2133 1856 NATURALIS
2156 1826 2291 1857 LlBRIS
2315 1843 2333 1849 -

662 1873 719 1904 DE
737 1873 894 1910 QUIBUS
909 1873 977 1904 SIT
997 1872 1213 1904 AGENDUM
1233 1874 1276 1904 ΙΝ
1292 1873 1385 1905 HOC
1402 1875 1460 1905 ET
1481 1875 1523 1905 lN
1544 1874 1934 1913 CONSEQUENTIBUS
1950 1877 2085 1908 LIBRIS

272 1998 348 2040 Περὶ
374 1996 433 2040 μὲν
460 1993 516 2027 οὗν
543 1996 609 2028 τῶν
636 1994 777 2040 πρώτων
805 1995 923 2027 αἰτίων
951 1996 1013 2032 τῆς
1038 1995 1165 2039 φύσεως
1188 1998 1246 2028 καὶ
1270 1997 1344 2050 περὶ
1398 1998 1414 2016 *
1431 1998 1478 2029 De
1497 1998 1608 2039 primis
1623 1999 1754 2040 quidem
1772 2000 1867 2039 igitur
1886 2001 1988 2031 causis
2004 1990 2144 2041 naturae,
2161 2009 2192 2032 et
2206 2002 2244 2032 de
2264 2002 2353 2033 omni
2376 2007 2467 2033 motu
2497 2008 2571 2036 ‘Cap.
2585 2014 2600 2030 ¹-

342 2040 453 2078 πάσης
478 2038 638 2077 κινήσεως
664 2040 816 2084 φυσικῆς,
837 2039 888 2072 ἔτι
913 2035 951 2071 δὲ
977 2042 1051 2084 περὶ
1073 2041 1139 2072 τῶν
1163 2041 1262 2073 κατά
1279 2052 1343 2076 την

344 2085 411 2118 ἄνω
437 2085 540 2129 φορὰν
571 2083 889 2128 διακεκοσμημένων
923 2084 1054 2128 ἄστρων
1084 2086 1143 2116 καὶ
1176 2087 1249 2126 περὶ
1277 2086 1344 2116 τῶν

341 2132 520 2173 στοιχείων
546 2130 612 2162 τῶν
637 2129 860 2172 σωματικῶν,
888 2127 982 2160 πόσα
1006 2141 1045 2161 τε
1070 2131 1127 2161 καὶ
1155 2133 1259 2170 ποῖα,
1285 2131 1344 2161 καὶ

341 2175 405 2211 τῆς
431 2174 476 2212 εἰς
503 2174 637 2211 ἄλληλα
667 2173 884 2217 μεταβολῆς,
910 2174 970 2205 καὶ
996 2175 1069 2217 περὶ
1094 2172 1255 2219 γενέσεως
1285 2176 1344 2206 καὶ

340 2217 465 2263 φθορᾶς
491 2219 554 2256 τῆς
578 2219 692 2255 κοινῆς
718 2220 852 2262 εἴρηται
877 2216 1060 2270 πρότερον·

1466 2043 1614 2081 naturali;
1638 2043 1741 2074 adhuc
1765 2051 1872 2075 autem
1897 2045 1935 2075 de
1959 2045 2136 2076 secundum
2159 2046 2357 2086 superiorem
2380 2046 2469 2078 latio-

1465 2097 1540 2117 nem
1554 2088 1728 2128 perornatis
1748 2088 1847 2127 astris,
1865 2096 1895 2120 et
1909 2090 1948 2120 de
1964 2090 2126 2121 elementis
2144 2090 2372 2130 corporalibus,
2389 2098 2470 2132 quot

1467 2138 1498 2162 et
1520 2139 1619 2172 quae;
1651 2139 1682 2163 et
1705 2133 1744 2163 de
1767 2142 1804 2163 ea
1826 2143 1908 2173 quae
1931 2133 2068 2164 invicem
2090 2135 2341 2175 permutatione,
2372 2142 2402 2167 et
2430 2136 2468 2166 de

1466 2176 1667 2215 generatione
1691 2183 1722 2207 et
1740 2177 1943 2218 corruptione
1967 2179 2144 2218 communi,
2169 2179 2289 2210 dictum
2305 2186 2351 2210 est
2369 2179 2467 2219 prius.

273 2263 394 2296 λοιπὸν
419 2257 445 2294 δ’
477 2263 552 2295 ἐστὶ
577 2261 674 2307 μέρος
706 2264 776 2316 τῆς,
799 2257 942 2306 μεθόδου
974 2273 1107 2299 ταυτης
1143 2261 1195 2294 ἐ’τι
1226 2261 1346 2307 θεωρη-
1400 2265 1535 2306 Reliqua
1559 2271 1666 2295 autem
1690 2275 1761 2306 pars
1778 2266 1873 2296 huius
1890 2266 2032 2297 methodi
2049 2273 2095 2297 est
2110 2266 2213 2298 adhuc
2229 2267 2466 2306 consideranda,

342 2307 436 2347 τέον,
461 2308 476 2339 ὃ
502 2306 631 2344 πάντες
658 2309 686 2338 οἰ
711 2318 875 2351 προτερον
896 2308 1167 2352 μετεωρολογίαν
1187 2306 1342 2340 ἐκάλουν.

274 2354 397 2385 Ταῦτα
422 2348 451 2385 δ’
473 2352 565 2384 ἐστὶν
585 2351 650 2383 ὅσα
669 2352 846 2395 συμβαίνει
870 2351 966 2383 κατά
982 2353 1078 2396 φύσιν
1099 2351 1172 2395 μὲν,
1194 2351 1348 2384 ἀτακτο-

340 2395 445 2440 τέραν
470 2396 588 2440 μέντοι
613 2396 676 2434 τῆς
703 2397 766 2428 τοῦ
791 2395 927 2438 πρώτου
948 2397 1122 2440 στοιχείου
1149 2396 1215 2427 τῶν
1233 2395 1347 2440 σωμά-

341 2454 430 2484 των,
458 2443 533 2485 περὶ
557 2441 617 2473 τὸν
642 2439 1029 2486 γειτνιῶνταμμάλιστα
1055 2439 1163 2472 τόπον
1190 2441 1235 2482 τῇ
1260 2442 1346 2485 φορᾷ

341 2487 387 2528 τῇ
413 2487 480 2519 τῶν
502 2485 646 2529 ἄστρων,
667 2485 735 2517 οἷον
757 2487 831 2528 περί
849 2497 887 2517 τε
905 2484 1082 2531 γάλακτος
1105 2486 1163 2516 καὶ
1188 2486 1345 2528 κομητῶν

340 2533 398 2563 καὶ
425 2531 491 2563 τῶν
517 2528 770 2573 ἑκπυρουμένων
795 2531 854 2560 καὶ
878 2528 1079 2573 κινουμένων
1105 2529 1315 2573 φασμάτων,

275 2574 404 2615 ὅσαχτε
429 2574 563 2618 θείημεν
590 2573 628 2606 οἳν
656 2573 751 2618 ἀέρος
770 2570 857 2605 εἶναι
880 2573 980 2606 κοινοὶ
1004 2572 1095 2610 πάθη
1121 2575 1180 2605 καὶ
1200 2569 1344 2614 ὕδατος,

276 2664 328 2697 ἔτι
352 2659 390 2696 δὲ
414 2664 477 2710 γῆς
505 2663 568 2695 ὅσα
594 2657 664 2699 εἴδη
691 2664 749 2694 καὶ
774 2662 857 2706 μέρη
882 2664 941 2693 καὶ
967 2661 1060 2699 πάθη
1087 2663 1154 2695 τῶν
1172 2664 1291 2706 μερῶν,
1311 2662 1346 2703 ἐξ

342 2707 385 2740 ὧν
411 2710 485 2749 περί
511 2720 549 2740 τε
575 2706 778 2751 πνευμάτων
802 2709 862 2738 καὶ
887 2707 1029 2750 σεισμῶν
1049 2706 1279 2751 θεωρῆσαιμεν
1306 2706 1344 2739 ἂν

343 2752 406 2791 τοὶς
433 2753 548 2790 αἰτίας
582 2753 640 2783 καὶ
673 2753 747 2796 περὶ
777 2750 916 2785 πάντων
943 2752 1010 2782 τῶν
1035 2750 1218 2797 γινομένων
1250 2752 1347 2784 κατά

343 2797 406 2834 τοὶς
431 2794 576 2833 κινήσεις
602 2795 665 2833 τάς
691 2795 842 2828 τούτων·
872 2797 903 2828 ἐν
924 2796 969 2833 οἷς
992 2796 1040 2829 τά
1056 2796 1116 2839 μὲν
1140 2795 1344 2841 ἀποροῦμεν,

342 2842 410 2874 τῶν
434 2836 466 2872 δ’
496 2839 722 2885 έφαπτόμεθά
747 2852 827 2872 τινα
853 2839 998 2885 τρόπον·

275 2930 327 2963 ἔτι
343 2925 381 2962 δὲ
402 2932 475 2973 περὶ
495 2929 662 2974 κεραυνῶν
682 2929 844 2966 πτώσεως
863 2930 922 2960 καὶ
940 2927 1098 2971 τυφώνων
1118 2930 1175 2960 καὶ
1194 2928 1346 2972 πρηστῆ-

342 2986 404 3017 ρων
429 2976 488 3006 καὶ
514 2974 579 3006 τῶν
608 2973 717 3005 α”λλων
745 2974 811 3005 τῶν
838 2973 1039 3019 ἐγκυκλίων,
1068 2972 1132 3004 ὅσα
1157 2968 1217 3005 διὰ,
1243 2973 1344 3014 πῆξιν

341 3019 517 3072 συμβαίνει
543 3017 635 3054 πάθη
662 3018 729 3050 τῶν
757 3018 871 3050 αὐτῶν
897 3017 1065 3061 σωμάτων
1093 3017 1239 3049 τούτων.

275 3061 472 3101 Διελθοντες
497 3059 534 3094 δὲ
561 3065 634 3107 περὶ
660 3062 808 3103 τούτων,
828 3061 1046 3106 θεωρήσωμεν
1072 3064 1101 3093 εἴ
1118 3074 1152 3094 τι
1172 3057 1345 3105 δυνάμεθα

340 3107 439 3140 κατά
463 3108 523 3139 τόν
549 3108 612 3149 ὗφη
639 3106 761 3151 ημένον
788 3106 915 3150 τρόπον
940 3102 1130 3139 ἀποδοῦναι
1155 3108 1229 3150 περὶ
1253 3106 1344 3149 ζῴων

340 3153 398 3184 καὶ
423 3152 550 3196 φυτῶν,
575 3163 620 3182 κα
645 3151 723 3183 όλου
750 3164 787 3184 τε
812 3153 870 3182 καὶ
895 3154 1011 3197 χωρίς·
1038 3146 1159 3195 σχεδὸν
1210 3151 1247 3195 <ip
1267 3150 1345 3183 τού-

342 3208 410 3228 των
442 3195 610 3240 ῥηθέντων
637 3195 734 3233 τέλος
768 3194 807 3227 ἂν
834 3197 883 3232 εἴη
916 3195 1055 3242 γεγονὸς
1087 3197 1151 3232 τῆς·
1175 3163 1209 3236 ἐξ
1237 3194 1343 3240 ἀρχῆς

343 3242 421 3285 ἡμῖν
447 3238 670 3285 προαιρέσεως
698 3240 821 3277 πάσης.

334 3338 485 3365 8ΥΝοΡ515.
509 3353 544 3358 --
566 3346 590 3364 ι.
606 3337 653 3364 Ad
667 3337 915 3372 complementum
936 3335 1070 3364 scientiae
1092 3335 1246 3372 requiritur
1267 3336 1347 3372 quod

274 3386 336 3405 non
357 3377 472 3404 sistatur
493 3376 523 3404 in
544 3376 762 3410 communibus,
789 3376 840 3403 sed
861 3376 1035 3411 procedatur
1055 3384 1148 3411 usque
1169 3376 1206 3402 ad
1227 3374 1347 3403 subiecti

275 3416 392 3453 species.
409 3433 428 3437 -
443 3423 470 3443 2.
483 3416 551 3443 Ideo
573 3415 751 3450 Aristoteles,
767 3421 922 3451 postquam
937 3414 1138 3442 determinavit
1152 3415 1181 3442 in
1195 3414 1345 3442 communi

275 3457 312 3484 de
332 3455 623 3484 transmutationibus
649 3455 870 3489 elementorum,
894 3453 1024 3488 intendit,
1040 3454 1076 3481 ad
1098 3454 1345 3490 complementum

275 3495 410 3523 scientiae
424 3495 570 3530 naturalis,
587 3494 616 3522 in
630 3494 687 3522 hoc
701 3494 774 3522 libro
790 3493 981 3521 determinare
996 3494 1031 3521 de
1046 3493 1155 3521 eisdem
1169 3499 1344 3521 transmuta-

274 3535 403 3563 tionibus
418 3535 578 3563 secundum
593 3534 719 3571 singulas
734 3533 851 3570 species.
867 3549 886 3553 -
901 3534 1008 3560 Textus
1023 3532 1148 3569 partitio.
1160 3549 1178 3552 —
1196 3533 1221 3560 3.
1233 3533 1345 3560 Aristo-

275 3575 342 3603 telis
348 3574 543 3612 prooemium.
558 3575 589 3602 In
600 3583 660 3611 quo
671 3573 770 3611 primo
781 3578 987 3601 enumerantur
998 3581 1032 3600 ea
1044 3573 1079 3600 de
1091 3572 1195 3608 quibus
1211 3572 1344 3600 determi-

275 3620 376 3643 natum
391 3621 434 3642 est
447 3614 477 3644 in
491 3613 728 3651 praecedentibus
743 3612 878 3640 scientiae
889 3611 1026 3640 naturalis
1037 3611 1124 3639 libris.
1135 3628 1155 3633 -
1167 3621 1196 3647 4.
1211 3612 1344 3639 Secundo

276 3654 474 3682 manifestatur
489 3654 524 3682 de
539 3663 599 3691 quo
621 3653 656 3681 sit
671 3653 815 3690 agendum
837 3652 867 3680 in
881 3651 1023 3688 praesenti
1045 3651 1127 3679 libro.
1150 3653 1186 3679 Et
1200 3651 1229 3679 in
1244 3650 1344 3687 primis

1467 2319 1566 2350 quam
1589 2319 1701 2340 omnes
1725 2309 1845 2350 priores
1868 2310 2132 2351 Meteorologiarn
2155 2312 2320 2343 vocabant.

1400 2354 1487 2384 Haec
1501 2360 1609 2384 autem
1626 2360 1700 2384 sunt
1715 2363 1937 2395 quaecumque
1961 2354 2108 2386 accidunt
2130 2356 2307 2386 secundum
2323 2363 2469 2387 naturam

1466 2397 1608 2439 quidem,
1625 2397 1886 2429 inordinatiorem
1910 2405 2016 2429 tamen
2040 2409 2076 2429 ea
2099 2409 2181 2440 quae
2204 2400 2299 2440 primi
2321 2400 2468 2431 elementi

1469 2452 1660 2482 corporum,
1693 2442 1774 2473 circa
1804 2443 1914 2473 locum
1944 2443 2080 2474 maxime
2110 2444 2328 2486 propinquum
2358 2445 2469 2476 lationi

1468 2493 1641 2525 astrorum;
1665 2493 1743 2526 puta
1766 2487 1804 2517 de
1827 2487 1906 2518 lacte
1930 2494 1960 2518 et
1983 2488 2115 2519 cometis
2139 2495 2169 2520 et
2190 2488 2296 2529 ignitis
2319 2495 2350 2520 et
2372 2489 2468 2520 motis

1468 2531 1750 2572 phantasmatibus.

1401 2576 1442 2606 Et
1460 2585 1683 2616 quaecumque
1706 2585 1865 2615 ponemus
1889 2576 1999 2616 utique
2019 2576 2096 2607 aeris
2113 2587 2180 2608 esse
2198 2587 2385 2608 communes
2399 2588 2467 2618 pas-

1468 2620 1574 2650 siones
1597 2626 1627 2650 et
1650 2629 1761 2660 aquae.

1401 2664 1516 2695 Adhuc
1539 2671 1645 2695 autern
1669 2671 1768 2694 terrae
1787 2673 2009 2705 quaecumque
2032 2671 2146 2704 partes,
2165 2672 2195 2696 et
2215 2666 2334 2706 species
2353 2672 2383 2697 et
2398 2676 2468 2707 pas-

1468 2709 1573 2739 siones
1597 2709 1751 2749 partium;
1776 2718 1813 2739 ex
1835 2708 1951 2749 quibus
1968 2709 2063 2739 etiam
2078 2710 2117 2740 de
2132 2710 2293 2750 spiritibus
2312 2717 2342 2741 et
2357 2716 2468 2741 terrae-

1468 2753 1609 2785 motibus
1633 2753 1903 2784 considerabimus
1927 2763 2039 2784 omnes
2063 2764 2183 2793 causas,
2208 2761 2239 2785 et
2262 2755 2300 2785 de
2320 2755 2469 2785 omnibus

1467 2807 1550 2838 quae
1578 2800 1660 2829 fiunt
1686 2797 1862 2828 secundum
1886 2804 1995 2828 motus
2023 2798 2150 2829 horum.
2179 2799 2213 2828 In
2245 2798 2361 2841 quibus
2392 2799 2468 2829 haec

1467 2842 1599 2882 quidem
1631 2841 1863 2881 dubitabimus,
1890 2841 1967 2872 haec
1997 2849 2104 2873 autern
2137 2843 2326 2882 attingemus
2359 2843 2467 2883 aliquo

1467 2886 1577 2916 modo.

1400 2931 1515 2961 Adhuc
1539 2936 1646 2961 autem
1672 2930 1710 2960 de
1734 2930 1907 2961 fulminum
1931 2940 2004 2961 casu
2029 2937 2060 2961 et
2087 2930 2282 2971 typhonibus
2311 2937 2341 2961 et
2363 2930 2467 2961 incen-

1467 2974 1610 3005 sionibus
1630 2982 1660 3005 et
1682 2974 1748 3004 aliis
1771 2974 1983 3012 circularibus,
2001 2984 2222 3015 quaecumque
2243 2981 2372 3014 propter
2395 2985 2467 3004 coa-

1467 3019 1663 3059 gulationem
1687 3019 1833 3049 accidunt
1855 3019 2017 3058 passiones
2040 3018 2181 3058 ipsorum
2208 3028 2388 3058 corporum.

1400 3064 1656 3094 Pertranseuntes
1679 3070 1784 3093 autem
1810 3063 1848 3093 de
1871 3063 1931 3100 his,
1957 3062 2190 3102 speculabimur
2213 3061 2239 3092 si
2254 3062 2332 3102 quid
2355 3073 2467 3102 possu-

1468 3117 1551 3146 mus,
1569 3107 1745 3138 secundum
1760 3107 1926 3137 inductum
1950 3107 2096 3145 modum,
2113 3106 2269 3146 assignare
2293 3107 2331 3136 de
2350 3106 2468 3137 anima—

1467 3152 1551 3182 libus
1579 3158 1610 3182 et
1638 3151 1771 3191 plantiS‚
1803 3150 2079 3190 universaliterque
2108 3157 2138 3180 et
2167 3150 2359 3190 singillatim.
2390 3151 2467 3181 Fere

1469 3196 1565 3233 enim,
1582 3195 1630 3225 his
1647 3195 1746 3233 dictis,
1770 3194 1840 3224 finis
1857 3194 1967 3235 utique
1984 3194 2083 3224 saenis
2103 3194 2160 3224 erit
2177 3194 2281 3224 omnis
2301 3194 2368 3225 eius
2385 3204 2467 3235 quae

1470 3250 1487 3269 a
1511 3239 1665 3279 principio
1690 3239 1781 3269 nobis
1805 3238 1974 3268 electionis.

1402 3335 1558 3371 explicatur
1579 3334 1640 3362 eius
1660 3343 1785 3369 nomen,
1808 3335 1887 3370 quod
1910 3334 2124 3372 Meteorologia
2146 3334 2257 3363 dicitur.
2271 3351 2291 3355 —
2308 3335 2332 3363 5.
2355 3334 2466 3363 Deinde

1401 3380 1607 3402 enumerantur
1621 3383 1655 3402 ea
1669 3374 1704 3401 de
1719 3373 1824 3410 quibus
1838 3373 1867 3401 in
1883 3374 1935 3401 hac
1957 3373 2088 3402 doctrina
2103 3374 2309 3403 consideratur.
2333 3375 2466 3409 Quorum

1400 3416 1428 3449 a)
1444 3414 1587 3450 quaedam
1610 3419 1676 3441 sunt
1691 3422 1765 3449 quae
1787 3413 1859 3440 fiunt
1879 3413 1908 3440 in
1924 3422 2060 3450 supremo
2082 3413 2148 3442 loco
2169 3414 2335 3451 propinquo
2351 3415 2466 3451 corpori

1400 3452 1522 3481 caelesti.
1544 3469 1563 3473 -
1586 3453 1667 3487 Quae
1689 3459 1756 3480 sunt
1776 3459 1808 3480 ut
1829 3452 1859 3480 in
1875 3452 2014 3489 pluribus,
2036 3461 2097 3481 non
2112 3459 2179 3481 sunt
2201 3453 2321 3482 dicenda
2343 3463 2360 3482 a
2381 3463 2466 3482 casu:

1399 3502 1467 3520 nam
1490 3498 1517 3520 et
1538 3492 1600 3528 ipsa
1621 3492 1788 3520 naturaliter
1815 3492 1896 3520 fiunt.
1926 3509 1944 3514 -
1966 3493 1992 3520 6.
2016 3493 2044 3528 b)
2067 3493 2218 3527 Quaedam
2240 3494 2292 3521 sub
2314 3493 2466 3530 praedictis

1398 3532 1483 3559 fiunt:
1497 3538 1524 3559 et
1535 3538 1602 3559 sunt
1615 3531 1764 3568 passiones
1780 3541 1951 3560 communes
1965 3531 2037 3560 aeris
2053 3538 2080 3560 et
2091 3541 2191 3570 aquae.
2206 3550 2224 3554 -
2236 3543 2262 3569 7.
2277 3534 2302 3568 c)
2314 3533 2466 3568 Quaedam

1399 3571 1471 3599 fiunt
1492 3571 1521 3598 in
1541 3571 1601 3599 imo
1623 3571 1698 3599 loco.
1716 3589 1733 3592 -
1746 3572 1773 3599 8.
1789 3572 1818 3607 d)
1842 3572 1991 3606 Quaedam
2014 3581 2047 3600 ex
2068 3572 2126 3600 alto
2149 3572 2178 3600 in
2193 3572 2325 3601 infimum
2347 3574 2466 3601 descen-

1398 3612 1478 3639 dunt.
1502 3628 1520 3632 -
1542 3621 1568 3647 9.
1598 3611 1695 3639 Tertio
1721 3611 1881 3639 declaratur
1902 3613 1937 3640 de
1959 3621 2018 3649 quo
2040 3618 2126 3640 restat
2147 3613 2292 3649 agendum
2313 3613 2342 3640 in
2364 3621 2465 3641 conse-

1398 3651 1551 3687 quentibus
1574 3651 1708 3679 scientiae
1729 3651 1865 3679 naturalis
1887 3651 1974 3680 libris.
