2690 4062
37 401 47 411 '
61 400 123 422 Lect.
139 405 188 426 seq.

35 489 44 498 ·
59 487 130 509 Num.
146 492 195 514 seq.

276 237 358 262 CXIV

274 302 442 336 stitutione
467 308 499 333 et
523 298 732 332 destitutione
757 296 819 337 rei;
847 293 993 328 secundo
1023 292 1061 326 de
1091 290 1337 342 operat-ionibus

275 343 549 390 consequentibus
579 354 649 376 rem
673 342 738 374 iam
763 341 797 373 in
821 351 891 373 esse
916 338 1143 376 constitutam,
1167 334 1227 368 ibi:
1256 334 1339 368 Reh-

273 403 367 436 quum
385 396 485 423 autem
503 387 518 405 '⁹‘
538 396 598 421 etc.
617 387 712 421 Circa
736 386 881 429 primum
898 384 1016 416 iterum
1033 380 1100 414 duo
1117 379 1206 413 facit:
1227 380 1336 423 primo

274 435 467 470 determinat
490 432 530 466 de
554 431 695 476 simplici
723 429 950 473 generatione3
981 424 1127 458 secundo
1155 424 1195 457 de
1225 434 1336 456 corru-

273 481 386 525 ptione
410 479 440 512 ei
464 477 627 522 opposita,
651 475 712 508 ibi:
736 473 914 517 Putrefactio
939 477 1038 504 autem
1054 469 1069 486 *
1086 478 1145 502 etc.

328 524 418 558 Dicit
441 533 519 566 ergo
543 522 671 565 primo,
703 517 792 562 quod
815 525 891 561 post
915 515 1128 548 determinata
1158 511 1335 546 dicendum

273 578 322 603 est
345 568 385 602 de
409 565 562 612 operibus
593 562 831 608 praedictarum
885 559 1075 598 militatum,
1107 567 1139 591 et
1162 557 1270 602 primo
1295 556 1335 589 de

273 614 334 647 sim
361 612 413 645 lici
441 610 650 655 generatione
704 618 763 640 uae
794 605 831 638 fit
859 617 876 638 a
929 604 998 637 istis
1026 603 1219 642 virtutibus,
1251 602 1336 634 sicut

274 658 332 692 dec
345 656 495 696 arabitur,
512 663 544 687 et
560 662 609 686 est
623 653 658 685 in
674 663 694 696 p
710 650 792 684 antis
809 659 840 683 et
856 649 926 682 aliis
943 647 1155 681 naturalibus.
1181 647 1239 680 Est
1255 658 1335 690 ergo

273 701 411 746 simplex
434 709 466 733 et
488 697 641 732 naturalis
665 695 850 740 generatio,
874 693 1073 738 permutatio
1097 692 1179 726 facta
1203 691 1241 725 ab
1266 692 1335 724 istis

272 745 444 780 virtutibus
468 743 591 782 activis,
612 752 687 774 cum
711 741 790 772 istae
813 739 950 771 virtutes
974 738 1008 770 in
1032 739 1166 771 materia
1190 736 1335 770 subiecta

272 790 391 824 habent
413 789 572 827 rationem,
597 785 681 818 idest
702 783 969 828 proportionem,
999 782 1040 816 ad
1067 793 1334 826 unamquamque

271 844 430 869 naturam.
461 832 551 865 Dicit
581 838 691 863 autem
720 828 870 872 generatio
899 827 1026 872 simplex
1049 833 1076 860 et
1098 826 1266 866 naturalis,
1298 834 1334 858 ut

272 878 420 913 excludat
442 875 718 921 permutationem
741 872 920 905 violentam
944 880 976 904 et
999 871 1199 905 artificialem
1224 870 1263 903 ab
1283 870 1333 903 his

271 922 443 957 virtutibus
467 920 589 953 activis.
618 919 680 951 Per
702 917 980 961 permutationem
1003 917 1108 960 tangit
1138 927 1261 959 genus,
1285 927 1333 948 re-

271 969 398 1012 liquum
414 974 523 999 autem
539 972 647 997 totum
666 973 806 1006 sequens
824 960 969 994 ostendit
984 960 1181 994 differentias
1199 959 1239 993 ad
1255 958 1333 993 alias

271 1011 543 1057 permutationes:
568 1019 627 1052 per
649 1007 819 1039 materiam
842 1014 953 1039 autem
977 1005 1157 1039 subiectam
1181 1004 1334 1048 intelligit

272 1056 440 1102 qualitates
463 1053 626 1098 passivas,
652 1050 705 1084 vel
729 1050 899 1083 materiam
923 1049 1072 1083 affectam
1097 1050 1147 1083 his
1172 1049 1333 1094 qualitati-

270 1101 341 1141 bus,
363 1111 446 1144 quae
470 1106 518 1131 est
540 1096 674 1130 materia
689 1095 920 1139 generationis
944 1095 1034 1128 Dicit
1055 1106 1134 1138 ergo
1159 1093 1248 1139 quod
1271 1093 1333 1127 hae

271 1153 347 1179 sunt
368 1145 503 1178 virtutes
527 1142 630 1175 dictae
659 1149 771 1173 contra
795 1151 830 1173 se
854 1140 1010 1180 invicem,
1035 1139 1118 1173 idest
1142 1139 1331 1172 contrariae.

272 1191 359 1224 Cum
373 1189 474 1232 igitur
489 1187 611 1220 activae
635 1184 784 1218 obtinent
802 1195 900 1228 supra
917 1185 1073 1228 passivas,
1090 1193 1168 1217 tunc
1185 1184 1333 1228 sequitur

270 1234 457 1279 generatio:
489 1230 621 1276 quando
652 1238 763 1262 autern
793 1229 941 1273 passivae
972 1230 1108 1262 vincunt
1139 1229 1260 1262 activas
1288 1229 1332 1261 ita

271 1278 359 1324 quod
382 1289 451 1311 non
474 1284 629 1320 sequatur
651 1275 736 1307 actio
761 1274 952 1314 activarum,
976 1282 1054 1306 tunc
1079 1274 1227 1318 sequitur
1249 1272 1332 1306 indi—

270 1324 396 1367 gestio,
427 1332 510 1366 quae
534 1329 583 1353 est
605 1320 658 1352 via
681 1317 721 1352 ad
746 1319 1002 1362 corruptionem.
1025 1338 1043 1343 -
1067 1318 1197 1352 Dicitur
1221 1326 1332 1351 autem

270 1367 435 1412 generatio
459 1364 647 1409 dupliciter:
672 1363 780 1407 primo
804 1363 944 1396 mutatio
964 1375 982 1396 a
998 1374 1067 1396 non
1091 1361 1162 1396 esse
1186 1362 1225 1396 ad
1250 1375 1332 1404 esse,

270 1414 354 1446 sicut
370 1411 409 1445 de
426 1422 463 1444 ea
479 1409 714 1443 determinatur
736 1407 770 1441 in
794 1407 826 1441 V
849 1407 977 1453 Physic„
1003 1417 1035 1441 et
1058 1407 1123 1442 hoc
1143 1408 1246 1441 modo
1263 1408 1332 1441 sive

270 1457 437 1491 obtineant
460 1454 629 1500 qualitates
654 1453 777 1486 activae
797 1453 865 1486 sive
889 1453 1048 1497 passivae,
1064 1453 1213 1497 sequitur
1235 1465 1333 1496 gene-

269 1501 370 1542 ratio,
399 1509 431 1533 et
454 1511 520 1533 una
543 1507 575 1532 et
598 1496 713 1531 eadem
736 1498 876 1531 mutatio
905 1506 955 1531 est
982 1499 1150 1541 generatio
1179 1498 1277 1531 unius
1301 1506 1334 1531 et

269 1546 437 1589 corruptio
461 1543 602 1577 alterius.
628 1542 704 1576 Alio
727 1541 829 1575 modo
854 1541 972 1576 dicitur
995 1543 1175 1586 generatio,
1199 1542 1333 1587 quando

270 1590 303 1624 id
326 1589 416 1635 qu'od
439 1589 573 1633 ponitur
596 1588 631 1620 in
654 1598 725 1621 esse
749 1595 799 1620 est
822 1586 980 1628 nobilius,
1009 1595 1041 1620 et
1069 1599 1086 1620 e
1100 1598 1261 1621 converso
1286 1587 1334 1621 di-

269 1636 353 1668 citur
377 1634 559 1678 corruptio,
584 1632 717 1676 quando
742 1631 831 1676 quod
855 1633 990 1675 ponitur
1016 1633 1049 1665 in
1073 1644 1144 1665 esse
1169 1641 1218 1666 est
1241 1633 1334 1676 igno-

270 1679 380 1713 bilius:
405 1687 437 1712 et
460 1678 524 1711 hoc
548 1676 650 1711 modo
672 1677 820 1721 loquitur
842 1677 895 1710 hic
918 1676 1112 1710 Aristoteles
1138 1676 1178 1710 de
1201 1689 1334 1721 genera—

269 1725 381 1764 tione3
413 1723 489 1767 quia
520 1721 661 1755 calidum
685 1730 819 1765 generat
846 1721 935 1755 aliud
959 1721 1100 1755 calidum
1125 1721 1185 1755 sibi
1210 1721 1333 1755 simile:

271 1780 347 1802 cum
370 1779 448 1811 ergo
476 1766 625 1800 obtinent
652 1765 822 1818 qualitates
851 1767 993 1807 activae,
1026 1766 1115 1811 quod
1143 1767 1278 1810 ponitur
1301 1768 1335 1800 in

271 1825 341 1846 esse
365 1821 414 1846 est
436 1811 593 1852 nobilius,
617 1823 694 1856 quia
717 1810 886 1856 qualitates
911 1812 1033 1844 activae
1057 1820 1134 1844 sunt
1157 1810 1335 1845 nobiliores

272 1869 370 1902 quam
393 1868 550 1901 passwae.

327 1902 506 1946 Corruptio
526 1909 636 1934 autern
652 1900 805 1944 opposita
829 1900 969 1944 simplici
989 1901 1193 1945 generationi
1210 1910 1258 1934 est
1275 1913 1336 1945 pu-

270 1946 434 1980 trefactio:
464 1945 554 1990 quod
578 1945 693 1989 probat
721 1944 843 1989 duplici
874 1946 1010 1979 ratione.
1036 1946 1148 1979 Primo
1178 1947 1254 1991 quia
1283 1945 1336 1979 illa

270 1991 439 2035 corruptio
463 1990 503 2024 ad
527 2001 627 2034 quam
646 1990 758 2023 omnia
781 1990 997 2024 terminantur
1016 1990 1214 2031 naturaliter,
1231 2002 1336 2035 oppo-

270 2037 359 2070 nitur
377 2035 578 2080 generationi
602 2033 742 2078 simplici
767 2043 798 2067 et
817 2034 972 2075 naturali;
996 2035 1053 2069 sed
1070 2035 1110 2069 ad
1127 2035 1336 2080 putrefactio-

270 2092 348 2114 nem
375 2080 590 2113 terminantur
618 2079 751 2119 omnia,
783 2087 819 2112 ut
850 2079 1001 2113 animalia
1032 2092 1115 2125 quae
1147 2080 1337 2114 naturaliter

271 2133 468 2164 senescunt,
499 2132 532 2157 et
563 2123 692 2168 plantae
723 2132 755 2156 et
785 2123 961 2157 artificialia
993 2137 1076 2169 quae
1106 2133 1334 2159 veterascunt:

273 2170 384 2204 omnia
407 2169 547 2213 denique
576 2177 646 2201 orta
670 2167 842 2208 occidunt,
873 2177 905 2202 et
928 2178 1022 2203 aucta
1050 2178 1226 2203 senescunt
1258 2169 1335 2215 (nisi

272 2214 354 2248 forte
377 2213 452 2247 talia
475 2212 635 2246 violenter
659 2222 911 2257 corrumpantur
934 2222 966 2247 et
990 2214 1234 2255 comburantur,
1259 2215 1336 2260 quia

273 2268 351 2292 tunc
375 2259 540 2302 corruptio
565 2269 680 2291 eorum
704 2269 773 2291 non
796 2259 989 2292 terminatur
1004 2258 1044 2293 ad
1060 2268 1263 2293 senectutem
1283 2259 1335 2293 vel

272 2303 500 2347 vetustatem):
526 2311 676 2336 senectus
700 2311 810 2335 autem
839 2311 870 2336 et
898 2312 1042 2337 vetustas
1066 2312 1144 2337 sunt
1174 2303 1335 2349 quaedam

273 2347 534 2393 putrefactiones.
550 2367 567 2372 -
586 2346 739 2381 Secundo
763 2346 879 2391 probat
904 2347 1008 2382 idem:
1034 2348 1110 2393 quia
1134 2348 1207 2382 illae
1231 2357 1336 2382 trans-

273 2393 469 2426 mutationes
493 2400 719 2436 opponuntur‚
743 2403 826 2436 quae
851 2401 928 2425 sunt
951 2404 991 2426 ex
1014 2394 1183 2427 contrariis
1204 2393 1237 2427 in
1258 2405 1336 2427 con-

272 2438 381 2478 traria;
405 2437 570 2480 generatio
601 2445 711 2470 autern
740 2445 772 2469 et
795 2436 989 2480 putrefactio
1017 2446 1094 2471 sunt
1124 2437 1335 2472 huiusmodi:

274 2482 349 2526 quia
372 2482 537 2525 generatio
561 2481 675 2525 incipit
703 2480 742 2514 ab
766 2480 904 2515 humido
933 2490 966 2515 et
989 2483 1076 2516 sicco
1100 2483 1336 2525 interminatis,

274 2535 306 2559 et
327 2526 439 2559 finitur
462 2525 501 2559 ad
525 2525 788 2559 terminationem
812 2526 980 2569 ipsorum,
1005 2527 1200 2571 putrefactio
1225 2537 1335 2561 autem

274 2582 291 2604 e
303 2581 461 2604 converso
478 2570 591 2614 incipit
606 2569 645 2603 ab
662 2569 800 2603 humido
818 2579 849 2603 et
866 2571 953 2604 sicco
969 2572 1161 2613 terminatis,
1174 2581 1207 2606 et
1223 2571 1336 2606 finitur

275 2614 315 2648 ad
347 2614 540 2648 divisionem
573 2615 739 2658 ipsorum:
771 2626 847 2647 nam
879 2615 1012 2660 quando
1043 2618 1180 2650 virtutes
1212 2617 1335 2651 activae

275 2658 423 2692 obtinent
446 2660 608 2703 passivas,
640 2658 781 2692 calidum
805 2658 975 2694 educendo
1000 2660 1175 2695 humidum
1204 2673 1222 2695 a
1240 2662 1335 2695 sicco

275 2712 385 2737 causat
407 2703 688 2748 putrefactionem.
710 2703 813 2744 Quod
830 2704 927 2737 etiam
943 2715 1078 2750 apparet
1094 2707 1127 2739 in
1145 2706 1215 2740 aliis
1232 2706 1335 2740 tribus

274 2747 443 2781 elementis
463 2747 500 2781 ab
521 2749 607 2792 igne,
631 2759 714 2793 quae
738 2757 931 2792 putrescunt
954 2759 1088 2795 propter
1111 2750 1238 2785 humidi
1257 2750 1335 2785 edu—

276 2793 418 2826 ctionem
440 2792 557 2826 factam
581 2805 598 2826 a
622 2792 728 2826 calido
753 2793 854 2836 ignis;
887 2794 977 2827 solus
1010 2804 1119 2829 autem
1150 2796 1159 2828 i
1210 2796 1235 2828 is
1266 2807 1336 2829 non

275 2837 446 2881 putrescit,
476 2838 551 2882 quia
574 2848 634 2870 nec
658 2836 754 2870 habet
778 2837 1006 2872 humiditatem
1053 2851 1114 2873 uae
1137 2851 1155 2873 e
1179 2849 1295 2874 ucatur
1319 2852 1336 2874 a

276 2882 373 2922 sicco,
389 2893 495 2933 neque
512 2882 675 2915 invenitur
691 2881 834 2915 caliditas
850 2883 984 2916 vincens
1005 2895 1041 2917 ca
1057 2883 1201 2918 iditatem
1219 2886 1313 2929 ignis.

333 2936 361 2959 2.
386 2926 512 2960 Deinde
533 2938 608 2960 cum
625 2925 719 2960 dicit:
744 2926 922 2971 Putraefactio
939 2934 1038 2962 autem
1054 2937 1126 2970 etc„
1143 2928 1337 2964 determinat

971 210 1562 252 METEOROLOGICORUM
1591 209 1686 245 LIB.
1717 208 1769 244 IV

1395 292 1434 326 de
1463 292 1676 336 corruptione
1707 292 1862 336 opposita
1893 291 2100 335 generationi
2124 291 2284 336 simplici,
2313 302 2397 337 quae
2421 301 2472 326 est

1394 336 1598 381 putrefactio.
1625 337 1666 370 Et
1683 335 1762 370 dicit
1790 335 1882 381 quod
1905 334 2103 380 putrefactio
2130 344 2180 369 est
2205 337 2374 381 corruptio
2390 348 2469 382 pro-

1393 383 1482 425 priae
1507 390 1540 414 et
1562 380 1719 414 naturalis
1743 380 1926 421 caliditatis,
1950 380 2033 414 facta
2053 392 2071 414 a
2091 380 2253 414 caliditate
2277 382 2470 422 extrinseca,

1393 425 1517 459 scilicet
1533 426 1743 466 continentis,
1760 426 1794 458 in
1811 425 1952 459 humido
1971 424 2123 459 naturali.
2148 426 2276 459 Patitur
2290 434 2402 460 autem
2418 438 2469 460 res

1392 469 1548 503 naturalis
1572 479 1605 503 et
1628 469 1762 514 putrefit
1786 481 1804 503 a
1829 469 1935 503 calido
1959 470 2163 510 extrinseco,
2192 471 2269 515 quia
2292 470 2391 504 habet
2415 470 2470 505 de-

1392 514 1492 548 bilem
1516 514 1715 548 caliditatem
1738 515 1949 548 intrinsecam
1973 523 2007 548 et
2029 523 2079 548 est
2102 514 2255 559 indigens
2280 515 2470 557 caliditatis,

1393 569 1424 592 et
1440 558 1597 602 frigidum
1613 559 1716 592 vincit
1736 558 1935 592 caliditatem
1951 558 2151 592 naturalem:
2177 571 2216 592 ex
2233 571 2301 604 quo
2320 561 2470 606 sequitur

1393 603 1483 648 quod
1499 612 1567 637 tam
1584 603 1730 637 caliditas
1754 613 1907 637 extranea
1954 615 2032 637 uam
2051 603 2211 648 frigiditas
2228 605 2404 639 intrinseca
2420 614 2470 639 est

1393 660 1490 681 causa
1517 647 1789 692 putrefactionis;
1821 647 1879 682 sed
1907 648 2053 682 caiditas
2084 649 2265 683 extrinseca
2294 658 2344 683 est
2371 661 2470 684 causa

1391 692 1603 737 principalis,
1633 692 1792 737 ffigiditas
1824 701 1874 726 est
1902 704 2000 727 causa
2029 693 2243 728 secundaria:
2299 695 2354 728 uia
2377 694 2470 740 quod

1416 738 1515 770 atitur
1538 749 1556 770 a
1576 736 1683 771 calido
1707 738 1904 779 extrinseco,
1927 738 2052 783 patitur
2075 749 2137 783 pro
2163 747 2212 772 ter
2235 737 2276 772 de
2290 747 2402 773 ectum
2418 751 2470 773 ca-

1390 750 1525 816 iiditatis
1549 782 1721 826 propriae,
1746 781 1892 816 defectus
1923 792 2035 816 autem
2066 782 2127 817 cali
2154 783 2238 817 'tatis
2262 783 2470 835 ponit'frigi-

1391 826 1525 860 ditatem
1544 827 1742 860 contrariam
1756 825 1989 868 abundantem,
2001 839 2085 872 quae
2102 828 2202 862 etiam
2218 837 2287 872 agit
2298 827 2340 863 ad
2355 829 2470 875 expul—

1390 872 1519 905 sionem
1544 870 1716 905 caliditatis
1740 870 1756 887 *
1779 871 1985 905 intrinsecae.
2496 871 2506 881 ’

1447 915 1553 956 Quod
1578 924 1690 949 autem
1713 914 1911 967 putrefactio
1935 916 1978 949 sit
2001 917 2171 961 corruptio
2190 918 2344 963 propriae
2360 917 2470 952 calidi-

1389 961 1480 1002 tatis,
1528 959 1639 994 robat:
1665 971 1743 1005 quia
1766 959 1874 994 calido
1898 961 2082 994 extrinseco
2106 960 2267 999 educente
2290 961 2470 997 humidum

1389 1014 1487 1039 natur
1520 1017 1537 1038 e
1561 1016 1620 1050 per
1643 1003 1911 1045 exsudationem,
1935 1004 2045 1039 educit
2068 1005 2168 1039 etiam
2198 1005 2398 1043 caliditatem
2420 1007 2470 1042 in-

1389 1051 1567 1084 trinsecam
1602 1050 1798 1084 existentem
1831 1050 1866 1083 in
1898 1049 2039 1084 humido
2072 1049 2234 1084 naturali:
2270 1060 2350 1085 sunt
2379 1052 2470 1086 enim

1390 1095 1568 1129 coniuncta
1592 1103 1625 1128 et
1647 1093 1783 1128 trahunt
1806 1106 1841 1128 se
1865 1094 2009 1128 invicem
2032 1095 2167 1140 propria
2191 1094 2339 1130 caliditas
2358 1105 2391 1131 et
2406 1095 2469 1131 hu-

1389 1139 1518 1174 midum
1531 1138 1688 1173 naturale.
1698 1139 1839 1184 Propter
1851 1138 1942 1184 quod
1955 1138 2136 1184 putrefacta
2145 1140 2248 1185 prius,
2263 1139 2470 1176 desiccantur

1389 1185 1526 1218 interius
1546 1193 1579 1217 et
1594 1183 1790 1218 madescunt
1813 1184 1973 1225 exterius,
1998 1184 2076 1229 quia
2092 1183 2269 1218 humidum
2285 1183 2373 1220 foras
2389 1185 2470 1221 edu-

1389 1230 1490 1263 citur:
1507 1228 1625 1263 deinde
1642 1227 1786 1262 totaliter
1801 1229 1944 1262 exterius
1955 1228 2162 1262 desiccantur
2173 1241 2194 1263 a
2205 1229 2313 1264 calido
2325 1228 2471 1265 totaliter

1388 1273 1574 1308 resolvente
1586 1272 1775 1315 humidum,
1788 1282 1821 1307 et
1835 1273 1977 1307 finaliter
1992 1272 2181 1308 efficiuntur
2196 1274 2294 1316 sicca,
2305 1283 2340 1309 et
2350 1274 2470 1313 ultImo
2518 1303 2522 1307 .

1388 1318 1601 1353 resolvuntur
1624 1319 1658 1352 in
1682 1327 1801 1352 terram
1825 1327 1859 1352 et
1880 1317 2009 1352 fimum.

1444 1363 1510 1398 Sed
1527 1362 1618 1409 quod
1635 1362 1832 1408 putrefactio
1849 1363 1892 1396 sit
1907 1375 1926 1396 a
1942 1361 2106 1397 caliditate
2123 1363 2471 1410 continentis-probat

1389 1409 1537 1454 quinque
1553 1409 1656 1452 signis
1673 1408 1815 1452 sumptis
1833 1407 1872 1441 ab
1889 1407 1940 1441 his
1958 1419 2042 1453 quae
2058 1408 2103 1441 im
2130 1407 2246 1442 ediunt
2259 1407 2472 1454 putrefactio-

1389 1465 1476 1487 nem.
1502 1453 1662 1494 Quorum
1681 1453 1829 1498 primum
1845 1461 1906 1494 est,
1931 1451 2024 1498 quod
2044 1453 2079 1486 in
2124 1452 2272 1498 igoribus
2288 1465 2341 1488 res
2356 1453 2469 1494 minus

1389 1506 1584 1543 putrescunt
1601 1509 1703 1542 quam
1719 1498 1753 1531 in
1769 1505 1903 1538 aestate,
1923 1498 2001 1542 quia
2020 1498 2055 1530 in
2074 1496 2184 1532 hieme
2201 1498 2312 1532 minor
2327 1498 2470 1540 est'cali-

1390 1543 1474 1577 ditas
1492 1542 1692 1576 continentis
1709 1542 1792 1575 aeris
1815 1541 1869 1575 vel
1893 1553 1910 1574 a
1935 1553 1997 1576 uae
2044 1553 2122 1575 uam
2146 1542 2180 1576 in
2197 1551 2331 1585 aestate,
2345 1549 2379 1584 et
2391 1542 2470 1579 ideo

1390 1588 1501 1621 minus
1525 1595 1636 1632 potest
1652 1584 1866 1631 putrefacere.
1880 1605 1899 1612 -
1939 1597 2023 1620 ecun
2047 1598 2106 1620 um
2128 1595 2188 1628 est,
2228 1586 2297 1622 uod
2315 1583 2470 1635 idquod

1390 1641 1440 1666 est
1460 1630 1674 1676 coagulatum
1697 1631 1766 1665 sive
1791 1629 2004 1675 congelatum
2026 1630 2104 1665 forti
2126 1630 2202 1677 frigi
2227 1643 2259 1674 o,
2273 1633 2369 1667 'sicut
2385 1641 2471 1674 ‚sunt

1391 1676 1522 1711 metalla
1534 1678 1562 1716 ²⁸¹,
1575 1687 1645 1710 non
1657 1675 1827 1721 putrescit,
1841 1676 1918 1720 quia
1929 1675 2139 1710 vehementia
2153 1675 2284 1721 frigoris
2300 1677 2470 1712 intrinseci
2495 1682 2508 1695 ⁸

1390 1722 1494 1755 vincit
1510 1720 1709 1755 caliditatem
1725 1720 1978 1754 extrinsecam-
1988 1719 2144 1754 Tertium
2156 1729 2216 1763 est,
2228 1720 2321 1767 quod
2333 1726 2387 1766 easj
2407 1733 2470 1763 uae

1391 1766 1513 1800 habent
1531 1777 1687 1810 magnam
1712 1764 1912 1799 caliditatem
1935 1765 2159 1806 intrinsecam,
2175 1776 2245 1799 non
2264 1777 2310 1812 pu
2348 1805 2350 1809 .
2409 1807 2414 1813 Ἴ
2445 1775 2470 1810 t,

1392 1812 1477 1844 sicut
1493 1811 1588 1855 piper
1611 1819 1644 1844 et
1667 1809 1816 1854 galanga,
1840 1809 2018 1855 praecipue
2041 1821 2119 1844 cum
2143 1810 2368 1854 exsiccantur}
2392 1811 2471 1858 quia

1392 1865 1472 1890 tunc
1488 1867 1557 1889 non
1574 1863 1624 1889 est
1644 1854 1688 1888 ibi
1712 1853 1890 1888 humidum
1913 1853 2097 1888 admixtum
2121 1854 2213 1900 quod
2237 1853 2334 1893 educi
2350 1856 2470 1902 possit,

1391 1901 1469 1946 quia
1486 1899 1632 1934 caliditas
1649 1900 1825 1933 intrinseca
1840 1898 1968 1933 fortiter
1983 1899 2105 1933 resistit
2119 1900 2353 1934 extrinsecae·
2360 1899 2471 1945 Quar-

1391 1955 1464 1979 tum
1484 1954 1543 1986 est,
1561 1944 1653 1990 quod
1676 1943 1709 1978 id
1726 1943 1817 1990 quod
1834 1952 1989 1978 movetur
2008 1945 2120 1978 minus
2140 1944 2300 1990 putrescit
2318 1954 2421 1992 quam
2434 1944 2479 1982 id.

1392 1989 1483 2036 quod
1500 1998 1581 2030 stat,
1606 1998 1643 2023 ut
1659 2000 1744 2035 aqua
1763 1988 1856 2023 fluvii
1880 1989 1992 2023 minus
2015 1989 2176 2034 putrescit
2191 1998 2292 2042 quam
2308 1995 2470 2036 aqua-pai

1391 2034 1496 2069 ludis:
1521 2043 1554 2068 et
1575 2034 1660 2068 ratio
1685 2042 1750 2075 est,
1777 2034 1854 2079 quia
1877 2042 1990 2067 motus
2014 2042 2128 2068 causat
2150 2033 2351 2069 caliditatem
2375 2034 2412 2070 in
2434 2045 2470 2070 re

1391 2088 1500 2120 mota,
1517 2088 1549 2113 et
1565 2078 1641 2114 ideo
1658 2087 1798 2123 augetur
1821 2086 1854 2112 et
1876 2078 2048 2123 vigoratur
2071 2077 2218 2112 caliditas
2238 2079 2286 2112 rei
2304 2087 2417 2115 motae
2436 2087 2471 2114 et

1390 2125 1494 2158 vincit
1514 2123 1713 2158 caliditatem
1737 2124 1965 2159 extrinsecam.
1979 2143 1998 2148 -
2017 2122 2168 2164 Quinto,
2196 2122 2342 2159 multum
2368 2123 2472 2159 simul

1391 2170 1502 2202 minus
1519 2169 1677 2214 putrescit
1693 2179 1795 2213 quam
1808 2179 1974 2221 paucum:
1990 2167 2072 2214 quia
2088 2166 2122 2202 id
2139 2167 2230 2215 quod
2245 2176 2297 2204 est
2310 2166 2472 2215 maguum

1391 2215 1459 2247 sive
1477 2213 1621 2247 multum
1637 2212 1736 2247 habet
1751 2223 1913 2247 maiorem
1930 2213 2054 2257 ignem,
2075 2212 2161 2247 idest
2180 2211 2343 2248 maiorem
2358 2210 2471 2250 calidi-

1391 2267 1504 2300 tatem,
1520 2269 1622 2304 quam
1670 2257 1739 2292 uod
1763 2266 1813 2291 est
1835 2268 1987 2303 parvum,
2011 2265 2050 2291 ut
2073 2258 2108 2291 in
2131 2256 2294 2310 pluribus,
2315 2266 2350 2292 et
2369 2259 2470 2292 etiam

1391 2304 1551 2337 maiorem
1563 2302 1603 2336 fri
1629 2303 1638 2336 i
1675 2311 1776 2336 tatem
1789 2302 1905 2336 ceteris
1918 2301 2068 2348 paribuS,
2085 2310 2118 2336 et
2130 2301 2206 2336 ideo
2218 2301 2336 2337 fortius
2347 2301 2471 2338 resistit

1391 2349 1513 2382 actioni
1530 2314 1702 2382 calicfitatis
1719 2347 1930 2383 extrinsecae.
1947 2347 2088 2392 Propter
2104 2346 2196 2392 quod
2210 2358 2318 2392 pauca
2333 2356 2420 2396 aqua
2434 2347 2471 2382 in

1391 2392 1508 2426 lacuna
1525 2392 1621 2426 citius
1644 2392 1804 2437 putrescit
1823 2403 1924 2438 quam
1943 2402 2064 2436 magna
2079 2403 2164 2438 aqua
2183 2391 2282 2426 maris
2298 2401 2388 2439 quae
2398 2400 2471 2427 non

1393 2437 1571 2482 putrescit,
1591 2445 1663 2470 tum
1708 2445 1821 2482 ropter
1843 2435 2104 2477 multitudinem,
2124 2444 2197 2470 tum
2237 2444 2352 2489 reptet
2365 2436 2471 2473 conti·

1390 2493 1497 2515 nuum
1513 2490 1655 2515 motum.
1719 2480 1787 2515 uod
1810 2489 1921 2514 autem
1946 2480 2066 2514 dicitur
2080 2480 2150 2522 hic,
2167 2480 2208 2514 de
2231 2489 2264 2514 et
2278 2479 2418 2526 intelligi
2434 2481 2470 2516 in

1391 2526 1573 2567 continuis,
1593 2534 1626 2560 et
1649 2525 1841 2570 praesertim
1865 2525 1899 2558 in
1923 2523 2148 2570 simplicibus:
2173 2525 2251 2571 quia
2273 2524 2379 2560 multa
2400 2524 2470 2561 fru-

1391 2580 1502 2604 menta
1526 2571 1621 2604 citius
1645 2578 1840 2615 putrescunt
1863 2581 1964 2622 quarn
1985 2580 2102 2622 pauca.

1449 2615 1555 2656 Quod
1574 2623 1685 2648 autern
1706 2613 1902 2660 putrefactio
1926 2615 1969 2648 sit
1984 2626 2018 2648 in
2037 2612 2178 2648 humido
2195 2612 2368 2659 probatur:
2401 2614 2470 2650 'uia

1391 2659 1544 2694 animalia
1563 2668 1596 2694 et
1612 2668 1718 2693 cetera
1734 2660 1845 2704 genita
1868 2670 1908 2693 ex
1924 2657 2115 2704 putrefactis
2138 2667 2339 2703 generantur
2352 2669 2393 2694 ex
2432 2670 2469 2694 u-

1391 2704 1499 2746 mido;
1521 2715 1600 2749 ergo
1617 2703 1814 2749 putrefactio
1829 2702 1867 2737 fit
1883 2704 1917 2737 in
1937 2702 2087 2738 humido.
2109 2703 2199 2738 Cum
2215 2704 2305 2737 enim
2321 2698 2476 2745 caliditas-

1391 2748 1548 2783 naturalis
1569 2748 1730 2790 educitur,
1747 2747 1995 2782 educit'secum
2019 2747 2197 2782 humidum
2221 2746 2394 2785 subtile·et
2419 2759 2470 2783 se-

1392 2803 1506 2839 gregat
1530 2795 1641 2839 ipsum
1665 2805 1683 2827 a
1706 2804 1740 2827 re
1764 2791 2021 2838 putrefacienda.
2046 2791 2161 2827 Virtus
2185 2801 2297 2826 autem
2317 2791 2469 2828 caelestis

1393 2848 1550 2884 tanquam
1567 2838 1747 2883 principale
1771 2849 1884 2882 agens,
1908 2836 1966 2872 sed
1990 2836 2080 2871 calor
2103 2846 2136 2871 et
2162 2835 2340 2872 humidum
2362 2842 2470 2883 segre—

1392 2892 1507 2927 gatum
1527 2882 1618 2928 quod
1638 2883 1828 2917 circumstat
1851 2881 2072 2928 putrefactum
2095 2881 2172 2916 loco
2195 2881 2327 2916 virtutis
2348 2880 2470 2917 forma-

1392 2929 1493 2970 tivae,
1517 2936 1676 2972 generant
1699 2927 1851 2962 animalia
1875 2938 1915 2961 ex
1938 2925 2138 2972 putrefactis.
2359 2934 2364 2938 ·
2489 2929 2491 2932 “

835 3237 1904 3318 -ῇ-»ψῆεψῌ
