2782 4134
115 3009 131 3056 ζ,
139 3007 177 3056 Cf.
185 3008 237 3031 lect.
247 3014 323 3037 praec.

339 303 411 328 100

1043 282 1115 319 DE
1146 277 1322 317 CAELO
1352 277 1423 315 ET
1453 276 1649 314 MUNDO
1678 276 1773 312 LIB.
1805 275 1819 311 Ι

906 505 1205 563 LECTIO
1242 500 1838 578 VIGESIMAQUIN
1840 500 1956 556 TA

806 659 1029 700 QUOMODO
1053 658 1251 690 DICATUR
1274 657 1454 695 ALIQUID
1479 656 1695 689 POSSIBILE
1718 656 1777 687 ET
1801 655 2064 688 IMPOSSIBILE

334 801 373 832 Εἰ
397 793 441 834 δή
468 796 567 829 ταῦθ’
592 795 698 832 οὕτως
725 793 808 838 ἔχει,
836 789 1004 822 σκεπτέον
1031 789 1101 827 πῶς
1124 788 1269 835 λέγομεν
1295 788 1338 820 τὸ
1355 782 1411 820 δυ-
1463 790 1481 809 *
1504 789 1537 821 Si
1559 790 1667 831 itaque
1690 789 1768 819 haec
1791 788 1835 819 sic
1858 788 1990 828 habent,
2015 787 2282 820 considerandum
2306 786 2475 827 quomodo
2492 785 2539 816 di-

402 841 506 874 νατόν
531 843 589 873 καὶ
617 834 808 872 ἀδύνατον·

336 888 377 922 τό
403 899 441 918 τε
493 886 531 930 ἀρ
556 883 756 928 κυριώτατα
784 878 868 925 λεγό
897 890 969 911 ενον
1006 876 1179 922 ἄφθαρτον
1205 877 1254 919 τῷ
1280 877 1326 921 μὴ
1352 871 1410 908 δό-

401 941 465 962 νασ
491 942 525 962 αι
550 929 719 973 φθαρῆναι
747 926 800 965 οἷν,
823 890 901 967 μηδ’
927 922 986 956 ὁτὲ
1011 922 1071 967 μὲν
1096 919 1184 954 εἶναι
1210 921 1270 954 ὁτὲ
1286 916 1325 954 δὲ
1342 920 1408 966 μή·

399 974 543 1020 λέγεται
568 970 606 1005 δὲ
629 974 687 1004 καὶ
713 970 755 1003 τὸ
783 968 952 1014 ἀγένητον
986 968 1028 1000 τό
1063 961 1258 1008 ἀδύνατον,
1284 968 1342 999 καὶ
1368 965 1410 998 vd

401 1020 448 1063 μή
480 1015 665 1062 δυνάμενον
698 1013 856 1062 γενέσθαι
889 1012 997 1050 οὕτως
1029 1010 1117 1045 ὥστε
1151 1010 1316 1064 πρότερον
1349 1010 1409 1054 μὲν

401 1065 449 1107 μή
475 1061 561 1096 εἶναι
587 1061 726 1104 ὕστερον
751 1059 790 1092 δέ
815 1055 915 1100 εἶναι,
935 1058 1005 1090 οἷον
1032 1056 1096 1093 τὴν
1122 1051 1306 1101 διαμετρον
1328 1055 1410 1100 σύμ-

429 1121 467 1142 ετ
490 1120 537 1140 ον.

396 1119 441 1189 gvi
467 1121 501 1186 ἐι
526 1148 675 1184 δύναται
698 1147 878 1187 κινηθῆναι
902 1142 1034 1181 στάδια
1059 1145 1184 1179 ἑκατὸν
1211 1145 1232 1183 ἦ
1252 1143 1331 1189 ἆραι
1350 1143 1411 1186 βοί-

401 1209 476 1243 ρος,
505 1197 557 1229 ἀεὶ
583 1195 665 1240 πρὸς
691 1194 735 1226 τό
759 1195 921 1226 πλεῖστον
954 1191 1123 1238 λέγομεν,
1151 1191 1220 1223 οἷον
1246 1189 1411 1224 τάλαντα

401 1243 479 1286 ἆραι
505 1240 630 1273 ἑκατὸν
656 1238 678 1276 ἦ
703 1233 836 1271 στάδια
862 1231 1004 1278 βαδίσαι
1033 1234 1160 1269 ἑκατόν
1188 1236 1326 1280 (καίτοι
1352 1235 1411 1267 καὶ

401 1287 450 1321 τοὶ
473 1286 576 1331 μόρια
600 1280 751 1316 δύναται
776 1282 826 1315 τοὶ
850 1281 965 1323 ἐντός,
993 1282 1086 1326 εἴπερ
1115 1282 1173 1312 καὶ
1199 1281 1265 1317 τήν
1292 1281 1413 1324 ὕπερο-

399 1331 499 1379 χήν),
518 1331 560 1368 ὠς
584 1325 661 1362 δέον
689 1326 857 1373 ὁρίζεσθαι
883 1326 964 1371 πρὸς
984 1325 1026 1358 τό
1044 1325 1143 1362 τέλος
1167 1327 1227 1358 καὶ
1249 1325 1313 1362 τήν
1332 1326 1412 1357 ὑπε-

402 1376 507 1422 ροχήν
532 1374 597 1412 τήν
629 1369 788 1418 δύναμιν.
815 1370 966 1417 Ἀνάγκη
1002 1369 1062 1415 μὲν
1098 1368 1155 1402 οὖν
1188 1370 1230 1402 τό
1263 1368 1410 1402 δυνατὸν

399 1422 475 1454 καθ’
506 1419 678 1465 ὑπεροχήν
704 1412 828 1451 τοσαδὶ
852 1417 911 1448 καὶ
937 1415 986 1448 τοὶ
1011 1414 1108 1452 ἐντὸς
1132 1410 1314 1455 δύνασθαι,
1342 1415 1411 1446 οἷον

403 1467 432 1498 εὶ
456 1464 622 1498 τοίλαντα
655 1462 781 1495 ἑκατὸν
816 1459 916 1506 ἆραι,
942 1462 1000 1492 καὶ
1025 1455 1110 1501 δυό,
1136 1457 1200 1491 κᾶν
1227 1459 1256 1491 εὶ
1281 1457 1412 1491 στάδια

404 1509 550 1551 ἑκατόν,
575 1510 635 1541 καὶ
659 1504 721 1540 δύο
753 1502 920 1539 δύνασθαι
945 1500 1100 1546 βαδίσαι.
1139 1505 1181 1535 Ἤ
1205 1498 1244 1536 δὲ
1269 1498 1412 1549 δύναμις

402 1556 466 1593 τῆς
492 1554 662 1608 ὑπεροχῆς
689 1551 798 1585 ἐστίν·

335 1600 397 1633 κᾶν
425 1602 454 1632 εἴ
479 1611 513 1632 τι
540 1594 713 1632 ἀδυνατον
739 1590 876 1630 τοσονδὶ
900 1594 975 1627 καθ’
1006 1592 1410 1637 ὑπερβολήν·εἷπόντων,

403 1646 461 1676 καὶ
488 1643 536 1676 τοὶ
561 1645 666 1675 πλείω
694 1640 880 1681 ἀδύνατον,
901 1640 969 1672 οἷον
996 1640 1012 1671 ὁ
1038 1640 1134 1684 χίλια
1161 1633 1302 1679 βαδίσαι
1327 1638 1414 1672 στοί-

404 1684 462 1720 δια
488 1688 534 1731 μή
560 1683 744 1730 δυνάμενος
771 1681 875 1722 δῆλον
903 1683 956 1717 ὅτι
981 1685 1039 1716 καὶ
1063 1686 1160 1729 χίλια
1183 1685 1242 1716 καὶ
1268 1682 1314 1716 ἕν.

337 1732 449 1771 Μηθέν
474 1727 503 1764 δ’
530 1733 619 1776 ἡμᾶς
647 1731 923 1776 παρενοχλείτω·
950 1724 1112 1773 διωρίσθω
1137 1728 1203 1774 γάρ
1226 1727 1324 1761 κατὰ
1348 1729 1412 1767 τῆς

407 1778 575 1822 ὑπεροχῆς
609 1776 651 1809 τό
685 1775 782 1813 τέλος
811 1773 996 1820 λεγόμενον
1032 1774 1075 1806 τὸ
1098 1775 1216 1818 κυρίως
1247 1767 1409 1806 δυνατόν.

406 1820 506 1866 Τοίχα
530 1821 596 1867 γὰρ
622 1822 762 1856 ἑνσταίη
789 1830 840 1856 τις
863 1817 902 1851 ὀὶν
921 1820 962 1856 ὠς
981 1819 1042 1851 οὐκ
1061 1818 1194 1863 ἀνάγκη
1213 1818 1255 1850 τὸ
1270 1816 1409 1863 λεχθέν·

409 1867 426 1897 ὁ
450 1865 515 1910 γαρ
542 1865 623 1907 ὁρῶν
649 1859 791 1896 στσίδιον
811 1863 849 1895 οὗ
873 1865 931 1894 καὶ
950 1862 998 1896 τοὶ
1014 1863 1110 1900 ἑντὸς
1129 1862 1252 1917 ὄψεται
1269 1861 1411 1908 μεγέθη,

410 1909 501 1940 ἀλλὰ
525 1909 726 1940 τούναντίον
752 1907 882 1950 μᾶλλον
910 1907 926 1938 ὁ
951 1903 1135 1950 δυνάμενος
1158 1901 1240 1937 ιδεῖν
1265 1907 1413 1952 στιγμήν

409 1951 430 1987 ἦ
459 1950 604 1984 ἀκοῦσαι
629 1951 746 1994 μικροῦ
772 1949 877 1993 ψόφου
905 1952 964 1981 καὶ
990 1950 1057 1981 τῶν
1083 1949 1244 1993 μειζόνων
1270 1949 1338 1989 ἕξει
1364 1951 1416 1981 αῖ-

432 1994 448 2025 θ
475 2006 538 2026 σιν.

338 2007 431 2070 'Alf'
451 2008 549 2069 ἒῦθὲν
575 2032 724 2080 διαφέρει
743 2036 823 2079 πρὸς
842 2035 901 2068 τὸν
918 2035 1020 2081 λόγον
1034 2047 1041 2054 ·
1068 2030 1230 2078 διωρίσθω
1250 2035 1315 2080 γοὶρ
1334 2034 1415 2071 ἦτοι

414 2082 469 2113 ἐπὶ
494 2081 556 2117 τῆς
575 2075 748 2123 δυνάμεως
769 2078 790 2123 ἦ
808 2077 864 2110 ἐπὶ
882 2080 945 2110 τοῦ
962 2078 1168 2124 πράγματος
1187 2079 1207 2115 ’ἦ
1227 2078 1412 2123 ύπερβολή.

412 2125 458 2156 Τὸ
479 2124 543 2170 γοὶρ
559 2123 743 2167 λεγόμενον
765 2119 886 2159 δῆλον·
908 2124 928 2159 *ti
947 2122 1005 2166 μὲν
1021 2123 1086 2169 γοὶρ
1106 2122 1175 2166 ἶψις
1194 2123 1214 2159 ἡ
1233 2124 1296 2155 τοῦ
1314 2122 1414 2156 ἐλάτ-

415 2179 511 2206 τονος
538 2166 707 2212 ὑπερέχει,
735 2168 755 2203 ἠ
781 2167 819 2198 δὲ
844 2167 1001 2212 ταχυτής
1027 2168 1048 2204 ’ἦ
1075 2169 1138 2200 τοὺ
1164 2169 1328 2206 πλείονος.

333 1156 372 1187 Εἰ

402 2266 551 2293 ὃγΝοΡεῐς.
571 2281 604 2285 -
631 2274 654 2292 1.
675 2265 886 2302 Argumentum
908 2271 936 2292 et
956 2264 1058 2293 divisio
1080 2271 1180 2293 textus.
1204 2265 1327 2302 Oportet
1347 2272 1414 2302 post

348 2304 505 2342 praemissa
525 2304 706 2333 considerare
721 2305 756 2332 de
766 2304 901 2342 possibili
921 2310 949 2332 et
970 2304 1149 2342 impossibili.
1165 2322 1183 2326 -
1199 2313 1226 2333 2.
1242 2306 1321 2334 Haec
1335 2304 1413 2333 enirn

349 2345 533 2373 includuntur
554 2344 583 2372 in
609 2344 720 2373 ratione
741 2343 828 2381 geniti
850 2350 877 2372 et
904 2344 1031 2381 ingeniti,
1054 2345 1246 2381 corruptibilis
1267 2352 1295 2373 ct
1316 2345 1410 2374 incor-

348 2384 497 2421 ruptibilis.
512 2399 531 2405 —
547 2384 572 2412 3.
588 2384 726 2412 Possibile
748 2390 776 2412 et
795 2383 972 2420 impossibile
993 2385 1164 2419 absolutum,
1180 2392 1208 2414 et
1226 2385 1364 2422 possibile
1385 2392 1413 2414 et

349 2423 526 2460 impossibile
553 2424 716 2452 relativum.
746 2423 876 2452 Primum
898 2424 1001 2452 dicitur
1029 2425 1110 2461 quod
1137 2426 1297 2453 secundum
1318 2434 1348 2453 se
1370 2432 1412 2454 est

349 2464 405 2492 tale
426 2464 505 2500 quod
533 2463 624 2500 possit
643 2464 687 2492 vel
708 2472 769 2492 non
794 2463 885 2500 possit
906 2473 968 2492 esse
989 2473 1106 2500 verum,
1128 2471 1247 2502 propter
1267 2465 1411 2493 habitudi-

350 2512 418 2531 nem
438 2503 628 2531 terminorum
649 2504 686 2531 ad
707 2502 837 2531 invicem.
860 2504 1027 2531 Secundum
1054 2503 1158 2532 dicitur
1179 2505 1260 2541 quod
1281 2510 1323 2532 est
1343 2514 1411 2541 pos-

350 2542 431 2571 sibile
451 2543 496 2570 vel
516 2542 692 2579 impossibile
719 2542 818 2578 alicui,
844 2544 925 2579 quod
951 2543 1057 2571 scilicet
1084 2550 1180 2580 potest
1202 2553 1265 2572 esse
1285 2544 1330 2572 vel
1351 2554 1412 2572 non

351 2591 422 2617 esse,
444 2588 551 2610 attenta
570 2582 700 2618 potentia
719 2581 811 2610 activa
830 2583 876 2610 vel
895 2582 1009 2619 passiva
1029 2582 1157 2611 alicuius.
1179 2584 1244 2612 Hoc
1258 2584 1349 2612 modo
1364 2593 1412 2612 ac-

353 2620 455 2657 cipitur
473 2621 518 2649 hic
536 2621 672 2657 possibile
686 2627 714 2649 et
734 2621 919 2657 impossibile.
935 2639 954 2643 -
969 2622 1132 2650 Subdivisio
1154 2629 1255 2651 textus.
1271 2640 1290 2645 -
1303 2633 1332 2659 4.
1347 2623 1411 2652 Vir-

353 2666 399 2688 tus
420 2660 547 2696 alicuius‚
563 2669 613 2688 seu
633 2660 769 2697 possibile
790 2661 948 2697 relativum,
963 2662 1169 2690 denominatur
1182 2672 1234 2699 per
1247 2670 1409 2700 respectum

353 2700 391 2728 ad
411 2699 569 2728 maximum
590 2709 692 2728 eorum
713 2700 743 2728 in
764 2709 838 2737 quae
858 2707 962 2738 potest.
977 2717 996 2723 -
1012 2702 1038 2730 5.
1054 2703 1078 2730 Ε
1096 2711 1245 2739 converso,
1268 2704 1348 2740 quod
1369 2710 1411 2732 est

485 2818 507 2831 ..
523 2799 600 2844 Tu).
617 2800 792 2841 ostquam
829 2794 1083 2844 Philosophus
1121 2796 1283 2834 ostendit
1320 2805 1413 2847 quot

441 2843 445 2856 ¹
571 2848 601 2891 {ft
615 2846 738 2883 modis
767 2846 900 2884 dicitur
927 2848 1094 2896 genitum
1124 2857 1160 2886 et
1187 2849 1410 2899 ingenitum,

560 2903 568 2916 ³
587 2902 599 2948 ξ
616 2899 855 2948 corruptibile
884 2908 920 2937 et
947 2901 1238 2951 incorruptibile,
1258 2904 1320 2941 hic
1349 2917 1408 2941 ex-

496 2946 506 2994 ]
613 2952 720 3000 ponit
748 2953 1062 3000 significationem
1085 2955 1196 2993 huius
1224 2957 1330 3005 quod
1358 2957 1411 2996 di-

466 3005 641 3054 possibile
668 3013 705 3042 et
733 3006 956 3054 impossibile
977 3009 1007 3045 *.
1029 3009 1078 3045 Et
1095 3009 1220 3058 primo
1249 3010 1336 3048 dicit
1364 3011 1412 3048 de

352 3069 429 3105 quo
458 3065 513 3095 est
540 3057 712 3105 intenti03
742 3060 911 3097 secundo
942 3061 1136 3110 exequitur
1158 3064 1411 3113 propositum,

351 3109 417 3147 ibi:
448 3111 490 3147 Si
514 3111 637 3160 itaque
663 3112 806 3160 aliquid
824 3119 948 3161 potest
966 3115 985 3136 ‘¹‘
1006 3122 1075 3152 etc.

406 3163 514 3200 Circa
531 3164 698 3212 primum
717 3165 793 3202 duo
813 3166 909 3204 facit.
931 3168 1061 3205 Primo
1087 3168 1173 3206 dicit
1192 3170 1239 3207 de
1259 3183 1336 3219 quo
1358 3179 1412 3208 est

352 3215 523 3253 intentio:
545 3224 581 3254 et
600 3217 686 3255 dicit
700 3219 815 3267 quod,
833 3232 920 3257 cum
936 3220 986 3258 ita
1006 3234 1045 3258 se
1065 3222 1231 3260 habeant
1250 3236 1295 3260 ea
1314 3237 1411 3274 quae

354 3268 450 3305 dicta
477 3277 562 3307 sunt
589 3271 684 3318 circa
708 3271 1020 3320 significationem
1049 3275 1162 3323 geniti
1183 3284 1218 3314 et
1245 3277 1410 3327 ingeniti,

355 3322 600 3370 corruptibilis
629 3331 664 3361 et
688 3324 984 3375 incorruptibilis,
1002 3336 1151 3377 oportet
1171 3330 1411 3369 considerare

355 3375 550 3422 quomodo
571 3376 712 3414 dicatur
738 3378 876 3427 aliquid
899 3382 1075 3428 possibile
1095 3390 1131 3420 et
1158 3383 1392 3433 impossibile.

409 3438 443 3462 2.
465 3428 639 3467 Secundo
675 3430 742 3468 ibi:
771 3433 1032 3480 propriissime
1068 3436 1166 3473 enim
1201 3445 1292 3487 etc.,
1323 3438 1412 3476 assi-

353 3003 445 3041 citur

2567 790 2577 799 ⁶
2592 788 2646 817 Seq.
2662 794 2714 817 cap.
2729 795 2762 811 xx.

1532 834 1635 865 cimus
1658 833 1810 874 possibile
1833 839 1864 864 et
1886 832 2095 874 impossibile.
2566 815 2637 838 Text.
2652 821 2691 844 ¹¹⁵¹

1465 878 1686 920 Propriissime
1702 877 1788 908 enim
1805 877 1927 908 dictum
1941 876 2181 918 incorruptibile
2196 886 2235 907 eo
2251 876 2339 918 quod
2356 886 2423 906 non
2439 875 2542 916 possit

1533 922 1696 963 corrumpi
1707 945 1716 961 ,
1749 931 1855 963 neque
1877 921 2050 963 aliquando
2083 921 2215 963 quidem
2250 931 2317 952 esse
2328 943 2338 960 ,
2367 920 2540 961 aliquando

1532 974 1642 998 autem
1655 977 1732 998 non.
1758 966 1882 998 Dicitur
1904 972 2014 997 autem
2036 972 2067 997 et
2079 966 2259 1007 ingenitum
2282 965 2372 1007 quod
2390 965 2540 1006 impossi-

1532 1011 1606 1050 bile,
1623 1018 1654 1042 et
1665 1011 1756 1053 quod
1771 1021 1839 1042 non
1855 1017 1969 1051 potens
1985 1009 2052 1040 fieri
2069 1010 2112 1041 sic
2127 1017 2164 1042 ut
2178 1017 2209 1042 et
2223 1010 2311 1052 prius
2326 1009 2459 1051 quidem
2474 1020 2542 1041 non

1533 1056 1584 1096 sit,
1604 1055 1763 1097 posterius
1785 1062 1894 1087 autem
1917 1054 1974 1095 sit;
1998 1061 2077 1096 puta
2103 1054 2296 1087 diametrum
2318 1061 2540 1097 symmetrum.

1465 1146 1483 1166 *
1506 1146 1539 1178 Si
1562 1146 1670 1188 itaque
1693 1145 1816 1187 aliquid
1834 1150 1940 1186 potest
1962 1142 2087 1175 moveri
2113 1154 2170 1185 per
2192 1143 2292 1175 stadia
2315 1150 2464 1184 centum,
2488 1151 2545 1176 aut
2571 1150 2580 1160 ·
2595 1148 2722 1171 Text-11⁶-

1534 1191 1638 1222 levare
1661 1190 1802 1232 pondus,
1818 1199 1944 1230 semper
1966 1189 2007 1220 ad
2030 1188 2207 1230 plurimum
2226 1188 2374 1228 dicimus,
2397 1195 2476 1230 puta
2498 1195 2544 1221 ta-

1534 1236 1619 1267 lenta
1642 1236 1745 1267 levare
1770 1241 1918 1274 centum,
1942 1239 1998 1265 aut
2028 1233 2127 1265 stadia
2149 1233 2195 1264 ire
2226 1239 2373 1272 centum3
2397 1233 2544 1275 quamvis

1535 1288 1567 1313 et
1588 1288 1692 1323 partes
1707 1287 1815 1322 potest
1837 1289 1920 1321 quae
1943 1278 2040 1318 intus,
2065 1277 2225 1320 siquidem
2240 1283 2272 1309 et
2287 1278 2546 1319 superabundan-

1535 1326 1630 1366 tiam;
1654 1332 1691 1357 ut
1713 1325 1898 1357 nominetur
1921 1323 1962 1354 ad
1983 1323 2083 1355 finem
2106 1329 2138 1354 et
2161 1321 2362 1354 excellentiae
2383 1321 2546 1356 virtutem.

1534 1372 1670 1402 Necesse
1693 1370 1825 1412 quidem
1855 1369 1952 1410 igitur
1974 1375 2090 1410 potens
2117 1367 2297 1399 secundum
2328 1366 2547 1399 excellentium

1534 1422 1632 1454 tanta,
1657 1422 1688 1447 et
1710 1425 1794 1457 quae
1817 1414 1899 1446 infra
1921 1420 2032 1456 posse;
2055 1419 2135 1454 puta
2157 1412 2183 1444 si
2201 1412 2319 1444 talenta
2342 1417 2472 1443 centum
2486 1410 2547 1444 tol-

1535 1461 1610 1499 lere,
1635 1467 1666 1492 et
1689 1460 1777 1500 duo,
1801 1466 1832 1491 et
1855 1459 1880 1490 si
1903 1458 2004 1490 stadia
2027 1465 2176 1497 centum,
2210 1463 2242 1489 et
2265 1457 2331 1488 duo
2362 1466 2458 1498 posse
2481 1455 2546 1488 ire:

1534 1505 1634 1537 virtus
1657 1511 1766 1536 autem
1790 1504 1990 1536 excellentiae
2013 1510 2060 1535 est
2083 1512 2219 1544 semper.

1467 1594 1509 1626 Et
1532 1594 1644 1636 utique
1668 1594 1695 1625 si
1718 1593 1797 1636 quid
1819 1592 2017 1634 impossibile
2035 1599 2173 1631 tantum,
2198 1592 2378 1624 secundum
2393 1591 2547 1624 excellen-

1535 1639 1614 1671 tiam
1637 1638 1826 1678 dicentibus,
1843 1644 1874 1669 et
1896 1638 1988 1679 plura
2011 1636 2226 1678 impossibile:
2251 1644 2331 1678 puta
2350 1647 2417 1668 non
2433 1643 2548 1679 potens

1536 1684 1624 1715 mille
1647 1683 1692 1714 ire
1715 1683 1826 1722 stadia,
1842 1689 1873 1714 et
1888 1682 2095 1713 manifestum
2113 1681 2190 1723 quia
2213 1688 2245 1713 et
2266 1681 2355 1713 mille
2378 1689 2410 1714 et
2431 1691 2546 1714 unum.

1467 1729 1485 1749 *
1507 1728 1594 1760 Nihil
1618 1734 1727 1759 autem
1741 1738 1801 1759 nos
1826 1727 1950 1759 turbet:
1967 1726 2246 1758 determinandum
2261 1726 2349 1758 enim
2368 1727 2548 1759 secundum
2576 1733 2586 1743 ·
2599 1731 2670 1755 Tm.
2683 1737 2727 1760 ιη.

1536 1773 1737 1805 excellentiae
1760 1772 1936 1804 terminum
1965 1771 2086 1803 dictum
2109 1771 2200 1813 quod
2222 1772 2352 1812 proprie
2384 1771 2546 1813 possibile.

1535 1818 1682 1849 Forsitan
1705 1817 1793 1849 enim
1815 1816 1945 1848 instabit
1966 1816 2039 1858 quis
2062 1815 2190 1858 utique,
2214 1815 2307 1857 quasi
2329 1825 2396 1847 non
2421 1825 2549 1848 necesse

1536 1863 1626 1904 quod
1649 1862 1772 1893 dictum
1802 1868 1865 1893 est:
1893 1861 2004 1900 videns
2032 1861 2118 1892 enim
2151 1857 2409 1900 stadiumffion
2438 1859 2550 1903 utique

1537 1916 1620 1948 quae
1635 1906 1721 1937 intus
1736 1906 1855 1937 videbit
1869 1905 2126 1946 magnitudines3
2141 1905 2198 1939 sed
2220 1905 2416 1937 contrarium
2431 1905 2544 1947 magis,

1537 1957 1652 1990 potens
1673 1950 1780 1980 videre
1804 1955 1974 1990 punctum,
1995 1955 2051 1980 aut
2073 1949 2182 1980 audire
2204 1959 2341 1990 parvum
2363 1959 2495 1990 sonum,
2515 1956 2548 1982 et

1537 1993 1699 2024 maiorum
1722 1993 1849 2024 habebit
1871 2002 2011 2023 sensum.

1471 2036 1534 2068 Sed
1556 2036 1635 2066 nihil
1659 2035 1761 2067 differt
1784 2036 1824 2066 ad
1851 2036 2018 2067 rationem.
2042 2036 2279 2068 Determinetur
2310 2037 2396 2068 enim
2426 2044 2483 2069 aut
2513 2038 2547 2069 in

1537 2080 1652 2111 virtute
1675 2086 1731 2111 aut
1752 2080 1785 2110 in
1809 2090 1841 2111 re
1865 2080 2057 2112 excellentia.
2083 2081 2182 2119 Quod
2212 2080 2299 2112 enim
2322 2081 2451 2121 dicitur,
2475 2092 2545 2114 ma-

1539 2124 1704 2156 nifestum:
1728 2124 1816 2155 visus
1840 2125 1971 2166 quidem
1996 2124 2082 2156 enim
2105 2124 2161 2166 qui
2187 2125 2320 2157 minoris
2344 2126 2479 2166 excedit,
2495 2137 2549 2158 ve-

1537 2169 1647 2200 locitas
1670 2175 1778 2200 autem
1801 2179 1883 2210 quae
1907 2169 2047 2200 maioris.

1468 2265 1647 2302 impossibile
1668 2265 1768 2301 alicui,
1791 2265 2001 2294 determinatur
2027 2275 2079 2303 per
2104 2265 2259 2295 minimum
2287 2275 2390 2295 eorum
2419 2267 2450 2296 in
2471 2276 2547 2306 quae

1467 2314 1529 2333 non
1544 2312 1648 2342 potest.
1664 2322 1683 2327 —
1697 2307 1724 2334 6.
1740 2305 1883 2334 obiectio.
1907 2306 1996 2341 Quod
2017 2306 2155 2343 possibile
2176 2307 2432 2336 determinandum
2451 2307 2488 2337 sit
2501 2317 2547 2338 se-

1467 2346 1596 2374 cundum
1618 2346 1780 2374 maximum
1800 2345 1831 2374 in
1853 2346 1933 2383 quod
1955 2352 2051 2383 potest
2071 2346 2170 2383 virtus,
2192 2356 2254 2375 non
2279 2346 2393 2376 videtur
2413 2357 2547 2378 necessa-

1466 2385 1542 2414 rium
1570 2385 1600 2414 in
1621 2385 1774 2414 omnibus:
1796 2385 1909 2414 videtur
1936 2386 2015 2414 enim
2045 2387 2152 2415 habere
2177 2386 2344 2416 instantiam
2372 2388 2403 2416 in
2427 2387 2491 2418 visu
2517 2395 2548 2418 et

1466 2424 1496 2453 in
1517 2425 1580 2454 aliis
1601 2425 1741 2454 sensibus.
1757 2443 1776 2448 -
1796 2435 1823 2463 7.
1839 2425 1963 2455 Solutio.
1986 2427 2162 2456 Excellentia
2188 2428 2350 2456 secundum
2375 2437 2466 2466 quam
2492 2429 2545 2459 dee

1465 2465 1637 2494 terminatur
1658 2465 1810 2502 possibile,
1832 2472 1928 2502 potest
1956 2466 2064 2495 attendi
2088 2467 2133 2495 vel
2154 2476 2188 2496 ex
2209 2474 2290 2505 parte
2311 2468 2424 2497 virtutis
2443 2468 2490 2498 vel
2511 2478 2547 2498 ex

1466 2511 1546 2541 parte
1567 2504 1616 2534 rei.
1637 2506 1679 2533 Ex
1699 2512 1780 2542 parte
1801 2505 1842 2534 rei
1864 2506 1992 2543 quidem,
2014 2508 2133 2544 quando
2155 2507 2185 2536 in
2206 2507 2268 2545 ipsa
2289 2518 2320 2537 re
2341 2515 2385 2538 est
2405 2509 2545 2539 excellen-

1465 2545 1519 2573 tia:
1542 2551 1571 2573 et
1591 2546 1645 2573 hae
1666 2545 1778 2574 ratione
1798 2546 2007 2575 determinatur
2026 2546 2117 2576 virtus
2137 2547 2240 2577 activa.
2267 2550 2310 2577 Ex
2331 2555 2413 2586 parte
2432 2548 2545 2579 virtutis

1465 2591 1561 2613 autem
1590 2585 1747 2614 attenditur
1770 2586 1950 2622 excellentia,
1973 2588 2092 2624 quando
2120 2597 2165 2616 res
2191 2597 2266 2626 quae
2291 2598 2352 2618 non
2376 2589 2488 2619 excellit
2513 2589 2546 2619 in

1465 2625 1632 2662 quantitate,
1655 2625 1774 2663 requirit
1796 2626 1993 2655 excellentiam
2011 2627 2138 2656 virtutis:
2161 2634 2189 2656 et
2207 2629 2264 2658 hoc
2286 2629 2411 2658 maxime
2432 2629 2546 2659 videtur

1465 2665 1631 2710 contingere
1660 2666 1734 2694 circa
1763 2666 1908 2703 potentias
1939 2667 2090 2704 passivas;
2117 2668 2280 2698 cuiusmodi
2306 2676 2373 2698 sunt
2395 2669 2544 2707 potentiae

1465 2712 1624 2734 sensitivae.

1467 2806 1556 2846 gnat
1583 2799 1770 2837 rationem
1799 2813 1890 2838 suae
1919 2800 2148 2851 intentionis,
2178 2803 2268 2854 quia
2291 2803 2432 2842 scilicet
2452 2815 2542 2855 pos-

1466 2852 1571 2889 sibile
1598 2860 1633 2889 et
1662 2853 1887 2902 impossibile
1923 2854 2169 2894 includuntur
2191 2857 2229 2894 in
2259 2857 2404 2895 ratione
2431 2869 2541 2908 prae-

1469 2905 1667 2944 dictorum.
1681 2907 1793 2955 Quia,
1810 2916 1851 2945 ut
1870 2921 1986 2958 supra
2000 2909 2021 2930 *⁸
2038 2909 2181 2949 dictum
2197 2917 2265 2958 est,
2280 2910 2542 2960 propriissime
2570 2923 2587 2970 ζ,
2596 2920 2660 2944 met·
2679 2927 2756 2951 pmc-

1468 2958 1602 2996 dieitur
1630 2959 1772 3010 aliquid
1801 2973 1884 2999 esse
1913 2962 2209 3013 incorruptibile,
2237 2964 2344 3013 quod
2373 2977 2452 3003 non
2481 2977 2542 3003 so·
2589 2954 2634 2977 '⁹'

1466 3012 1545 3049 lum
1565 3025 1644 3050 non
1671 3021 1797 3063 potest
1817 3016 2021 3066 corrumpi,
2042 3017 2110 3055 sed
2130 3029 2202 3055 nec
2222 3017 2335 3056 etiarn
2355 3030 2542 3068 quocum-

1467 3078 1541 3115 que
1579 3067 1698 3104 modo
1737 3068 1942 3117 aliquando
1981 3082 2063 3107 esse
2103 3078 2139 3108 et
2166 3079 2302 3120 postea
2331 3084 2411 3110 non
2445 3084 2540 3111 esse.

1467 3120 1516 3156 Et
1544 3120 1712 3158 similiter
1740 3121 1951 3170 ingenitum
1981 3123 2134 3173 proprie
2163 3124 2298 3163 dicitur
2318 3127 2338 3148 *
2358 3126 2462 3175 quod
2491 3131 2547 3164 est
2570 3133 2698 3158 'ct-*bid-
2708 3140 2762 3164 ιη

1467 3173 1703 3222 impossibile,
1724 3175 1865 3213 scilicet
1885 3188 1968 3214 esse
1996 3185 2032 3215 et
2051 3190 2131 3216 non
2161 3190 2259 3228 esse,
2282 3187 2318 3217 et
2337 3179 2444 3229 quod
2463 3191 2544 3217 non

1466 3234 1591 3275 potest
1628 3228 1711 3266 fieri
1755 3241 2003 3280 quocumque
2039 3231 2104 3269 tali
2137 3232 2258 3270 modo
2297 3232 2403 3283 quod
2436 3232 2543 3282 prius

1467 3292 1546 3317 non
1574 3280 1621 3318 sit
1650 3289 1685 3319 et
1712 3290 1849 3331 postea
1877 3283 1944 3330 sit3
1975 3284 2071 3322 sicut
2103 3285 2334 3324 diametrum
2367 3285 2543 3336 quadrati

1468 3345 1550 3371 esse
1591 3341 1862 3383 symmetrum‚
1898 3337 1995 3375 idest
2035 3346 2390 3377 commensuratum
2436 3339 2542 3376 lateri

1467 3388 1652 3447 quadrati,
1684 3397 1740 3426 est
1767 3389 1988 3440 ingenitum,
2016 3391 2106 3442 quia
2133 3392 2237 3430 nullo
2267 3392 2387 3430 modo
2416 3399 2542 3442 potest

1468 3453 1633 3490 incipere
1663 3454 1746 3480 esse
1765 3449 1794 3481 α.
2666 3458 2684 3476 ²

408 3583 435 3616 α)
455 3583 568 3616 incipere
586 3592 649 3612 esse.
661 3587 727 3613 -lta
740 3588 815 3620 AsG;
834 3597 880 3616 acc

352 3618 396 3643 vel
414 3618 540 3651 accipere.

883 3591 954 3624 ipere
973 3599 1027 3619 esse
1048 3599 1105 3624 cet„
1119 3595 1240 3622 accidere
1253 3604 1308 3623 esse
1322 3598 1341 3623 P
1347 3605 1354 3629 ;
1370 3599 1555 3626 advertendum
1575 3607 1615 3626 est
1633 3602 1795 3628 s.'l'homam
1815 3604 1872 3629 lect.
1888 3611 1972 3637 praec.
1992 3611 2128 3637 nunquam
2147 3611 2225 3629 usum
2245 3612 2305 3630 esse
2322 3604 2404 3630 verbo
2417 3605 2540 3631 accidere
