2690 4062
64 1288 76 1298 '¹
91 1287 160 1308 Num.
176 1286 197 1307 6.

71 1375 81 1386 ⁶
95 1373 164 1395 Num.
178 1379 198 1401 3.

65 2643 73 2652 ·
87 2642 157 2666 Num.
173 2650 221 2672 seq.

58 3618 66 3627 ·
82 3621 129 3638 non
143 3621 191 3638 om.
205 3614 240 3636 rb.

294 286 366 311 XXIl

363 345 392 381 δ’
421 344 520 386 εἶδος.
553 347 654 391 Ὅπερ
682 347 735 379 ἐπὶ
761 345 894 377 τούτων
919 343 1111 386 συμβαίνει·
1138 341 1153 372 ὁ
1178 341 1255 391 γοίρω
1267 350 1350 369 κατ-

364 396 493 437 τίτερος
518 393 561 430 ὠς
588 390 693 428 ποίθος
718 402 751 422 τι
776 388 819 420 ὢν
839 389 915 421 ἄνευ
942 387 1020 424 ὕλης
1038 386 1100 418 τοῦ
1125 386 1255 428 χαλκου
1274 394 1349 433 σχεΙ-

363 435 420 470 δόν
447 437 662 481 ἀφανίζεται,
681 437 736 466 καὶ
763 431 888 478 μιχθεὶς
914 431 1027 463 ἄπεισι
1050 429 1268 479 χρωματξσας
1293 437 1350 470 μο-

365 492 431 513 νον.
458 481 574 513 Ταύτό
600 478 636 510 δὲ
662 479 769 511 τοῦτο
794 476 968 520 συμβαίνει
992 476 1048 505 καὶ
1074 473 1282 516 ἑφ’.ἑτερων.

790 270 860 308 DE
889 264 1274 306 GENERATIONE
1303 263 1374 299 ET
1403 257 1786 297 CORRUPTIONE
1815 257 1910 293 LIB.
1941 257 1955 292 I

1472 335 1697 376 susceptivum,
1723 335 1858 365 alterum
1880 340 1988 364 autem
2005 333 2135 374 species.
2152 334 2250 371 Quod
2272 333 2305 364 in
2324 333 2372 364 his
2396 344 2472 365 con-

1471 380 1576 420 tingit:
1592 387 1743 410 stannum
1766 378 1851 409 enim
1868 385 1904 408 ut
1924 377 2029 417 passio
2053 377 2159 418 aliqua
2182 388 2238 408 ens
2261 378 2328 408 sine
2344 378 2474 409 materia

1472 424 1550 455 aeris
1575 433 1656 464 pene
1679 422 1854 461 evanescit,
1879 428 1910 452 et
1938 421 2076 452 mixtum
2099 421 2163 453 abit
2185 422 2329 453 colorans
2355 423 2472 454 solum.

1473 469 1561 498 Idem
1585 474 1692 498 autem
1715 467 1776 497 hoc
1800 465 1955 505 contingit
1978 472 2008 496 et
2026 466 2059 496 in
2084 465 2163 497 aliis.

298 526 446 569 Φανερόν
465 527 575 557 τοίνυν
600 524 636 554 ἐκ
661 523 726 555 τῶν
751 519 927 565 εἰρημένων
951 520 1007 549 καὶ
1026 516 1080 549 ὅτι
1096 516 1170 548 ἔστι
1187 513 1273 558 μῖξις
1291 515 1348 544 καὶ
1404 512 1609 543 Manifestum
1632 511 1726 550 igitur
1750 520 1787 541 ex
1802 510 1851 540 his
1875 520 1957 551 quae
1973 510 2056 540 dicta
2078 517 2154 541 sunt
2175 511 2266 551 quod
2288 517 2335 542 est
2350 510 2473 550 mixtio,

366 570 399 600 τί
417 569 490 600 ἐστι
514 571 571 600 καὶ
596 563 655 599 διαὶ
671 568 717 606 τί,
735 567 791 596 καὶ
811 568 892 595 ποῖοι
912 563 1018 607 μικταὶ
1035 561 1102 592 τῶν
1120 560 1239 600 ὄντων,
1260 558 1349 610 ἐπεξ-

367 624 425 656 περ
451 611 541 645 ἐστὶν
566 610 639 642 ἔνια
664 610 812 642 τοιαῦτα
831 608 885 638 οἶα
906 604 1081 643 παθητικά
1106 616 1143 636 τε
1171 603 1224 636 ὑπ’
1248 603 1351 636 ἀλλη-

364 659 430 687 λων
454 659 510 688 καὶ
536 653 694 699 εὐόριστα
722 655 778 684 καὶ
804 650 1015 694 εὐδιαίρετα·
1043 650 1160 680 ταῦτα
1184 648 1247 692 γάρ
1274 645 1345 678 οὔτ’

366 699 523 756 ἐῖθοίρθαι
549 698 678 744 ἀνάγκη
704 707 804 742 μεμιγ
832 695 891 726 ἕνα,
920 691 991 727 οὔτ’
1015 693 1068 725 ἔτι
1093 692 1211 725 vocatae
1237 690 1350 726 οἱπλῶς

367 757 472 786 ειναι,
499 743 577 776 οὔτε
611 741 758 774 σύνθεσιν
787 750 873 771 ειναι
905 740 970 775 τήν
995 736 1081 781 μῖξιν
1108 736 1242 777 αὐτῶν,
1269 734 1348 766 οὔτε

368 791 446 834 πρός
471 788 533 825 τήν
552 786 720 823 αἴσθησιν·
749 782 820 816 ἀλλ’
845 783 918 814 ἔστι
936 782 1055 827 μικτόν
1073 782 1132 825 μέν
1151 780 1167 812 ὃ
1186 779 1225 811 ἂν
1246 777 1350 822 εὐόρι-

367 845 447 865 στον
479 832 514 865 ὂν
547 830 733 867 παθητικόν
764 826 787 870 ᾗ
814 829 872 859 καὶ
905 826 1081 863 ποιητικόν
1114 826 1171 856 καὶ
1204 822 1350 862 τοιούτῳ

367 875 484 921 μικτόν
510 877 605 919 (πρός
630 872 736 917 ὁμώνυ
765 883 800 904 ον
824 872 887 917 γοὶρ
914 872 954 902 τό
979 868 1130 914 μικτόν),
1157 869 1177 904 ’ἡ
1203 863 1239 899 δὲ
1265 866 1350 911 μῖξις

367 923 433 953 τῶν
458 921 582 964 μικτῶν
609 883 856 950 ἀλλοιωδέντων
883 913 1008 952 ἕνωσις.

423 1083 464 1094 .,,4
465 1065 534 1084 ¹¹¹¹¹
551 1060 702 1095 ostquam
726 1047 947 1092 Philosophus
971 1045 1198 1080 determinavit
1220 1042 1351 1075 mixtio-

360 1114 375 1134 ,ς
408 1100 478 1140 fik)
506 1107 626 1131 mnem
660 1105 748 1134 esse,
781 1093 834 1126 hic
868 1091 1059 1125 determinat
1095 1086 1266 1134 quomodo
1297 1085 1354 1119 fiat

408 1116 467 1181 iii(
496 1164 504 1179 -.
525 1140 674 1190 mixtio.
699 1138 741 1171 Et
764 1137 847 1170 circa
870 1136 934 1169 hoc
957 1135 1024 1168 duo
1048 1133 1136 1167 facit:
1161 1133 1268 1182 primo
1292 1142 1354 1182 po-

373 1190 382 1203 *
434 1183 458 1218 f
492 1207 494 1210 -
521 1185 598 1225 nit
621 1183 793 1227 opiniones
817 1180 955 1213 aliorum
979 1178 1018 1212 de
1041 1179 1143 1228 modo
1167 1177 1352 1227 mixtion1s;

426 1227 445 1257 ‘x
494 1232 507 1251 -‘“
526 1230 534 1238 ²
551 1226 695 1261 secundo
709 1226 802 1270 ponit
815 1225 1006 1269 opinionem
1018 1232 1196 1267 propriam,
1205 1220 1262 1253 ibi:
1277 1219 1353 1271 §unt

300 1278 398 1321 itaque
420 1281 453 1308 ut
475 1274 605 1307 diximus
624 1271 639 1288 ⁴¹
660 1279 720 1304 etc.
749 1269 844 1303 Circa
867 1268 1011 1312 primum
1035 1266 1102 1300 duo
1125 1265 1217 1298 facit:
1237 1309 1243 1315 ι
1265 1275 1353 1315 rimo

299 1320 393 1365 ponit
415 1318 587 1363 opiniones
611 1315 767 1354 aliorum;
795 1311 941 1346 secundo
969 1310 1120 1355 reprobat
1143 1321 1212 1350 eas,
1235 1320 1246 1341 i
1269 1319 1296 1341 i:
1322 1307 1352 1341 32

299 1371 397 1398 autem
419 1370 459 1397 est
480 1373 564 1396 omne
585 1366 689 1405 corpus
711 1358 727 1375 ⁸
750 1366 809 1391 etc.
1222 1397 1228 1404 ·
1268 1396 1274 1403 ·
1326 1396 1333 1402 .

344 1409 437 1442 Circa
460 1407 602 1450 primum
625 1401 795 1436 sciendum
818 1409 875 1441 est,
891 1399 981 1445 quod
1005 1398 1044 1433 de
1059 1397 1161 1431 modo
1184 1405 1351 1430 mixtionis

300 1451 419 1496 duplex
433 1450 495 1484 fuit
517 1449 641 1493 opinio.
661 1447 736 1480 Una
754 1445 815 1479 fuit
831 1443 922 1490 quod
935 1452 1014 1477 tunc
1030 1442 1140 1476 solum
1154 1441 1270 1474 mixtio
1284 1440 1350 1480 fiat,

299 1495 428 1541 quando
459 1493 627 1527 miscibilia
651 1489 839 1525 dividuntur
865 1490 900 1522 in
923 1497 989 1521 tam
1011 1487 1148 1520 minima
1170 1484 1351 1519 secundum

299 1541 531 1586 quantitatem,
556 1536 645 1582 quod
675 1546 790 1568 sensus
814 1545 852 1567 ea
881 1532 1046 1577 percipere
1073 1542 1142 1564 non
1171 1538 1296 1581 potest3
1321 1538 1354 1562 et

320 1583 429 1618 uando
452 1582 506 1616 illa
540 1581 675 1614 minima
698 1578 817 1612 fuerint
850 1588 944 1611 secus
974 1576 1114 1610 invicem
1137 1583 1260 1619 posita,
1284 1585 1352 1606 non

298 1597 439 1667 adtenta,
455 1636 534 1659 tunc
557 1625 669 1659 dicunt
684 1623 754 1656 fieri
769 1622 971 1655 mixtionem.
991 1620 1032 1654 Et
1055 1619 1139 1653 hanc
1158 1619 1350 1663 opinionem

298 1673 404 1718 primo
428 1671 521 1715 ponit
543 1667 775 1712 Philosophus.

342 1726 370 1751 2,
389 1714 573 1749 Secundam
596 1713 787 1756 opinionem
810 1710 905 1755 ponit
927 1709 990 1742 ibi:
1014 1709 1082 1742 Aut
1103 1719 1164 1742 non
1186 1713 1257 1740 sunt
1279 1715 1351 1747 εει,

299 1772 380 1806 quae
403 1759 464 1792 fuit
485 1758 573 1791 talis:
598 1756 688 1801 quod
704 1767 779 1789 curn
802 1753 972 1787 miscibilia
992 1761 1069 1786 sunt
1092 1752 1204 1792 divisa,
1225 1762 1293 1802 non
1309 1751 1352 1784 ita

298 1814 335 1838 ut
357 1805 447 1837 sistat
469 1802 585 1836 divisio
602 1802 635 1834 in
658 1800 794 1833 minima
809 1797 991 1832 secundum
1014 1808 1159 1837 sensum,
1180 1795 1238 1829 sed
1261 1804 1353 1828 sistat

298 1850 331 1882 in
354 1848 488 1881 minima
511 1844 691 1879 secundum
707 1844 885 1883 materiam,
904 1841 1027 1876 scilicet
1046 1840 1136 1886 quod
1152 1852 1221 1874 non
1244 1840 1286 1873 sit
1305 1851 1353 1890 ac-

299 1894 404 1937 cipere
426 1892 535 1924 minus
559 1888 647 1934 quod
670 1896 775 1921 servet
797 1887 965 1920 materiam
989 1894 1021 1919 et
1044 1885 1270 1930 operationem
1291 1895 1351 1917 mi-

299 1936 426 1970 scibilis.
452 1935 662 1969 Conveniunt
685 1933 772 1966 enim
802 1930 915 1965 ambae
939 1931 1018 1964 istae
1042 1930 1234 1974 opiniones,
1262 1927 1351 1974 quod

299 1981 410 2014 dicunt
431 1980 622 2013 mixtionem
645 1988 714 2010 esse
738 1975 919 2009 secundum
942 1975 1089 2015 minima,
1105 1973 1162 2007 sed
1186 1972 1351 2013 differunt,

298 2025 374 2070 quia
388 2025 492 2069 prima
507 2023 601 2068 ponit
615 2021 750 2054 minima
769 2019 878 2065 quoad
894 2030 1039 2060 sensum,
1056 2017 1199 2052 secunda
1215 2018 1352 2051 minima

297 2068 476 2102 secundum
498 2066 675 2100 materiam.
695 2065 784 2099 Dicit
798 2075 877 2108 ergo
896 2062 1120 2108 Philosophus
1137 2061 1227 2114 quod
1243 2061 1351 2096 dicen-

297 2113 375 2147 dum
398 2121 447 2146 est
469 2121 501 2145 et
523 2109 804 2145 determinandum
821 2109 1011 2142 continuam
1035 2115 1274 2152 quaestionem,
1293 2107 1352 2139 sci-

296 2157 371 2190 licet
393 2157 420 2190 si
443 2157 486 2189 ita
509 2156 550 2188 sit
573 2163 609 2188 ut
632 2154 709 2188 dicit
731 2154 835 2198 prima
859 2153 990 2197 opinio,
1016 2151 1070 2185 vel
1092 2151 1177 2184 sicut
1200 2151 1278 2184 dicit
1301 2162 1350 2184 se-

296 2200 411 2241 cunda,
427 2211 509 2245 quae
533 2199 610 2233 dicit
628 2197 750 2231 scilicet
772 2196 863 2242 quod
882 2197 988 2231 diviso
1005 2207 1143 2240 corpore
1162 2196 1197 2229 in
1213 2195 1350 2228 minima

295 2244 503 2289 simpliciter,
531 2242 691 2288 quaelibet
713 2253 786 2286 pars
810 2242 880 2275 eius
904 2250 954 2275 est
987 2252 1081 2274 secus
1106 2251 1349 2284 quamcumque

295 2298 418 2334 partem
437 2288 576 2322 alterius.
593 2287 721 2321 Dicitur
740 2287 827 2320 enim
846 2286 892 2319 sic
911 2298 930 2319 a
945 2284 1157 2330 quibusdam3
1176 2284 1266 2318 verbi
1282 2296 1351 2328 gra-

294 2335 348 2374 tia,
367 2334 450 2366 sicut
467 2333 494 2366 si
517 2332 695 2366 diceremus
719 2330 879 2364 hordeum
902 2330 1041 2363 mixtum
1062 2341 1139 2363 cum
1161 2328 1348 2364 frumento:

295 2377 368 2411 licet
380 2377 467 2411 enim
482 2377 542 2410 ista
557 2375 788 2416 discernantur,
801 2384 909 2408 tamen
924 2373 940 2391 *
951 2382 1028 2407 sunt
1039 2375 1175 2408 minima
1191 2374 1242 2407 sui
1254 2385 1350 2418 gene-

295 2423 348 2455 ris.
368 2422 409 2455 Et
431 2420 471 2454 ad
494 2419 739 2454 similitudinem
763 2420 901 2452 istorum
925 2417 1038 2452 dicunt
1061 2418 1131 2452 fieri
1153 2419 1349 2458 mixtionem

295 2465 541 2505 elementorum,
564 2463 694 2509 quando
718 2464 751 2496 in
774 2464 910 2497 minima
933 2462 1124 2508 simpliciter
1154 2462 1261 2496 diviso
1285 2461 1348 2495 ele—

296 2518 418 2550 mento,
434 2508 595 2554 quaelibet
640 2519 690 2541 ars
714 2508 810 2541 unius
830 2517 878 2541 est
900 2508 988 2540 iuxta
1012 2516 1139 2552 partem
1162 2506 1303 2540 alterius.

341 2565 369 2597 3.
381 2552 508 2587 Deinde
524 2564 599 2586 cum
633 2553 704 2585 icit:
721 2552 753 2586 Si
768 2558 867 2586 autem
879 2558 919 2585 est
930 2563 1015 2598 onina
1027 2560 1101 2593 εει,
1113 2551 1250 2586 destruit
1261 2562 1350 2596 prae-

296 2597 395 2631 dictas
411 2597 592 2642 opiniones.
602 2597 642 2630 Et
654 2597 761 2640 primo
773 2608 830 2641 per
842 2597 1003 2630 rationem
1019 2607 1232 2630 communem
1244 2595 1350 2629 amba·

295 2641 372 2682 bus;
389 2640 532 2675 secundo
545 2652 602 2685 per
613 2641 772 2674 rationem
781 2641 958 2685 propriam,
970 2640 1031 2674 ibi:
1046 2640 1087 2674 Et
1098 2640 1175 2674 idem
1186 2640 1254 2674 huic
1264 2639 1279 2657 ⁸
1287 2649 1348 2673 etc.

339 2686 427 2719 Dicit
449 2696 526 2729 ergo
546 2686 663 2729 primo,
679 2685 705 2718 si
730 2696 827 2718 omne
851 2696 970 2730 corpus
987 2693 1035 2718 est
1051 2684 1222 2725 divisibile,
1239 2684 1266 2718 si
1282 2695 1351 2717 cor-

296 2741 358 2774 pus
381 2730 510 2774 corpori
525 2738 574 2763 est
595 2729 768 2770 miscibile,
793 2729 832 2763 de
855 2730 980 2763 ratione
1004 2730 1162 2763 mixturae
1186 2737 1235 2762 est
1258 2727 1349 2774 quod

296 2773 456 2818 quaelibet
471 2785 544 2818 pars
568 2774 664 2807 unius
692 2773 857 2807 miscibilis
881 2775 922 2807 sit
946 2773 1169 2815 homoeomera,
1194 2782 1227 2807 et
1250 2784 1349 2818 opor-

296 2827 341 2851 tet
364 2817 453 2862 quod
476 2817 636 2862 quaelibet
658 2829 731 2862 pars
761 2818 802 2851 sit
825 2818 913 2852 iuxta
944 2817 1124 2869 quamlibet
1150 2826 1276 2862 partem
1307 2817 1350 2850 al-

295 2862 393 2895 terius
416 2861 590 2895 miscibilis.
608 2862 777 2902 Quoniam
793 2871 902 2895 autem
925 2863 1039 2896 mixtio
1062 2874 1131 2896 non
1147 2871 1196 2896 est
1211 2873 1286 2896 coni
1312 2873 1349 2895 o-

296 2906 370 2939 sitio
393 2905 571 2939 divisorum
594 2906 627 2939 in
650 2907 785 2940 minima
807 2906 936 2940 latentia
960 2918 1104 2948 sensum,
1120 2907 1205 2940 sicut
1223 2906 1294 2940 dice
1318 2914 1351 2939 at

296 2951 399 2994 prima
422 2951 554 2994 opinio,
577 2962 637 2984 nec
660 2950 758 2984 etiam
781 2951 864 2984 sicut
888 2950 1014 2984 dicebat
1037 2950 1191 2991 secunda,
1214 2950 1349 2984 manife-

296 3002 383 3027 stum
406 3003 454 3027 est
477 2994 566 3038 quod
590 3006 656 3028 non
681 2995 740 3028 erit
762 2995 876 3028 mixtio
901 2994 1083 3029 secundum
1103 3007 1205 3047 parva
1228 2994 1350 3028 salvata

297 3038 330 3070 in
358 3038 464 3082 specie
492 3047 524 3072 et
552 3039 686 3072 virtute:
719 3039 794 3083 quia
821 3048 899 3072 tunc
930 3048 1015 3073 esset
1041 3047 1152 3083 potius
1210 3039 1348 3073 uaedam

297 3093 371 3115 com
396 3083 492 3115 ositio
519 3091 550 3116 et
580 3094 647 3116 non
670 3083 806 3123 mixtio,
833 3095 894 3116 nec
925 3083 1056 3117 haberet
1111 3083 1195 3117 uaeli
1219 3092 1252 3117 et
1274 3095 1348 3128 pars

297 3137 356 3160 ean
379 3138 431 3159 em
458 3126 616 3160 rationem
645 3138 720 3160 cum
746 3136 827 3160 toto.
854 3127 928 3162 Nos
951 3137 1060 3161 autem
1089 3096 1229 3162 dicimus
1258 3127 1349 3173 quod

297 3170 323 3202 si
342 3178 391 3203 est
412 3170 544 3215 aliquod
566 3171 714 3212 mixtum,
734 3180 864 3215 oportet
883 3172 993 3216 ipsum
1016 3184 1086 3206 esse
1101 3172 1347 3213 homoeomerum,

297 3212 377 3247 idest
400 3213 545 3248 eiusdem
567 3215 701 3248 rationis
725 3215 758 3248 in
781 3224 870 3260 parte
887 3225 919 3249 et
942 3217 975 3249 in
999 3225 1082 3258 toto,
1098 3226 1131 3250 et
1146 3218 1230 3250 sicut
1250 3228 1348 3268 quae-

296 3255 373 3291 libet
398 3269 471 3302 pars
501 3270 602 3303 aquae
626 3268 674 3292 est
701 3271 798 3304 aqua,
821 3260 865 3292 ita
892 3259 1054 3305 quaelibet
1080 3272 1153 3305 pars
1183 3261 1276 3295 mixti
1299 3270 1349 3294 est

296 3301 450 3342 mixtum;
480 3303 507 3335 si
534 3311 642 3336 autem
669 3303 782 3336 mixtio
813 3313 899 3338 esset
931 3305 1128 3349 compositio
1164 3305 1347 3339 secundum

297 3355 403 3421 parva,
419 3354 454 3379 ut
477 3345 602 3380 dicebat
624 3355 694 3380 utra
719 3359 759 3381 ue
784 3348 915 3391 opinio,
938 3347 1015 3382 licet
1038 3348 1242 3391 differenter,
1265 3349 1347 3383 nihil

320 3399 414 3422 orum
438 3390 648 3434 contingeret,
665 3402 698 3424 se
745 3391 853 3425 solum
871 3392 986 3426 mixtio
1007 3392 1047 3426 ad
1071 3405 1205 3427 sensum
1223 3402 1256 3427 et
1278 3405 1346 3427 non

296 3430 475 3466 secundum
497 3435 674 3468 veritatem.

339 3486 370 3526 4.
386 3475 512 3510 Deinde
537 3489 612 3510 cum
635 3478 727 3511 dicit:
743 3479 784 3513 Et
806 3479 882 3513 idem
904 3480 971 3515 huic
994 3489 1066 3522 etc.,
1082 3481 1176 3526 ponit
1199 3482 1346 3533 proprias

295 3527 445 3553 rationes.
473 3520 514 3554 Et
543 3522 649 3565 primo
680 3532 792 3556 contra
826 3525 965 3574 primam
996 3525 1205 3569 opinionem,
1236 3525 1346 3560 dicens

296 3562 386 3608 quod
409 3563 436 3596 si
459 3563 522 3597 hoc
545 3564 645 3598 modo
668 3564 723 3599 fiat
746 3567 859 3601 mixtio
883 3567 967 3601 sicut
989 3569 1093 3612 prima
1124 3570 1238 3620 opinio
1262 3569 1346 3604 dice-

294 3606 358 3648 bat,
378 3606 458 3642 illud
474 3607 563 3652 quod
586 3618 670 3642 esset
690 3610 747 3644 uni
771 3611 920 3652 mixtum,
944 3621 1022 3656 puta
1045 3613 1074 3646 ei
1099 3624 1155 3658 qui
1178 3625 1247 3647 non
1262 3613 1278 3631 *
1297 3615 1345 3647 vi-

1472 563 1502 587 et
1518 556 1596 596 quid
1612 561 1668 593 est,
1689 561 1720 585 et
1734 564 1831 595 quare
1847 561 1904 593 est,
1923 561 1953 585 et
1968 564 2050 595 quae
2069 561 2143 585 sunt
2159 555 2324 585 miscibilis
2339 555 2472 594 entium,

1471 600 1626 642 quoniam
1642 605 1717 629 sunt
1732 598 1890 639 quaedam
1905 598 1979 629 talia
1993 598 2100 639 qualia
2113 599 2236 639 passiva
2251 599 2427 630 abinvicem
2443 606 2474 631 et

1472 646 1552 675 bene
1568 643 1816 674 determinabilis
1830 649 1860 673 et
1877 643 1957 673 bene
1971 642 2154 674 divisibilia:
2171 643 2248 674 haec
2267 643 2353 674 enim
2368 653 2474 684 neque

1473 694 1620 728 corrupta
1651 697 1718 717 esse
1743 687 1955 718 necessarium
1984 694 2031 718 est
2060 687 2191 728 quando
2221 688 2337 727 mixta,
2368 697 2474 729 neque

1473 733 1576 763 adhuc
1598 730 1782 771 simpliciter
1804 732 1915 762 eadem
1938 741 2005 762 esse
2028 741 2110 772 quae
2133 731 2233 773 prius,
2257 742 2361 773 neque
2384 742 2473 763 com-

1472 776 1666 817 positionem
1689 785 1756 806 esse
1779 775 1967 806 mixtionem
1991 785 2115 815 eorum,
2137 786 2242 817 neque
2263 777 2305 807 ad
2327 784 2473 815 sensum;

1473 821 1527 851 sed
1544 827 1590 851 est
1612 819 1765 850 miscibile
1781 820 1913 860 quidem
1929 821 2158 862 quodcumque
2181 821 2262 851 bene
2285 821 2473 852 determina-

1473 865 1534 895 bile
1550 874 1604 894 ens
1620 863 1783 904 passivum
1797 863 1891 895 fuerit
1906 871 1937 895 et
1952 865 2102 902 activum,
2122 872 2153 896 et
2175 865 2229 896 tali
2252 865 2405 896 miscibile
2427 871 2475 896 est

1475 907 1529 952 (ad
1551 908 1822 939 homoeomerum
1845 908 1932 939 enim
1953 907 2139 952 miscibile),
2161 909 2274 941 mixtio
2297 916 2406 941 autern
2425 916 2473 941 est

1473 952 1677 983 miscibilium
1699 952 1905 984 alteratorum
1927 953 2016 984 unio.

1407 1040 1462 1074 det
1485 1049 1589 1081 acute,
1613 1048 1699 1074 esset
1721 1039 1813 1073 alteri
1836 1051 1906 1074 nori
1929 1040 2080 1082 mixtum,
2104 1049 2183 1085 puta
2205 1041 2324 1085 lynceo
2347 1040 2472 1075 videnti

1407 1094 1511 1118 acute.

1452 1139 1481 1172 5.
1496 1128 1650 1163 Secundo
1669 1129 1776 1172 arguit
1791 1137 1904 1162 contra
1919 1128 2099 1163 secundam
2112 1129 2317 1174 opinionem,
2329 1128 2392 1171 ibi:
2408 1129 2473 1164 Ne-

1405 1186 1462 1219 que
1484 1174 1626 1208 divisione
1642 1182 1714 1214 etc.,
1731 1172 1842 1206 dicens
1859 1172 1950 1218 quod
1972 1174 2089 1207 mixtio
2104 1185 2174 1208 non
2190 1182 2240 1208 est
2255 1185 2295 1208 ex
2310 1173 2473 1215 divisione

1406 1219 1639 1251 minimorum:
1664 1218 1741 1262 quia
1763 1217 1798 1250 in
1821 1218 1959 1251 minima
1981 1217 2172 1262 simpliciter
2196 1217 2400 1263 impossibile
2423 1227 2475 1252 est

1407 1262 1551 1296 dividere
1575 1273 1706 1306 corpus,
1730 1262 1774 1295 ita
1805 1261 1896 1306 quod
1926 1261 1960 1295 in
1992 1263 2039 1295 eis
2062 1271 2126 1296 stet
2149 1262 2278 1296 divisio.
2303 1262 2339 1297 Si
2362 1271 2474 1297 autem

1405 1307 1543 1340 minima
1572 1315 1681 1340 essent
1710 1305 1869 1351 physica,
1889 1315 1969 1339 tunc
1992 1315 2079 1340 esset
2106 1307 2319 1351 congregatio
2349 1315 2383 1341 et
2402 1317 2474 1343 non

1406 1352 1532 1384 mixtio.
1546 1370 1564 1376 -
1577 1352 1647 1384 Aut
1661 1351 1761 1395 igitur
1775 1351 1893 1384 mixtio
1909 1360 1978 1384 non
1994 1359 2054 1393 est,
2067 1362 2145 1385 cum
2159 1351 2195 1385 hi
2213 1351 2282 1387 duo
2293 1351 2474 1392 modiesse

1406 1399 1475 1429 non
1497 1396 1643 1440 possint:
1668 1404 1725 1428 aut
1746 1406 1859 1429 rursus
1883 1394 2060 1429 dicendum
2076 1403 2126 1429 est
2149 1395 2321 1441 quomodo
2345 1396 2474 1431 contin-

1406 1441 1453 1484 git
1475 1441 1671 1474 mixtionem
1693 1439 1774 1473 fieri.

1451 1486 1481 1517 6.
1498 1483 1628 1518 Deinde
1645 1495 1721 1518 cum
1738 1483 1833 1518 dicit:
1859 1483 1937 1518 Sunt
1951 1484 2052 1529 itaque
2067 1491 2102 1518 ut
2123 1484 2256 1519 diximus
2275 1493 2353 1527 etc„
2366 1484 2474 1528 deter-

1406 1530 1510 1562 minat
1533 1528 1573 1562 de
1596 1528 1700 1562 modo
1723 1529 1892 1562 mixtionis
1926 1528 2111 1563 secundum
2141 1529 2311 1574 propriam
2340 1528 2474 1574 opinio-

1406 1585 1493 1607 nem.
1511 1573 1553 1607 Et
1576 1573 1685 1617 primo
1709 1573 1888 1624 praemittit
1911 1573 2078 1618 quandam
2105 1572 2305 1608 divisionem
2326 1585 2476 1609 necessa-

1406 1619 1488 1651 riam
1518 1617 1559 1651 ad
1589 1626 1799 1662 proposnum
1832 1617 2093 1659 ostendendum,
2122 1617 2235 1652 dicens
2269 1618 2361 1663 quod
2390 1619 2476 1653 sicut

1406 1674 1505 1706 supra
1528 1661 1654 1696 dictum
1677 1670 1736 1702 est,
1752 1662 1880 1696 entium
1902 1661 2064 1707 quaedam
2080 1671 2158 1696 sunt
2181 1663 2297 1704 activa,
2312 1662 2476 1708 quaedam

1406 1707 1535 1752 passiva
1551 1705 1590 1740 ab
1603 1705 1665 1747 his,
1674 1705 1798 1740 scilicet
1809 1707 1922 1740 activis
1936 1705 1963 1740 ¹³.
1981 1705 2047 1740 Sed
2058 1707 2199 1746 istorum
2211 1705 2374 1752 quaedam
2385 1718 2476 1742 com-

1406 1752 1577 1784 municant
1599 1751 1634 1784 in
1657 1751 1809 1784 materia:
1827 1759 1859 1784 et
1882 1749 1958 1784 talia
1980 1751 2015 1784 in
2031 1748 2161 1795 agendo
2185 1759 2218 1785 et
2240 1751 2397 1797 patiendo
2420 1751 2476 1786 ad—

1406 1796 1548 1829 invicem
1572 1803 1826 1836 convertuntur;
1850 1794 2012 1840 quaedam
2035 1807 2115 1829 vero
2138 1804 2217 1830 sunt
2239 1806 2384 1842 quorum
2405 1807 2476 1831 non

1406 1840 1521 1874 eadem
1545 1840 1680 1873 materia
1703 1848 1769 1873 est:
1794 1848 1827 1873 et
1857 1839 1973 1873 ta'lium
1996 1839 2073 1873 licet
2101 1851 2208 1873 unum
2231 1849 2306 1885 agat
2335 1848 2369 1874 et
2397 1841 2474 1875 reli-

1406 1896 1511 1930 quum
1528 1885 1679 1929 patiatur,
1691 1895 1762 1917 non
1775 1892 1886 1918 tamen
1903 1885 1938 1917 in
1954 1884 2018 1918 hoc
2031 1893 2269 1925 convertuntur
2279 1884 2475 1926 adinvicem.

1451 1940 1481 1972 7.
1498 1927 1653 1962 Secundo
1669 1928 1731 1962 ibi:
1748 1927 1875 1970 Horum
1891 1929 2010 1980 quidem
2029 1929 2124 1973 igitur
2137 1940 2199 1963 non
2214 1935 2255 1963 est
2276 1929 2385 1971 mixtio,
2397 1938 2475 1972 etc„

1406 1974 1618 2018 prosequitur
1632 1974 1807 2006 intentum.
1821 1973 1863 2007 Et
1879 1984 1964 2007 circa
1978 1972 2044 2007 hoc
2059 1973 2120 2007 tria
2135 1972 2229 2007 facit:
2246 1974 2357 2019 primo
2367 1982 2476 2009 osteu-

1406 2017 1453 2052 dit
1477 2030 1560 2063 quae
1583 2029 1652 2051 non
1676 2026 1754 2051 sunt
1776 2017 1959 2059 miscibilia,
1978 2018 2048 2052 sive
2071 2029 2112 2052 ex
2130 2017 2250 2063 quibus
2272 2029 2345 2061 non·
2364 2027 2476 2063 potest

1405 2062 1475 2096 fieri
1499 2063 1633 2103 mixtio;
1657 2061 1804 2096 secundo
1828 2061 1972 2096 ostendit
1998 2061 2132 2114 quando
2156 2070 2190 2096 et
2212 2073 2253 2098 ex
2275 2061 2396 2125 quibus
2418 2061 2476 2098 fiat

1405 2108 1533 2148 mixtio,
1549 2106 1610 2140 ibi:
1634 2106 1767 2150 Quando
1783 2113 1885 2158 autern
1898 2113 2037 2152 potemus
2053 2106 2267 2152 adaequantur
2314 2115 2393 2150 etc.;
2411 2116 2476 2144 ter-
2502 2113 2514 2125 ·

1404 2152 1452 2185 tio
1469 2151 1551 2186 redit
1565 2152 1685 2185 iterum
1709 2162 1808 2196 super
1827 2163 1985 2202 primum,
2001 2160 2038 2185 ut
2052 2147 2172 2185 melius
2190 2150 2376 2194 manifestet
2413 2163 2475 2186 uae

1404 2195 1496 2230 nullo
1509 2195 1613 2230 modo
1625 2205 1703 2229 sunt
1714 2195 1897 2237 miscibrlia,
1910 2195 1971 2230 ibi:
1991 2195 2125 2239 Quando
2137 2193 2382 2237 aute-multarum
2391 2241 2399 2249 ·
2411 2205 2473 2231 etc.
2504 2201 2515 2212 ·

1448 2241 1539 2275 Dicit
1560 2252 1640 2285 ergo
1664 2241 1773 2285 primo
1796 2239 1887 2285 quod
1903 2251 2021 2274 eorum
2036 2252 2120 2286 quae
2136 2251 2207 2274 non
2229 2250 2477 2283 communicant

1403 2285 1438 2318 in
1454 2286 1599 2326 materia,
1616 2296 1685 2318 non
1704 2294 1815 2329 potest
1833 2296 1904 2318 esse
1919 2285 2055 2327 mixti03
2074 2294 2107 2319 et
2121 2285 2199 2319 ideo
2217 2285 2294 2321 licet
2308 2284 2473 2321 medicina

1403 2329 1499 2363 faciat
1522 2330 1712 2370 sanitatem,
1736 2340 1806 2363 non
1830 2338 1940 2363 tamen
1970 2330 2093 2374 patitui·
2115 2341 2135 2364 a
2165 2330 2319 2366 sanitate:
2342 2329 2475 2371 etideo

1403 2375 1533 2408 misceri
1567 2373 1612 2408 ibi
1646 2385 1715 2408 non
1749 2383 1860 2418 potest
1867 2386 1878 2415 ;
1900 2385 2010 2419 neque
2043 2374 2164 2408 sanitas
2193 2373 2247 2413 vel
2269 2372 2360 2410 aliud
2388 2375 2474 2414 acci·

1403 2418 1484 2452 dens
1500 2419 1656 2452 miscetur
1671 2417 1876 2462 corporibus.
1893 2418 1935 2452 Et
1950 2418 2026 2452 talia
2039 2418 2260 2456 immiscibilia
2273 2427 2352 2453 sunt
2366 2429 2408 2454 ex
2421 2419 2474 2454 sui

1403 2472 1527 2497 natura.
1545 2461 1720 2504 Quaedam
1737 2471 1848 2496 autem
1864 2461 1939 2496 licet
1955 2463 2020 2496 sint
2034 2462 2206 2496 miscibilia
2221 2475 2262 2498 ex
2276 2463 2328 2498 sui
2343 2472 2472 2504 namra,

1403 2516 1513 2541 tamen
1530 2518 1588 2551 per
1603 2506 1754 2540 accidens
1769 2506 1899 2540 misceri
1914 2518 1984 2540 non
1999 2516 2149 2551 possunt.
2167 2507 2209 2541 Et
2224 2519 2309 2554 quae
2331 2508 2398 2542 sint
2411 2508 2474 2542 ista

1404 2551 1544 2586 declarat
1570 2550 1632 2584 ibi:
1659 2551 1839 2585 Activorum
1869 2557 1970 2585 autem
1992 2557 2019 2585 et
2042 2552 2237 2597 passivorum
2263 2561 2344 2593 εει,
2360 2550 2474 2587 dicens

1404 2595 1495 2641 quod
1519 2595 1546 2629 si
1570 2595 1674 2628 multa
1697 2594 1737 2629 de
1756 2607 1875 2639 genere
1899 2596 2083 2629 activorum
2098 2605 2131 2630 et
2154 2597 2364 2640 passivorum
2379 2607 2472 2631 cotn-

1404 2649 1570 2685 ponantur
1617 2639 1706 2673 aucis
1725 2639 1741 2656 *
1759 2648 1792 2673 et
1814 2651 1934 2684 magna
1957 2640 2077 2684 parvis,
2100 2651 2170 2674 non
2192 2639 2318 2675 faciunt
2338 2641 2472 2675 mixtio-

1404 2696 1492 2725 nem,
1508 2684 1573 2726 sed
1601 2684 1711 2717 aciunt
1734 2693 1950 2728 augmentum
1982 2683 2274 2729 praedominantis,
2295 2696 2355 2730 per
2377 2685 2472 2720 cuius

1403 2730 1559 2763 virtutem
1582 2728 1732 2770 alterurn,
1752 2728 1875 2762 scilicet
1893 2740 2038 2774 paucum
2058 2728 2110 2762 vel
2133 2740 2284 2774 parvum,
2307 2738 2471 2765 transmu-

1404 2782 1491 2808 tatur
1506 2774 1541 2807 in
1556 2772 1695 2807 alterum
1711 2771 1975 2825 praedominans,
1989 2773 2032 2807 Et
2046 2773 2123 2807 ideo
2139 2783 2233 2818 gutta
2247 2773 2316 2808 vini
2331 2774 2366 2809 in
2381 2772 2472 2809 mille

1404 2817 1549 2852 millibus
1572 2817 1741 2862 amphoris
1764 2829 1867 2863 aquae
1890 2829 1959 2852 non
1990 2818 2146 2852 miscetur
2174 2829 2252 2853 cum
2274 2819 2346 2863 ipsa
2367 2828 2471 2871 aqua:

1404 2863 1481 2908 quia
1497 2861 1602 2896 forma
1620 2861 1689 2896 sive
1705 2862 1830 2907 species
1847 2862 1918 2896 eius
1941 2871 2176 2897 transmutatur
2198 2871 2231 2897 et
2250 2871 2473 2908 corrumpitur

1403 2908 1437 2941 in
1461 2916 1565 2941 totam
1588 2918 1718 2952 aquam.

1448 2951 1479 2985 8.
1493 2950 1621 2985 Deinde
1639 2962 1715 2984 cum
1731 2951 1826 2985 dicit:
1850 2950 1983 2995 Quando
1999 2957 2100 2985 autem
2106 2951 2254 2997 potentiis*
2268 2960 2342 2993 etc„
2357 2960 2470 2986 osten-

1404 2995 1451 3030 dit
1473 3008 1513 3029 ex
1536 2995 1655 3040 quibus
1679 3004 1712 3029 et
1766 2995 1876 3030 uando
1906 2995 1964 3030 fiat
1985 2996 2112 3030 mixtio.
2138 2996 2180 3030 Et
2207 2996 2293 3030 circa
2321 2995 2387 3031 hoc
2409 2996 2472 3032 tria

1403 3039 1492 3074 facit:
1541 3041 1626 3074 rimo
1651 3049 1746 3074 osten
1770 3041 1795 3074 it
1818 3040 1951 3085 quando
1975 3049 2008 3074 et
2030 3052 2071 3074 ex
2101 3039 2221 3086 quibus
2244 3040 2301 3074 fiat
2330 3040 2470 3084 mixtio;

1403 3096 1504 3118 secun
1529 3096 1550 3118 o
1577 3084 1721 3118 ostendit
1744 3096 1828 3130 quae
1852 3083 1988 3118 faciliter
2010 3085 2200 3127 miscentur,
2217 3084 2280 3119 ibi:
2309 3082 2351 3129 Et
2366 3091 2486 3148 aarum¹

2408 3138 2468 3164 etc.

1403 3128 1526 3163 autem*
1535 3137 1612 3170 etc.;
1628 3129 1725 3163 tertio
1738 3141 1822 3174 quae
1835 3128 2019 3171 difficulter,
2031 3129 2091 3163 ibi:
2107 3129 2248 3165 Multum
2259 3135 2360 3164 auum

1446 3173 1537 3207 Dicit
1556 3184 1635 3217 ergo
1654 3174 1774 3218 primo,
1794 3173 1927 3219 quando
1949 3175 2116 3219 potentiae
2139 3173 2353 3209 miscibilium
2375 3173 2470 3208 adae-

1403 3226 1555 3262 quantur,
1572 3226 1651 3251 tunc
1667 3217 1863 3263 unumquod
1889 3230 1930 3252 ue
1946 3217 2159 3254 miscibilium
2174 3218 2352 3264 aequaliter
2366 3217 2471 3254 domi-

1402 3270 1507 3302 natur,
1524 3270 1556 3295 et
1572 3262 1835 3307 unumquodque
1848 3274 1866 3296 a
1904 3261 2042 3297 alterum
2059 3271 2216 3309 tanquam
2232 3262 2274 3297 ad
2291 3261 2467 3307 dominans

1402 3314 1647 3347 transmutatur,
1661 3316 1694 3340 et
1709 3306 1907 3352 unumquod
1933 3319 1973 3341 ue
1988 3319 2028 3341 ex
2043 3308 2094 3342 sui
2110 3308 2216 3353 ipsius
2225 3316 2342 3342 natura
2355 3318 2469 3342 secun-

1402 3349 1481 3383 dum
1506 3350 1628 3396 aliquid
1644 3360 1889 3385 transmutatur.
1941 3363 1978 3385 ec
1994 3360 2104 3387 tamen
2120 3363 2189 3386 uno
2206 3360 2363 3397 corrupto
2379 3351 2468 3387 aliud

1400 3404 1584 3438 generatur,
1599 3395 1658 3429 sed
1673 3395 1709 3428 fit
1727 3395 1875 3430 medium
1891 3395 1968 3430 inde
1984 3407 2162 3431 commune
2185 3395 2276 3442 quod
2295 3396 2470 3442 participat

1401 3439 1553 3472 omnium
1576 3440 1712 3473 virtutes
1736 3439 1947 3474 miscibilium
1967 3441 2232 3476 coniunctorum.
2252 3439 2467 3475 Manifestum

1401 3491 1450 3516 est
1473 3495 1552 3527 ergo
1577 3483 1667 3529 quod
1683 3483 1764 3518 haec
1786 3493 1864 3518 sunt
1882 3484 2065 3527 miscibilia,
2082 3496 2310 3531 quaecumque
2333 3494 2410 3519 sunt
2425 3483 2467 3519 de

1401 3538 1540 3561 numero
1563 3526 1753 3562 facientium
1776 3529 1845 3562 sive
1869 3529 2038 3573 agentium
2061 3538 2094 3564 et
2114 3528 2235 3563 habent
2258 3529 2466 3564 contrarieta-

1401 3579 1478 3612 tem,
1492 3572 1568 3616 quia
1585 3571 1663 3606 haec
1680 3581 1757 3606 sunt
1773 3572 1955 3607 adinvicem
1968 3574 2115 3618 passiva3
2135 3583 2167 3608 et
2179 3573 2244 3608 hoc
2259 3582 2309 3608 est
2320 3573 2465 3619 primum

1402 3615 1492 3660 quod
1514 3616 1689 3660 requiritur
1712 3617 1745 3650 in
1769 3616 1993 3651 miscibilibus.

2504 1721 2514 1730 ·
2528 1719 2622 1743 :clucet

2504 1752 2554 1770 on.
2568 1751 2608 1769 ca.
2658 1745 2662 1770 ἶ

2527 2112 2601 2137 Nu.

2500 2603 2631 2697 ifi'ffl‘¹

2527 2201 2600 2226 Nun.
2622 2213 2644 2222 ›-

2684 160 2690 195 »Λα
2682 135 2690 155 ..a
2680 0 2690 128 axj-*⁴
