2782 4134
58 458 69 468 '
76 457 188 486 quantum
195 462 244 479 om.
250 463 272 478 ι’.

57 726 70 736 ·
84 732 127 748 seu
140 732 154 748 1²
169 729 191 748 et
205 725 276 748 eodd.

59 758 111 774 exc.
124 759 147 774 A.

62 1791 278 1818 uiaret-odd.

61 1825 145 1843 «ιο-Α.

62 1947 220 1977 *Rideo*

90 2401 117 2424 S·
183 2401 279 2428 leet.x;

60 2461 79 2478 n
98 2454 122 2478 ⁶·
154 2426 278 2456 ,XLcmm

1127 263 1239 299 CAP.
1270 263 1358 310 XII,
1389 262 1541 299 LECT.
1570 263 1675 299 XVII

299 342 475 388 modum,
501 341 678 378 nondum
706 340 755 377 ab
783 339 1005 376 hominibus
1035 343 1369 389 comprehensum,

300 394 522 454 apparentia
551 395 649 431 circa
677 394 801 431 stellas
830 394 1035 430 salvantur.
1071 394 1290 431 Aristoteles
1319 403 1371 431 ta-

300 461 392 486 men
415 448 530 485 utitur
547 447 770 484 huiusmodi
798 445 1123 495 suppositionibus
1148 455 1331 496 quantum
1350 448 1371 469 *

301 502 351 539 ad
376 501 597 550 qualitatem
626 507 819 547 motuum,
849 507 1033 548 tanquam
1061 501 1174 537 veris.

355 555 487 592 Tertio
511 553 834 592 considerandum
864 560 921 589 est
938 553 1043 601 quod
1072 553 1170 590 circa
1190 554 1312 589 solem
1337 562 1374 590 et

301 609 433 645 lunam
461 620 543 645 non
569 614 757 656 apparent-
781 614 837 643 tot
867 606 1184 654 irregularitatum
1212 618 1372 654 genera,

303 661 400 699 sicut
428 662 527 698 circa
558 661 652 697 alios
685 660 876 709 planetas:
906 671 997 696 narn
1026 659 1066 696 in
1102 660 1182 695 sole
1211 667 1247 695 et
1284 660 1373 695 luna

302 727 502 763 nunquam
530 721 687 763 apparet
714 713 823 750 statio
846 713 910 750 vel
930 713 950 733 ‘¹‘
975 712 1259 760 retrogradatio,
1280 713 1375 749 sicut

302 767 342 804 in
369 768 451 804 aliis
477 767 656 816 planetis,
685 766 754 803 sed
782 767 908 803 solum
931 766 1114 803 velocitas
1143 773 1179 803 et
1206 765 1373 802 tarditas.

303 821 353 857 Et
388 820 476 858 ideo
514 820 721 866 Eudoxus,
760 818 824 868 qui
851 819 978 867 primo
1017 826 1176 856 conatus
1215 827 1269 855 est
1305 819 1374 855 has

301 873 591 921 irregularitates
628 873 808 920 dirigere,
848 874 896 910 ad
930 872 1147 910 instantiam
1185 872 1374 919 Platonis,

301 926 504 976 pauciores
532 933 661 963 motus
699 925 905 974 assignavit
941 926 1011 963 soli
1042 934 1078 963 et
1109 926 1220 963 lunae
1237 955 1246 972 ‚
1278 938 1374 975 quos

303 979 454 1017 dicebat
482 992 564 1017 esse
593 979 749 1017 infimos
772 980 957 1028 planetas,
978 992 1096 1028 quam
1116 979 1375 1028 superioribus

301 1033 474 1082 planetis.
511 1034 691 1080 Quorum
727 1033 934 1082 unicuique
970 1033 1185 1082 assignabat
1212 1041 1377 1082 quatuor

302 1093 443 1134 motus,
460 1086 674 1123 secundum
694 1094 858 1135 quatuor
877 1087 1059 1135 sphaeras
1074 1087 1273 1124 volventes
1294 1099 1375 1123 cor-

301 1151 376 1189 pus
395 1140 523 1177 stellae
542 1140 704 1177 infixum
724 1140 763 1177 in
787 1140 923 1177 infima
951 1152 1084 1177 earum
1105 1146 1138 1176 *ε
1168 1140 1218 1176 ita
1238 1140 1377 1176 scilicet

303 1194 437 1242 quod-w
446 1193 572 1242 prima
609 1194 772 1243 sphaera
809 1201 943 1231 movet
984 1206 1123 1242 corpus
1163 1194 1291 1230 stellae
1329 1194 1376 1230 ab

300 1244 450 1284 oriente
478 1246 519 1284 in
547 1247 808 1294 occidentem,
839 1247 1053 1284 secundum
1091 1254 1242 1283 motum
1277 1246 1377 1283 diur-

303 1312 417 1346 num3
451 1300 621 1337 secunda
650 1307 783 1337 movet
811 1312 951 1349 corpus
979 1301 1108 1337 stellae
1137 1311 1157 1336 e
1187 1312 1377 1337 converso

303 1354 353 1391 ab
382 1353 581 1390 occidente
608 1353 647 1390 in
676 1354 863 1390 orientem
891 1353 931 1390 in
949 1353 1133 1399 Zodiaco,
1155 1353 1219 1401 qui
1244 1353 1379 1390 dicitur

303 1414 433 1444 motus
467 1406 729 1454 longitudinis3
758 1406 866 1443 tertia
893 1413 1022 1443 autem
1050 1406 1213 1455 sphaera
1245 1415 1379 1444 movet

305 1471 444 1509 corpus
463 1459 591 1497 stellae
616 1466 726 1496 motu
754 1459 970 1506 latitudinis,
991 1460 1204 1497 secundum
1232 1460 1338 1509 quod
1359 1462 1378 1482 ³²²

305 1512 487 1561 contingit
514 1511 621 1562 quod
662 1513 767 1554 stella
795 1513 1030 1562 quandoque
1065 1520 1121 1550 est
1154 1513 1353 1551 australior
1369 1544 1378 1562 ,

304 1566 539 1615 quandoque
559 1566 750 1604 borealior
768 1566 808 1603 in
822 1566 992 1604 Zodiaco
1007 1564 1031 1603 ³.
1054 1567 1229 1604 Ponebat
1248 1575 1378 1605 autem

302 1621 416 1670 polos
433 1619 547 1657 huius
561 1619 691 1657 tertiae
706 1620 892 1668 sphaerae
908 1632 990 1657 esse
1010 1620 1049 1657 in
1064 1620 1255 1667 Zodiaco;
1275 1621 1379 1659 unde

304 1674 537 1722 sequebatur
564 1672 671 1722 quod
709 1673 870 1710 circulus
899 1673 1044 1720 maior,
1080 1686 1203 1722 aeque
1237 1674 1380 1712 distans

303 1727 354 1765 ab
381 1734 544 1775 utroque
564 1727 674 1776 polo,
704 1726 878 1764 transiret
904 1739 974 1776 per
996 1728 1108 1776 polos
1127 1727 1303 1774 Zodiaci;
1334 1740 1380 1765 ex

305 1792 383 1830 quo
411 1781 520 1830 sequi
537 1780 557 1801 ²⁸
585 1780 789 1818 videbatur
815 1781 922 1829 quod
949 1781 1138 1830 planetae,
1165 1781 1380 1819 secundum

304 1841 456 1872 motum
485 1833 701 1880 latitudinis,
725 1834 960 1883 quandoque
987 1835 1231 1884 pervenirent
1257 1847 1380 1884 usque

305 1888 355 1926 ad
373 1888 485 1936 polos
503 1887 679 1933 Zodiaci;
709 1887 815 1935 quod
841 1895 972 1926 tamen
991 1901 1190 1937 nunquam
1210 1896 1378 1937 apparet.

304 1941 416 1979 Unde
436 1941 456 1962 *
482 1941 652 1990 ponebat
688 1948 864 1989 quartam
902 1942 1128 1991 sphaeram,
1163 1954 1263 1990 quae
1297 1954 1380 1979 mo—

303 2001 413 2032 veret
449 1995 596 2032 stellam
633 1994 673 2032 in
706 1994 927 2043 oppositum
964 1995 1077 2033 huius
1113 2002 1241 2032 motus
1266 2001 1300 2041 1⁴,
1330 1995 1381 2032 ita

306 2049 414 2097 quod
441 2060 640 2097 nunquam
672 2048 848 2096 pervenit
875 2049 924 2086 ad
951 2050 1063 2098 polos
1091 2048 1261 2086 Zodiaci.
1302 2049 1381 2086 Soli

304 2109 434 2139 autem
454 2109 491 2138 et
504 2102 618 2139 lunae
637 2114 716 2140 non
735 2101 902 2139 attribuit
919 2110 1072 2140 motum
1091 2102 1203 2139 huius
1223 2110 1381 2150 quartae

305 2155 514 2204 sphaerae3
543 2156 611 2193 sed
641 2155 863 2205 apparentia
889 2168 1025 2193 eorum
1047 2163 1206 2193 conatus
1226 2163 1283 2192 est
1311 2156 1381 2192 sal-

304 2220 398 2247 vare
417 2214 446 2255 ¹,
477 2209 603 2246 solum
631 2209 817 2258 ponendo
845 2216 921 2246 tres
949 2210 1143 2258 sphaeras,
1164 2209 1380 2258 proportio-

305 2262 412 2299 nales
430 2261 562 2311 primis
590 2262 711 2300 tribus
739 2262 911 2312 sphaeris
935 2262 1099 2300 aliorum
1116 2263 1380 2312 planetarum;

305 2314 357 2352 ita
375 2323 506 2353 tamen
535 2316 641 2365 quod
669 2317 758 2353 luna
777 2317 893 2353 habet
911 2316 1100 2354 maiorem
1128 2324 1278 2353 motum
1301 2316 1380 2353 lati-

306 2368 448 2406 tudinis
476 2382 595 2416 quam
615 2371 684 2418 sol,
706 2369 802 2407 sicut
821 2370 1037 2419 expositum
1062 2377 1118 2407 est
1137 2369 1175 2407 in
1203 2371 1273 2406 XII
1293 2370 1380 2406 Me-

307 2423 454 2472 taphys.
473 2423 493 2444 *

361 2477 397 2514 3.
428 2476 652 2514 Secundum
680 2477 781 2515 hanc
806 2489 896 2525 ergo
924 2476 1158 2526 positionem
1182 2474 1206 2523 ξ,
1235 2476 1380 2513 Aristo-

359 2662 386 2698 κ)
401 2662 440 2688 Et
453 2662 513 2687 ideo
529 2661 695 2686 Eudoxus...
711 2661 802 2695 infima
814 2668 945 2686 earum.-
958 2661 1086 2687 Nommus
1099 2661 1229 2686 variantes
1244 2661 1378 2691 lectiones,

305 2699 439 2724 recitando
457 2698 596 2723 lectionem
610 2697 772 2730 adoptatam.
793 2706 807 2721 ι
818 2697 852 2722 Et
865 2698 924 2722 ideo
937 2697 1029 2730 (etiam
1045 2698 1065 2722 P
1078 2702 1103 2723 et
1116 2698 1191 2722 codd.
1207 2705 1261 2722 exc.
1274 2697 1310 2730 A)
1330 2697 1382 2721 Eu-

307 2735 399 2766 doxus,
413 2734 457 2767 qui
471 2733 556 2767 primo
573 2737 680 2757 conatus
699 2732 887 2766 (communiter
905 2733 980 2758 codd.
995 2741 1049 2759 exc.
1063 2733 1097 2766 A)
1111 2738 1152 2758 est
1169 2733 1217 2758 has
1236 2732 1382 2766 irregulari-

307 2774 373 2795 tates
393 2769 516 2803 dirigere.
535 2768 568 2794 ad
587 2766 632 2801 (et
649 2768 687 2793 ad
705 2769 781 2793 codd.
799 2776 853 2793 exc.
867 2767 907 2802 A)
927 2768 1076 2794 instantiam
1097 2769 1226 2799 Platonis,
1246 2769 1382 2802 pauciores

306 2811 396 2831 motus
408 2804 549 2838 assignavit
562 2803 611 2828 soli
625 2809 652 2829 et
664 2804 749 2835 lunae,
762 2812 830 2837 quos
845 2804 946 2829 dicebat
958 2804 1036 2837 (dicit
1048 2805 1067 2829 P
1082 2810 1108 2830 et
1122 2805 1196 2830 codd.
1207 2813 1261 2830 exc.
1274 2805 1308 2846 A)
1323 2812 1382 2829 esse

307 2840 412 2867 infimos
423 2841 549 2874 planetas,
560 2847 639 2872 quam
653 2839 831 2872 superioribus
841 2840 960 2872 planetis.
974 2840 1092 2871 Quorum
1104 2840 1188 2873 (Quia
1197 2840 1231 2873 A)
1242 2840 1383 2873 unicuique

307 2876 456 2909 assignabat
475 2881 587 2909 quatuor
605 2880 707 2906 motus,
728 2873 846 2909 (scilicet
863 2876 922 2900 add.
943 2875 962 2900 P
982 2881 1008 2900 et
1026 2876 1101 2900 codd.
1116 2884 1170 2902 exc.
1183 2876 1217 2909 A)
1237 2877 1382 2902 secundum

308 2917 422 2945 quatuor
437 2910 565 2945 (quatuor
579 2919 634 2936 om.
648 2910 737 2945 iidem)
759 2910 882 2943 sphaeras
896 2911 1031 2936 volventes
1051 2912 1226 2944 (revolventes
1240 2913 1271 2945 P)
1287 2919 1382 2945 corpus

308 2948 399 2973 stellae
417 2947 524 2973 infixum
543 2947 658 2980 (infixae
677 2947 757 2988 ACG)
776 2947 802 2971 in
822 2947 860 2980 (et
877 2947 907 2978 F,
925 2954 980 2971 om.
994 2947 1026 2980 P)
1045 2946 1134 2973 infima
1153 2956 1252 2973 earum.

362 2982 391 3016 λ)
406 2983 433 3008 in
447 2983 604 3008 Zodiaco.-
615 2983 666 3007 Pro
681 2982 717 3012 in,
733 2983 805 3015 quod
821 2991 876 3008 om.
887 2983 944 3013 AG,
957 2987 998 3008 est
1011 2988 1091 3008 cet.-
1103 2983 1155 3008 Pro
1169 2984 1294 3014 Ponebat,
1311 2983 1382 3016 quod

309 3023 445 3044 contextus
463 3019 584 3052 requirit,
603 3019 775 3051 Pr0ponebat
792 3019 826 3050 P,
846 3019 986 3044 Ponebant
1003 3019 1105 3050 AGsD,
1126 3020 1315 3052 Proponebant
1333 3023 1382 3044 cet.

309 3059 335 3080 et
353 3055 395 3080 ed.
412 3053 487 3080 1516.

363 3090 392 3124 μ)
412 3090 440 3116 in
458 3090 610 3123 oppositum
628 3090 707 3116 huius
726 3093 823 3116 motus.
837 3103 856 3110 -
873 3091 916 3116 Sic
933 3090 1023 3123 legunt
1041 3091 1152 3121 codices,
1172 3098 1227 3116 exc.
1244 3091 1321 3132 quod-
1335 3098 1382 3123 pro

309 3126 476 3158 oppositum,
495 3126 565 3151 DFG
589 3127 680 3158 legunt
702 3126 904 3158 oppositionem.
927 3126 1017 3151 Lectio
1035 3127 1156 3159 adoptata
1174 3127 1294 3159 explicat,
1314 3127 1382 3151 iuxta

310 3166 426 3186 mentem
444 3161 559 3192 Eudoxi,
578 3162 713 3194 quomodo
731 3162 849 3194 planetae
874 3162 1019 3186 secundum
1037 3162 1177 3187 latitudinis
1202 3168 1304 3187 motum
1329 3170 1383 3186 non

309 3197 461 3229 perveniant
478 3204 565 3229 usque
583 3197 615 3222 ad
634 3197 732 3222 zodiaci
747 3198 839 3230 polos:
852 3197 996 3227 retinentur
1010 3198 1079 3222 enim
1099 3205 1146 3230 per
1160 3199 1312 3231 oppositum
1325 3205 1382 3222 mo-

309 3237 366 3257 tum
385 3237 493 3265 quartae
516 3232 657 3265 sphaerae,
681 3240 748 3265 quae
767 3233 907 3258 latitudinis
930 3237 1033 3258 motum
1057 3233 1123 3258 intra
1148 3239 1232 3258 certos
1256 3234 1381 3258 terminos

310 3268 385 3301 quasi
413 3273 534 3293 coarctat.
559 3268 578 3292 P
598 3267 731 3293 evidenter
755 3269 892 3294 lectionem
917 3274 1066 3302 corruptam
1090 3269 1209 3298 exhibet,
1235 3276 1330 3301 nempe
1354 3268 1380 3293 in

310 3303 464 3329 huiusmodi
483 3307 567 3329 motu.

364 3339 387 3371 ν)
407 3339 568 3371 apparentia
586 3346 678 3365 eorum
697 3342 810 3365 conatus
827 3343 868 3365 est
885 3340 1000 3365 saIvare.
1011 3353 1031 3360 -
1044 3340 1095 3364 Pro
1113 3339 1282 3372 apparentia,
1297 3345 1382 3371 appa-

311 3374 426 3400 rentiam
440 3375 469 3406 P,
482 3375 515 3400 cf.
530 3379 583 3400 not.
594 3383 611 3406 ι,
626 3384 642 3400 e
656 3380 682 3400 et
695 3382 724 3406 τ;
739 3383 788 3407 pro
800 3378 920 3405 conatus,
935 3379 1011 3401 actus
1025 3376 1054 3404 B,
1069 3378 1177 3400 coactus
1191 3380 1239 3399 cet.
1255 3382 1307 3399 exc.
1320 3375 1351 3398 A.
1363 3388 1382 3392 -

310 3410 369 3435 Lin.
381 3417 440 3443 seq.
453 3418 501 3442 pro
509 3410 617 3442 primis,
629 3410 713 3443 primi
727 3410 761 3441 P;
780 3411 866 3436 tribus
885 3416 1056 3452 corrumpunt
1075 3410 1109 3435 GI
1129 3410 1154 3435 in
1172 3410 1318 3438 cuiuslibet,
1333 3414 1380 3433 cet.

311 3453 365 3470 exc.
378 3446 401 3470 A
420 3446 446 3470 in
463 3445 584 3475 cumbet,-
602 3446 621 3470 P
641 3446 702 3479 legit
720 3446 885 3479 quibuslibet,
905 3451 931 3472 et
948 3446 1055 3478 insuper
1071 3446 1265 3470 om.a1ior.um

366 3478 390 3513 ξ)
410 3481 563 3506 Secundum
587 3481 656 3506 hanc
680 3489 746 3515 ergo
765 3482 969 3514 positionem.—
951 3482 1083 3513 —Nempe
1102 3480 1214 3509 Eudoxi;
1235 3479 1380 3504 secundum

312 3516 381 3541 hanc
405 3516 511 3548 quidem
535 3517 668 3542 rationem
687 3517 707 3542 P
726 3523 752 3542 et
769 3518 845 3542 codd.
860 3525 913 3542 exc.
925 3518 958 3542 A.
975 3531 994 3536 —
1011 3517 1075 3540 Post
1093 3523 1173 3539 unam
1192 3515 1236 3538 lin.
1255 3522 1304 3546 pro
1328 3521 1380 3538 non

312 3551 433 3581 minime,
452 3559 504 3577 non
524 3555 613 3577 tamen
632 3553 708 3577 codd.
722 3560 777 3578 exc.
790 3553 822 3584 A,
837 3552 945 3577 minime
958 3552 978 3576 Ρ
992 3559 1044 3575 non
1058 3551 1139 3581 bene,
1159 3549 1191 3574 cf.
1204 3554 1314 3579 textum;
1334 3556 1382 3581 pro

312 3587 427 3617 videtur,
447 3587 555 3612 videtur
573 3595 629 3613 esse
646 3589 678 3613 A.

367 3622 392 3655 ο)
405 3623 452 3648 sed
465 3623 658 3649 intermedia...
667 3623 924 3656 propinquissimum
935 3624 1109 3646 maneamn-
1123 3620 1171 3644 Est
1185 3619 1260 3644 lectio
1270 3619 1321 3649 PA,
1333 3618 1381 3642 nisi

2422 266 2491 314 187

1426 343 1520 379 teles
1538 342 1600 379 hic
1619 342 1886 390 quaestionem
1915 343 2063 379 format.
2094 344 2143 379 Et
2162 342 2249 379 dicit
2267 343 2383 392 quod,
2406 356 2493 380 cum

1427 396 1547 432 multa
1581 395 1655 432 sint
1681 396 1768 432 talia
1797 395 2017 433 dubitabilia
2039 396 2137 432 circa
2165 397 2300 443 stellas,
2321 409 2399 433 non
2426 397 2495 433 mi-

1427 448 1529 485 nime
1548 449 1699 486 videtur
1718 449 1902 496 mirabile,
1922 456 2078 498 propter
2097 462 2214 498 quam
2244 462 2397 486 causam
2417 463 2496 486 non

1428 514 1580 550 semper
1609 510 1707 539 astra
1735 515 1834 550 quae
1855 503 1875 523 *
1904 503 1989 551 plus
2019 502 2154 539 distant
2173 515 2195 538 a
2215 510 2323 539 motu
2351 503 2495 551 primae

1428 556 1613 603 sphaerae
1646 563 1853 592 moventur
1880 556 2052 605 pluribus
2079 556 2259 602 motibus,
2290 556 2356 593 sed
2385 556 2496 593 inter-

1428 608 1556 644 media
1581 616 1788 646 moventur
1814 609 1998 658 plurimis,
2019 609 2158 646 scilicet
2177 609 2344 658 quinque
2368 610 2496 658 plane-

1428 668 1500 706 tae,
1522 661 1599 708 qui,
1621 663 1833 699 secundum
1852 662 2082 711 positionem
2112 662 2275 708 Eudoxi,
2293 671 2498 700 moventur

1430 719 1593 761 quatuor
1630 715 1809 752 motibus.
1847 715 2086 752 Rationabile
2125 716 2227 752 enim
2254 716 2386 764 utique
2416 729 2497 753 esse

1429 766 1579 802 videtur
1607 767 1723 814 quod,
1746 780 1833 804 cum
1852 769 1976 817 prima
1999 770 2161 818 sphaera
2189 777 2392 806 moveatur
2418 782 2497 806 uno

1431 820 1513 855 solo
1558 827 1691 866 motu,
1726 821 1831 867 quod
1873 830 2015 859 astrum
2058 823 2093 860 ei
2129 822 2497 872 propinquissimum

1431 880 1633 909 moveatur
1661 878 1672 893 ⁰
1701 873 1939 921 paucissimis
1975 876 2163 923 motibus,
2192 883 2285 925 puta
2319 877 2496 922 duobus;

1430 926 1598 962 habitum
1633 933 1782 972 autem,
1816 927 1912 964 idest
1949 936 2225 978 consequenter
2253 942 2293 966 se
2326 930 2497 976 habens,

1432 986 1634 1016 moveatur
1662 979 1792 1025 tribus,
1813 981 1875 1016 vel
1899 993 2146 1031 quocumque
2165 982 2228 1019 tali
2257 983 2390 1020 ordine
2411 995 2498 1031 pro-

1431 1032 1632 1080 grediatur.
1655 1032 1733 1069 Sed
1753 1044 1855 1069 nune
1874 1034 2006 1071 accidit
2027 1036 2268 1083 contrarium,
2285 1036 2499 1073 secundum

1430 1086 1662 1135 positionem
1687 1085 1851 1131 Eudoxi,
1877 1088 2087 1125 secundum
2116 1101 2233 1138 quem
2262 1090 2319 1127 sol
2348 1098 2384 1126 et
2410 1090 2500 1126 luna

1433 1147 1639 1176 moventur
1664 1141 1682 1157 ἥ
1711 1139 1956 1187 paucioribus
1985 1142 2168 1190 motibus,
2199 1142 2294 1179 idest
2322 1143 2410 1180 solis
2438 1143 2499 1180 tri-

1433 1193 1504 1229 bus
1534 1197 1564 1238 ⁷‘,
1585 1204 1702 1241 quam
1730 1193 1922 1240 quaedam
1948 1195 2139 1232 stellarum
2169 1196 2384 1244 errantium,
2406 1209 2500 1245 quas

1431 1246 1617 1298 ponebat
1619 1246 1763 1282 habere
1783 1254 1947 1293 quatuor
1966 1255 2113 1293 motus;
2135 1249 2311 1296 quamvis
2331 1250 2500 1299 quinque

1431 1299 1606 1348 planetae
1645 1298 1794 1346 longius
1832 1299 1967 1336 distent
2000 1313 2023 1337 a
2055 1302 2182 1338 medio
2221 1303 2374 1350 mundi,
2405 1304 2501 1341 idest

1432 1360 1567 1399 terrae,
1589 1360 1626 1389 et
1652 1352 1948 1401 propinquiores
1974 1354 2046 1390 sint
2067 1367 2194 1403 przmo
2224 1357 2384 1404 corpori,
2406 1357 2502 1394 idest

1434 1418 1637 1454 supremae
1659 1407 1856 1454 sphaerae,
1878 1407 1964 1454 ipsis
1983 1413 2008 1453 Ρ,
2030 1407 2126 1444 idest
2145 1409 2201 1445 sol
2223 1410 2242 1430 ²³²
2263 1417 2299 1446 et
2322 1411 2422 1458 luna,
2443 1423 2499 1447 se-

1435 1459 1605 1496 cundum
1626 1459 1848 1508 opinionem
1870 1472 1968 1508 quae
1997 1461 2208 1498 habebatur
2226 1470 2399 1512 tempore
2419 1464 2500 1500 Ari-

1434 1513 1575 1550 stotelis
1605 1520 1640 1549 et
1668 1512 1848 1549 Platonis.

1487 1578 1525 1613 4.
1555 1566 1625 1602 Est
1652 1573 1782 1602 autem
1810 1566 1966 1603 ulterius
2003 1567 2200 1605 sciendum
2229 1569 2350 1618 quod,
2380 1570 2468 1618 quia
2487 1577 2501 1590 ⁰

1434 1619 1648 1657 secundum
1693 1619 1976 1668 suppositiones
2018 1621 2169 1658 Eudoxi
2211 1634 2290 1659 non
2329 1631 2504 1671 poterant

1435 1673 1567 1710 omnia
1599 1673 1821 1722 apparentia
1859 1673 1957 1710 circa
1995 1675 2117 1711 stellas
2156 1676 2309 1723 salvari,
2349 1676 2503 1725 quidam

1434 1726 1529 1763 alius
1549 1727 1773 1774 astrologus,
1795 1727 1989 1776 Callippus
2009 1728 2181 1775 nomine,
2212 1729 2260 1766 ad
2288 1729 2502 1767 instantiam

1434 1780 1656 1826 Aristotelis,
1679 1780 1840 1817 correxit
1860 1781 2011 1819 Eudoxi
2030 1782 2328 1830 suppositiones;
2359 1784 2502 1821 addens

1434 1834 1592 1883 quidem
1626 1834 1740 1871 Marti
1769 1841 1806 1871 et
1831 1835 1973 1871 Veneri
2003 1843 2039 1872 et
2067 1836 2270 1882 Mercurio,
2299 1837 2504 1886 unicuique

1433 1900 1552 1924 unam
1590 1888 1795 1936 sphaeram
1834 1895 1870 1924 et
1902 1901 2023 1925 unum
2061 1897 2232 1935 motum;
2263 1890 2342 1926 Soli
2376 1898 2504 1927 autem

1435 1949 1472 1978 et
1501 1941 1645 1987 Lunae,
1666 1940 1872 1990 unicuique
1900 1942 2008 1979 duos.
2039 1943 2088 1979 Et
2107 1943 2160 1980 sic
2180 1944 2343 1980 Saturno
2369 1951 2404 1980 et
2423 1945 2506 1982 Iovi

1436 1994 1641 2042 assignavit
1678 2003 1842 2043 quatuor
1868 2003 2017 2043 motuS,
2047 1997 2255 2045 unicuique
2285 2005 2412 2034 autern
2451 1997 2505 2034 in-

1435 2048 1617 2085 feriorum
1637 2048 1876 2096 planetarum
1905 2049 2090 2099 quinque:
2122 2058 2157 2087 et
2176 2051 2228 2087 sic
2248 2063 2325 2087 non
2349 2051 2507 2088 haberet

1435 2103 1564 2139 locum
1586 2101 1771 2139 dubitatio
1791 2114 1908 2150 quam
1929 2103 1990 2140 hic
2011 2111 2144 2140 movet
2164 2104 2396 2152 Aristoteles,
2417 2105 2505 2152 quia

1436 2155 1653 2205 superiores
1689 2156 1891 2204 planetae,
1925 2158 2136 2194 secundum
2179 2159 2281 2195 hunc
2319 2158 2504 2205 modum,

1434 2209 1681 2258 paucioribus
1710 2209 1878 2247 motibus
1907 2218 2113 2248 moventur
2148 2223 2264 2260 quarn
2295 2211 2503 2249 inferiores.

1435 2263 1610 2299 Ponebat
1639 2262 1754 2299 etiam
1776 2264 1796 2284 *
1823 2263 2030 2313 unicuique
2049 2266 2288 2314 planetarum
2317 2266 2504 2314 quasdam

1436 2316 1528 2353 alias
1556 2316 1739 2364 sphaeras
1774 2318 2037 2366 revolventes,
2067 2326 2108 2355 ut
2137 2319 2350 2368 expositum
2385 2327 2440 2356 est
2468 2319 2505 2356 in

1436 2370 1507 2406 XII
1526 2369 1745 2418 Metaphys.
1763 2370 1783 2391 *

1494 2423 1527 2460 5.
1558 2423 1636 2460 Sed
1665 2436 1737 2460 nec
1769 2425 1982 2462 secundum
2017 2425 2116 2462 hanc
2134 2431 2149 2446 τ
2176 2426 2405 2474 positionem
2437 2438 2505 2475 po-

1436 2483 1558 2514 terant
1577 2476 1707 2514 omnia
1727 2478 1948 2527 apparentia
1968 2478 2067 2516 circa
2086 2479 2209 2516 stellas
2230 2479 2377 2526 salvari,
2397 2492 2505 2529 prae-

1438 2661 1510 2694 quod
1528 2669 1576 2694 pro
1592 2662 1719 2694 plurimis
1738 2667 1764 2688 et
1782 2671 1844 2692 uno,
1858 2664 1881 2688 A
1894 2663 1972 2688 habet
1981 2664 2105 2695 pluribus
2125 2669 2149 2688 et
2167 2671 2215 2689 suo
2229 2663 2271 2696 (cf.
2281 2665 2365 2698 text.;)
2385 2671 2410 2690 et
2424 2666 2443 2690 P
2458 2674 2506 2698 pro

1437 2697 1507 2721 enim
1523 2697 1614 2730 utique
1627 2697 1706 2723 habet
1720 2699 1810 2731 utique
1823 2699 1854 2728 ei,
1869 2704 1895 2724 et
1908 2707 1962 2724 om.
1976 2707 2035 2724 cum
2049 2705 2107 2724 ante
2117 2700 2210 2731 prima
2224 2700 2346 2741 sphaera.
2361 2701 2416 2726 Cet.
2432 2702 2506 2727 codd.

1437 2732 1533 2757 seriem
1552 2733 1748 2766 corruptionum
1774 2734 1906 2759 exhibent:
1932 2735 2028 2759 scilicet
2046 2743 2094 2767 pro
2113 2735 2280 2765 intermedia,
2298 2736 2324 2760 in
2344 2736 2384 2761 his
2403 2737 2506 2767 media,-

1437 2775 1486 2801 pro
1505 2772 1646 2793 moventur
1654 2770 1793 2802 plurimis,
1810 2773 1897 2795 movet
1905 2771 2036 2802 planetis,·
2055 2778 2102 2802 pro
2121 2771 2247 2803 quinque,
2267 2772 2440 2803 quandoque,·
2458 2780 2505 2805 pro

1438 2804 1484 2836 qui
1496 2804 1650 2834 secundum,
1666 2805 1738 2837 quis,·
1750 2813 1797 2838 pro
1817 2806 1930 2831 Eudoxi
1942 2809 2088 2835 moventur,
2104 2806 2236 2831 Eudoxus
2256 2813 2318 2831 vero
2333 2807 2410 2837 dicit,·
2429 2808 2504 2832 omit-

1437 2844 1495 2864 tunt
1504 2840 1581 2869 enim,
1593 2841 1634 2864 vel
1650 2846 1820 2874 corrumpunt
1829 2842 1854 2865 in
1867 2841 1904 2869 ei;
1922 2849 1970 2873 pro
1984 2841 2090 2866 videtur
2100 2841 2150 2873 (vel
2162 2842 2304 2870 videretur,
2319 2843 2388 2873 quod
2401 2843 2461 2874 legit
2470 2842 2503 2874 E)

1438 2875 1579 2904 videntum·
1598 2880 1623 2900 et
1641 2877 1746 2901 tandem
1765 2877 1855 2908 legunt
1872 2880 1949 2901 astra
1968 2877 1993 2901 ei
2005 2877 2233 2909 propinquissima
2252 2881 2420 2906 moveantur,
2441 2878 2504 2902 dum

1437 2915 1571 2935 contextus
1591 2912 1721 2944 singulare
1739 2913 1853 2944 requirit.

1492 2947 1521 2979 π)
1536 2947 1599 2971 solis
1612 2947 1705 2972 tribus.
1719 2961 1738 2966 -
1750 2948 1835 2972 solum
1849 2947 1934 2972 tribus
1946 2948 1975 2971 A.
1986 2960 2005 2966 -
2014 2947 2104 2971 Statim
2115 2955 2162 2979 pro
2177 2954 2255 2978 quam
2269 2947 2407 2979 quaedam,
2423 2955 2502 2980 quam

1437 2982 1547 3014 quidam
1566 2982 1595 3007 P.
1620 2983 1718 3007 Eadem
1738 2983 1805 3007 linea
1830 2990 1876 3014 pro
1895 2989 1960 3014 quas
1979 2982 2110 3013 ponebat,
2134 2989 2200 3014 quas
2213 2983 2350 3014 ponebant
2368 2983 2402 3011 A,
2422 2990 2502 3015 quam

1432 3018 1552 3050 ponebat
1574 3018 1651 3042 ceteri
1677 3018 1788 3043 codices.
1805 3031 1825 3037 —-
1844 3018 1894 3042 Pro
1912 3018 2026 3050 quinque
2045 3018 2184 3049 planetae,
2210 3017 2308 3042 scilicet
2324 3018 2452 3050 planetae
2470 3019 2502 3050 A,

1437 3053 1552 3086 quinque
1566 3054 1684 3085 planetis
1703 3054 1734 3078 E.

1491 3090 1516 3122 ρ)
1536 3092 1562 3113 et
1576 3089 1783 3121 propinquiores
1802 3088 1857 3113 sint
1870 3088 1962 3120 primo
1980 3088 2100 3119 corpori,
2121 3088 2190 3112 idest
2207 3095 2346 3119 supremae
2364 3088 2501 3120 sphaerae,

1438 3125 1511 3157 ipsis.
1524 3138 1543 3143 -
1556 3124 1598 3152 Sic
1617 3125 1652 3153 A,
1672 3124 1703 3148 cf.
1718 3129 1815 3148 textum
1822 3131 1829 3153 ;
1850 3123 1870 3147 P
1885 3126 1911 3147 et
1928 3123 2171 3155 appropinquantes
2196 3126 2258 3147 sunt
2276 3124 2367 3155 primo
2386 3125 2501 3156 corpori,

1438 3160 1508 3185 idest
1525 3166 1644 3185 summae
1662 3159 1791 3191 sphaerae
1809 3158 1904 3190 ipsius;
1923 3163 1971 3182 cet.
1985 3164 2105 3190 corrupte
2123 3161 2149 3183 et
2162 3158 2360 3190 propinquaret
2378 3159 2502 3192 (propin-

1437 3203 1517 3227 quam
1536 3196 1569 3227 D)
1589 3202 1647 3220 cum
1661 3195 1754 3226 prima
1772 3201 1893 3225 corpora,
1914 3193 1980 3218 idest
1998 3200 2117 3218 summae
2134 3194 2275 3225 sphaerae,
2296 3194 2368 3225 ipsis.

1491 3231 1516 3262 σ)
1533 3230 1644 3254 ulterius
1657 3230 1792 3254 sciendum
1807 3229 1885 3260 quod,
1897 3229 1967 3260 quia.
1977 3241 1995 3247 ·-
2009 3229 2059 3252 Pro
2073 3229 2191 3258 ulterius,
2208 3229 2300 3254 ultimo
2313 3230 2347 3260 A;
2366 3230 2439 3262 quod
2447 3238 2501 3256 om.

1436 3266 1548 3294 BDEFI,
1568 3265 1631 3297 quia
1652 3273 1705 3289 om.
1720 3264 1795 3288 PCG.
1808 3277 1827 3282 -
1841 3264 1892 3288 Pro
1911 3271 1962 3288 non
1977 3267 2107 3295 poterant
2125 3265 2215 3289 omnia
2237 3266 2410 3296 apparentia,
2430 3267 2502 3298 quod

1437 3301 1547 3333 legimus
1567 3308 1627 3325 cum
1645 3301 1681 3330 A,
1701 3307 1752 3324 non
1768 3299 1871 3331 poterit
1890 3299 2012 3330 (poterat
2030 3299 2060 3331 P)
2080 3299 2166 3324 omnis
2185 3299 2282 3331 (omnis
2300 3308 2354 3326 om.
2366 3301 2397 3333 F)
2417 3309 2502 3334 appa-

1437 3336 1525 3361 rentia
1536 3335 1639 3360 salvari
1648 3335 1667 3358 P
1677 3339 1703 3359 et
1717 3340 1773 3365 cet.;
1789 3334 1820 3359 cf.
1835 3339 1888 3358 not.
1899 3343 1915 3364 ι,
1930 3343 1942 3358 ν
1956 3340 1981 3359 et
1996 3343 2019 3359 τ.
2031 3348 2051 3353 -
2064 3335 2115 3359 Pro
2129 3335 2237 3367 quidam
2251 3336 2328 3364 alius,
2340 3337 2410 3368 quod
2424 3337 2502 3362 habet

1436 3372 1471 3401 A,
1491 3370 1599 3403 quidam
1619 3373 1708 3394 autem
1729 3370 1748 3393 P
1767 3374 1792 3394 et
1811 3374 1858 3394 cet.
1873 3370 1964 3399 exc.1‚
1983 3370 2027 3402 qui
2045 3377 2099 3394 om.
2112 3370 2191 3395 alius.
2204 3384 2223 3389 -·
2235 3371 2286 3395 Pro
2304 3372 2426 3397 correxit
2444 3377 2501 3402 etc„

1435 3407 1458 3430 A
1478 3405 1552 3437 legit:
1571 3405 1693 3430 correxit
1710 3405 1747 3429 ad
1766 3405 1878 3429 Eudoxi
1901 3405 2096 3437 suppositiones
2113 3406 2216 3431 addens
2235 3406 2274 3431 ita
2292 3407 2364 3438 quod
2381 3407 2502 3433 Marti...

1437 3441 1576 3473 unicuique
1594 3440 1701 3464 addidit
1719 3447 1799 3464 unam
1818 3440 1974 3471 sphaeram
1994 3440 2013 3464 P
2033 3445 2058 3465 et
2076 3446 2124 3465 cet.
2143 3449 2196 3466 om.
2211 3445 2237 3466 et
2260 3442 2361 3467 Veneri.

1489 3475 1514 3508 τ)
1536 3476 1590 3500 Sed
1608 3482 1655 3500 nec
1669 3475 1812 3500 secundum
1827 3475 1905 3500 hanc.
1918 3490 1938 3495 —
1952 3476 2102 3501 Secundum
2116 3476 2184 3502 hanc
2198 3477 2249 3506 PA,
2263 3478 2319 3502 Sed
2333 3485 2395 3503 vero
2408 3485 2502 3503 secun-

1437 3512 1499 3536 dum
1519 3511 1587 3535 hanc
1606 3511 1677 3542 DpE.
1698 3510 1822 3542 Legimus
1842 3519 1900 3535 curn
1920 3516 1977 3541 cet„
1996 3516 2073 3543 prout
2091 3513 2193 3544 exigunt
2211 3520 2241 3537 ea
2260 3521 2328 3545 quae
2347 3519 2501 3546 sequuntur,

1437 3546 1567 3571 Similiter
1584 3546 1664 3570 etiam
1685 3546 1868 3571 inconveniens
1884 3551 1940 3573 etc..
1954 3552 1979 3571 et
1993 3547 2052 3571 inde
2071 3552 2131 3579 post
2144 3548 2263 3572 undecim
2283 3549 2363 3573 lineas
2378 3549 2416 3573 ita
2430 3549 2502 3581 quod

1435 3589 1494 3607 cum
1509 3582 1622 3613 planeta
1636 3586 1684 3606 etc.
1695 3594 1714 3601 -
1727 3582 1777 3606 Pro
1786 3584 1915 3613 poterant
1927 3582 2018 3607 omnia
2030 3583 2190 3614 apparentia
2202 3583 2275 3608 circa
2287 3585 2378 3609 stellas
2391 3585 2500 3613 salvari,

1437 3617 1507 3649 quod
1527 3616 1604 3642 habet
1621 3617 1656 3646 A,
1672 3617 1790 3648 ponebat
1808 3617 1899 3642 omnia
1918 3618 2079 3650 apparentia
2099 3618 2131 3644 de
2149 3619 2231 3644 stellis
2249 3619 2351 3644 salvari
2369 3619 2388 3643 P
2408 3624 2434 3644 et
2451 3625 2500 3645 cet.

2523 511 2532 519 ·
2548 510 2571 531 in
2586 516 2691 538 aoecipr.

2528 1146 2536 1154 ·
2551 1146 2657 1166 movetur
2670 1151 2694 1166 1>-

2528 1444 2539 1455 ⁶
2553 1444 2624 1466 sole?

2533 2275 2604 2296 ‘enim
2609 2281 2630 2302 Α,
2637 2276 2714 2296 autem
2722 2281 2744 2296 r.

2532 2384 2744 2411 *S.·rh.cit.lect.x;

2532 2411 2586 2433 Did.
2594 2412 2688 2439 1oc.cit.,
2697 2411 2744 2433 n.8.
