2554 4062
2260 293 2334 318 XXV

125 348 268 390 cognitio
292 347 504 390 praeexigitur
526 347 578 378 via
609 346 771 378 doctrinae
800 352 975 397 antequam
1007 347 1236 394 determinetur
1265 349 1304 379 de
1326 350 1530 389 generatione
1561 359 1721 383 contracta
1749 354 1788 384 ad
1812 355 1978 385 materiam
2007 357 2175 396 specialem
2217 360 2250 391 in
2273 361 2338 394 hoc

122 394 206 425 libro
232 393 375 424 secundo
400 392 591 424 determinat
614 391 653 422 de
676 397 880 431 generatione
905 390 1014 433 aliquo
1040 393 1140 423 modo
1166 399 1335 424 contracta.
1361 394 1423 425 Sed
1447 402 1554 426 tamen
1585 404 1758 438 antequam
1782 398 1822 429 sit
1845 399 2122 432 determinandum
2146 383 2194 434 de,
2207 414 2336 444 genera-

122 438 212 470 tione
233 444 265 469 et
289 437 496 478 corruptione
520 445 695 476 corporum
719 435 918 486 specialium,
936 443 1014 476 puta
1029 436 1176 477 lapidum
1193 444 1223 468 et
1238 439 1455 478 metallorum,
1473 440 1654 480 plantarum
1679 449 1709 472 et
1732 442 1930 481 animalium,
1947 444 2036 484 prius
2059 447 2336 481 determinandum

123 483 263 515 occurrit
286 483 326 514 de
349 482 546 524 quibusdam
562 480 792 512 communibus
808 481 848 511 ad
863 481 928 519 illa,
953 481 1029 522 quia
1044 481 1156 513 innata
1179 489 1227 513 est
1249 483 1342 514 nobis
1361 484 1412 514 via
1431 494 1450 515 a
1466 485 1568 525 magis
1592 487 1820 518 communibus
1844 489 1883 519 ad
1907 489 2014 520 minus
2038 493 2233 524 communia.
2254 493 2336 526 Sunt

123 535 233 559 autem
256 528 316 559 tria
335 526 523 558 communia
545 524 743 566 generationi
768 535 942 566 corporum
967 527 1243 567 compositorum,
1269 527 1384 560 scilicet
1407 530 1568 570 generatio
1592 538 1706 562 mutua
1730 532 1974 573 elementorum,
1995 544 2077 575 quae
2097 537 2247 568 omnibus
2267 549 2334 569 cor-

122 572 257 614 poribus
281 571 387 603 mixtis
411 574 487 602 sunt
510 569 716 608 communia3
740 576 771 600 et
793 570 955 610 generatio
980 570 1155 602 mixtorum
1184 582 1221 602 ex
1251 572 1415 604 elementis
1438 573 1471 604 in
1497 576 1680 614 communi;
1705 584 1735 608 et
1759 577 1914 618 principia
1942 579 2154 619 generationis
2185 582 2334 613 omnium

123 627 311 658 corporum.
335 617 378 648 Et
399 615 580 647 secundum
603 614 668 645 hoc
691 614 844 645 dividitur
870 615 930 646 iste
953 616 1113 646 secundus
1135 616 1214 647 liber
1237 616 1270 647 in
1290 623 1352 648 tres
1368 625 1488 658 partes:
1514 619 1547 650 in
1570 630 1709 661 quarum
1732 621 1835 662 prima
1859 623 2047 654 determinat
2070 625 2108 655 de
2132 627 2333 665 generatione

124 663 377 706 elementorum:
400 660 436 691 in
460 659 600 691 secunda
627 659 667 690 de
689 659 895 699 generatione
918 659 1009 692 mixti
1032 660 1066 690 in
1090 662 1278 700 communi,
1301 661 1362 692 ibi:
1386 663 1438 693 De
1461 664 1625 696 elementis
1653 671 1761 697 autem
1786 677 1828 698 ex
1854 668 1969 709 quibus
1997 678 2134 710 corpora
2162 673 2333 703 constituta

122 712 218 739 sunt:
239 705 274 737 in
297 705 388 737 tertia
412 705 451 735 de
475 702 639 745 principiis
663 703 892 735 communibus
924 704 1074 736 omniurn
1096 713 1321 746 generatorum
1346 713 1376 737 et
1400 709 1676 748 corruptibilium,
1700 710 1762 741 ibi:
1792 711 1877 749 Quia
1903 723 1978 743 vero
2001 719 2078 744 sunt
2095 715 2251 755 quaedam
2275 726 2333 757 ge-

124 750 283 783 nerabilia
306 754 339 781 et
361 748 595 790 corruptibilia.
622 748 683 779 Ista
707 748 794 779 enim
817 749 876 779 tria
895 749 1083 780 communia
1107 757 1236 790 oportet
1259 750 1466 782 determinare
1491 760 1662 794 antequam
1687 755 1914 788 determinetur
1936 757 1969 788 in
1993 758 2121 798 speciali
2144 759 2183 790 de
2206 770 2333 800 genera-

123 796 211 828 tione
234 804 411 836 corporum
432 794 610 825 mixtorum
632 793 666 824 in
690 793 778 824 libris
801 794 1020 835 sequentibus.
1045 795 1081 825 In
1100 794 1258 835 principio
1278 802 1387 826 autem
1410 798 1583 836 praemittit
1602 809 1693 830 suam
1712 800 1939 832 intentionem:
1957 803 2110 842 secundo,
2130 805 2334 845 prosequitur

123 850 214 879 eam,
237 839 299 871 ibi:
323 839 455 870 Horum
480 843 588 870 autem
614 839 802 869 materiam:
819 839 858 869 In
882 839 989 869 dando
1013 839 1226 870 intentionem
1251 840 1316 871 duo
1341 840 1431 872 facit:
1458 842 1582 882 primo,
1606 844 1646 873 ad
1676 845 1951 878 continuationem
1980 847 2029 878 sui
2058 849 2163 888 operis
2193 859 2333 880 comme-

123 890 229 916 morat
252 893 335 926 quae
359 883 442 915 dicta
466 889 542 914 sunt
563 882 598 913 in
621 882 728 924 primo
752 883 855 914 libro:
880 883 1040 922 secunde,
1070 882 1223 925 proponit
1246 895 1329 926 quae
1353 895 1439 917 nunc
1463 894 1581 918 restant
1605 888 1752 928 dicenda,
1778 898 1809 921 et
1831 891 1893 922 hoc
1916 891 2122 923 manifestans
2147 894 2235 935 quod
2259 904 2331 935 pro-

123 939 231 962 cessus
254 938 333 960 suus
357 928 398 960 sit
420 928 599 967 ordinatus,
622 927 684 958 ibi:
708 928 881 969 Reliquum
905 933 1014 960 autem
1039 934 1087 959 est
1110 929 1318 961 considerare
1341 928 1412 973 (fol.
1442 929 1529 974 104).

249 1041 325 1082 VI.
350 1039 583 1082 SPEclMEN
606 1051 741 1080 umus
763 1050 1087 1080 comaEN‘rARn.
1108 1062 1128 1070 -
1146 1039 1281 1092 Quod
1303 1053 1435 1095 supra
1458 1040 1678 1084 doluimus
1711 1043 1765 1084 de
1799 1044 2061 1101 incompleto
2084 1061 2117 1088 S.
2135 1048 2333 1090 Thomae

124 1103 439 1147 commentario
475 1102 517 1144 in
551 1102 709 1144 librum
742 1101 795 1143 de
832 1101 960 1143 Caelo
993 1105 1037 1143 et
1065 1102 1248 1150 Mund0,
1283 1102 1367 1144 hoc
1402 1104 1537 1145 multo
1572 1105 1713 1161 magis
1746 1108 1928 1161 pertinet
1960 1109 2015 1150 ad
2049 1109 2159 1151 hanc
2198 1124 2332 1166 expo-

122 1166 327 1211 sitionem
361 1179 493 1221 super
525 1165 683 1207 librum
716 1164 769 1206 de
808 1165 1095 1207 Generatione
1127 1168 1171 1206 et
1205 1164 1498 1220 Corruptz‘one.
1528 1167 1653 1220 Quae
1689 1170 1802 1210 enim
1835 1170 1877 1211 in
1911 1171 1993 1212 hoc
2026 1172 2136 1213 libro
2170 1180 2332 1228 pertra-

124 1229 478 1279 etantur„0mnia
510 1228 602 1270 iure
629 1241 712 1270 suo
746 1227 828 1270 sibi
861 1227 1084 1269 vindicant
1115 1227 1444 1283 philosophicae
1467 1229 1737 1285 disciplinae;
1773 1233 2020 1288 multaeque
2054 1236 2333 1289 quaestiones

123 1291 169 1335 in
200 1293 300 1349 ipso
334 1291 649 1347 expenduntur,
674 1290 730 1332 de
763 1290 923 1345 quibus
957 1290 1038 1331 hac
1072 1290 1202 1332 etiam
1234 1297 1375 1333 aetate
1413 1292 1566 1334 acriter
1599 1293 1708 1334 inter
1749 1295 2034 1351 philosophos
2069 1297 2334 1352 disputatum

125 1361 205 1406 αεὶ,
229 1361 274 1398 et
304 1355 446 1397 adhuc
481 1354 744 1410 disputatur;
769 1353 1014 1395 cuiusmodi
1047 1359 1149 1394 sunt
1172 1353 1267 1395 illae
1301 1367 1415 1409 quae
1448 1355 1502 1396 de
1525 1356 1806 1411 generatione
1829 1359 2110 1409 substantiali,
2140 1360 2194 1402 de
2216 1361 2333 1416 prin—

125 1418 248 1475 cipiis
282 1417 585 1460 essentialibus
620 1429 873 1471 corporum,
909 1415 965 1457 de
999 1416 1312 1458 elementorum
1347 1417 1578 1467 mixtione,
1613 1419 1774 1461 institui
1807 1421 1960 1462 solent.
2001 1423 2060 1464 Ut
2091 1429 2234 1464 autem
2269 1423 2333 1464 iu-

123 1481 312 1525 venibus
345 1480 546 1522 stimulus
579 1478 764 1520 addatur
796 1478 854 1520 ad
887 1491 978 1520 rem
1012 1479 1197 1534 propriis
1221 1479 1357 1521 oculis
1393 1481 1715 1535 explorandam,
1739 1496 1877 1537 pauca
1906 1484 2148 1526 delibamus
2171 1485 2225 1526 de
2252 1499 2332 1527 no-

125 1545 245 1587 tione
273 1543 572 1598 generatiom's
602 1541 915 1590 substantiali-§3
944 1548 1075 1596 prout
1107 1542 1213 1583 haec
1245 1556 1272 1583 a
1305 1556 1338 1584 s.
1371 1543 1555 1591 Thoma,
1580 1551 1681 1598 post
1718 1545 2011 1595 Aristotelem,
2037 1548 2266 1603 exponitur
2292 1548 2335 1589 in

123 1605 274 1664 plrimis
307 1605 461 1648 decem
482 1605 755 1647 lectionibus.
780 1604 907 1646 Circa
939 1604 1061 1659 quod
1094 1605 1234 1660 primo
1270 1605 1512 1647 notandum
1536 1607 1728 1655 occurrit,
1764 1622 1850 1662 qua
1878 1609 2043 1650 ratione
2077 1610 2192 1651 ducti
2226 1611 2334 1651 anti-

125 1681 316 1725 quorum
348 1668 481 1724 aliqui
515 1668 736 1725 negabant
767 1667 1098 1724 generationem
1131 1668 1186 1710 ab
1221 1668 1473 1710 alteratione
1501 1669 1687 1711 differre:
1718 1689 1731 1705 ‹
1780 1671 1995 1712 Omnibus
2030 1672 2110 1713 illis
2139 1672 2333 1727 philoso-

124 1732 224 1789 phis
255 1732 331 1788 qui
366 1745 420 1774 ex
451 1745 542 1773 uno
575 1731 786 1787 principio
830 1731 1038 1772 materiali
1072 1737 1242 1786 ponunt
1281 1732 1429 1772 omnia
1467 1744 1564 1773 esse
1607 1732 1839 1787 producta,
1875 1747 2054 1775 necesse
2097 1741 2162 1776 est
2196 1735 2335 1777 dicere

126 1795 250 1851 quod
281 1795 508 1852 generatio
532 1800 575 1836 et
596 1794 816 1849 corruptio
840 1793 956 1835 idem
979 1793 1035 1835 sit
1057 1794 1309 1835 alterationi.
1334 1794 1443 1835 Illud
1467 1795 1582 1836 enim
1605 1795 1861 1850 principium
1878 1797 2096 1838 materiale
2115 1798 2337 1852 ponebant

126 1871 224 1901 esse
257 1858 438 1914 aliquod
473 1870 552 1899 ens
584 1863 695 1906 actu,
719 1863 824 1912 puta
857 1857 1005 1912 ignem
1038 1857 1109 1898 vel
1142 1869 1289 1898 aerem
1312 1863 1386 1898 aut
1418 1871 1598 1912 aquam:
1623 1864 1665 1899 et
1697 1859 1919 1913 ponebant
1941 1860 2062 1914 quod
2096 1860 2198 1901 illud
2223 1867 2338 1902 esset

125 1921 370 1964 substantia
401 1921 598 1962 omnium
633 1933 746 1975 quae
781 1933 835 1961 ex
868 1933 922 1961 eo
956 1925 1235 1975 generantur:
1272 1925 1315 1960 et
1335 1920 1446 1960 sicut
1478 1920 1656 1961 materia
1689 1933 1861 1976 semper
1882 1927 2027 1963 manet
2059 1923 2101 1963 in
2124 1923 2190 1963 his
2224 1936 2336 1978 quae

127 1997 183 2027 ex
215 1984 396 2026 materia
427 1983 547 2032 fiunt,
572 1983 631 2024 ita
664 1983 889 2038 ponebant
921 1982 1044 2037 quod
1066 1981 1171 2023 illud
1199 1982 1443 2023 subiectum
1477 1995 1649 2038 semper
1672 1990 1817 2024 manet
1849 1998 1983 2026 unum
2013 1991 2054 2026 et
2086 1985 2213 2026 idem.
2238 1986 2336 2027 Hoc

126 2052 272 2090 autem
307 2046 492 2088 dicimus
525 2045 707 2095 alterari,
743 2045 934 2100 quando,
970 2051 1172 2086 manente
1206 2045 1451 2086 substantia
1480 2051 1578 2086 actu
1620 2047 1862 2096 existentis,
1898 2047 1946 2088 fit
1977 2047 2122 2102 aliqua
2154 2048 2334 2089 variatio

128 2109 241 2152 circa
271 2110 470 2151 formam.
504 2108 634 2151 Unde
667 2109 864 2163 sequitur
897 2108 1019 2163 quod
1052 2108 1170 2149 nulla
1202 2108 1502 2149 transmutatio
1527 2122 1623 2150 esse
1656 2109 1796 2164 possit
1832 2123 1944 2164 quae
1968 2110 2121 2151 dicitur
2153 2110 2336 2165 simplex

127 2172 353 2229 generatio
389 2177 431 2214 et
464 2171 696 2226 corruptio,
720 2171 800 2212 sed
833 2171 930 2212 sola
951 2170 1146 2212 alteratio
1170 2170 1279 2225 (lect.
1303 2183 1344 2219 11,
1369 2185 1409 2212 n.
1437 2170 1491 2226 2).
1523 2189 1538 2208 ›
1569 2172 1682 2213 Cum
1705 2172 1980 2227 antiquorum
2005 2172 2208 2227 opinione
2232 2187 2336 2214 con-

129 2234 282 2279 cordat
302 2235 346 2276 in
368 2234 449 2276 hac
477 2247 523 2276 re
555 2234 728 2275 illorum
751 2233 1039 2275 recentiorum
1073 2234 1305 2282 sententia,
1332 2234 1417 2288 qui,
1443 2240 1656 2288 ponentes
1689 2234 1826 2289 prima
1859 2235 2065 2290 principia
2105 2249 2335 2290 corporum

130 2311 228 2340 esse
261 2303 436 2340 atomos
458 2297 529 2338 vel
563 2297 668 2338 alias
701 2296 966 2337 substantias
1001 2296 1250 2351 completas,
1280 2301 1324 2337 et
1356 2295 1436 2350 ipsi
1470 2303 1789 2351 consequenter
1815 2297 2027 2338 affirmant
2058 2311 2146 2338 non
2181 2298 2271 2338 dari
2294 2298 2337 2338 in

130 2361 387 2416 corporibus
421 2360 503 2401 nisi
548 2359 810 2401 mutationes
849 2358 1148 2400 accidentales.
1182 2359 1340 2413 Neque
1374 2358 1489 2400 enim
1523 2359 1646 2399 vitari
1680 2365 1825 2414 potest
1858 2359 1963 2400 haec
1997 2360 2229 2409 conclusio,
2255 2360 2336 2400 nisi

129 2429 318 2480 ponatur
344 2440 359 2460 ι
391 2422 588 2465 omnium
620 2422 935 2478 generabilium
969 2427 1012 2462 et
1044 2421 1385 2476 corruptibilium
1419 2434 1516 2463 esse
1549 2435 1684 2462 unum
1717 2421 1960 2462 subiectum
1994 2422 2191 2477 primum,
2216 2422 2337 2476 quod

128 2492 275 2530 tamen
298 2500 388 2528 non
411 2492 478 2528 est
511 2498 588 2527 ens
621 2491 731 2534 actu,
767 2485 847 2526 sed
881 2485 923 2526 in
946 2485 1151 2540 potentia.
1187 2485 1244 2525 Et
1271 2483 1371 2524 ideo
1395 2496 1450 2525 ex
1473 2496 1526 2525 eo
1550 2484 1671 2538 quod
1704 2484 1857 2539 accipit
1878 2484 2072 2533 formam,
2096 2497 2173 2539 per
2205 2498 2336 2539 quam

128 2549 178 2592 fit
209 2562 287 2592 ens
320 2555 431 2598 actu,
465 2548 619 2590 dicitur
650 2547 900 2603 simpliciter
932 2547 1178 2603 generatio:
1215 2561 1269 2588 ex
1301 2546 1386 2587 hoc
1418 2553 1563 2588 autem
1598 2546 1730 2600 quod,
1765 2553 1998 2601 postquam
2032 2552 2098 2587 est
2130 2560 2206 2587 ens
2239 2553 2336 2588 actu

127 2613 300 2662 factum,
331 2611 512 2667 suscipit
543 2611 1030 2666 aliam'quamcumque
1061 2610 1270 2658 formam,
1306 2609 1460 2650 dicitur
1491 2609 1684 2650 alteratio
1720 2609 1866 2664 (ibid.).
1898 2626 1913 2646 ›
1954 2609 2044 2650 Sed
2077 2609 2337 2650 recentiores

129 2675 198 2717 isti
233 2688 331 2717 eam
363 2675 516 2717 salsam
550 2674 776 2715 notionem
820 2673 1116 2730 generationis
1162 2672 1458 2714 substantialis
1500 2672 1704 2713 videntur
1736 2672 1920 2720 habere,
1957 2685 2088 2725 quam
2121 2672 2339 2714 habebant

128 2737 410 2780 Democritus
444 2743 488 2779 et
519 2737 589 2778 alii
638 2737 749 2778 inter
781 2737 1012 2791 antiquos,
1049 2736 1122 2790 qui
1156 2735 1367 2791 putabant
1399 2735 1726 2791 generationem
1771 2734 1872 2775 nihil
1907 2733 2023 2775 aliud
2070 2747 2166 2775 esse
2206 2748 2337 2788 quam

130 2801 521 2858 congregationem
554 2806 825 2849 atomorum,
861 2799 1185 2854 corruptionem
1218 2811 1325 2839 vero
1361 2798 1596 2839 earundem
1631 2797 2014 2854 disgregationem.
2045 2814 2060 2833 ι
2092 2796 2340 2837 Credebant

130 2863 246 2906 enim
279 2863 364 2905 hoc
397 2863 594 2904 accidere
617 2863 661 2903 in
684 2863 815 2904 rebus
849 2862 1127 2910 naturalibus,
1153 2861 1264 2902 sicut
1285 2861 1440 2902 accidit
1462 2861 1504 2902 in
1528 2860 1664 2902 domo
1689 2867 1730 2901 et
1763 2860 1804 2901 in
1839 2859 2043 2901 omnibus
2066 2859 2336 2908 huiusmodi,

130 2939 319 2981 quorum
351 2916 491 2967 forma
524 2925 722 2968 consistit
743 2925 786 2966 in
820 2925 1039 2980 positione
1063 2931 1106 2965 et
1139 2924 1309 2965 ordine:
1346 2937 1433 2964 non
1457 2924 1571 2965 enim
1606 2923 1714 2964 fiunt
1735 2922 1816 2963 nisi
1843 2936 1920 2977 per
1953 2922 2337 2977 congregationem

130 2988 328 3043 partium,
354 3002 497 3043 neque
531 2994 865 3043 corrumpuntur
886 2988 967 3028 nisi
1001 3000 1079 3042 per
1111 2987 1482 3043 segregationem;
1507 2998 1809 3040 quaecumque
1843 2990 1986 3026 autem
2009 2984 2092 3024 alia
2123 2990 2337 3024 transmu-

129 3050 237 3092 tatio
271 3050 315 3091 in
348 3051 601 3092 huiusmodi
634 3050 801 3099 accidit,
826 3056 996 3105 praeter
1027 3050 1291 3091 solutionem
1327 3049 1668 3097 continuitatum‚
1693 3048 1886 3089 alteratio
1910 3052 1985 3087 est.
2010 3047 2109 3086 Hoc
2133 3051 2198 3086 est
2231 3059 2336 3101 ergo

132 3126 187 3154 ex
220 3126 310 3168 quo
344 3113 542 3168 procedit
564 3120 656 3155 tota
678 3113 855 3155 fallacia.
879 3114 960 3154 Est
983 3113 1098 3154 enim
1131 3112 1356 3169 generatio
1381 3117 1423 3152 et
1456 3111 1673 3166 corruptio
1709 3111 1750 3151 in
1771 3110 1899 3151 rebus
1923 3109 2198 3156 naturalibus,
2229 3103 2337 3162 quass

131 3189 227 3217 rum
259 3176 400 3217 forma
433 3189 523 3216 non
547 3182 613 3217 est
643 3176 805 3231 positio
830 3182 874 3217 et
896 3176 1028 3217 ordo:
1064 3189 1152 3216 non
1177 3175 1355 3230 quidem
1389 3187 1466 3229 per
1488 3173 1873 3229 congregationem
1908 3177 1951 3211 et
1971 3170 2335 3226 segregationem,

130 3238 210 3280 sed
244 3238 347 3293 quia
379 3238 427 3279 fit
458 3239 761 3279 transmutatio
788 3252 846 3279 ex
876 3239 957 3279 hoc
989 3241 1085 3286 toto,
1110 3238 1224 3279 idest
1245 3251 1334 3278 non
1358 3237 1571 3278 dissoluto
1606 3236 1648 3276 in
1683 3241 1836 3290 partes,
1861 3235 1906 3275 in
1940 3234 2021 3274 hoc
2043 3237 2187 3281 totum,
2214 3233 2337 3288 quasi

132 3315 222 3343 non
257 3306 574 3357 congregatum
609 3314 663 3341 ex
695 3301 913 3355 aliquibus
946 3301 1140 3355 partibus
1165 3300 1274 3354 (lect.
1297 3312 1339 3348 V,
1364 3314 1404 3340 n.
1431 3300 1486 3354 7).
1518 3317 1532 3335 ν»

258 3364 425 3405 Verum
459 3363 494 3404 si
517 3363 742 3419 generatio
767 3369 810 3404 et
843 3363 1061 3418 corruptio
1085 3363 1128 3404 in
1162 3363 1292 3403 rebus
1315 3361 1578 3403 naturalibus
1612 3373 1701 3400 non
1724 3365 1824 3400 sunt
1854 3372 1931 3413 per
1953 3358 2338 3414 congregationem

134 3432 176 3468 et
219 3426 584 3483 segregationem,
607 3425 781 3466 videtur
802 3425 956 3466 iterum
990 3425 1112 3479 quod
1146 3425 1369 3481 generatio
1404 3437 1491 3464 non
1514 3423 1569 3463 sit
1591 3422 1707 3463 aliud
1731 3435 1863 3477 quam
1897 3421 2114 3470 alteratio;
2150 3420 2338 3474 ideoque

133 3489 356 3530 fatendum
388 3489 467 3530 erit
499 3489 660 3530 nullam
684 3488 774 3529 dari
808 3487 851 3528 in
874 3493 1025 3528 natura
1057 3487 1471 3534 transmutationem,
1496 3499 1573 3540 per
1594 3499 1726 3540 quam
1761 3498 1877 3525 nova
1910 3483 2150 3525 substantia
2172 3481 2335 3536 simpli-

134 3551 238 3593 citer
261 3551 546 3607 producatur3
582 3565 682 3592 nam
711 3568 726 3587 ‹
757 3550 793 3591 si
826 3550 881 3591 sit
912 3550 1058 3604 aliqua
1089 3550 1314 3605 generatio
1345 3548 1601 3603 simpliciter,
1627 3548 1822 3602 sequitur
1855 3546 1975 3601 quod
2009 3545 2171 3600 aliquid
2204 3557 2337 3600 gene-

133 3614 296 3656 rabitur
318 3627 372 3656 ex
394 3614 644 3670 simpliciter
666 3627 754 3654 non
778 3619 875 3655 ente
899 3612 1007 3667 (lect.
1030 3624 1089 3660 v1,
1114 3626 1154 3653 n.
1171 3612 1226 3667 2).
1258 3630 1272 3649 »
1315 3612 1604 3665 Consequens
1627 3611 1754 3651 huius
1777 3609 2078 3651 conditionalis
2101 3606 2337 3649 absurdum

136 3681 213 3718 est.
258 3696 272 3714 ε
311 3677 420 3718 Illud
455 3677 569 3718 enim
605 3691 658 3718 ex
706 3690 795 3731 quo
829 3674 993 3730 aliquid
1025 3680 1283 3731 generatur,
1319 3679 1464 3728 potest
1504 3673 1586 3714 dici
1632 3686 1729 3714 esse
1763 3672 1888 3722 illud;
1922 3672 2032 3713 sicut
2063 3671 2098 3712 si
2134 3684 2186 3710 ex
2218 3669 2337 3724 ligno

278 3755 349 3788 Opp.
369 3755 400 3780 D.
415 3755 531 3780 Tuomst
550 3755 582 3779 T.
597 3755 638 3779 111.
2141 3747 2160 3772 d
