2782 4134
361 304 435 341 330

1076 294 1663 336 METEOROLOGICORUM
1691 293 1786 330 LIB.
1818 293 1831 329 I

1124 512 1340 569 LECT
1342 513 1424 568 10
1462 511 1780 568 TERTIA

492 682 548 712 DE
573 678 905 712 ELEMENTORUM
929 675 1336 707 TRANSMUTATIONE
1359 674 1602 706 ADINVICEM
1627 692 1645 697 -
1669 674 1762 706 NON
1785 674 1945 706 TOTUM
1969 673 2157 706 SPATIUM
2185 672 2309 711 QUOD
2333 671 2414 703 EST

358 742 388 770 A
411 738 617 770 SUPREMIS
641 736 813 768 STELLIS
837 734 979 772 USQUE
998 734 1058 764 AD
1078 733 1260 764 TERRAM
1279 733 1360 764 EST
1375 732 1554 764 PLENUM
1576 732 1692 763 AERE
1716 732 1774 762 ET
1791 731 1907 763 IGNE:
1933 731 2012 762 SED
2033 731 2170 762 SUPRA
2190 730 2288 762 ISTA
2310 730 2550 761 ELEMENTA

868 791 947 822 EST
973 790 1142 822 CORPUS
1166 790 1392 831 CAELESTE
1415 789 1630 821 ALTERIUS
1653 789 1863 821 NATURAE
1887 789 1943 820 AB
1966 789 2031 820 EIS
2350 808 2353 810 -

357 932 605 973 Ἀναλαβόντες
633 929 688 963 Οὗν
718 930 780 968 τὰς
806 929 840 970 ἐξ
868 930 972 984 ἀρχῇς
1005 928 1111 967 θέσεις
1142 931 1200 960 καὶ
1232 929 1312 966 τούς
1338 930 1423 972 Εῑρη·
1479 937 1495 956 *
1519 938 1728 968 Resumentes
1755 937 1851 977 igitur
1879 947 1931 967 eas
1958 946 2041 978 quae
2068 947 2086 968 a
2109 936 2266 978 principio
2295 935 2489 977 positiones,
2521 941 2552 967 et
2577 943 2587 955 ·

425 977 540 1022 μένους
572 975 733 1019 πρότερον
767 971 978 1018 διορισμους,
1005 973 1156 1020 λέγωμεν
1189 975 1262 1016 περί
1297 985 1335 1005 τε
1360 974 1422 1010 τῆς

425 1022 487 1054 τοῦ
512 1021 687 1067 γάλακτος
712 1021 905 1063 φαντασίας
930 1020 989 1051 καὶ
1007 1020 1080 1060 περὶ
1096 1019 1254 1062 κομητῶν
1279 1020 1336 1049 καὶ
1356 1018 1422 1049 τῶν

427 1066 534 1098 ἄλλων
561 1064 625 1096 ὅσα
651 1064 815 1109 τυγχάνει
836 1063 974 1101 τούτοις
1001 1063 1086 1096 ὄντα
1111 1063 1271 1108 συγγενῆ.

357 1110 471 1155 Φαμὲν
497 1105 534 1141 δέ
559 1110 622 1153 πῦρ
651 1111 708 1140 καὶ
736 1108 821 1151 ἀέρα
845 1110 902 1140 καὶ
929 1104 1014 1151 ὕδωρ
1039 1110 1097 1140 καὶ
1122 1110 1187 1153 γῆν
1212 1106 1363 1153 γίνεσθαι
1389 1105 1423 1146 ἐξ

426 1153 594 1194 ἀλλήλων,
619 1155 677 1185 καὶ
703 1152 849 1185 ἕκαστον
875 1153 908 1184 ἑν
935 1152 1069 1193 ἑκάστῳ
1100 1151 1263 1196 ὑπάρχειν
1290 1150 1423 1183 τούτων

424 1195 580 1242 δυνάμει,
612 1197 722 1240 ὥσπερ
751 1200 809 1229 καὶ
835 1198 902 1229 τῶν
930 1197 1039 1229 ἄλλων
1067 1197 1113 1234 οἷς
1139 1195 1171 1228 ’έν
1198 1207 1231 1228 τι
1256 1197 1314 1228 καὶ
1341 1195 1424 1228 ταύ-

425 1243 483 1275 τόν
506 1242 700 1283 ὑπόκειται,
728 1243 772 1280 εἰς
798 1242 814 1273 ὃ
841 1241 1054 1274 ἀναλύονται
1079 1241 1241 1286 ἔσχατον.

357 1290 488 1334 Πρῶτον
514 1288 572 1332 μέν
600 1286 655 1318 οὖν
683 1285 884 1331 ἀπορήσειεν
904 1286 943 1318 ἄν
963 1298 1013 1323 τις
1037 1288 1111 1329 περὶ
1129 1286 1189 1318 τόν
1214 1284 1424 1328 καλούμενον

425 1332 527 1377 ἀέρα,
555 1330 634 1364 τίνα
660 1344 698 1364 τε
723 1330 787 1376 χρή
818 1331 936 1371 λαβεῖν
970 1329 1080 1363 αὐτοῦ
1106 1330 1170 1367 τήν
1195 1329 1290 1374 φύσιν
1317 1329 1349 1362 ἑν
1375 1331 1423 1371 τῷ

424 1376 616 1421 περιέχοντι
640 1375 753 1419 κόσμῳ
779 1376 843 1412 τήν
869 1376 947 1422 γῆν,
973 1377 1031 1407 καὶ
1050 1377 1117 1413 πῶς
1136 1375 1206 1419 ἔχει
1228 1374 1325 1415 τάξει
1344 1375 1423 1419 πρὸς

424 1420 539 1455 τᾶλλα
565 1421 612 1453 τά
634 1421 804 1467 λεγόμενα
829 1423 987 1465 στοιχεῖα
1012 1420 1078 1452 τῶν
1104 1418 1290 1463 σωμάτων·

359 1469 375 1499 ὁ
400 1467 459 1512 μὲν
484 1466 548 1512 γάρ
574 1467 635 1503 τῆς
660 1466 722 1511 γῆς
750 1465 848 1512 ὄγκος
881 1466 1020 1502 πηλίκος
1049 1464 1088 1496 α”ν
1116 1476 1167 1502 τις
1193 1465 1241 1501 εἴη
1271 1463 1351 1508 πρὸς
1378 1464 1426 1496 τά

423 1510 628 1556 περιέχοντα
646 1509 785 1556 μεγέθη,
807 1510 867 1541 οὐκ
886 1505 1029 1546 ἄδηλον·
1058 1505 1123 1546 ἤδη
1146 1508 1210 1555 γάρ
1232 1506 1349 1541 ὦπται
1366 1503 1426 1541 διά

425 1557 489 1589 τῶν
522 1556 772 1600 ἀστρολογικῶν
803 1554 1030 1599 θεωρημάτων
1056 1554 1135 1596 ἡμῖν
1162 1552 1216 1586 ὅτι
1247 1553 1335 1585 πολύ
1366 1555 1424 1586 καὶ

424 1602 490 1633 τῶν
518 1601 648 1645 ἄστρων
675 1602 768 1633 ἐνίων
795 1598 952 1632 ἐλάττων
978 1599 1084 1631 ἐστίν.

349 1642 498 1683 ’Ύδατος
531 1642 568 1677 δὲ
592 1644 687 1688 φύσιν
720 1648 963 1681 συνεστηκυῖαν
995 1644 1053 1674 καὶΙ
1089 1642 1318 1687 ἀφωρισμένην
1350 1641 1420 1674 οὔθ’

424 1691 562 1733 ὁρῶμεν,
582 1689 653 1722 οὔτ’
680 1684 860 1734 ἐνδέχεται
884 1686 1131 1734 κεχωρισμένην
1157 1684 1243 1719 εἶναι
1269 1688 1331 1718 τοῦ
1353 1689 1425 1732 περὶ

424 1735 487 1772 τήν
512 1735 576 1781 γῆν
602 1730 776 1779 ἱδρυμένου
802 1733 981 1775 σώματος,
1014 1734 1081 1764 οἷον
1107 1732 1173 1763 τῶν
1201 1743 1238 1763 τε
1264 1733 1424 1775 φανερῶν,

423 1778 601 1816 θαλάττης
638 1782 695 1811 καὶ
730 1779 915 1823 ποταμῶν,
949 1776 1012 1809 κᾶν
1045 1777 1074 1808 εἴ
1105 1788 1139 1808 τι
1170 1775 1268 1808 κατά
1302 1776 1347 1816 βά
1370 1788 1424 1815 ους

426 1819 550 1861 ἄδηλον
576 1825 654 1868 ἡμῖν
680 1825 785 1856 ἐστιν.

357 1869 402 1901 Τὸ
428 1864 465 1900 δέ
489 1863 532 1905 δή
558 1867 690 1912 μεταξύ
709 1869 772 1906 τῆς
789 1867 852 1913 γῆς
871 1879 908 1899 τε
933 1868 991 1898 καὶ
1017 1866 1083 1898 τῶν
1110 1863 1266 1910 ἐσχάτων
1291 1864 1423 1909 οἴστρων

425 1913 568 1956 πότερον
595 1913 627 1945 ἓν
653 1926 688 1945 τι
712 1911 890 1957 νομιστέον
921 1908 1007 1943 εἶναι
1039 1911 1136 1953 σῶμα
1163 1909 1226 1946 τήν
1259 1908 1376 1952 φύσιν,
1403 1909 1424 1945 ἦ

425 1959 542 1999 πλείω,
561 1957 624 1990 κάν
650 1960 677 1990 εἰ
703 1959 820 1998 πλείω,
842 1955 948 1997 πόσα,
974 1957 1032 1988 καὶ
1050 1955 1147 1999 μέχρι
1166 1955 1231 1986 ποῦ
1248 1949 1425 1998 διώρισται

425 2007 495 2040 τοῖς
520 2002 661 2042 τόποις;

354 2048 451 2091 Ἡμῖν
478 2047 536 2090 μέν
563 2045 618 2079 οὖν
645 2050 776 2091 εἴρηται
802 2044 964 2089 πρότερον
991 2046 1065 2088 περὶ
1090 2044 1153 2076 τοῦ
1180 2041 1315 2088 πρώτου
1333 2053 1425 2074 στοι-

423 2094 534 2136 χείου,
562 2091 657 2124 ποῖόν
691 2102 724 2123 τι
749 2090 813 2126 τήν
839 2085 981 2133 δύναμίν
1012 2090 1108 2130 ἐστι,
1142 2090 1200 2119 καὶ
1235 2086 1288 2120 ὅτι
1314 2088 1381 2124 πᾶς
1409 2088 1424 2119 ὁ

425 2138 498 2179 περὶ
524 2138 588 2174 τάς
623 2136 688 2168 ἀνω
721 2135 822 2180 φοράς
855 2134 982 2178 κόσμος
1015 2135 1140 2167 ἐκείνου
1171 2133 1233 2164 τοῦ
1265 2131 1424 2176 σώματος

425 2180 554 2226 πλήρης
573 2181 677 2214 ἐστίν.
705 2182 770 2212 Καὶ
788 2179 921 2216 ταύτην
948 2179 1012 2215 τήν
1030 2175 1134 2219 δόξαν
1154 2177 1191 2209 οὐ
1209 2177 1309 2222 μόνον
1328 2178 1424 2221 ἡμεῖς

425 2227 639 2272 τυγχάνομεν
671 2226 829 2270 ἔχοντες,
857 2229 1016 2268 φαίνεται
1048 2219 1076 2256 δ’
1108 2223 1236 2268 ἀρχαία
1266 2233 1317 2259 τις
1343 2220 1427 2253 6⁷:0¹-

422 2272 517 2316 ληψις
545 2256 634 2307 αθτη
660 2272 717 2302 καὶ
743 2270 809 2302 τῶν
836 2268 999 2313 πρότερον
1023 2267 1222 2312 ἀνθρώπων·
1251 2267 1267 2298 ὀ
1291 2266 1356 2312 γάρ
1372 2267 1426 2297 λε·

423 2316 564 2362 γόμενος
591 2315 688 2359 αἰθήρ
715 2313 869 2347 παλαιάν
896 2315 1008 2357 εἴληφε
1034 2313 1098 2349 τήν
1121 2313 1363 2357 προσηγορίαν,
1384 2310 1424 2347 ἦν

418 2359 654 2406 Ἀναξαγόρας
688 2359 747 2404 μέν
785 2359 833 2400 τῷ
865 2359 940 2400 πυρὶ
974 2358 1104 2390 ταύτὸν
1137 2355 1334 2403 ἡγήσασθαί
1368 2366 1424 2399 μοι

424 2402 517 2438 δοκεῖ
541 2407 733 2448 σημαίνειν·
761 2402 808 2435 τά
833 2415 870 2435 τε
894 2402 958 2448 γάρ
987 2403 1053 2434 ἀνω
1072 2401 1184 2446 πλήρη
1204 2401 1304 2444 πυρὸς
1324 2397 1423 2440 εἶναι,

424 2451 575 2487 κάκεῖνος
601 2449 665 2485 τήν
691 2446 760 2480 ἐκεῖ
785 2443 926 2491 δύναμιν
962 2446 1081 2490 αἰθέρα
1110 2448 1225 2478 καλεῖν
1252 2444 1424 2488 ἐνόμισεν,

425 2496 530 2527 τοῦτο
564 2494 622 2537 μέν
653 2492 752 2538 ὀρθῶς
785 2494 944 2534 νομίσας·
972 2492 1012 2524 τὸ
1042 2491 1107 2538 γάρ
1139 2491 1190 2523 ἀεὶ
1223 2491 1321 2533 σῶμα
1351 2488 1424 2521 θέον

428 2538 500 2582 ἀμα
525 2538 612 2570 θεῖόν
638 2550 671 2570 τι
691 2537 754 2574 τήν
773 2535 868 2580 φύσιν
887 2534 1035 2568 ἐοίκασιν
1055 2535 1254 2575 ὑπολαβεῖν,
1276 2535 1335 2566 καὶ
1352 2529 1427 2564 διώ-

426 2595 519 2628 ρισαν
546 2581 722 2626 ὀνομάζειν
746 2579 865 2623 αἰθέρα
884 2580 924 2612 τὸ
943 2582 1101 2613 τοιοῦτον
1119 2581 1159 2617 ὡς
1180 2576 1214 2611 ὃν
1234 2577 1341 2610 οὐθενὶ
1360 2578 1427 2609 τῶν

427 2629 505 2672 παρ’
526 2628 604 2670 ’ἡμῖν
631 2627 672 2659 τὸ
699 2625 805 2658 αὐτό·
835 2625 871 2656 οὗ
897 2624 962 2670 γάρ
980 2621 1023 2661 δή
1045 2624 1192 2669 φήσομεν
1221 2622 1328 2664 ἅπαξ,
1349 2618 1427 2654 οὐδὲ

427 2668 489 2711 δὶς,
519 2666 587 2707 οὐδ’
618 2670 768 2716 ὀλιγάκις
794 2669 858 2706 τάς
885 2669 995 2706 αύτάς
1022 2665 1126 2710 δόξας
1154 2667 1353 2701 ἀνακυκλεῖν
1378 2678 1430 2713 γι-

427 2715 567 2760 νομένας
594 2715 625 2747 ὲν
654 2719 724 2752 τοῖς
752 2713 948 2756 ἀνθρώποις,
978 2714 1049 2746 ἀλλ’
1081 2712 1269 2757 ἀπειράκις.

353 2761 447 2794 ’Ὀσοι
472 2757 510 2792 δὲ
535 2761 599 2804 πῦρ
624 2758 771 2802 καθαρὸν
805 2755 890 2790 εἷναί
921 2769 1002 2801 φασι
1035 2759 1076 2790 τὸ
1111 2758 1265 2802 περιέχον
1297 2758 1353 2787 καὶ
1379 2755 1426 2800 μή

427 2805 527 2851 μόνον
554 2805 601 2837 τά
625 2803 790 2850 φερόμενα
815 2802 975 2847 σώματα,
996 2803 1036 2835 τὸ
1063 2801 1100 2835 δὲ
1124 2801 1255 2848 μεταξύ
1279 2801 1342 2847 γῆς
1368 2802 1426 2831 καὶ

428 2851 494 2883 τῶν
522 2850 652 2894 ἄστρων
687 2848 790 2893 ἀέρα,
817 2846 1050 2892 θεωρήσαντες
1082 2846 1120 2880 ἂν
1147 2847 1195 2879 τά
1219 2847 1274 2878 νῦν
1300 2841 1429 2876 δεικνύ-

427 2907 511 2939 μενα
537 2890 596 2926 &ab
620 2895 686 2926 τῶν
705 2891 918 2938 μαθημάτων
937 2893 1055 2930 ἱκανῶς
1073 2894 1150 2930 ἴσως
1170 2891 1208 2924 ἂν
1227 2889 1426 2924 ἐπαύσαντο

428 2938 561 2976 ταύτης
594 2939 657 2975 τῆς
695 2933 856 2975 παιδικῆς
890 2931 1007 2978 δόξης·
1034 2938 1111 2969 λίαν
1136 2938 1201 2991 γάρ
1229 2936 1359 2969 ἀπλοῦν
1385 2935 1426 2966 το

427 2984 571 3027 νομίζειν
602 2984 715 3027 μικρόν
743 2986 814 3019 τοῖς
839 2981 1011 3027 μεγέθεσιν
1043 2978 1127 3014 εἶναι
1153 2993 1213 3014 τον
1238 2978 1425 3025 φερομένων

429 3028 594 3068 ἕκαστον,
623 3027 676 3060 ὅτι
701 3030 862 3072 φαίνεται
888 3027 1063 3070 θεωροῦσιν
1090 3028 1168 3070 ἡμῖν
1196 3023 1348 3058 ἐντεῦθεν
1377 3022 1428 3055 οὓ-

428 3085 507 3110 τως.
533 3074 676 3116 Εἴρηται
701 3071 759 3116 μέν
787 3071 842 3104 οὖν
868 3072 926 3105 καὶ
952 3070 1114 3115 πρότερον
1135 3071 1167 3103 ἐν
1186 3074 1255 3108 τοῖς
1276 3070 1348 3111 περὶ
1367 3067 1426 3110 τόν

429 3119 494 3150 ἀνω
521 3116 628 3149 τόπον
659 3116 887 3161 θεωρήμασιν·
914 3115 1065 3162 λέγωμεν
1091 3111 1128 3147 δέ
1154 3115 1214 3147 τὸν
1242 3113 1348 3146 αὐτὸν
1372 3113 1427 3144 λό-

426 3174 485 3208 γον
510 3164 567 3193 καὶ
593 3162 667 3193 νῦν·
696 3163 722 3192 εἰ
739 3162 804 3206 γαρ
822 3161 870 3194 τά
889 3173 926 3193 τε
945 3158 1176 3204 διαστήματα
1193 3159 1306 3204 πλήρη
1325 3170 1369 3191 πυ
1394 3158 1425 3196 ὸς

426 3209 484 3238 καὶ
510 3207 557 3238 τοὶ
577 3205 724 3249 σώματα
745 3205 948 3243 συνέστηκεν
967 3206 1004 3237 ἐκ
1022 3205 1136 3250 πυρὸς,
1157 3204 1267 3237 πάλαι
1284 3169 1426 3248 φροῦἕον

431 3250 468 3283 ἄν
494 3248 534 3287 ἦν
561 3249 706 3283 ἕκαστον
733 3251 798 3282 τῶν
827 3250 936 3283 ἄλλων
964 3252 1155 3295 στοιχείων.

356 3295 464 3326 Ἀλλά
488 3294 553 3338 μήν
581 3290 649 3326 οὐδ’
680 3294 774 3339 ἀέρος
808 3307 846 3341 γε
878 3295 980 3340 μόνου
1013 3294 1144 3338 πλήρη·
1172 3293 1258 3327 πολι)
1291 3292 1355 3338 γάρ
1388 3290 1426 3323 ἂν

430 3338 635 3383 ύπερβάλλοι
661 3339 724 3375 τήν
749 3338 900 3376 ἰσότητα
926 3341 988 3377 τῆς
1006 3341 1119 3377 κοινῆς
1143 3339 1328 3385 ἀναλογίας
1348 3336 1428 3379 προς

430 3383 477 3414 τοὶ
500 3383 668 3427 σύστοιχα
694 3383 861 3427 σώματα,

363 3426 425 3459 κᾶν
451 3428 479 3458 εἱ
503 3424 563 3459 δύο
589 3430 765 3472 στοιχείων
787 3428 916 3472 πλήρης
935 3429 950 3460 ὀ
969 3427 1100 3473 μεταξύ
1120 3429 1183 3475 γῆς
1207 3429 1265 3460 καὶ
1285 3427 1427 3470 οὐρανοῦ

431 3470 536 3510 τόπος
563 3471 671 3503 ἐστίν·
699 3467 795 3504 οὐδὲν
820 3474 898 3518 γάρ,
917 3474 958 3510 ὠς
977 3473 1094 3514 εἰπεῖν,
1114 3472 1227 3517 μόριον
1247 3473 1263 3504 ὀ
1285 3472 1347 3509 τῆς
1390 3471 1427 3509 ἧς

432 3516 522 3548 ἑστιν
550 3515 660 3559 ὄγκος,
681 3517 712 3548 ἐν
732 3516 754 3557 ᾤ
773 3519 993 3554 συνείληπται
1020 3519 1087 3550 πᾶν
1112 3519 1170 3549 καὶ
1196 3517 1237 3550 τὸ
1263 3517 1325 3550 τοῦ
1348 3482 1427 3551 {ssoe-

433 3571 489 3597 τος
515 3558 656 3599 πλῆθος,
685 3560 764 3604 πρὸς
791 3561 830 3592 τὸ
857 3562 1010 3606 περιέχον
1036 3561 1187 3607 μέγεθος.
1225 3562 1368 3605 Ὀρῶμεν
1395 3556 1423 3592 δ’

432 3604 491 3635 οὐκ
510 3602 542 3635 ἐν
561 3603 713 3644 τοσούτῳ
739 3604 871 3650 μεγέθει
895 3605 1071 3650 γινομένην
1090 3606 1153 3642 τήν
1173 3606 1342 3650 ὑπεροχήν
1361 3606 1426 3640 τῶν

434 3648 554 3694 ὄγκων,
575 3649 659 3681 ὅταν
686 3646 720 3689 ἐξ
747 3644 872 3686 ὕδατος
900 3649 962 3693 ἀήρ
981 3649 1123 3695 γένηται
1141 3646 1386 3694 διακριθέντος,
1407 3648 1427 3686 ἢ

1546 981 1768 1012 determinatas
1787 981 1874 1021 prius
1891 980 2179 1020 determinationes,
2193 980 2336 1012 dicamus
2358 987 2389 1012 et
2407 980 2447 1011 de
2462 979 2551 1011 lactis

1546 1025 1712 1066 phantasia
1736 1032 1767 1057 et
1790 1026 1830 1055 de
1853 1025 1986 1056 cometis
2014 1031 2046 1056 et
2068 1025 2136 1056 aliis
2168 1035 2391 1067 quaecumque
2414 1024 2552 1056 existunt

1546 1070 1594 1100 his
1619 1079 1778 1111 syngenea
1801 1069 1895 1100 entia.

1479 1114 1623 1146 Dicimus
1645 1114 1753 1155 itaque
1775 1114 1883 1154 ignem
1899 1120 1931 1144 et
1945 1123 2050 1144 aerem
2066 1120 2097 1144 et
2115 1123 2234 1155 aquam
2249 1120 2280 1145 et
2294 1120 2410 1144 terram
2427 1112 2496 1144 fieri
2514 1123 2552 1144 ex

1545 1159 1699 1196 invicem,
1725 1166 1755 1190 et
1777 1158 2038 1199 unumquodque
2066 1158 2185 1189 horum
2206 1158 2240 1188 in
2264 1167 2466 1199 unoquoque
2489 1157 2551 1188 exi-

1546 1210 1626 1234 stere
1641 1203 1675 1234 in
1690 1202 1843 1244 potentia,
1868 1202 1949 1233 sicut
1965 1209 1996 1233 et
2014 1202 2152 1233 aliorum
2167 1200 2285 1243 quibus
2305 1212 2409 1233 unum
2431 1200 2552 1243 aliquid

1546 1255 1577 1279 et
1591 1248 1678 1279 idem
1694 1247 1869 1286 subiicitur,
1889 1247 1923 1277 in
1938 1247 2028 1288 quod
2051 1246 2147 1277 etiam
2165 1246 2369 1277 resolvuntur
2387 1246 2550 1278 ultimum.

1479 1293 1624 1324 Primum
1647 1293 1779 1334 quidem
1802 1291 1898 1332 igitur
1916 1290 2073 1322 dubitabit
2088 1291 2200 1332 utique
2215 1291 2287 1332 quis
2305 1291 2386 1322 circa
2400 1298 2552 1322 vocatum

1546 1347 1662 1376 aerem,
1686 1347 1784 1379 quam
1804 1342 1931 1377 oportet
1945 1335 2086 1377 accipere
2100 1335 2201 1376 ipsius
2217 1342 2363 1367 naturam
2378 1335 2412 1366 in
2427 1335 2552 1367 mundo

1547 1382 1704 1413 ambiente
1727 1389 1859 1419 terram,
1883 1387 1914 1412 et
1929 1381 2099 1422 quomodo
2123 1390 2156 1411 se
2178 1380 2275 1412 habet
2297 1380 2408 1411 ordine
2432 1380 2474 1412 ad
2490 1379 2558 1412 alit

1546 1427 1629 1458 dicta
1651 1427 1808 1458 elementa
1832 1435 2015 1466 corporum.

1480 1472 1582 1503 Moles
1605 1471 1737 1513 quidem
1768 1470 1854 1502 enim
1878 1470 1989 1511 utique
2011 1477 2110 1500 terrae
2137 1476 2256 1511 quanta
2284 1469 2417 1511 quidem
2440 1468 2552 1511 utique

1547 1516 1587 1547 sit
1603 1516 1642 1546 ad
1659 1516 1832 1546 ambientes
1852 1514 2097 1555 magnitudines,
2114 1524 2181 1544 non
2197 1514 2458 1546 immanifestum.
2483 1513 2552 1545 lam

1547 1561 1633 1592 enim
1655 1561 1761 1591 visum
1774 1567 1820 1591 est
1835 1569 1890 1600 per
1904 1558 2091 1600 astrologica
2107 1558 2304 1589 theoremata
2317 1569 2335 1589 a
2347 1558 2440 1590 nobis
2461 1557 2552 1600 quod

1547 1606 1651 1636 multo
1676 1605 1771 1636 etiam
1795 1604 1988 1645 quibusdam
2011 1602 2101 1634 astris
2124 1602 2231 1634 minor
2253 1610 2310 1634 est.

1479 1653 1593 1691 Aquae
1616 1656 1724 1681 autem
1747 1656 1894 1680 naturam
1917 1654 2117 1679 constantem
2140 1654 2171 1678 et
2194 1654 2370 1688 separatam
2387 1656 2492 1688 neque
2506 1646 2556 1678 vi-

1547 1695 1672 1733 demus,
1687 1703 1791 1735 neque
1808 1693 1963 1733 contingit
1976 1699 2152 1733 separatam
2169 1701 2241 1723 esse
2251 1692 2291 1723 ab
2311 1702 2350 1723 eo
2366 1691 2457 1734 quod
2472 1691 2553 1723 circa

1547 1746 1662 1770 terram
1685 1739 1790 1769 locato
1814 1744 1967 1778 corpore;
1990 1744 2068 1778 puta
2088 1746 2109 1770 ‚a
2131 1736 2318 1775 manifestis,
2342 1736 2422 1767 mari
2437 1742 2470 1768 et
2491 1735 2552 1767 flu-

1547 1783 1700 1820 minibus,
1717 1789 1747 1813 et
1770 1781 1881 1824 utique
1905 1781 1931 1812 si
1953 1781 2031 1823 quid
2054 1780 2088 1811 in
2111 1780 2275 1822 profundo
2298 1780 2551 1813 immanifestum

1547 1834 1594 1859 est
1617 1827 1719 1858 nobis.

1481 1872 1707 1904 Intermedium
1731 1877 1839 1902 autem
1861 1877 1960 1901 terrae
1985 1876 2015 1901 et
2038 1869 2228 1901 ultimorum
2244 1876 2419 1908 astrorum,
2442 1875 2552 1900 utrum

1546 1927 1651 1948 unum
1674 1916 1806 1957 aliquod
1830 1915 2010 1956 putandum
2033 1914 2212 1945 secundum
2235 1920 2382 1945 naturam
2399 1923 2468 1945 ease
2483 1923 2554 1946 cor-

1546 1972 1624 2003 pus,
1644 1968 1698 1992 aut
1721 1957 1831 2001 plura?
1855 1960 1895 1990 Et
1918 1959 1943 1990 si
1967 1959 2071 1999 plura,
2087 1965 2184 2000 quot,
2209 1965 2240 1990 et
2255 1968 2427 2000 usquequo
2450 1958 2551 1990 deter-

1547 2006 1666 2037 minata
1689 2011 1764 2036 sunt
1786 2001 1885 2035 locis?
2104 2002 2106 2004 ’

1479 2051 1580 2082 Nobis
1604 2051 1736 2092 quidem
1758 2049 1853 2089 igitur
1877 2047 1998 2079 dictum
2022 2048 2109 2089 prius
2133 2053 2179 2079 est
2198 2047 2237 2078 de
2257 2046 2362 2088 primo
2381 2046 2552 2086 elemento,

1546 2095 1641 2137 quale
1664 2094 1842 2125 secundum
1865 2093 2015 2124 virtutem
2039 2099 2103 2131 est;
2128 2099 2158 2123 et
2181 2091 2256 2134 quia
2280 2097 2367 2122 totus
2390 2091 2447 2134 qui
2470 2090 2552 2123 circa

1547 2139 1725 2181 superiores
1749 2138 1882 2169 lationes
1901 2137 2054 2176 mundus,
2073 2137 2130 2168 illo
2149 2146 2284 2177 corpore
2302 2136 2416 2177 plenus
2435 2142 2492 2167 est.
2511 2135 2555 2168 Et

1546 2185 1628 2215 hanc
1651 2183 1840 2224 opinionem
1863 2192 1930 2213 non
1946 2182 2054 2213 solum
2070 2191 2130 2213 nos
2145 2181 2309 2213 existimus
2327 2181 2490 2220 habentes,
2505 2180 2554 2211 vi-

1548 2229 1639 2260 detur
1662 2235 1770 2259 autem
1793 2227 1925 2268 antiqua
1942 2227 2100 2268 quaedam
2125 2225 2314 2257 existimatio
2333 2225 2402 2266 ipsa
2418 2231 2450 2257 et
2463 2224 2551 2267 prio-

1547 2283 1620 2304 rum
1643 2271 1824 2304 hominum.
1853 2271 1964 2302 Dictus
1991 2271 2078 2302 enim
2106 2269 2212 2302 aether
2240 2269 2406 2312 antiquam
2433 2269 2554 2311 accepit

1547 2317 1810 2359 appellationem;
1826 2325 1924 2358 quam
1938 2318 2141 2356 Anaxagoras
2152 2314 2284 2357 quidem
2296 2313 2362 2356 igni
2373 2314 2460 2346 idem
2470 2312 2554 2357 ‘mihi

1547 2369 1674 2403 putasse
1697 2361 1822 2392 videtur
1845 2359 2030 2401 significare,
2047 2366 2164 2401 putans
2183 2359 2348 2401 superiora
2363 2359 2458 2400 plena
2479 2357 2554 2400 igne

1548 2413 1630 2445 esse;
1656 2413 1686 2437 et
1708 2405 1761 2436 ille
1784 2415 1856 2436 eam
1871 2414 1954 2446 quae
1972 2404 2016 2435 ibi
2034 2404 2212 2445 potentiam
2231 2403 2358 2435 aethera
2371 2403 2479 2435 vocari
2493 2411 2553 2445 pu-

1548 2451 1642 2489 tavit,
1674 2450 1737 2481 hoc
1761 2450 1892 2491 quidem
1923 2456 2004 2480 recte
2034 2455 2161 2490 putans.
2195 2448 2295 2486 Quod
2325 2447 2412 2479 enim
2436 2454 2554 2489 corpus

1549 2505 1674 2535 semper
1698 2504 1842 2532 currens,
1866 2493 1963 2524 simul
1991 2500 2021 2524 et
2051 2493 2196 2525 divinum
2224 2491 2346 2533 aliquid
2375 2491 2554 2524 secundum

1549 2546 1694 2570 naturam
1721 2537 1780 2568 visi
1809 2545 1883 2569 sunt
1911 2536 2103 2575 existimare,
2131 2544 2162 2568 et
2185 2536 2474 2568 determinaverunt
2495 2545 2553 2568 no·

1549 2583 1662 2614 minari
1685 2582 1810 2614 aethera
1833 2582 1923 2624 quod
1947 2581 2025 2619 tale,
2050 2588 2203 2623 tanquam
2226 2580 2306 2612 nulli
2335 2590 2448 2612 eorum
2471 2579 2555 2622 quae

1549 2628 1635 2669 apud
1661 2637 1720 2658 nos
1737 2626 1871 2658 existens
1883 2625 1985 2657 idem.
2010 2626 2085 2656 Non
2109 2625 2194 2657 enim
2215 2625 2358 2656 dicemus
2382 2624 2480 2656 semel
2499 2627 2555 2656 ne-³

1549 2682 1612 2714 que
1631 2671 1678 2703 bi's
1701 2681 1805 2712 neque
1825 2681 1895 2702 raro
1910 2670 2037 2701 easdem
2056 2669 2224 2711 opiniones
2240 2669 2384 2701 reiterare
2399 2669 2496 2701 factas
2520 2669 2554 2700 in

1549 2716 1745 2754 hominibus,
1769 2716 1824 2746 sed
1848 2714 2006 2746 infinities.

1483 2761 1688 2802 Quicumque
1705 2767 1812 2791 autem
1835 2760 1943 2801 ignem
1958 2769 2077 2800 purum
2096 2769 2163 2790 esse
2182 2759 2271 2790 aiunt
2290 2758 2380 2800 quod
2398 2758 2553 2798 ambiens,

1550 2813 1580 2837 et
1603 2816 1670 2836 non
1694 2805 1801 2836 solum
1828 2805 1891 2836 lata
1915 2811 2064 2850 cprpora;
2088 2803 2176 2844 quod
2201 2810 2308 2835 autem
2327 2802 2555 2842 intermedium

1549 2855 1647 2881 terrae
1664 2857 1710 2881 est
1725 2856 1755 2880 et
1771 2856 1939 2887 astrorum,
1955 2855 2076 2885 aerem;
2093 2847 2328 2879 considerantes
2340 2847 2452 2890 utique
2467 2856 2553 2879 nunc

1549 2902 1675 2926 ostensa
1692 2904 1747 2935 per
1770 2893 1991 2924 mathematica
2015 2891 2216 2930 sufficienter,
2233 2891 2314 2924 forte
2337 2891 2448 2933 un‘que
2471 2891 2553 2922 desi·

1548 2946 1664 2971 sterent
1693 2939 1731 2969 ab
1756 2938 1814 2969 hac
1842 2938 1956 2979 puerili
1985 2937 2147 2978 opinione.
2177 2937 2277 2968 Valde
2305 2937 2389 2968 enim
2419 2935 2555 2978 simplet

1548 2991 1658 3024 putare
1683 2983 1942 3024 unumquodque
1963 2983 2102 3013 latorum
2119 2991 2187 3013 esse
2205 2991 2342 3022 parvum
2362 2980 2555 3022 magnitudi-

1549 3029 1654 3066 nibus,
1671 3028 1746 3069 quia
1765 3027 1889 3058 videtur
1903 3026 2128 3068 aspicientibus
2143 3026 2218 3057 hinc
2238 3026 2331 3057 nobis
2346 3025 2401 3057 sic.
2421 3025 2554 3058 Dictum

1548 3081 1594 3104 est
1610 3073 1741 3114 quidem
1757 3072 1852 3112 igitur
1871 3079 1901 3102 et
1916 3071 2014 3112 prius,
2038 3070 2070 3101 in
2086 3071 2134 3101 his
2154 3080 2235 3112 quae
2260 3070 2340 3102 circa
2356 3069 2554 3111 superiorem

1549 3118 1658 3148 locum
1675 3116 1938 3151 theorematibus:
1965 3115 2099 3146 dicimus
2119 3122 2227 3146 autem
2247 3115 2380 3146 eandem
2396 3113 2553 3146 rationem

1549 3170 1579 3194 et
1602 3172 1697 3193 nunc.
1723 3161 1755 3192 Si
1781 3161 1866 3192 enim
1889 3168 1920 3192 et
1939 3160 2104 3191 distantiae
2127 3160 2239 3200 plenae
2261 3159 2346 3200 igne,
2370 3166 2401 3190 et
2419 3167 2555 3200 corpora

1549 3213 1694 3238 constant
1717 3215 1754 3236 ex
1777 3205 1860 3246 igne,
1884 3205 1963 3236 olim
1986 3204 2197 3236 annihilatum
2212 3204 2323 3245 utique
2343 3209 2424 3235 esset
2439 3205 2556 3234 unum&

1549 3251 1703 3292 quodque
1726 3250 1863 3281 aliorum
1887 3250 2128 3281 elementorum.

1482 3299 1523 3327 At
1538 3306 1613 3327 vero
1639 3305 1741 3336 neque
1765 3305 1835 3325 aere
1859 3295 1929 3326 solo
1954 3294 2062 3335 plena:
2080 3293 2220 3324 multum
2236 3292 2321 3324 enim
2338 3291 2448 3334 utique
2467 3301 2553 3323 exce—

1548 3340 1635 3371 deret
1661 3339 1883 3381 aequalitatem
1910 3338 2093 3370 communis
2116 3337 2280 3378 analogiae
2308 3337 2348 3368 ad
2375 3335 2553 3368 coelemen-

1549 3385 1625 3415 taria
1649 3394 1792 3425 corpora.

1483 3430 1523 3460 Et
1547 3429 1641 3460 etiarn
1666 3429 1690 3459 si
1716 3429 1843 3459 duobus
1868 3427 2031 3459 elementis
2055 3427 2168 3468 plenus
2193 3426 2248 3468 qui
2273 3424 2479 3457 intermedius
2495 3431 2554 3456 ter·

1549 3484 1600 3504 rae
1624 3481 1654 3504 et
1678 3473 1755 3504 caeli
1777 3473 1868 3504 locus
1896 3480 1951 3503 est.
1976 3472 2072 3503 Nulla
2095 3471 2192 3510 enim,
2217 3478 2253 3502 ut
2275 3477 2322 3501 est
2345 3469 2459 3508 dicere,
2482 3478 2554 3510 pars

1550 3526 1647 3549 terrae
1666 3525 1712 3549 est
1739 3517 1852 3555 moles,
1872 3517 1905 3547 in
1932 3526 1996 3557 qua
2023 3522 2171 3547 contenta
2198 3522 2244 3546 est
2266 3521 2296 3546 et
2324 3513 2429 3544 omnis
2441 3521 2555 3554 aquae

1550 3562 1736 3600 multitudo,
1748 3562 1787 3592 ad
1800 3561 1993 3592 ambientem
2006 3559 2269 3600 magnitudinem.
2279 3558 2433 3590 Videmus
2445 3563 2554 3588 autem

1551 3617 1616 3637 non
1632 3606 1664 3637 in
1681 3613 1767 3637 tanta
1791 3605 2009 3645 magnitudine
2033 3604 2152 3635 factum
2171 3612 2334 3634 excessum
2353 3601 2459 3639 molis,
2479 3609 2554 3632 cum

1551 3661 1588 3681 ex
1614 3661 1695 3691 aqua
1719 3650 1894 3690 disgregata
1917 3659 1969 3680 aer
1989 3647 2060 3686 fiat,
2084 3654 2139 3679 aut
2157 3647 2238 3688 ignis
2263 3656 2299 3677 ex
2315 3652 2402 3676 aere:
2427 3654 2554 3676 necesse
