2782 4134
1101 277 1212 314 CAP.
1242 278 1310 325 III,
1341 277 1492 314 LECT.
1521 276 1609 312 VIII

266 358 296 387 in
317 357 398 395 quod
426 361 633 384 transmutatur
660 353 769 391 aliquid
796 362 848 390 per
867 353 1083 390 generationem
1104 355 1148 382 vel
1170 355 1331 391 corruptio-

265 407 343 432 nem,
365 396 542 434 quandoque
563 393 704 431 significat
717 402 777 427 em,
793 393 971 429 quandoque
985 402 1045 420 non
1060 402 1119 421 ens.
1135 394 1331 422 Manifestatur

265 438 323 466 hoc
343 436 374 464 in
395 442 496 464 mutua
515 433 701 471 generatione
721 432 794 469 ignis
816 438 844 460 et
864 438 965 467 terrae,
984 433 1095 460 utendo
1110 433 1248 469 opinione
1263 435 1331 462 Par-

266 476 390 506 menidis
415 475 497 512 quod
517 473 591 511 ignis
611 473 648 501 sit
668 481 734 507 ens,
755 478 832 500 terra
856 478 954 500 autem
979 481 1040 499 non
1066 481 1125 500 ens.
1147 474 1233 510 Ergo,
1254 473 1332 501 iuxta

266 518 344 545 hunc
364 515 492 552 primum
513 513 644 551 modum,
666 511 814 548 corruptio
840 511 962 548 simplex
983 517 1025 539 est
1050 511 1096 539 via
1116 511 1147 539 in
1167 513 1333 549 simpliciter

266 565 329 585 non
349 564 409 591 ens,
431 553 578 592 generatio
600 552 720 588 simplex
741 557 783 579 est
796 550 843 579 via
863 549 893 578 in
914 550 1081 586 simpliciter
1096 560 1155 578 ens.
1167 567 1187 571 —
1203 552 1228 579 3.
1248 549 1331 579 Diffi-

225 603 229 606 ·
267 596 366 624 cultas.
388 596 443 623 Per
463 603 525 622 non
546 601 596 621 ens
617 590 791 628 simpliciter,
809 590 838 618 in
859 590 940 627 quod
961 589 1207 618 dicituritendere
1234 600 1333 618 corru-

266 636 328 673 ptio
350 635 470 671 simplex
484 655 492 669 ,
513 641 575 661 non
603 637 698 669 potest
718 629 836 667 intelligi
866 638 961 666 neque
991 629 1021 657 id
1042 630 1122 666 quod
1148 636 1190 657 est
1211 631 1333 658 omnino

266 675 352 711 nihil,
374 682 469 711 neque
489 671 612 710 privatio
632 680 706 708 pura
727 669 788 698 sine
809 669 913 697 forma.
936 670 1077 697 Remanet
1097 678 1166 706 ergo
1188 670 1269 705 quod
1289 669 1333 697 in-

267 715 410 752 telligatur
429 712 553 750 privatio
574 710 659 740 alicui
672 710 783 739 formae
798 708 942 737 adiuncta.
958 709 1014 736 Sed
1029 707 1145 736 cuilibet
1158 709 1269 736 formae
1282 718 1335 736 na-

267 753 351 783 turali
379 753 409 781 in
440 753 484 780 his
511 750 694 779 inferioribus
721 748 887 786 adiungitur
913 747 1052 785 privatim
1079 757 1148 785 ergo
1176 748 1336 776 differentia

268 794 412 831 assignata
442 792 516 820 inter
537 790 703 827 simpliciter
723 795 751 817 et
771 798 833 817 non
863 788 1029 824 simpliciter
1049 787 1179 825 generari
1205 788 1250 815 vel
1271 797 1335 816 cor-

267 833 378 870 rumpi,
400 841 462 861 non
488 831 600 859 videtur
620 829 804 858 conveniens.
818 845 848 861 β-
862 828 984 856 Solutio.
1012 829 1078 856 Non
1099 837 1150 856 ens
1171 827 1337 863 simpliciter

268 872 433 911 intelligitur
454 871 501 900 hic
520 869 642 899 materia
662 878 728 897 cum
757 867 918 905 privatione
944 867 1080 896 adiuncta
1110 866 1194 896 alicui
1215 867 1335 895 formae.

269 913 327 942 Sed
347 912 451 949 duplex
467 917 511 939 est
523 910 632 938 forma:
651 918 711 937 una
724 908 856 945 perfecta,
873 917 947 945 quae
969 908 1096 944 complet
1116 906 1259 944 speciem;
1281 907 1337 935 alia

268 952 444 990 imperfecta,
459 959 535 988 quae
547 958 643 986 neque
657 948 782 985 speciem
803 948 964 976 naturalem
979 947 1098 984 perficit,
1112 956 1207 984 neque
1224 953 1266 975 est
1279 953 1336 975 ter-

269 993 366 1023 minus
386 989 553 1020 intentionis
574 995 703 1024 naturae,
718 988 769 1016 sed
791 994 834 1016 est
853 988 883 1016 in
903 987 950 1016 via
974 986 1167 1024 generationis
1189 993 1217 1015 et
1237 995 1336 1015 corru-

269 1031 386 1071 ptionis.
402 1030 599 1059 Manifestatur
613 1029 670 1057 hoc
691 1037 741 1065 per
756 1027 895 1064 exempla.
912 1027 1038 1062 Quando
1060 1026 1145 1064 igitur
1164 1035 1216 1063 per
1237 1036 1336 1054 corru-

268 1072 400 1110 ptionem
428 1069 592 1107 pervenitur
618 1068 649 1096 in
676 1067 867 1104 privationem
900 1067 946 1096 cui
967 1066 1132 1104 adiungitur
1156 1066 1186 1094 in
1217 1066 1338 1094 materia

269 1112 365 1141 forma
385 1110 576 1146 incompleta,
597 1108 630 1137 fit
650 1107 798 1144 corruptio
826 1107 998 1145 simpliciter
1018 1113 1046 1135 et
1066 1106 1213 1143 generatio
1234 1115 1337 1134 secun-

270 1152 339 1180 dum
361 1151 445 1189 quid:
467 1159 482 1178 e
497 1158 637 1178 converso
651 1154 758 1182 autem,
773 1157 839 1176 curn
857 1157 891 1176 ex
912 1146 1072 1184 privatione
1094 1146 1140 1174 cui
1154 1145 1339 1183 coniungitur

269 1191 334 1220 talis
347 1191 443 1219 forma
455 1189 640 1228 incompleta,
655 1187 819 1224 pervenitur
829 1188 866 1215 ad
877 1187 1002 1215 formam
1013 1186 1258 1223 completam—4.
1270 1185 1336 1214 Alio

271 1231 356 1265 modo
378 1229 518 1267 contingit
532 1237 594 1257 esse
610 1227 825 1266 generationem
840 1226 1016 1263 simplicem,
1037 1225 1254 1262 corruptionem
1267 1234 1336 1254 vero

408 1350 510 1390 εἴηῆ
521 1336 625 1372 oluta
640 1333 874 1372 dubitatione
889 1344 1006 1381 quam
1021 1331 1280 1369 introduxerat
1290 1331 1338 1368 de

339 1420 359 1437 .,
378 1420 391 1425 ,
408 1377 511 1426 ’Ἑὲιεῖ
522 1387 764 1425 continuitate
780 1392 796 1407 ⁰²
810 1384 1074 1434 generationis,
1089 1384 1151 1421 hic
1169 1383 1342 1433 procedit

332 1451 448 1493 ,1'‘„³„*g=†,2,
461 1432 512 1478 *w
523 1442 571 1479 ad
590 1441 820 1478 solvendum
846 1439 1108 1488 quaestionem
1126 1437 1340 1487 principali-

335 1488 442 1526 l-'ss'“·⁴*‘3
472 1493 507 1528 »ᾧ
521 1502 579 1532 ter
597 1494 780 1531 intentam
796 1492 827 1530 ³⁸.
849 1493 898 1528 Et
922 1491 1020 1528 circa
1038 1492 1114 1528 hoc
1138 1490 1215 1528 duo
1235 1490 1337 1527 facit:

238 1547 244 1553 '
271 1549 395 1601 primo
425 1555 558 1586 movet
586 1545 868 1596 quaestionem3
898 1544 1067 1581 secundo
1097 1543 1210 1581 solvit
1238 1555 1337 1592 eam,

272 1603 341 1642 ibi:
375 1600 699 1645 Quemadmodum
732 1598 832 1635 enim
860 1597 1191 1635 determinavimus
1205 1597 1309 1634 *etc

325 1652 426 1694 Dicit
453 1666 543 1703 ergo
571 1652 696 1703 primo
724 1651 831 1701 quod
851 1651 989 1688 iterum
1019 1657 1074 1688 est
1101 1658 1339 1699 perscrutan-

273 1709 366 1748 dum
384 1706 403 1737 Ρ
421 1719 538 1758 quare
567 1705 758 1755 quaedam
784 1704 956 1741 dicantur
984 1704 1200 1754 simpliciter
1227 1716 1340 1752 gene-

272 1762 345 1800 rari
373 1769 409 1799 et
436 1759 642 1809 corrumpi,
667 1758 860 1807 quaedam
889 1765 1017 1794 autem
1037 1769 1134 1804 non;
1164 1757 1259 1794 sicut
1287 1757 1340 1794 di-

237 1841 244 1848 ·
273 1823 376 1854 ctum
406 1821 461 1852 est
487 1813 508 1836 ²¹²
530 1813 569 1851 in
599 1811 915 1850 determinatione
934 1810 1195 1859 praecedentis
1224 1822 1339 1859 quae-

273 1867 403 1907 stionis
421 1873 437 1894 ⁷
457 1867 561 1916 quod
590 1864 782 1914 generatio
802 1864 914 1901 huius
944 1871 1000 1901 est
1019 1864 1211 1913 corruptio
1231 1863 1338 1911 illius,

273 1929 310 1960 et
337 1921 528 1970 corruptio
557 1919 670 1956 huius
700 1925 754 1955 est
773 1917 967 1966 generatio
997 1917 1160 1955 alterius.
1181 1917 1341 1954 Videtur

273 1975 377 2014 enim
406 1974 482 2011 hoc
510 1972 702 2022 requirere
722 1970 918 2021 quandam
948 1970 1152 2007 rationem:
1173 1982 1266 2007 nam
1295 1982 1340 2007 ex

273 2040 351 2078 quo
378 2027 399 2050 '⁸'
431 2026 647 2064 adinvicem
686 2031 911 2073 generantur
945 2031 981 2060 et
1018 2031 1340 2072 corrumpuntur,

271 2081 423 2120 videtur
451 2080 557 2129 quod
581 2078 718 2116 eadem
745 2077 889 2114 ratione
918 2076 964 2113 sit
983 2076 1202 2126 simpliciter
1228 2089 1340 2125 gene-

273 2130 368 2172 ratio
389 2142 426 2171 et
445 2131 637 2182 corruptio
656 2131 770 2168 unius
790 2137 828 2167 et
850 2129 1012 2167 alterius.
1033 2129 1209 2167 Dicimus
1239 2130 1340 2166 enim

273 2186 312 2226 in
341 2187 499 2225 diversis
526 2198 626 2236 quae
655 2197 734 2222 non
763 2196 809 2220 ex
836 2183 856 2205 *
884 2182 1052 2220 invicem
1089 2191 1338 2231 generantur,

273 2240 456 2291 quoniam
484 2238 626 2289 aliquid
662 2236 918 2285 corrumpitur
952 2236 1171 2285 simpliciter
1198 2243 1235 2273 et
1262 2249 1342 2273 non

273 2294 399 2331 solum
418 2294 490 2331 hoc
506 2292 538 2339 ³¹²,
559 2291 655 2329 idest
679 2290 893 2328 secundum
913 2289 1023 2339 quid;
1045 2297 1082 2327 et
1099 2289 1206 2338 quod
1225 2301 1340 2338 quae-

273 2347 364 2385 dam
393 2354 449 2384 est
476 2344 694 2394 simpliciter
729 2342 933 2392 generatio·
960 2355 1028 2379 seu
1063 2342 1275 2392 corruptio,
1306 2350 1342 2379 et

273 2399 381 2450 quod
399 2399 592 2450 quaedam
613 2403 841 2446 generantur
859 2395 1072 2434 secundum
1095 2395 1187 2443 quid
1207 2404 1244 2433 et
1262 2408 1342 2433 non

273 2452 511 2504 simpliciter3
541 2451 637 2489 sicut
664 2450 826 2488 dicimus
854 2449 961 2498 quod
987 2449 1048 2486 ille
1077 2449 1140 2499 qui
1170 2449 1339 2496 addiscit,

272 2506 316 2545 fit
343 2506 500 2556 quidem
529 2504 663 2552 sciens,
684 2503 789 2554 quod
818 2510 873 2540 est
891 2501 974 2539 fieri
1004 2503 1216 2539 secundum
1237 2502 1340 2552 quid,

273 2572 352 2598 non
379 2567 510 2597 tamen
542 2558 585 2595 fit
622 2556 858 2606 simpliciter,
893 2555 982 2605 quia
1010 2555 1229 2605 simpliciter
1263 2563 1342 2592 erat

273 2612 388 2651 etiam
404 2619 611 2662 antequam
626 2617 724 2647 esset
737 2609 871 2647 sciens.
888 2610 947 2646 De
961 2616 1125 2658 utroque
1141 2621 1230 2657 ergo
1252 2621 1341 2646 con—

273 2665 522 2704 siderandum
551 2671 623 2701 est:
652 2663 792 2700 scilicet
810 2674 928 2712 quare
956 2662 995 2699 in
1013 2662 1200 2710 generatis
1222 2674 1267 2699 ex
1285 2662 1341 2699 in-

238 2746 244 2752 ·
273 2719 399 2758 vicem
417 2718 438 2741 *
458 2717 649 2768 quaedam
679 2716 856 2766 dicuntur
874 2715 1046 2764 generari
1069 2715 1287 2765 simpliciter
1306 2722 1342 2752 et

299 2772 468 2810 uaedam
497 2770 710 2808 secundum
738 2768 846 2818 quid;
877 2776 913 2805 et
947 2781 1064 2818 quare
1094 2770 1209 2806 etiam
1247 2769 1342 2805 haec

274 2785 488 2864 differentia
517 2823 709 2872 contingat
727 2822 766 2859 in
793 2822 851 2859 his
879 2834 977 2871 quae
998 2834 1077 2859 non
1105 2834 1150 2859 ex
1175 2822 1341 2860 invicem

273 2885 513 2928 generantur.

328 2944 364 2970 2.
381 2931 531 2969 Deinde
542 2942 630 2967 cum
647 2928 749 2966 dicit:
769 2927 1095 2970 Quemadmodum
1111 2928 1210 2965 enim
1225 2928 1342 2964 deter-

274 2986 502 3023 minavimus
530 2991 614 3031 etc„
635 2982 748 3020 solvit
775 2981 1028 3030 praemissam
1056 2981 1341 3030 quaestionem:

275 3045 312 3075 et
337 3038 464 3088 primo
492 3037 531 3074 in
558 3036 616 3074 his
644 3048 744 3085 quae
771 3042 1001 3083 generantur
1030 3034 1263 3080 adinvicem;
1285 3046 1341 3071 se-

275 3091 401 3129 cundo
421 3091 461 3128 in
479 3089 537 3128 his
556 3102 654 3138 quae
673 3101 753 3126 non
772 3095 1000 3136 generantur
1019 3087 1246 3134 adinvicem,
1268 3087 1340 3124 ibi:

329 3276 358 3310 α)
375 3275 562 3302 continuitate.
579 3288 598 3293 -
611 3273 794 3306 perpetuitate
811 3274 848 3304 A;
867 3273 900 3299 cf.
918 3274 977 3299 lect.
998 3280 1055 3306 seq.
1073 3281 1145 3298 num.
1166 3272 1189 3298 3.
1207 3286 1226 3292 —
1243 3273 1343 3298 Eadem

275 3313 343 3338 linea
360 3319 409 3344 pro
422 3310 556 3343 procedit,
574 3309 678 3335 accedit
695 3309 780 3334 PCab.

329 3346 356 3381 β)
371 3345 608 3380 perscrutandum.
630 3358 649 3364 -
673 3344 845 3370 tractandum
869 3345 902 3370 A.
924 3358 943 3364 -—
964 3345 1034 3369 Ante
1059 3343 1198 3375 corrumpi
1224 3347 1343 3376 repetunt

274 3383 407 3417 quaedam
425 3381 511 3407 PCab.
528 3395 548 3400 -
565 3381 616 3406 Pro
633 3380 710 3410 sicut,
729 3380 777 3406 sed
794 3381 863 3406 sicut
880 3380 956 3411 ACa,
976 3380 1041 3404 forte
1058 3387 1108 3412 pro
1129 3378 1154 3403 si
1170 3378 1252 3406 sicut,
1271 3377 1342 3409 quod

276 3419 414 3444 lectionem
433 3417 516 3450 magis
529 3416 674 3449 expeditam
685 3415 777 3447 reddit,
792 3416 935 3441 dummodo
955 3419 1016 3449 post
1033 3422 1113 3439 unam
1131 3414 1226 3438 lineam
1238 3412 1340 3438 omitta-

275 3459 319 3479 tur
336 3461 396 3479 cum
415 3453 454 3477 Ca
472 3452 544 3485 quod
562 3456 621 3476 ante
639 3451 786 3485 generatio.
802 3451 841 3476 Cf.
855 3456 909 3476 not.
923 3458 978 3483 seq.
994 3455 1020 3475 et
1038 3455 1145 3474 textum.

329 3489 356 3523 γ)
373 3487 559 3520 praecedentis
577 3487 748 3520 quaestionis.
761 3500 780 3506 -
788 3486 975 3519 praecedentis
993 3493 1046 3510 om.
1060 3486 1118 3509 A.·-
1127 3484 1165 3508 Ca
1178 3489 1342 3516 prosequun-

277 3529 333 3550 tur:
352 3524 422 3549 idem
441 3523 481 3555 (id
500 3523 569 3548 idem
588 3522 620 3555 C)
639 3525 679 3548 est
696 3522 836 3556 generatio
855 3521 1008 3547 huiusmodi
1026 3520 1120 3553 (huius
1139 3519 1174 3550 C)
1189 3521 1234 3558 „est
1253 3517 1290 3549 (et
1308 3516 1340 3548 C)

277 3559 414 3592 corruptio
434 3558 587 3584 huiusmodi
605 3558 698 3591 (huius
717 3558 752 3591 C)
771 3561 798 3583 et
815 3557 953 3589 corruptio
967 3554 1119 3581 huiusmodi
1137 3553 1226 3586 (huius
1244 3552 1275 3585 C)
1294 3558 1341 3584 ge-

277 3595 382 3621 neratio
401 3594 480 3620 illius.

330 3629 355 3663 δ)
370 3629 502 3663 proponit
526 3632 580 3655 tres
604 3629 743 3656 modos...
765 3627 928 3661 simpliciter.
946 3640 965 3646 -
977 3626 1058 3659 ponit
1078 3623 1172 3649 modos
1196 3621 1339 3648 secundum

2376 287 2447 323 291

1386 355 1546 383 secundum
1568 353 1647 391 quid,
1661 354 1706 382 vel
1727 363 1743 382 e
1764 363 1914 389 converso,
1930 353 1998 391 quia
2016 354 2131 382 termini
2152 356 2399 385 transmutationis
2413 357 2453 386 ita

1386 403 1416 422 se
1438 395 1554 430 habent,
1570 394 1650 431 quod
1671 403 1746 422 unus
1768 400 1811 422 est
1832 394 1983 431 perfectius
2005 403 2056 422 ens
2078 403 2166 431 quarn
2187 395 2275 430 aliud,
2295 405 2354 431 seu,
2376 406 2452 425 unus

1387 443 1417 462 se
1438 434 1524 462 habet
1545 440 1577 461 ut
1597 434 1699 469 forma,
1715 440 1743 462 et
1757 434 1828 462 alter
1848 440 1880 461 ut
1900 433 2033 470 privatio.
2057 435 2229 470 Exemplum
2251 444 2284 463 ex
2310 436 2403 464 calido
2425 443 2453 464 et

1387 473 1500 510 frigido.
1514 490 1535 494 —
1551 474 1576 501 5.
1593 474 1753 508 Quomodo
1774 473 1912 511 frigiditas
1934 473 2045 502 dicatur
2065 482 2127 501 esse
2141 474 2278 510 privatio:
2294 482 2322 503 et
2342 475 2372 503 in
2393 485 2452 512 quo

1387 512 1433 541 hic
1454 514 1560 541 modus
1582 513 1695 542 differat
1715 522 1732 541 a
1752 513 1857 550 primo.
1871 530 1892 534 -
1906 514 2065 548 Quomodo
2082 520 2158 542 terra
2179 520 2206 542 et
2227 514 2300 551 ignis
2322 515 2453 543 dicantur

1388 551 1501 580 differre
1523 552 1617 581 calido
1634 559 1662 581 et
1682 553 1794 590 frigido,
1810 553 1892 590 quasi
1907 553 2072 581 differentiis
2093 553 2334 582 substantialibus.
2350 570 2366 574 —
2385 556 2452 589 Quo

1388 600 1474 619 sensu
1496 591 1606 620 dicatur
1624 592 1653 620 id
1674 593 1755 620 cuius
1770 592 1946 621 differentiae
1966 593 2056 630 magis
2078 592 2238 630 significant
2256 594 2312 622 hoc
2333 593 2452 630 aliquid,

1389 639 1451 658 esse
1466 631 1557 668 magis
1571 632 1765 660 substantia.-
1775 633 1803 660 6.
1814 632 1978 661 Subdivisio
1991 639 2092 660 textus.
2101 649 2120 654 ·-
2133 633 2230 661 Tertio
2244 634 2328 661 modo
2342 634 2454 662 videtur

1389 670 1486 698 multis
1497 671 1643 707 generatio
1654 672 1774 708 simplex
1785 679 1813 700 et
1821 672 1967 709 generatio
1983 673 2142 701 secundum
2151 672 2221 710 quid
2235 673 2326 710 magis
2341 673 2454 701 differre

1389 718 1440 745 per
1454 710 1519 744 hoc,
1534 711 1614 746 quod
1635 710 1704 738 illud
1719 721 1752 739 ex
1767 721 1825 749 quo
1841 718 1869 740 et
1883 712 1912 740 in
1929 713 2010 749 quod
2024 712 2055 740 fit
2075 712 2277 741 transmutatio
2299 719 2341 741 est
2363 713 2454 750 mag1s

1390 749 1435 776 vel
1457 749 1552 776 minus
1574 750 1723 786 sensibile,
1745 761 1831 788 quam
1853 761 1905 788 per
1924 753 1982 780 hoc
2008 753 2088 789 quod
2110 758 2152 780 est
2173 752 2264 789 magis
2292 753 2337 780 vel
2357 753 2454 781 minus

1390 788 1556 831 perfectum.
1575 789 1659 817 Ratio
1680 799 1782 818 eorum
1804 798 1875 827 erat,
1898 791 1966 828 quia
1986 791 2186 820 existimabant
2205 793 2301 820 solum
2322 792 2352 820 id
2374 793 2455 829 quod

1392 834 1512 855 sentitur
1533 837 1594 856 esse
1610 838 1675 856 ens:
1698 839 1759 857 non
1773 830 1849 858 enirn
1865 831 2077 868 distinguebant
2091 841 2207 860 sensum
2222 833 2258 860 ab
2273 832 2453 860 intellectu.-

1393 876 1419 903 7.
1436 866 1554 895 Falsitas
1576 868 1660 895 huius
1682 869 1846 897 sententiae.
1863 870 1941 898 Sicut
1962 871 2001 898 illi
2016 871 2216 900 existimabant
2236 871 2372 900 animalia
2393 881 2454 900 esse

1392 912 1420 934 et
1440 906 1534 934 vivere
1555 916 1588 935 ex
1610 917 1645 936 eo
1668 909 1747 944 quod
1769 909 1894 937 sentiunt
1914 911 1958 938 vel
1979 917 2101 947 possunt
2122 912 2236 947 sentire,
2255 911 2294 940 ita
2314 912 2455 948 putabant

1392 955 1489 974 rerum
1510 955 1572 974 esse
1592 947 1747 975 consistere
1769 948 1798 975 in
1819 949 1875 977 hoc
1896 951 1975 986 quod
1997 951 2158 979 sentiuntur
2181 952 2226 979 vel
2246 957 2369 988 possunt
2389 960 2454 979 sen-

1391 985 1447 1014 tiri.
1463 987 1520 1014 Sed
1541 996 1608 1014 cum
1629 996 1728 1015 verum
1750 987 1860 1016 dicatur
1878 989 1987 1026 aliquid
2008 999 2041 1018 ex
2062 1000 2097 1018 eo
2116 992 2196 1027 quod
2217 997 2267 1026 est,
2282 991 2360 1019 iuxta
2381 991 2455 1019 hanc

1392 1026 1565 1054 sententiam
1586 1027 1665 1055 nulla
1685 1026 1789 1055 veritas
1817 1035 1890 1055 esset
1911 1029 1940 1056 in
1962 1030 2061 1065 rebus,
2084 1031 2134 1058 sed
2155 1030 2185 1058 in
2206 1031 2270 1059 solo
2297 1030 2454 1066 sentiente3

1392 1066 1472 1102 quod
1493 1072 1571 1103 patet
1592 1075 1654 1094 esse
1675 1066 1787 1094 falsum.
1803 1083 1821 1088 -
1836 1068 1863 1095 8.
1878 1068 1978 1096 Differt
1999 1069 2045 1097 hic
2066 1071 2171 1098 modus
2192 1079 2209 1098 a
2230 1072 2367 1105 secundo,
2386 1070 2455 1107 quia

1391 1105 1422 1133 in
1442 1105 1498 1134 isto
1523 1105 1670 1143 generatio
1691 1112 1719 1134 et
1740 1107 1886 1142 corruptio
1908 1107 2071 1144 simpliciter
2092 1116 2119 1137 et
2139 1110 2286 1146 generatio
2307 1117 2335 1138 et
2353 1120 2455 1143 ‚corru-

1391 1145 1453 1182 ptio
1475 1146 1634 1174 secundum
1648 1146 1719 1182 quid
1740 1146 1954 1183 diStinguuntur
1975 1149 2132 1176 secundum
2156 1149 2340 1186 opinionem:
2358 1150 2387 1177 in
2409 1159 2453 1178 se-

1391 1185 1488 1214 cundo
1510 1192 1607 1214 autem
1629 1185 1842 1222 distinguuntur
1863 1188 2021 1215 secundum
2042 1188 2083 1216 rei
2107 1189 2263 1217 veritatem.
2279 1206 2298 1210 —
2312 1200 2340 1226 9.
2356 1189 2455 1226 Epilo-
2499 1207 2503 1209 ἡ

1389 1234 1443 1262 gus
1463 1225 1552 1253 totius
1572 1224 1712 1253 lectionis.

1393 1331 1584 1368 Dicuntur
1602 1336 1727 1368 autem
1746 1332 1840 1368 haec
1858 1332 2005 1380 quidem
2025 1333 2045 1354 ’¹‘
2065 1341 2132 1371 etc.
2155 1335 2264 1372 Circa
2286 1336 2454 1385 primum

1395 1384 1472 1421 duo
1510 1384 1618 1421 facit:
1655 1384 1781 1432 primo
1818 1385 1930 1421 solvit
1967 1387 2252 1434 quaestionem3
2287 1389 2455 1426 secundo

1395 1437 1570 1486 epilogat,
1591 1437 1658 1474 ibi:
1687 1438 1780 1474 Esse
1808 1438 1956 1486 quidem
1977 1439 2093 1488 igitur
2119 1440 2139 1461 ²¹³
2164 1449 2231 1477 etc.
2255 1442 2363 1478 Circa
2381 1442 2455 1491 pri-

1394 1502 1516 1538 mum,
1536 1490 1718 1539 proponit
1736 1498 1811 1527 tres
1836 1490 1976 1527 modos
2004 1494 2214 1530 secundum
2244 1506 2340 1541 quos
2369 1508 2457 1532 con-

1393 1543 1499 1592 tingit
1527 1543 1565 1580 in
1594 1543 1811 1580 adinvicem
1840 1544 2040 1590 generatis,
2077 1546 2181 1593 quod
2209 1547 2318 1583 unius
2346 1559 2457 1594 gene-

1394 1597 1488 1633 ratio
1528 1603 1564 1633 et
1597 1596 1788 1645 corruptio
1828 1596 1874 1632 sit
1910 1596 2128 1645 simpliciter
2164 1596 2198 1645 ⁸,
2239 1607 2273 1636 et
2311 1600 2458 1637 alterius

1393 1649 1607 1687 secundum
1636 1649 1739 1698 quid.

1449 1702 1560 1740 Circa
1587 1714 1752 1752 quorum
1780 1701 1949 1750 primum
1979 1702 2066 1739 dicit
2094 1704 2213 1751 quod,
2244 1704 2336 1741 sicut
2363 1706 2459 1742 mul-

1394 1756 1504 1793 toties
1534 1755 1828 1793 determinatum
1863 1763 1929 1801 est,
1956 1757 2145 1804 quaedam
2171 1770 2267 1806 quae
2297 1758 2459 1795 affirma-

1394 1809 1471 1846 tive
1490 1809 1510 1831 *
1531 1808 1717 1855 dicuntur,
1735 1808 1948 1856 significant
1966 1810 2037 1845 hoc
2055 1810 2207 1858 aliquid,
2229 1810 2325 1847 idest
2339 1811 2460 1860 quod-

1397 1862 1486 1900 dam
1517 1874 1596 1910 ens,
1617 1862 1809 1910 quaedam
1837 1873 1931 1898 vero
1961 1861 2172 1909 significant
2206 1875 2284 1900 non
2314 1876 2395 1901 ens:
2426 1872 2461 1901 et

1397 1928 1442 1952 ex
1463 1916 1545 1952 rhoc
1578 1914 1759 1963 contingit
1786 1914 1824 1951 id
1859 1915 1906 1951 de
1936 1927 2013 1963 quo
2042 1917 2247 1964 quaeritur,
2281 1917 2419 1954 scilicet
2451 1923 2461 1938 ‘

1395 1968 1502 2018 quod
1540 1968 1733 2017 quaedam
1763 1967 1938 2005 dicuntur
1974 1969 2146 2016 generari
2174 1970 2236 2006 vel
2270 1970 2462 2019 corrumpi

1396 2021 1634 2070 simpliciter,
1665 2021 1856 2069 quaedam
1894 2021 2106 2058 secundum
2140 2022 2242 2071 quid.
2282 2023 2417 2060 Differt
2443 2023 2463 2045 '¹‘

1397 2075 1499 2112 enirn
1529 2081 1714 2124 quantum
1735 2074 1784 2111 ad
1811 2075 1897 2120 hoc,
1920 2074 2010 2123 quid
2030 2074 2075 2111 sit
2103 2074 2193 2112 illud
2213 2075 2251 2112 in
2272 2076 2375 2125 quod
2400 2076 2462 2113 ali-

1397 2128 1787 2177 quid1transmutatur
1804 2139 1874 2176 per
1896 2128 2180 2175 generationem
2202 2136 2237 2165 et
2257 2129 2462 2178 corruptio-

1397 2194 1499 2219 nem.
1525 2182 1622 2218 Puta
1641 2181 1671 2217 si
1694 2181 1878 2228 dicamus,
1900 2181 2111 2218 secundum
2133 2181 2354 2230 opinionem
2375 2183 2462 2219 Par-

1397 2234 1572 2282 menidis,
1593 2233 1698 2282 quod
1714 2233 1808 2281 ignis
1829 2233 1874 2270 sit
1890 2245 1956 2270 ens
1977 2241 2012 2271 et
2030 2241 2128 2271 terra
2148 2247 2226 2271 non
2249 2248 2327 2283 ens,
2344 2243 2461 2272 trans-

1397 2287 1557 2325 mutatio
1578 2294 1677 2336 quae
1706 2294 1762 2323 est
1788 2286 1851 2323 via
1879 2287 1917 2323 in
1946 2287 2084 2335 ignem,
2112 2295 2203 2336 puta
2232 2288 2262 2324 si
2290 2301 2335 2325 ex
2364 2295 2461 2325 terra

1396 2348 1598 2389 generetur
1611 2339 1718 2388 ignis,
1732 2340 1877 2377 dicetur
1890 2340 1910 2362 '¹‘
1924 2340 2115 2388 generatio
2132 2341 2357 2389 simpliciter,
2374 2342 2462 2390 quia

1397 2401 1453 2432 est
1470 2394 1534 2431 via
1557 2393 1596 2430 in
1621 2405 1704 2439 ens;
1726 2393 1919 2442 corruptio
1949 2400 2076 2430 autem
2096 2393 2116 2415 ‘¹‘
2135 2406 2213 2431 non
2233 2394 2459 2443 simpliciter,

1396 2447 1464 2485 sed
1491 2447 1662 2493 alicuius,
1682 2446 1823 2483 scilicet
1849 2453 1982 2494 terrae,
2003 2459 2102 2495 quae
2131 2455 2186 2484 est
2213 2460 2291 2484 non
2319 2460 2397 2485 enS.
2427 2449 2460 2485 E

1397 2513 1586 2538 converso
1625 2506 1755 2537 autem
1789 2499 1982 2548 generatio
2019 2507 2139 2536 terrae
2174 2500 2243 2537 erit
2270 2501 2460 2548 generatio

1396 2554 1536 2603 aliqua,
1557 2565 1636 2590 non
1661 2560 1790 2590 autem
1811 2553 2003 2601 generatio
2020 2553 2194 2602 simplex,
2220 2553 2307 2602 quia
2327 2561 2382 2590 est
2400 2567 2461 2602 ge-

1396 2607 1542 2644 neratio
1571 2619 1650 2643 non
1671 2606 1783 2653 entis;
1804 2606 1872 2643 sed
1893 2613 1949 2642 est
1963 2606 2160 2655 ‚corruptio
2182 2606 2352 2655 simplex,
2373 2607 2461 2655 quia

1397 2660 1477 2698 estg
1497 2659 1689 2708 corruptio
1706 2659 1813 2706 entis,
1829 2659 1969 2697 scilicet
1987 2659 2093 2707 ignis.
2111 2659 2173 2696 Sic
2189 2660 2291 2696 enim
2307 2661 2460 2697 Parme-

1396 2713 1504 2751 nides
1521 2713 1610 2750 dixit
1629 2713 1707 2750 duo
1728 2724 1810 2749 esse
1829 2712 2013 2761 principia
2032 2724 2172 2760 rerum,
2189 2712 2327 2749 scilicet
2343 2726 2409 2750 ens
2425 2720 2461 2750 et

1397 2779 1477 2804 non
1496 2779 1576 2814 ens,
1597 2766 1793 2815 appellans
1813 2777 1880 2802 ens
1900 2765 2038 2813 ignem,
2060 2773 2096 2802 et
2119 2778 2197 2802 non
2218 2778 2284 2802 ens
2303 2773 2458 2811 terram;

1397 2821 1493 2857 forte
1512 2826 1669 2869 propter
1695 2819 1782 2866 hoc,
1804 2818 1909 2868 quod
1937 2818 2031 2866 ignis
2050 2818 2146 2855 inter
2174 2818 2245 2855 alia
2274 2819 2459 2855 elementa

1397 2873 1513 2910 habet
1530 2873 1616 2922 plus
1637 2872 1683 2909 de
1703 2872 1839 2919 forma,
1859 2879 1957 2908 terra
1976 2883 2071 2908 vero
2096 2871 2232 2907 minus.
2249 2892 2272 2898 -
2289 2872 2374 2907 Hoc
2394 2883 2458 2907 au-

1396 2933 1474 2963 tem
1495 2926 1715 2974 exemplum
1758 2937 1836 2961 non
1863 2924 2035 2973 procedit
2071 2923 2281 2959 secundum
2310 2931 2457 2959 senten-

1397 2979 1489 3017 tiam
1509 2978 1730 3025 Aristotelis,
1757 2977 1820 3026 qui
1847 2976 2070 3013 existimavit
2097 2984 2299 3024 utrumque
2329 2988 2411 3012 esse
2439 2975 2459 2997 ²¹³

1398 3045 1482 3070 ens:
1514 3040 1551 3069 et
1573 3032 1660 3069 ideo
1682 3030 1871 3077 subiungit
1898 3029 2003 3078 quod
2034 3028 2124 3064 nihil
2154 3028 2277 3064 differt
2304 3029 2352 3065 ad
2370 3041 2457 3076 pro-

1395 3086 1564 3135 positum
1580 3084 1666 3122 talia
1686 3084 1859 3131 exempla
1873 3082 1934 3119 vel
1955 3081 2026 3118 alia
2045 3093 2260 3129 supponere
2282 3086 2308 3116 η.
2332 3082 2457 3128 Quae-

1397 3278 1463 3303 quos
1480 3269 1613 3301 contingit
1633 3267 1779 3292 adinvicem
1798 3265 1935 3298 generari,
1955 3264 2027 3297 quod
2040 3263 2182 3296 (quomodo
2200 3264 2300 3289 scilicet
2312 3264 2360 3295 1²17)
2379 3265 2457 3290 unius

1396 3305 1536 3339 generatio
1554 3303 1664 3328 alterius
1678 3301 1816 3333 corruptio
1834 3300 1869 3325 sit
1887 3300 1939 3330 (sit
1958 3299 2068 3324 alterius
2092 3299 2228 3330 corruptio
2248 3299 2305 3330 PC,
2325 3300 2456 3332 quomodo

1397 3341 1496 3366 scilicet
1513 3338 1650 3370 corruptio
1668 3338 1704 3362 sit
1719 3337 1759 3361 ed.
1773 3336 1803 3367 b)
1821 3335 1978 3366 simpliciter
1996 3334 2080 3359 PCab.

1450 3375 1472 3407 ε)
1492 3374 1521 3399 id
1536 3374 1569 3398 de
1582 3380 1634 3405 quo
1652 3371 1798 3405 quaeritur,
1814 3370 1921 3396 scilicet.
1933 3384 1954 3389 -
1968 3369 1996 3394 id
2010 3369 2043 3394 de
2055 3376 2106 3401 quo
2120 3369 2219 3394 dicitur
2232 3369 2331 3395 scilicet
2344 3370 2407 3399 Cab,
2422 3375 2455 3402 et,

1396 3410 1495 3435 omisso
1513 3409 1619 3436 scilicet,
1639 3407 1669 3432 P.

1449 3445 1474 3477 ζ)
1493 3443 1632 3477 generatio
1645 3449 1696 3467 non
1711 3441 1805 3466 entis...
1819 3440 1881 3473 quia
1895 3443 1941 3465 est.
1951 3453 1969 3458 -
1978 3440 2036 3464 Hoc
2049 3439 2242 3466 homoteleuton
2251 3448 2305 3465 om.
2315 3440 2362 3465 Ca.
2377 3454 2391 3459 -
2405 3441 2456 3465 Pro

1396 3481 1441 3506 Sic
1460 3480 1537 3508 enim,
1557 3478 1625 3503 sicut
1643 3477 1731 3502 ACab.

1448 3515 1475 3546 η)
1495 3514 1562 3538 taIia
1580 3513 1704 3544 exempla
1727 3512 1768 3536 vel
1786 3511 1841 3536 alia
1864 3517 2020 3543 supponere.
2038 3525 2056 3529 -
2073 3517 2221 3542 supponere
2244 3511 2310 3535 taIia
2332 3511 2457 3542 exempla

1395 3551 1436 3575 uel
1454 3549 1552 3574 similia
1570 3549 1608 3579 A;
1627 3548 1666 3572 Ca
1684 3555 1738 3572 om.
1752 3553 1907 3579 supponere,
1922 3551 1947 3570 et
1961 3550 2085 3579 pergunt:
2107 3546 2267 3576 Quaerimus
2288 3546 2357 3571 enim
2377 3546 2457 3571 redu-

1394 3585 1478 3611 cendo
1496 3583 1603 3609 modum
1621 3583 1669 3608 sed
1687 3590 1739 3607 non
1757 3582 1909 3610 subiectum,
1925 3589 1976 3607 non
1990 3584 2114 3607 curantes
2133 3584 2223 3606 utrum
2241 3581 2354 3611 scilicet;
2371 3586 2456 3606 trans-

1395 3620 1550 3654 positionem
1569 3622 1658 3644 utrum
1677 3618 1776 3643 scilicet
1794 3617 1870 3642 etiam
1889 3617 1934 3642 Pb.

2485 1344 2493 1351 ·
2509 1343 2572 1364 Lect.
2589 1349 2636 1370 seq.

2484 1447 2494 1458 ⁸
2510 1448 2580 1469 Num.
2596 1454 2619 1475 9.

2488 1820 2496 1826 “
2512 1816 2669 1844 affirmativae
2678 1822 2700 1837 Ρ.

2586 1924 2596 1939 Ξ

2491 2032 2499 2041 ·
2508 2031 2627 2058 Differunt
2636 2031 2702 2052 reab-

2489 2350 2498 2358 '
2508 2349 2625 2370 diceretur
2635 2345 2701 2370 rcab’.

2490 2406 2498 2414 '¹
2513 2407 2591 2452 gutem
2610 2411 2658 2426 om.
2674 2411 2701 2426 rc

2489 2437 2503 2452 a
2529 2447 2533 2452 .

2486 2982 2494 2991 ·
2506 2986 2558 3002 esse
2572 2986 2619 3002 om.
2631 2979 2696 3001 reah.

2583 3091 2598 3114 ’l
