2782 4134
317 301 364 337 92

992 277 1062 313 DE
1093 272 1267 311 CAELO
1297 270 1368 307 ET
1397 266 1591 305 MUNDO
1621 266 1715 301 LIB.
1748 265 1761 300 I

877 498 1169 558 LEcT10
1213 471 1926 550 VIGEsnuATERTm

691 661 970 696 EXCLUDITUR
991 658 1125 690 PRIMO
1149 654 1396 687 EXCUSATIO
1422 654 1701 692 QUORUNDAM
1724 653 2073 686 PLATONICORUM
2098 672 2116 678 -

466 725 624 758 DEINDE
649 718 955 754 IMPROBANTUR
978 716 1107 747 ALIAE
1131 714 1249 746 DUAE
1274 712 1502 744 OPINIONES
1525 711 1708 742 POSITAE
1733 711 1776 742 IN
1799 711 2104 743 PRAECEDENTI
2129 711 2350 744 LECTIONE

308 869 371 902 ''Hv
396 862 433 897 δέ
458 876 542 901 τινες
572 859 728 901 βοήθειαν
761 855 965 900 ἐπιχειροῦσι
997 853 1104 898 φέρειν
1137 853 1271 889 ἑαυτοῖς
1305 851 1370 883 τῶν

381 908 547 955 λεγόντων
567 905 732 948 ἄφθαρτον
750 901 808 945 μὲν
827 896 912 931 εἶναι
929 899 1105 945 γενόμενον
1127 892 1178 937 δέ,
1200 897 1258 928 οὐκ
1280 895 1370 927 ἔστιν

384 951 507 990 ἀληθής
519 963 526 970 ·
553 952 669 994 ὁμοίως
686 945 750 992 γάρ
771 955 851 989 φασι
869 947 939 980 τοῖς
958 943 1006 976 τά
1022 938 1273 987 διαγράμματα
1291 939 1373 986 γρά-

381 1008 474 1040 φουσι
497 997 552 1027 καὶ
578 994 658 1037 σφᾶς
684 989 849 1032 εἰρηκέναι
874 989 947 1032 περὶ
973 987 1035 1025 τῆς
1052 985 1226 1033 γενέσεως,
1247 985 1310 1029 οὐχ
1329 985 1371 1021 ὠς

380 1039 555 1088 γενομένου
581 1035 679 1077 ποτέ,
701 1034 791 1068 ἀλλά
814 1028 1039 1069 διδασκαλίας
1065 1030 1161 1076 χάριν
1180 1030 1222 1067 ὠς
1241 1030 1369 1073 μᾶλλον

380 1082 617 1132 γνωριζόντων,
643 1080 751 1121 ὥσπερ
778 1078 819 1110 τό
844 1072 1047 1123 διάγραμμα
1072 1074 1268 1121 γιγνόμενον
1295 1073 1371 1104 θεα-

380 1128 553 1180 σαμένους.
657 1167 670 1178 a
815 1164 822 1174 Ι
1008 1164 1015 1175 ι
1077 1163 1084 1174 ¹
1151 1160 1158 1171 ,
1200 1161 1224 1181 Ἰ
1255 1162 1263 1173 '
1343 1162 1350 1172 1

315 1175 421 1208 Τοῦτο
453 1168 482 1203 δ’
510 1172 620 1209 εστίν,
646 1179 754 1211 ωσπερ
784 1166 945 1211 λεγομεν,
982 1176 1018 1196 ου
1045 1175 1086 1196 το
1119 1174 1207 1194 αυτο
1253 1174 1286 1194 εν
1311 1173 1370 1206 μεν

378 1217 441 1264 γάρ
467 1217 511 1254 τῆ
538 1213 669 1250 ποιήσει
694 1212 759 1244 τῶν
789 1205 1061 1255 διαγραμμάτων
1095 1207 1234 1239 πάντων
1260 1205 1371 1238 τεθέν-

378 1272 444 1294 των
468 1248 553 1291 εἶναι
580 1257 651 1301 ἅμα
676 1256 717 1288 τὸ
743 1253 829 1287 αὐτὸ
855 1254 1042 1298 συμβαίνει,
1070 1250 1103 1285 ἑν
1128 1247 1166 1284 δὲ
1191 1255 1268 1289 ταῖς
1294 1251 1372 1283 του’-

378 1316 442 1338 των
462 1299 670 1343 ἀποδείξεσιν
690 1300 727 1332 οὐ
746 1297 888 1331 ταύτόν.
918 1299 1009 1330 Ἀλλ’
1029 1293 1219 1331 ἀδύνατον·
1242 1296 1290 1329 τοὶ
1306 1296 1370 1342 γάρ

375 1347 618 1393 λαμβανόμενα
636 1345 796 1398 πρότερον
816 1344 874 1374 καὶ
893 1342 1030 1386 ὕστερον
1049 1343 1240 1375 ὑπεναντία
1259 1341 1368 1373 ἐστίν·

378 1392 413 1434 ἐξ
441 1391 599 1425 ἀτάκτων
625 1402 688 1435 γαρ
721 1400 805 1421 ποτε
838 1387 1037 1434 τεταγμένα
1068 1385 1225 1434 γενέσθαι
1256 1388 1369 1430 φασίν,

379 1437 449 1481 ἅμα
473 1432 510 1468 δὲ
527 1435 567 1468 τὸ
587 1434 673 1467 αὐτὸ
700 1433 853 1466 ἄτακτον
871 1429 956 1464 εἶναι
980 1433 1039 1464 καὶ
1056 1430 1272 1478 τεταγμένον
1293 1425 1372 1463 ἀδό-

376 1493 500 1522 νατον,
529 1479 600 1512 ἀλλ’
631 1477 760 1524 ἀνάγκη
793 1477 922 1522 γένεσιν
948 1474 1034 1508 εἶναι
1067 1476 1131 1512 τήν
1161 1475 1370 1521 χωρίζουσαν

375 1528 433 1558 καὶ
454 1525 589 1571 χρόνον·
613 1525 646 1556 ὲν
663 1518 700 1554 δὲ
717 1526 787 1560 τοῖς
805 1518 1061 1567 διαγράμμασιν
1081 1516 1178 1553 οὐδὲν
1196 1521 1244 1562 τῷ
1265 1519 1371 1565 χρόνῳ

376 1571 589 1615 κεχώρισται.
615 1567 691 1600 Ὅτι
708 1567 768 1610 μὲν
789 1567 844 1599 οὖν
865 1564 1039 1600 ἀδύνατον
1058 1563 1164 1598 αὐτὸν
1184 1564 1240 1608 ἅμ’
1264 1560 1371 1597 ἀίδιον

378 1612 462 1647 εἶναι
485 1615 542 1646 καὶ
567 1611 741 1659 γενέσθαι,
768 1613 921 1657 φανερόν.

380 1655 406 1691 δ’
428 1657 572 1699 ἐναλλάξ
596 1655 794 1689 συνιστάναι
817 1659 876 1689 καὶ
900 1652 1052 1688 διαλύειν
1071 1652 1167 1686 οὐθὲν
1195 1652 1371 1687 ἀλλοιότε-

377 1715 430 1748 ρον
457 1706 561 1735 ποιεῖν
587 1703 677 1734 ἐστὶν
705 1699 725 1737 ἦ
752 1701 792 1732 τὸ
823 1699 1095 1743 κατασκευάζειν
1127 1698 1235 1732 αὑτὸν
1263 1693 1370 1730 ἀίδιον

376 1747 433 1792 μὲν
461 1747 549 1780 ἀλλά
572 1745 842 1789 μεταβάλλοντα
866 1746 931 1783 τήν
956 1744 1102 1789 μορφήν,
1130 1743 1240 1787 ὥσπερ
1266 1745 1296 1774 εἴ
1319 1755 1370 1781 τις

378 1793 413 1824 ἐκ
438 1787 559 1829 παιδός
586 1786 690 1836 ἄνδρα
708 1790 781 1836 γινό
810 1802 881 1823 ενον
905 1791 964 1822 καὶ
985 1790 1021 1831 ἐξ
1040 1785 1101 1822 ἀνδ
1126 1788 1158 1827 ὂς
1180 1782 1292 1821 παῖδα
1312 1788 1371 1820 ὁτὲ

376 1836 434 1881 μὲν
465 1834 650 1879 φθείρεσθαι
683 1835 742 1867 dee*
773 1802 807 1866 gl
832 1832 918 1868 εἶναι
944 1837 1069 1867 οἴοιτο·
1118 1834 1199 1871 ἧλον
1225 1833 1290 1878 γάρ
1317 1831 1371 1864 ὅτι

375 1882 433 1912 καὶ
457 1881 500 1918 εἰς
528 1880 660 1917 ἄλληλα
685 1880 751 1911 τῶν
777 1883 953 1926 στοιχείων
979 1878 1160 1912 συνιόντων
1186 1877 1251 1922 οὐχ
1275 1878 1295 1913 ἡ
1315 1889 1372 1909 τυ-

402 1925 485 1957 οῧσα
509 1923 605 1964 τάξις
632 1926 789 1971 γίγνεται
820 1928 877 1957 καὶ
903 1923 1081 1965 σύστασις,
1110 1920 1186 1956 ἀλλ’
1214 1924 1235 1959 ἡ
1263 1921 1370 1963 αὐτῆ,

375 1937 484 2007 §nme
510 1981 546 2002 τε
571 1970 628 2001 καὶ
653 1968 749 2002 κατά
773 1970 852 2008 τούς
877 1970 1003 2002 τοῦτον
1030 1969 1089 2001 τὸν
1114 1967 1217 2014 λόγον
1243 1966 1371 2009 εἰρηκό-

377 2025 453 2055 τας,
481 2016 509 2046 οἳ
535 2013 596 2051 τῆς
620 2008 800 2051 διαθέσεως
827 2013 991 2058 ἑκατέρας
1019 2013 1200 2045 αἰτιῶνται
1219 2011 1260 2043 το
1279 2012 1373 2043 ἐναν-

377 2061 459 2092 τίον.
492 2057 587 2090 ”Ωστ’
616 2058 644 2089 εἱ
677 2058 718 2091 τὸ
744 2057 820 2090 ὅλον
854 2059 952 2103 σῶμα
983 2058 1118 2103 συνεχὲς
1153 2056 1187 2090 ὂν
1221 2055 1280 2088 ὁτὲ
1313 2055 1372 2100 μὲν

378 2103 481 2140 οὕτως
509 2103 567 2135 ὁτὲ
587 2097 615 2134 δ’
638 2100 766 2140 ἐκείνως
787 2097 984 2136 διατίθεται
1008 2104 1068 2135 καὶ
1085 2098 1370 2144 διακεκόσμηται,

376 2148 396 2184 ἡ
422 2143 459 2179 δὲ
482 2148 544 2179 τοῦ
571 2146 648 2179 ὅλου
676 2146 840 2185 σύστασίς
873 2148 947 2180 ἐστι
978 2146 1102 2190 κόσμος
1134 2149 1192 2179 καὶ
1218 2145 1371 2189 οὐρανός,

377 2191 435 2223 οὐκ
462 2190 499 2223 ἂν
519 2193 535 2223 ὁ
552 2191 675 2236 κόσμος
696 2194 850 2238 γίγνοιτο
875 2194 933 2224 καὶ
950 2191 1132 2237 φθείροιτο,
1154 2190 1225 2224 ἀλλ’
1248 2191 1283 2222 αἱ
1300 2184 1375 2222 δια-

376 2235 479 2273 θέσεις
505 2236 625 2269 αὐτοῦ.

380 2275 417 2312 δέ
442 2279 523 2318 ὅλως
549 2279 727 2327 γενόμενον
761 2279 930 2335 φθαρῆναι
960 2282 1019 2312 καὶ
1052 2281 1098 2325 μή
1134 2276 1372 2322 ἀνακάμπτειν

377 2325 472 2363 ὄντος
496 2325 554 2369 μέν
580 2325 650 2363 ἑνὸς
677 2320 850 2358 ἀδύνατον
885 2326 995 2358 ἐστιν·
1022 2327 1097 2368 πρὶν
1121 2325 1186 2372 γάρ
1215 2323 1373 2369 γενέσθαι

378 2367 431 2401 ἀεὶ
456 2370 603 2414 ύπῆρχεν
629 2370 649 2406 ’ἢ
676 2369 739 2425 πρὸ
766 2367 875 2402 αὐτοῦ
900 2369 1077 2411 σύστασις,
1097 2370 1138 2407 ἦν
1163 2367 1212 2414 μή
1237 2368 1376 2413 γενομέ-

376 2425 433 2451 νην
462 2414 525 2460 οὐχ
558 2412 660 2446 οἷόντ’
688 2417 772 2447 ειναί
805 2426 911 2459 φαμεν
944 2415 1197 2459 μεταβάλλειν·
1226 2413 1372 2458 ἀπείρων

376 2453 403 2490 δ’
434 2458 536 2491 ὄντων
563 2454 741 2504 ἐνδέχεται
766 2460 908 2503 μᾶλλον.

305 2502 413 2535 Ἀλλά
442 2503 506 2547 μήν
537 2505 593 2535 καὶ
627 2503 733 2536 τοῦτο
771 2503 916 2546 πότερον
951 2497 1122 2536 ἀδύνατον
1157 2501 1178 2539 ἦ
1210 2497 1372 2543 δυνατόν,

377 2549 475 2579 ἔσται
499 2542 603 2584 δῆλον
629 2545 664 2580 ἐκ
690 2549 755 2580 τῶν
782 2547 939 2590 ὕστερον·
966 2547 1029 2579 εἰσὶ
1053 2546 1118 2593 γάρ
1144 2557 1230 2584 τινες
1258 2546 1303 2583 οἷς
1328 2546 1375 2578 ἑν-

377 2588 533 2637 δέχεσθαι
558 2588 650 2624 δοκεῖ
671 2595 728 2625 καὶ
756 2591 924 2639 ἀγένητόν
943 2602 977 2624 τι
996 2590 1031 2623 ὃν
1052 2591 1221 2635 φθαρῆναι
1245 2593 1302 2623 καὶ
1320 2603 1374 2637 γε-

377 2636 511 2680 νόμενον
538 2635 707 2681 ἄφθαρτον
737 2631 929 2678 διατελεῖν,
956 2635 1046 2668 ὥσπε
1092 2636 1124 2668 ἐν
1151 2636 1198 2677 τῷ
1224 2637 1372 2679 Τιμαίῳ·

379 2682 446 2713 ἐκεῖ
476 2680 539 2726 γάρ
571 2692 649 2724 φησι
680 2681 739 2713 τὸν
772 2681 914 2725 οὐρανὸν
946 2648 1104 2727 γενέσθαι
1136 2679 1216 2724 μέν,
1244 2678 1282 2712 οὗ
1309 2679 1375 2724 μὴν

380 2725 451 2758 ἀλλ’
481 2723 611 2758 ἔσεσθαί
636 2738 674 2772 γε
700 2725 759 2757 τὸν
787 2726 839 2758 ἀεὶ
870 2724 1003 2771 χρόνον.
1041 2725 1123 2769 Πρός
1149 2725 1203 2762 οὓς
1232 2725 1373 2768 φυσικῶς

378 2770 436 2813 μὲν
454 2771 526 2813 περὶ
552 2771 612 2802 τοῦ
632 2767 774 2814 ούρανοῦ
796 2769 896 2815 μόνον
915 2771 1059 2814 εἴρηται,
1078 2767 1228 2802 καθόλου
1245 2765 1283 2801 δὲ
1301 2771 1374 2813 περὶ

380 2813 531 2852 ἅπαντος
556 2813 774 2858 σκεψαμένοις
800 2815 900 2847 ἔσται
923 2816 982 2847 καὶ
1007 2815 1081 2859 περὶ
1106 2813 1233 2846 τούτου
1254 2808 1371 2850 δῆλον.

312 1661 356 1694 Τὸ

311 2281 357 2313 Τὰ

366 2954 511 2983 SYNOPSIS.
529 2971 562 2975 —
591 2964 614 2983 1.
630 2956 841 2992 Argumentum
863 2961 891 2983 et
911 2955 1013 2984 divisio
1034 2961 1136 2984 textus.
1156 2972 1176 2977 -
1195 2956 1239 2983 Ne
1260 2954 1375 2983 irratio-

314 2993 442 3021 nabiliter
461 2994 609 3022 videantur
635 2995 766 3031 posuisse
794 2995 938 3023 mundum
959 2994 1207 3032 incorruptibilem
1228 3001 1256 3023 et
1275 3001 1374 3023 tamen

315 3033 450 3069 genitum,
465 3033 562 3062 dicunt
582 3034 700 3071 quidam
714 3035 854 3064 Platonici
868 3044 898 3063 se
913 3035 1017 3064 docere
1032 3036 1175 3063 mundum
1189 3035 1298 3064 factum
1312 3043 1374 3063 esse

316 3081 349 3100 ex
370 3073 523 3108 elementis,
538 3083 572 3102 eo
593 3081 677 3110 pacto
699 3084 758 3112 quo
777 3081 941 3112 geometrae
955 3074 1055 3104 dicunt
1076 3075 1181 3112 figuras
1202 3074 1264 3103 fieri
1285 3084 1319 3103 ex
1339 3074 1374 3102 li-

316 3111 377 3139 'neis
391 3118 418 3140 et
431 3112 549 3149 angulis.
564 3114 621 3142 Sed
635 3121 797 3151 geometrae
811 3115 868 3143 hoc
882 3114 982 3143 dicunt
994 3114 1142 3143 doctrinae
1156 3114 1256 3152 gratia,
1271 3121 1299 3143 et
1313 3124 1374 3143 non

317 3158 445 3179 asserunt
464 3152 568 3189 figuras
589 3153 649 3181 fieri
669 3163 720 3190 per
740 3154 956 3191 generationem
971 3163 1005 3182 ex
1026 3154 1108 3183 lineis
1130 3154 1209 3191 prius
1230 3154 1374 3182 existenti-

318 3190 379 3218 bus.
400 3191 475 3227 Ergo
497 3191 623 3220 similiter
644 3199 671 3221 et
691 3194 855 3229 Platonici,
873 3201 904 3222 ut
925 3195 1125 3223 demonstrent
1146 3200 1241 3231 partes
1263 3194 1373 3229 mundi,

320 3235 347 3256 et
367 3231 518 3258 ostendant
537 3231 615 3267 prius
630 3232 698 3269 quid
715 3233 838 3262 habeant
851 3243 868 3262 a
886 3234 995 3271 seipsis,
1012 3241 1039 3263 et
1054 3241 1155 3271 postea
1166 3233 1236 3271 quid
1250 3234 1375 3262 habeant

321 3276 338 3295 a
358 3277 442 3296 causa
462 3270 576 3305 mundi,
599 3270 696 3300 dicunt
716 3274 857 3301 mundum
886 3274 992 3302 factum
1021 3283 1083 3302 esse
1105 3283 1138 3302 ex
1159 3273 1323 3302 elementis:
1346 3280 1375 3302 at

322 3315 382 3334 non
402 3315 529 3336 asserunt
550 3310 689 3339 elementa
709 3311 831 3341 extitisse
852 3319 918 3341 ante
939 3314 1092 3350 mundum,
1114 3323 1147 3342 ex
1169 3313 1268 3350 eisque
1290 3323 1374 3342 mun-

323 3346 392 3389 dum
412 3347 447 3374 de
467 3357 543 3376 novo
564 3358 615 3385 per
641 3351 853 3387 generationem
881 3352 987 3381 factum
1015 3353 1109 3382 fuisse.
1125 3370 1144 3375 -
1159 3361 1186 3382 2.
1209 3353 1376 3382 Excluditur

323 3390 376 3412 ista
396 3387 546 3415 excusatio.
574 3389 641 3416 Non
668 3390 770 3418 eodem
796 3392 884 3419 modo
913 3402 943 3420 se
963 3394 1050 3421 habet
1077 3394 1158 3430 quod
1179 3393 1320 3422 Platonici
1348 3399 1375 3422 et

324 3424 410 3468 quod.
427 3432 587 3471 geometrae
607 3427 713 3456 dicunt.
735 3431 809 3457 Nam
830 3438 924 3466 partes
949 3432 1104 3469 figurarum
1126 3433 1203 3461 idem
1225 3439 1291 3462 sunt
1317 3433 1375 3461 sive

324 3467 682 3508 accxplanturconlunctim
703 3475 788 3504 prout
809 3470 983 3499 constituunt
1002 3472 1132 3509 figuram,
1152 3473 1211 3501 sive
1232 3472 1375 3510 accipian-

323 3507 371 3546 tur
391 3509 556 3548 separatim:
582 3506 631 3532 sed
651 3507 728 3542 apud
748 3516 798 3535 eos
819 3509 867 3544 qui
888 3517 1000 3545 ponunt
1020 3511 1235 3548 generationem
1264 3512 1375 3547 mundi,

324 3541 372 3569 illa
386 3550 459 3578 quae
474 3543 648 3579 accipiuntur
668 3545 744 3581 prius
759 3553 786 3574 et
800 3549 948 3584 posterius,
971 3549 1146 3587 impossibile
1168 3559 1210 3580 est
1224 3553 1303 3589 quod
1325 3561 1375 3580 eo-

325 3581 391 3625 dem
413 3581 502 3625 modo
523 3591 552 3609 se
573 3583 695 3612 habeant
716 3594 749 3612 ex
768 3591 886 3623 utraque
905 3595 992 3624 parte.
1015 3591 1080 3618 Non
1096 3591 1172 3619 enim
1187 3591 1286 3620 dicunt
1307 3591 1374 3620 sim-

324 3620 441 3656 pliciter,
456 3627 527 3649 sicut
546 3621 642 3650 dicunt
662 3631 838 3660 geometrae,
861 3628 941 3663 quod
962 3637 995 3655 ex
1016 3629 1162 3658 elementis
1183 3631 1219 3659 sit
1233 3632 1373 3667 mundus,

1425 853 1442 872 *
1465 853 1631 884 Auxilium
1654 859 1763 883 autem
1786 853 1877 894 quod
1899 852 2033 894 quidam
2056 860 2212 885 conantur
2235 854 2315 886 ferre
2343 855 2402 886 sibi
2425 855 2502 897 ipsis

1493 897 1667 928 dicentium
1686 896 1961 939 incorruptibilem
1984 897 2116 939 quidem
2140 908 2218 938 esse,
2241 899 2361 930 factum
2381 907 2501 940 autem,

1493 952 1560 973 non
1584 948 1630 973 est
1652 952 1774 972 verum.
1799 941 1950 972 Similiter
1982 942 2069 972 enim
2092 943 2203 974 dicunt
2225 943 2275 974 his
2307 944 2364 985 qui
2387 945 2503 976 descri-

1492 986 1618 1027 ptiones
1638 986 1789 1025 scribunt,
1809 992 1840 1017 et
1858 985 1980 1026 seipsos
2003 986 2116 1018 dixisse
2139 988 2179 1018 de
2193 988 2414 1029 generatione;
2435 999 2503 1021 non

1492 1038 1646 1072 tanquam
1669 1037 1818 1071 generato
1833 1030 2018 1072 aliquande,
2043 1032 2098 1062 sed
2121 1032 2283 1063 doctrinae
2303 1034 2413 1074 gratia,
2433 1041 2503 1066 tan-

1493 1087 1592 1118 quam
1619 1076 1720 1116 magis
1743 1075 1954 1114 instruentes,
1973 1075 2062 1107 velut
2090 1076 2336 1117 descriptionem
2358 1079 2503 1119 genitum

1493 1121 1689 1163 aspicientes.

1425 1166 1443 1185 *
1465 1167 1539 1198 Hoc
1562 1173 1670 1197 autem
1693 1172 1751 1205 est,
1777 1164 2056 1206 quemadmodum
2080 1164 2227 1204 dicimus,
2250 1175 2318 1197 non
2345 1166 2442 1198 idem.
2467 1167 2504 1198 In
2531 1175 2540 1184 ·

1494 1211 1631 1242 factione
1655 1210 1788 1251 quidem
1811 1208 1898 1240 enim
1922 1208 2190 1249 descriptionum,
2214 1210 2326 1250 positis
2351 1211 2503 1243 omnibus

1494 1266 1562 1287 esse
1586 1255 1697 1294 simul,
1721 1254 1807 1285 idem
1826 1253 1956 1286 accidit:
1979 1253 2013 1283 in
2043 1253 2370 1286 demonstrationibus
2393 1263 2503 1288 autem

1494 1301 1613 1332 horum
1628 1310 1695 1331 non
1710 1299 1808 1338 idem,
1825 1299 1880 1330 sed
1895 1297 2107 1339 impossibile:
2125 1307 2208 1340 quae
2231 1299 2318 1330 enim
2340 1300 2503 1341 accipiun-

1494 1353 1546 1377 tur
1570 1345 1657 1386 prius
1681 1351 1712 1375 et
1734 1344 1904 1384 posterius,
1929 1342 2146 1374 subcontraria
2169 1349 2254 1375 sunt.
2278 1344 2296 1364 *
2313 1344 2361 1375 Ex
2383 1345 2504 1376 inordi-

1495 1390 1575 1421 natis
1603 1389 1735 1431 quidem
1758 1388 1845 1419 enim
1873 1387 2017 1419 ordinata
2045 1387 2127 1419 facta
2159 1398 2227 1420 esse
2251 1388 2376 1421 dicunt:
2405 1389 2504 1422 simul

1495 1442 1603 1466 autem
1618 1434 1704 1465 idem
1718 1433 1936 1464 inordinatum
1951 1442 2018 1463 esse
2034 1438 2066 1463 et
2086 1432 2270 1464 ordinatum
2292 1433 2503 1475 impossibile,

1494 1480 1550 1511 sed
1573 1481 1699 1510 neeesse
1723 1477 1959 1518 generationem
1983 1486 2050 1507 esse
2066 1485 2275 1517 separantem,
2300 1485 2332 1509 et
2354 1485 2502 1520 tempus:

1494 1525 1527 1555 in
1551 1522 1816 1564 descriptionibus
1835 1529 1943 1553 autem
1961 1521 2041 1552 nihil
2063 1528 2209 1562 tempore
2228 1530 2428 1564 segregatum
2443 1529 2502 1555 est.

1494 1569 1593 1607 Quod
1621 1568 1754 1609 quidem
1781 1566 1876 1607 igitur
1904 1565 2102 1606 impossibile
2131 1566 2240 1607 ipsum
2271 1567 2503 1609 sempiternum

1494 1623 1561 1644 esse
1580 1619 1611 1644 et
1633 1612 1754 1643 factum
1778 1621 1856 1650 esse,
1879 1609 2096 1642 manifestum.

1426 1657 1443 1677 *
1465 1657 1614 1689 Vicissim
1637 1663 1746 1688 autem
1769 1662 1912 1687 constare
1941 1661 1971 1686 et
1995 1654 2144 1695 dissolvi,
2168 1655 2249 1687 nihil
2277 1656 2364 1688 aliud
2401 1655 2503 1688 facere

1493 1709 1540 1734 est
1566 1711 1666 1743 quam
1689 1701 1848 1732 adstruere
1875 1699 1984 1740 ipsum
2014 1699 2245 1741 sempiternum
2268 1700 2418 1742 quidem,
2447 1701 2503 1732 sed

1493 1752 1759 1779 transmutantem
1796 1744 1958 1783 formam;
1991 1745 2270 1785 quemadmodum
2302 1745 2328 1776 si
2357 1745 2430 1787 quis
2465 1755 2503 1777 ex

1493 1801 1595 1832 puero
1610 1790 1716 1821 virum
1744 1789 1883 1827 factum,
1908 1795 1939 1820 et
1961 1798 1999 1819 ex
2025 1788 2095 1820 viro
2119 1798 2278 1830 puerum,
2305 1790 2503 1832 quandoque

1493 1846 1569 1868 eum
1579 1834 1753 1875 corrumpi,
1772 1833 1968 1875 quandoque
1983 1843 2050 1864 esse
2066 1840 2165 1874 putet.
2181 1833 2293 1864 Palam
2307 1833 2394 1865 enim
2412 1834 2503 1876 quod

1494 1887 1525 1912 et
1547 1880 1587 1911 ad
1602 1879 1739 1911 invicem
1755 1877 2017 1909 convenientibus
2041 1877 2216 1916 elementis,
2233 1888 2301 1909 non
2316 1878 2504 1920 contingens

1493 1925 1574 1957 ordo
1597 1924 1633 1956 fit
1656 1931 1687 1956 et
1711 1922 1908 1960 constitutio,
1932 1922 1988 1953 sed
2011 1923 2138 1962 eadem,
2165 1922 2372 1964 aliterque-et
2394 1933 2505 1956 secun-

1494 1970 1574 2001 dum
1593 1979 1647 2000 eos
1662 1968 1718 2010 qui
1731 1968 1876 1998 dixerunt
1894 1967 1980 1998 hunc
1999 1977 2193 2007 sermonem,
2210 1967 2266 2009 qui
2283 1966 2502 2009 dispositionis

1494 2014 1660 2055 utriusque
1685 2019 1815 2044 causant
1839 2011 2043 2043 contrarium.
2069 2011 2190 2054 Itaque,
2214 2011 2240 2042 si
2256 2018 2363 2044 totum
2386 2021 2504 2054 corpus

1495 2058 1686 2090 continuum
1721 2067 1799 2095 ens,
1824 2056 2020 2098 quandoque
2049 2056 2182 2097 quidem
2213 2056 2273 2096 sic,
2306 2057 2504 2099 quandoque

1495 2110 1603 2134 autem
1626 2103 1682 2134 illo
1706 2101 1806 2132 modo
1836 2100 2016 2142 disponitur
2039 2107 2070 2132 et
2096 2108 2241 2142 aptatur;
2265 2101 2364 2133 totius
2395 2109 2505 2135 autem

1496 2147 1699 2179 consistentia
1730 2146 1872 2177 mundus
1896 2152 1927 2177 et
1946 2145 2089 2184 caelum3
2120 2155 2188 2177 non
2218 2145 2330 2188 utique
2362 2146 2504 2179 mundus

1494 2191 1693 2233 generabitur
1716 2198 1747 2223 et
1769 2197 2006 2231 corrumpetur,
2031 2190 2087 2221 sed
2109 2189 2334 2232 dispositiones
2356 2191 2466 2233 ipsius.

1427 2279 1443 2296 '⁸‘
1458 2281 1613 2312 Totaliter
1629 2286 1737 2311 autem
1751 2279 1872 2311 factum
1889 2279 2051 2320 corrumpi
2069 2286 2100 2310 et
2123 2289 2190 2310 non
2205 2278 2334 2319 reflecti,
2354 2281 2505 2313 existente

1496 2326 1627 2367 quidem
1651 2335 1719 2356 uno
1750 2324 1948 2366 impossibile
1971 2330 2037 2355 est:
2062 2323 2251 2365 priusquam
2283 2325 2368 2356 enim
2395 2324 2504 2364 fieret,

1496 2380 1623 2411 semper
1638 2369 1788 2400 existebat
1806 2378 1888 2410 quae
1907 2375 1980 2399 ante
1994 2368 2103 2408 ipsum
2119 2367 2340 2407 consistentia;
2357 2379 2422 2410 qua
2437 2379 2505 2401 non

1497 2414 1594 2454 facta,
1613 2423 1680 2444 non
1703 2413 1855 2454 possibile
1883 2422 1950 2443 esse
1973 2412 2108 2443 dicimus
2132 2413 2345 2445 transmutari.
2370 2412 2504 2445 Infinitiz

1497 2465 1605 2490 autem
1629 2457 1832 2488 existentibus
1856 2456 1996 2494 mundis,
2021 2455 2177 2497 contingit
2198 2457 2310 2498 magis.

1430 2502 1492 2534 Sed
1510 2509 1618 2534 tamen
1641 2502 1703 2533 hoc
1727 2509 1836 2533 utrum
1859 2500 2056 2541 impossibile
2084 2507 2139 2532 aut
2162 2500 2331 2541 possibile,
2357 2501 2414 2533 erit
2436 2511 2504 2533 ma-

1497 2547 1649 2578 nifestum
1672 2556 1709 2577 ex
1732 2545 1970 2586 posterioribus.
1982 2544 2000 2565 *
2016 2545 2098 2576 Sunt
2121 2545 2206 2576 enim
2222 2545 2371 2586 quidam,
2387 2546 2504 2588 quibus

1498 2591 1679 2631 contingere
1702 2590 1826 2621 videtur
1849 2597 1880 2621 et
1902 2589 2080 2631 ingenitum
2109 2589 2229 2631 aliquid
2250 2601 2306 2621 ens
2330 2590 2504 2632 corrumpi,

1498 2643 1529 2667 et
1551 2635 1695 2676 genitum
1718 2633 1956 2675 incorruptibile
1979 2634 2163 2675 perdurare,
2188 2633 2270 2666 sicut
2292 2635 2325 2666 in
2349 2635 2502 2667 Timaeo:

1497 2679 1541 2711 ibi
1565 2679 1651 2710 enim
1674 2679 1718 2711 ait
1736 2679 1860 2710 caelum
1889 2678 2009 2710 factum
2033 2688 2099 2710 esse
2130 2678 2262 2720 quidem
2285 2689 2352 2710 non
2375 2680 2500 2719 solum,

1498 2724 1553 2755 sed
1581 2731 1611 2756 et
1641 2723 1709 2755 sore
1739 2724 1778 2754 de
1802 2730 1905 2755 cetero
1933 2723 2127 2764 sempiterno
2156 2731 2310 2765 tempore.
2341 2724 2393 2755 Ad
2420 2733 2504 2766 quos

1497 2768 1680 2800 naturaliter
1697 2768 1829 2810 quidem
1846 2768 1884 2799 de
1908 2767 1995 2799 caelo
2015 2768 2123 2799 solum
2146 2767 2268 2799 dictum
2292 2775 2358 2800 est:
2381 2768 2505 2800 univer-

1493 2813 1597 2844 saliter
1627 2819 1734 2844 autem
1765 2813 1804 2844 de
1835 2811 1925 2844 omni
1958 2812 2194 2854 speculantibus
2225 2813 2282 2844 erit
2311 2819 2342 2845 et
2371 2813 2410 2844 de
2441 2813 2504 2846 hoc

1497 2857 1711 2889 manifestum.

1427 2954 1479 2982 sed
1500 2954 1581 2991 quod
1603 2963 1636 2982 ex
1651 2953 1799 2982 elementis
1813 2953 1984 2982 inordinatis
2000 2954 2128 2982 mundus
2142 2952 2178 2982 sit
2196 2953 2362 2982 ordinatus:
2384 2963 2447 2983 non
2460 2960 2504 2984 est

1428 3000 1525 3023 autem
1540 2993 1676 3031 possibile
1691 2994 1772 3031 quod
1787 2993 1896 3031 aliquid
1910 2993 1946 3022 sit
1960 2993 2046 3022 simul
2061 2993 2226 3022 ordinatum
2242 3000 2270 3022 et
2284 2993 2500 3031 inordinatum,

1429 3034 1480 3063 sed
1501 3034 1575 3062 inter
1595 3043 1687 3062 unum
1709 3040 1737 3062 et
1757 3033 1836 3062 aliud
1865 3040 1981 3070 oportet
2008 3033 2180 3062 intervenire
2207 3034 2441 3071 generationem,
2472 3041 2501 3064 et

1429 3080 1640 3111 consequenter
1660 3080 1775 3110 tempus
1796 3073 1976 3111 distinguens
1996 3081 2161 3111 utrumque.
2177 3090 2196 3096 —
2213 3074 2239 3102 3.
2255 3074 2338 3103 Aliae
2359 3075 2435 3104 duae
2455 3083 2502 3104 ra·

1428 3113 1523 3142 tiones
1545 3113 1700 3142 excusandi
1725 3113 1885 3142 Platonem.
1907 3130 1927 3135 —
1947 3113 2114 3142 Conclusio.
2132 3130 2149 3135 -
2163 3123 2192 3149 4.
2215 3115 2399 3151 Improbatur
2419 3114 2502 3144 tertia

1429 3153 1530 3191 opinio
1545 3154 1597 3190 (cf.
1612 3154 1676 3182 lect.
1692 3162 1786 3190 praec.
1802 3163 1831 3182 n.
1847 3155 1885 3190 7).
1907 3154 2044 3182 Asserere
2059 3154 2202 3182 mundum
2220 3154 2346 3183 vicissim
2360 3154 2500 3192 componi

1429 3200 1457 3222 et
1477 3193 1602 3222 vicissim
1624 3193 1757 3229 dissolvi,
1780 3193 1856 3222 idem
1878 3200 1921 3222 est
1941 3203 1975 3222 ac
1996 3203 2123 3222 asserere
2145 3194 2289 3222 mundum
2310 3203 2373 3222 esse
2394 3194 2501 3232 sempi-

1428 3240 1543 3262 ternum
1566 3234 1664 3270 quoad
1691 3233 1896 3269 substantiam,
1923 3240 1950 3262 et
1971 3233 2157 3263 transmutari
2178 3234 2275 3262 solum
2296 3234 2396 3271 quoad
2417 3243 2501 3263 suam

1428 3273 1554 3302 formam
1575 3283 1626 3302 seu
1641 3273 1870 3310 dispositionem.
1893 3275 1928 3302 Et
1942 3283 2049 3309 revera,
2065 3274 2184 3311 quando
2198 3280 2265 3311 post
2285 3273 2502 3310 separationem

1430 3313 1533 3341 iterum
1549 3314 1690 3341 elementa
1708 3312 1738 3341 in
1752 3322 1844 3342 unum
1860 3314 2041 3350 convenient,
2057 3313 2135 3343 idem
2150 3314 2224 3343 ordo
2239 3319 2268 3342 et
2281 3314 2384 3342 eadem
2398 3313 2501 3342 mundi

1429 3353 1581 3390 dispositio
1603 3353 1669 3389 fiet,
1699 3362 1773 3390 quae
1801 3363 1879 3382 nunc
1900 3360 1957 3382 est:
1981 3355 2017 3382 ab
2039 3354 2141 3382 eadem
2169 3353 2247 3382 enim
2269 3362 2357 3382 causa
2378 3362 2500 3391 congre-

1428 3394 1573 3430 gabuntur
1587 3399 1655 3422 tunc
1674 3393 1825 3428 elementa,
1841 3403 1858 3422 a
1873 3403 1932 3431 qua
1946 3400 1974 3422 et
1988 3393 2076 3430 prius.
2099 3395 2136 3422 Et
2156 3393 2234 3421 idem
2255 3399 2333 3430 patet
2354 3393 2440 3422 etiarn
2456 3402 2500 3422 se-

1429 3434 1557 3461 cundum
1580 3442 1630 3461 eos
1652 3433 1701 3470 qui
1723 3433 1797 3462 hanc
1818 3433 1931 3462 tertiam
1946 3433 2123 3470 positionem
2138 3434 2299 3462 adstruunt.
2315 3450 2334 3454 -
2351 3433 2376 3461 5.
2393 3433 2501 3469 Quoad

1430 3472 1599 3510 opinionem
1621 3473 1750 3502 secundo
1772 3473 1837 3502 loco
1860 3474 1911 3509 (cf.
1928 3473 2053 3509 ibidem)
2075 3472 2216 3510 positam:
2240 3473 2263 3501 si
2278 3479 2405 3510 ponatur
2423 3481 2500 3502 unus

1428 3519 1540 3541 tantum
1563 3514 1704 3549 mundus,
1726 3513 1904 3550 impossibile
1922 3519 1965 3542 est
1986 3522 2095 3550 ponere
2116 3514 2197 3550 quod
2219 3513 2255 3541 sit
2275 3513 2366 3542 factus
2386 3518 2415 3541 et
2435 3521 2500 3541 cor-

1430 3559 1580 3589 rumpatur
1605 3552 1743 3588 totaliter‚
1771 3553 1809 3581 ita
1830 3554 1910 3590 quod
1933 3562 2084 3590 nunquam
2112 3552 2216 3581 iterum
2239 3552 2297 3581 fiat.
2319 3554 2410 3588 Nam,
2432 3561 2498 3580 cum

1430 3602 1490 3620 non
1512 3592 1547 3621 sit
1569 3593 1658 3621 factus
1679 3602 1712 3621 ex
1734 3592 1840 3628 nihilo,
1870 3592 2029 3622 substantia
2056 3593 2248 3630 praeexistens
2270 3602 2304 3621 ex
2325 3600 2383 3630 qua
2408 3591 2499 3620 factus

1430 3639 1486 3667 est,
1511 3639 1560 3661 aut
1581 3639 1695 3669 poterat
1723 3632 1823 3662 subiici
1851 3632 2030 3670 generationi
2059 3639 2108 3661 aut
2136 3642 2206 3661 non.
2236 3632 2348 3661 Sinon
2375 3637 2498 3669 poterat,

2529 858 2677 912 ÷eS¹qq.¹g:p.
2691 865 2716 880 x.

2555 1173 2623 1196 Text.
2638 1179 2682 1202 ¹⁰5·

2530 1353 2540 1363 ·
2554 1351 2623 1374 Text.
2636 1351 2687 1375 106.

2529 1663 2540 1673 ·
2554 1660 2624 1685 Tm.
2637 1667 2686 1690 ¹³7-

2532 2285 2542 2295 '
2556 2283 2626 2307 Tm.
2641 2284 2691 2308 108.

2532 2552 2541 2562 '
2556 2550 2625 2574 Text.
2641 2556 2691 2580 109.
