2782 4134
58 1130 114 1148 ’.Ί.

80 1095 82 1099 '
100 1109 118 1119 Ἰ,
138 1100 206 1118 my...

88 1158 111 1174 11
125 1158 172 1173 ·?E‘*‹

77 1796 93 1807 ⁴¹
112 1798 210 1814 =.¹.‚7t·’
231 1796 233 1798 '

47 3514 70 3537 Α
96 3510 150 3533 lect.
160 3517 239 3539 praec.

5 3559 7 3561 .
68 3541 86 3559 ι.
93 3548 105 3554 -
114 3543 156 3560 eeu
170 3538 240 3560 orbes

7 3583 9 3586 .
92 3564 160 3586 codd.

211 1242 214 1244 ,
258 1193 523 1247 samii&

1106 264 1217 302 CAP.
1247 265 1353 314 VIII,
1383 266 1536 304 LECT.
1565 266 1636 303 XII

2402 270 2471 306 165

959 479 1261 555 LEcT10
1299 501 1786 559 DUODECIMA

379 658 570 695 STELLAS
592 637 832 690 SECUNDUM
855 657 1021 690 SEIPSAS
1044 658 1137 690 NON
1159 659 1347 700 MOVERI²
1370 661 1429 691 EX
1451 662 1643 695 MOTIBUS
1667 663 1936 696 SPHAERICAE
1958 664 2149 696 FIGURAE
2173 663 2366 696 PROPRIIS

1215 716 1533 749 CONCLUDITUR

264 855 344 893 Ἔτι
368 850 399 889 δ’
420 856 493 890 ἐπεὶ
519 849 717 900 σφαιροειδῆ
745 854 794 887 τοὶ
818 854 944 900 ἄστρα,
962 855 1099 888 καθάπε
1146 856 1174 888 οἳ
1199 855 1227 890 τ’
1251 856 1348 888 ἄλλοι

277 907 282 910 “
339 903 421 948 φασὶ
452 901 511 933 καὶ
537 901 616 946 ἡμῖν
643 898 915 947 ὁμολογούμενον
940 901 1066 942 εἰπεῖν,
1096 898 1136 978 εξ
1158 899 1284 933 ἐκείνου
1309 914 1347 948 γε

289 942 300 946 ”
334 945 404 978 ’τοῦ
428 943 590 989 σώματος
614 945 791 990 γεννῶσιν·
818 945 883 978 τοῦ
907 939 947 977 δὲ
963 956 1114 990 σφαιροει
1141 946 1196 984 οῦς
1213 941 1275 978 δύο
1298 957 1347 978 κι-

294 1014 296 1016 .
338 989 451 1028 ντίσεις
483 990 547 1023 elul
579 988 656 1022 καθ’
685 989 796 1030 αὐτό,
829 990 958 1028 κύλισις
990 992 1050 1022 καὶ
1082 986 1229 1029 &iv-nete·
1256 992 1348 1035 εἴπερ

339 1033 398 1070 οὖν
421 1038 554 1068 κινοῖτο
581 1035 629 1067 τοὶ
653 1034 766 1078 ἄστρα
790 1031 828 1068 δι’
858 1035 987 1076 αὐτῶν,
1007 1035 1071 1072 τὴν
1098 1035 1219 1080 ἑτέραν
1239 1034 1278 1069 ἂν
1299 1048 1350 1068 κι-

278 1106 282 1111 .
305 1111 308 1115 ,
338 1084 435 1119 νοῖτο
459 1079 614 1113 τούτων·
644 1077 716 1112 ἀλλ’
743 1076 928 1124 οὐδετέραν
953 1082 1125 1124 φαίνεται.
1163 1079 1347 1124 Δινούμενα

296 1156 299 1160 ,
338 1124 400 1170 μὲν
424 1123 490 1172 γὰρ
515 1124 629 1169 ἔμενεν
657 1123 696 1157 ἄν
723 1121 756 1156 ἐν
782 1124 903 1166 ταύτῷ
927 1126 985 1157 καὶ
1013 1125 1050 1158 οὗ
1075 1124 1268 1169 μετέβαλλε
1287 1127 1347 1158 τὸν

310 1171 312 1173 ’
339 1168 448 1203 τόπον
499 1167 581 1213 ὅπερ
603 1171 766 1213 φαίνεταί
799 1182 838 1203 τε
869 1171 928 1201 καὶ
962 1169 1089 1208 πάντες
1119 1172 1232 1214 φασίν.
1268 1167 1346 1204 Ἔτι

574 1213 606 1245 ὲν
631 1213 772 1260 εὔλογον
792 1214 857 1252 τὴν
876 1213 990 1250 αὐτὴν
1013 1217 1142 1253 κίνησιν
1167 1214 1345 1258 κινεῖσθαι,

267 1258 440 1304 4’·”Ι,ι.όνος
473 1253 513 1290 δὲ
543 1225 639 1293 gomet
670 1260 739 1291 τῶν
773 1258 906 1303 ἄστρων
934 1259 951 1291 ὁ
980 1258 1074 1297 ἥλιος
1108 1260 1216 1292 τοῦτο
1248 1255 1345 1303 δρᾶν,

288 1316 292 1324 '
315 1302 540 1338 -ἀνατέλλων
566 1303 588 1341 ἦ
613 1298 829 1346 δύνων,-καὶ
855 1304 955 1341 οὗτος
981 1303 1021 1336 οὐ
1045 1299 1083 1336 δι’
1113 1303 1221 1336 αὑτὸν
1253 1305 1347 1339 ἀλλοὶ

266 1386 270 1389 Δ
302 1386 307 1389 Α
329 1343 399 1382 διὰ
423 1347 489 1385 τήν
517 1349 712 1383 ἀπόστασιν
731 1349 794 1387 τῆς
813 1347 985 1393 ’ἡμετέρας
1005 1347 1106 1403 ὄψεως
1119 1360 1126 1368 ·
1153 1349 1174 1385 ἠ
1191 1347 1256 1395 γοὶρ
1275 1349 1346 1394 ὄψις

288 1422 306 1431 ,.
341 1394 593 1439 ἄποτεινομὲνη
619 1393 751 1439 μακροίν
778 1394 954 1426 ἑλίσσεται
978 1387 1038 1427 δια
1063 1392 1127 1430 τήν
1155 1393 1345 1428 ἀσθένειαν.

329 1437 416 1471 ‘On-e
461 1438 572 1472 αἴτιον
592 1438 674 1476 ’ἴσως
698 1439 758 1470 καὶ
785 1438 849 1470 τοῦ
873 1437 1024 1479 στίλβειν
1055 1436 1233 1481 φαίνεσθαι
1265 1440 1345 1478 τούς

262 1483 286 1494 ”
311 1482 317 1495 ’“
338 1480 426 1516 *dves
449 1492 488 1522 ας
514 1483 595 1521 τοὺς
627 1477 880 1527 ἐνδεδεμένους,
907 1481 994 1519 τούς,
1018 1476 1057 1514 δὲ
1091 1481 1273 1523 πλάνητας
1298 1485 1345 1530 μή

319 1528 417 1560 -ῆτῑλ
442 1537 508 1559 ειν·
535 1529 567 1561 οἱ
591 1528 651 1573 μὲν
679 1527 752 1574 γοίρ
784 1526 959 1564 πλάνητες
994 1526 1095 1573 ἐγγύς
1127 1527 1231 1570 εἰσιν,
1261 1528 1342 1562 ὥστ’

268 1599 287 1603 ,.
312 1571 508 1619 ,ἐγκρατής
533 1570 620 1606 οὖσα
644 1572 728 1617 πρὸς
753 1572 880 1610 αὐτούς
903 1572 1097 1616 ἀφικνεῖται
1114 1573 1135 1609 τ’,
1155 1571 1244 1616 ὄψις·
1263 1574 1344 1618 πρὸς

267 1611 378 1658 fflrssle'
401 1616 483 1660 τούς
507 1617 676 1662 μένοντας
701 1611 932 1661 κραδαίνεται
955 1611 1016 1650 8ιοί
1040 1617 1082 1650 τὰ
1107 1618 1233 1662 μῆκος,
1261 1617 1348 1652 ἁπο-

265 1660 516 1709 ,Ἶητεινομένη
547 1659 658 1707 πόρρω
689 1662 781 1694 λίαν.
819 1662 857 1694 ’0
886 1656 924 1694 δὲ
957 1660 1082 1706 τρόμος
1111 1662 1222 1701 αὐτῆς
1255 1669 1348 1697 ποιεῖ

267 1705 291 1762 ,Γ
321 1702 401 1748 -ξτοΰ
427 1704 554 1751 ἄστρου
572 1702 683 1739 δοκεῖν
706 1702 792 1749 εἶναι
810 1706 875 1743 τήν
899 1707 1047 1743 κίνησιν·
1075 1705 1170 1739 οὗθὲν
1187 1708 1253 1754 γοίρ
1271 1703 1345 1742 δια-

278 1740 425 1829 ίωὲἐτρει
455 1754 558 1783 κινεῖν
591 1751 655 1788 τήν
690 1749 762 1795 ὄψιν
793 1750 814 1788 ἦ
847 1750 889 1783 τὸ
923 1749 1099 1796 ὀρῶμενον.
1135 1753 1246 1785 'Anni
1276 1753 1343 1799 μήν

266 1794 334 1818 Ἡ-’Ῑῖ
416 1790 497 1828 οὐδὲ
519 1797 676 1829 κυλίεται
706 1795 754 1828 τοὶ
780 1795 912 1848 ἄστρα,
939 1796 1100 1841 φανερόν·
1127 1797 1170 1830 *ro*
1194 1798 1254 1842 μὲν
1277 1798 1344 1845 γάρ

274 1856 278 1862 ·
298 1847 314 1854 ”
333 1839 532 1885 κυλιόμενον
557 1839 762 1897 στρέφεσθαι
788 1839 943 1887 ἀναγκη,
970 1841 1034 1880 τῆς
1058 1836 1098 1874 δὲ
1121 1843 1264 1882 σελήνης
1291 1841 1343 1876 ἀεὶ

302 1903 317 1918 ·;
336 1880 443 1923 δῆλόν
469 1885 543 1918 ἐστι
568 1898 611 1920 το
634 1885 846 1929 καλούμενον
863 1885 1056 1931 πρόσωπον.
1088 1885 1184 1921 Ὧστ’
1206 1888 1279 1921 ἐπεὶ
1295 1899 1344 1920 m-

334 1929 484 1975 νοόμενα
515 1930 575 1974 μέν
599 1925 638 1963 δι’
667 1931 783 1964 αὐτῶν
809 1930 873 1969 τοὶς
899 1931 1023 1970 οἰκείας
1055 1929 1219 1965 κινεῖσθαι
1250 1931 1343 1970 κινή-

334 1986 411 2013 σεις,
427 1972 582 2021 εὔλογον,
607 1974 744 2014 ταύτας
769 1969 799 2007 δ’
820 1975 859 2008 οὐ
884 1977 1045 2020 φαίνεται
1068 1975 1264 2021 κινούμενα,
1283 1973 1345 2016 δῆ-

332 2020 393 2052 λον
419 2018 474 2052 ὅτι
498 2017 558 2051 οὐκ
586 2018 624 2053 ἂν
648 2023 780 2052 κινοῖτο
805 2016 843 2052 δι’
871 2021 998 2053 αὐτῶν.

281 2115 303 2137 -ss'
327 2116 479 2146 Srmrsis.
504 2132 540 2139 —-
567 2126 591 2146 1.
615 2117 751 2146 Secunda
777 2117 852 2146 ratio
880 2118 918 2147 ad
943 2119 1129 2155 probandum
1157 2119 1254 2148 stellas
1281 2128 1343 2148 non

266 2156 379 2191 moveri
399 2163 484 2187 motu
503 2156 634 2194 proprio,
656 2166 690 2186 ex
711 2157 840 2186 motibus
864 2158 1004 2195 sphaerae
1025 2158 1150 2196 propriis
1165 2159 1341 2188 desumitur:

267 2203 298 2228 et
316 2203 361 2228 est
379 2196 455 2227 talis.
476 2197 591 2233 Stellae,
605 2203 708 2234 utpote
728 2197 894 2234 sphaericae
915 2197 1034 2236 figurae,
1049 2198 1072 2227 si
1088 2208 1141 2236 per
1156 2208 1187 2228 se
1203 2208 1342 2228 movean-

265 2239 332 2273 tur,v
345 2235 502 2266 moventur
521 2243 605 2266 motu
626 2236 766 2274 sphaerae
786 2237 924 2275 proprio,
951 2237 1212 2276 circumgyratione
1236 2239 1343 2268 scilicet

266 2271 317 2306 'vel
331 2276 528 2313 volutatione3
549 2276 646 2314 atqui,
669 2283 774 2306 neutro
794 2278 901 2306 horum
922 2285 1059 2307 motuum
1079 2284 1250 2314 moventur;
1271 2288 1340 2316 ergo

266 2323 353 2352 motu
365 2317 486 2355 proprio
500 2326 563 2346 non
582 2323 747 2346 moventur.
762 2334 782 2339 -
796 2325 824 2346 2.
846 2318 949 2347 Stellas
970 2327 1033 2347 esse
1054 2318 1219 2356 sphaericae
1234 2319 1343 2357 figurae

208 2375 215 2381 .
263 2363 396 2390 conant:
412 2363 475 2386 tum
491 2356 560 2395 quia
573 2358 610 2386 ab
625 2356 763 2386 omnibus
777 2358 973 2387 communiter
987 2358 1162 2394 admittitur3
1177 2365 1240 2388 tum
1255 2359 1342 2388 etiam

267 2391 346 2435 qula,
356 2402 424 2426 cum
435 2398 472 2425 de
485 2403 589 2426 natura
601 2396 770 2425 caelestium
784 2406 943 2435 corporum
958 2397 1023 2434 sint,
1039 2398 1163 2427 eandem
1179 2408 1245 2427 cum
1260 2399 1341 2428 caelo

263 2437 391 2475 figuram
409 2437 517 2466 habere
538 2443 665 2474 oportet.
680 2453 701 2458 -
719 2437 745 2466 3.
761 2438 922 2474 Sphaeram
944 2438 1204 2476 circumgyratione
1224 2439 1269 2468 vel
1289 2449 1342 2468 vo-

264 2477 408 2511 lutatione
421 2486 474 2514 per
487 2486 526 2513 ⁴se
539 2477 660 2514 moveri,
676 2483 816 2515 tanquam
838 2478 966 2507 motibus
987 2478 1041 2507 sibi
1061 2478 1198 2516 propriis,
1213 2480 1342 2512 ostendi-

263 2523 323 2550 tur.
343 2516 399 2547 Vel
419 2517 499 2547 enim
519 2517 657 2555 polorum
678 2517 749 2546 alter
763 2517 794 2546 in
815 2518 965 2555 superficie
980 2527 1055 2556 quae
1076 2528 1131 2547 nos
1152 2519 1276 2556 respicit,
1297 2519 1342 2548 in-

265 2556 394 2593 venitur3
414 2557 461 2586 vel
473 2563 596 2595 uterque
613 2557 644 2586 in
658 2557 755 2595 aliqua
769 2557 825 2586 alia
845 2565 926 2595 parte
947 2558 1117 2595 superficiei.
1140 2559 1238 2587 Motus
1257 2559 1343 2598 igitur

263 2596 406 2635 sphaerae
421 2596 452 2626 in
461 2597 557 2634 prima
570 2597 724 2634 hypothesi
739 2604 783 2626 est
796 2597 1030 2636 circumgyratio,
1044 2598 1075 2627 in
1089 2598 1179 2628 altera
1188 2599 1339 2628 volutatio.

263 2638 345 2675 Era>
365 2637 396 2666 hi
415 2637 476 2666 duo
496 2643 594 2666 motus
615 2644 684 2666 sunt
703 2638 820 2674 corpori
842 2638 993 2675 sphaerico
1007 2639 1127 2676 proprii.
1141 2656 1161 2660 —-
1174 2649 1204 2675 4.
1220 2640 1340 2668 Stellam

263 2686 324 2707 mm
346 2677 462 2707 moveri
481 2674 756 2717 circumgjratione
776 2678 947 2707 ostenditur.
969 2678 1000 2707 Si
1015 2679 1095 2708 stella
1110 2679 1150 2708 sic
1166 2686 1341 2716 moveretur,

265 2721 329 2746 tot'a
353 2722 483 2745 maneret
503 2716 535 2745 in
555 2718 660 2746 eodem
683 2717 750 2746 loco
775 2718 935 2746 secundum
957 2718 1128 2747 subiectum.
1158 2721 1223 2748 Hoc
1244 2726 1341 2748 autem

266 2756 365 2786 sensui
385 2756 594 2786 contrariatur:
615 2756 749 2786 videmus
770 2757 848 2786 enim
863 2758 959 2788 stellas
973 2759 1152 2796 quandoque
1166 2759 1197 2788 in
1220 2760 1340 2796 oriente,

266 2797 446 2835 quandoque
467 2796 498 2826 in
513 2797 674 2830 occidente.
696 2799 734 2826 Et
747 2797 878 2826 similiter
891 2808 996 2828 omnes
1017 2799 1117 2828 dicunt
1137 2799 1234 2828 stellas
1248 2806 1341 2829 trans-

265 2837 335 2867 ferri
348 2837 384 2867 de
397 2837 465 2867 loco
479 2837 518 2866 ad
531 2837 640 2866 locum.
661 2838 740 2875 Ergo
761 2837 983 2876 circumgyratio
1004 2838 1060 2868 illis
1081 2849 1143 2868 non
1163 2840 1308 2869 convenit.
1322 2856 1343 2861 —-

265 2877 432 2913 Praeterea,
455 2886 522 2906 cum
538 2877 595 2905 sint
609 2886 712 2906 ornnes
733 2877 863 2907 eiusdem
885 2884 1014 2915 naturae,
1030 2879 1053 2907 si
1068 2879 1155 2907 stellis
1174 2880 1342 2908 conveniret

265 2916 499 2954 circumgyrato,
514 2917 652 2946 omnibus
672 2917 774 2955 utique
795 2925 988 2955 competeret;
1009 2920 1061 2947 sed
1081 2919 1146 2948 talis
1167 2926 1266 2948 motus
1279 2929 1341 2949 non

267 2963 388 2994 apparet
401 2956 457 2985 nisi
470 2957 502 2986 in
515 2958 586 2993 sole,
602 2964 630 2986 et
650 2957 681 2986 in
703 2958 762 2986 hoc
781 2967 843 2986 non
860 2958 916 2987 nisi
936 2966 1056 2996 propter
1076 2959 1292 2997 elongationem
1314 2967 1342 2989 et

265 2996 345 3025 visus
365 2996 458 3026 nostri
478 2996 686 3027 infirmitatem.
717 2998 764 3026 Ob
786 3008 875 3036 quam
900 2999 988 3028 etiam
1010 3009 1127 3028 causam
1149 3000 1247 3029 stellae
1268 3000 1341 3029 fixae

267 3035 421 3065 scintillare
435 3036 577 3066 videntur.
593 3054 613 3059 —
629 3037 655 3066 5.
669 3038 839 3066 Notandum
861 3038 936 3068 circa
949 3038 1090 3076 loquendi
1105 3040 1228 3068 modum
1241 3049 1259 3068 a
1273 3040 1341 3068 Phi-

266 3075 394 3113 losopho
415 3076 578 3105 adhibitum
595 3076 625 3105 in
640 3078 694 3106 hac
714 3077 897 3115 probatione.
910 3095 932 3100 -—
946 3079 973 3107 6.
989 3079 1091 3108 Stellas
1113 3080 1254 3117 quasdam
1270 3079 1341 3109 fixas

266 3116 394 3153 appellat
413 3116 618 3154 Philosophus,
633 3117 703 3154 quia
721 3127 836 3155 semper
850 3128 868 3147 a
881 3128 912 3147 se
932 3119 1056 3148 invicem
1078 3121 1201 3149 eandem
1222 3130 1340 3149 conser-

266 3162 336 3186 vant
356 3155 531 3185 distantiam.
546 3173 566 3178 —
579 3157 713 3187 Planetas
732 3167 794 3187 non
808 3158 961 3188 scintillare
975 3159 1194 3198 intelligendum
1208 3167 1252 3188 est
1265 3167 1297 3188 ut
1310 3160 1340 3189 in

263 3195 407 3233 ‘plui-ibus.
422 3213 442 3219 -
455 3197 499 3225 De
513 3195 716 3226 scintillatione
737 3198 884 3227 stellarum
899 3205 927 3227 et
948 3198 1033 3236 solis;
1048 3206 1076 3228 et
1097 3200 1133 3228 de
1147 3200 1340 3238 circumgyra-

295 3318 306 3327 .
390 3316 435 3340 ,ν
455 3290 714 3334 ‘fraemissa
732 3291 857 3340 prima
884 3292 1029 3330 ratione
1058 3293 1108 3331 ad
1136 3294 1338 3331 ostenden-

358 3341 362 3350 “
410 3312 520 3405 &41
533 3343 627 3381 dum
655 3344 763 3393 quod
790 3352 890 3383 astra
917 3354 1126 3383 moventur
1157 3360 1228 3396 per
1255 3360 1338 3383 mo-

466 3401 518 3444 Sy?
531 3404 614 3434 tum
643 3397 888 3446 circulorum,
914 3412 1014 3448 quae
1042 3401 1266 3438 sumebatur
1293 3412 1339 3436 ex

335 3475 355 3479 ψ
425 3488 427 3491 ,
508 3448 516 3457 ’
531 3451 819 3500 comparatione
853 3454 1048 3490 stellarum
1091 3454 1140 3490 ad
1178 3453 1338 3489 circulos

266 3513 336 3539 seu
364 3501 478 3538 orbes
499 3501 535 3550 ²⁸,
550 3503 617 3547 hic
643 3504 752 3554 ponit
780 3505 968 3543 rationem
997 3505 1220 3552 secundam,
1242 3517 1340 3553 quae

267 3554 429 3591 sumitur
449 3567 494 3591 ex
513 3556 634 3604 figura
653 3558 864 3596 stellarum:
885 3571 984 3608 quae
1005 3559 1087 3595 talis
1108 3565 1174 3594 est.
1203 3558 1339 3594 Stellae

267 3615 356 3646 sunt
396 3608 616 3658 sphaericae
658 3611 822 3659 figurae3
851 3611 955 3649 unde
991 3611 1021 3648 si
1064 3617 1338 3658 moverentur,

1402 859 1420 878 *
1434 859 1551 892 Adhuc
1567 867 1684 900 autem,
1702 862 1856 902 quoniam
1882 864 2042 904 sphaerica
2060 871 2135 896 sunt
2153 871 2244 905 astra,
2260 865 2470 908 quemadmo-

1470 904 1550 935 dum
1573 911 1604 936 et
1626 905 1678 936 alii
1701 905 1820 945 dicunt,
1845 914 1875 938 et
1898 909 1989 939 nobis
2012 909 2196 940 confessum
2223 909 2327 941 dicere
2353 920 2391 941 ex
2413 910 2469 941 illo

1469 958 1603 989 corpore
1618 950 1854 990 generantibus3
1877 952 2030 992 sphaerici
2045 960 2153 985 autem
2172 953 2238 985 duo
2264 961 2373 985 motus
2397 961 2471 986 sunt

1469 1002 1526 1034 per
1545 1003 1589 1033 se,
1603 994 1760 1025 volutatio
1776 1001 1807 1025 et
1822 995 2080 1038 circumgyran’03
2096 997 2123 1028 si
2139 998 2271 1039 quidem
2286 998 2382 1039 igitur
2399 1009 2470 1030 mo-

1469 1044 1584 1069 ventur
1606 1045 1688 1070 asna
1710 1049 1767 1079 per
1791 1039 1903 1080 seipsa,
1919 1041 2016 1072 altero
2040 1042 2150 1083 utique
2173 1043 2389 1075 movebuntur
2411 1043 2469 1075 ho-

1469 1092 1552 1113 rum.
1570 1082 1632 1114 Sed
1654 1090 1768 1114 neutro
1785 1083 1940 1116 videntur.
1967 1085 2206 1128 Circumgyrata
2228 1087 2360 1129 quidem
2383 1087 2470 1119 enim

1469 1126 1580 1168 utique
1603 1133 1767 1158 manerent
1785 1127 1818 1158 in
1834 1129 1960 1168 eodem,
1980 1136 2011 1160 et
2026 1140 2091 1161 non
2115 1131 2355 1163 transferrentur
2377 1131 2467 1164 loco:

1469 1171 1558 1211 quod
1577 1177 1608 1201 et
1622 1171 1748 1202 videtur
1765 1178 1796 1202 et
1815 1182 1928 1203 omnes
1952 1173 2069 1205 dicunt.
2094 1175 2209 1206 Adhuc
2231 1181 2340 1207 autem
2360 1176 2470 1207 omnia

1468 1214 1600 1255 quidem
1623 1215 1808 1247 rationabile
1832 1217 1946 1247 eodem
1969 1225 2061 1249 motu
2085 1220 2223 1258 moveri;
2247 1220 2335 1251 solus
2361 1226 2470 1252 autem

1467 1258 1594 1290 videtur
1612 1266 1770 1291 astrorum
1793 1261 1842 1291 sol
1855 1261 1918 1292 hoc
1940 1263 2064 1302 operari
2083 1263 2187 1294 oriens
2211 1270 2242 1295 et
2265 1264 2423 1304 occidens,
2440 1271 2471 1296 et

1468 1302 1526 1334 iste
1549 1313 1617 1334 non
1639 1311 1770 1345 propter
1792 1305 1910 1345 ipsum,
1927 1307 1982 1337 sed
2005 1313 2135 1348 propter
2158 1308 2395 1349 elongationem
2409 1319 2467 1341 no-

1469 1347 1524 1378 stri
1547 1347 1650 1388 visus3
1674 1348 1760 1380 visus
1785 1349 1870 1380 enim
1894 1350 2012 1381 distans
2034 1351 2130 1392 longe
2154 1359 2245 1384 nutat
2266 1359 2396 1394 propter
2418 1353 2467 1384 in-

1468 1390 1660 1424 firmitatem.
1677 1393 1768 1430 Quae
1793 1404 1886 1425 causa
1905 1394 1986 1426 forte
2002 1402 2032 1426 et
2046 1395 2113 1427 eius
2129 1397 2219 1437 quod
2238 1403 2284 1428 est
2302 1397 2469 1429 scintillare

1467 1435 1566 1467 videri
1590 1437 1694 1477 stellas
1712 1437 1800 1477 fixas,
1820 1438 1961 1479 planetas
1985 1446 2092 1471 autem
2110 1450 2177 1471 non
2199 1441 2375 1472 scintillare.
2398 1441 2469 1472 Pla-

1467 1487 1558 1512 netae
1581 1481 1713 1522 quidem
1736 1482 1822 1513 enim
1845 1493 1946 1524 prope
1970 1491 2064 1523 sunt,
2087 1493 2184 1526 quare
2203 1492 2317 1526 potens
2336 1486 2469 1517 existens

1467 1525 1508 1555 ad
1537 1525 1624 1565 ipsos
1648 1526 1796 1567 pertingit
1818 1527 1921 1558 visus:
1953 1529 1993 1559 ad
2021 1535 2184 1560 manentes
2215 1535 2323 1561 autem
2353 1530 2468 1570 tremit,

1468 1576 1599 1610 propter
1624 1570 1860 1610 longitudinem
1888 1579 2052 1612 porrectus
2081 1573 2178 1614 longe
2199 1574 2300 1606 valde.
2332 1575 2469 1606 Tremor

1467 1621 1576 1645 autem
1598 1613 1698 1655 ipsius
1721 1615 1795 1646 astri
1818 1615 1892 1646 facit
1908 1616 2005 1647 videri
2028 1627 2095 1648 esse
2118 1625 2264 1649 motum:
2281 1619 2360 1649 nihil
2383 1619 2469 1650 enim

1468 1657 1570 1689 differt
1597 1659 1719 1690 moveri
1742 1659 1848 1691 visum
1879 1668 1934 1692 aut
1965 1662 2055 1702 quod
2081 1661 2214 1694 videtur.
2238 1661 2257 1680 ὓ
2280 1663 2341 1694 Sed
2365 1663 2468 1696 adhuc

1467 1703 1557 1744 quod
1581 1713 1685 1744 neque
1708 1704 1876 1735 volvantur
1898 1711 1994 1746 astra,
2018 1706 2234 1738 manifestum.
2261 1707 2360 1745 Quod
2384 1708 2469 1739 enim

1466 1746 1615 1786 volvitur,
1626 1747 1705 1779 verti
1715 1758 1840 1780 necesse
1857 1756 1916 1781 est:
1932 1750 2027 1781 lunae
2043 1757 2151 1782 autem
2163 1761 2288 1792 semper
2298 1759 2408 1792 patens
2423 1759 2470 1784 est

1467 1792 1557 1833 quod
1579 1798 1712 1824 vocatur
1727 1793 1830 1825 facies.
1851 1794 1971 1836 Itaque,
1987 1795 2141 1836 quoniam
2165 1802 2253 1827 mota
2267 1797 2397 1838 quidem
2414 1806 2470 1838 per

1467 1837 1571 1878 seipsa
1599 1837 1736 1878 propriis
1766 1839 1888 1870 moveri
1911 1839 2053 1871 motibus
2076 1840 2271 1880 rationabile,
2287 1841 2336 1872 his
2360 1849 2467 1873 autem

1467 1891 1533 1912 nou
1558 1881 1705 1913 videntur
1728 1889 1831 1923 mota,
1855 1884 1962 1925 palam
1985 1884 2060 1926 quia
2078 1895 2145 1916 non
2164 1885 2274 1927 utique
2291 1886 2469 1920 movebun-

1467 1932 1519 1957 tur
1541 1935 1598 1967 per
1621 1926 1733 1968 seipsa.
1962 1951 1964 1953 >

1398 2119 1479 2148 tione
1500 2129 1576 2158 quae
1589 2120 1620 2149 in
1634 2121 1705 2157 sole,
1720 2121 1750 2149 in
1765 2127 1831 2150 ortu
1846 2127 1874 2150 et
1887 2130 1993 2150 occasu
2006 2121 2170 2159 praecipue,
2185 2130 2312 2160 apparet.
2334 2123 2470 2153 Reiicitur

1397 2159 1499 2197 opinio
1520 2161 1687 2196 Alexandri,
1702 2161 1993 2199 circumgyrationem
2014 2161 2100 2191 istam
2121 2163 2286 2199 explicantis
2300 2173 2352 2200 per
2372 2164 2466 2201 dupli-

1397 2209 1461 2229 cem
1483 2200 1552 2229 solis
1573 2207 1700 2237 motum,
1715 2201 1766 2239 qui
1787 2210 1805 2230 a
1824 2201 1911 2230 nobis
1925 2202 2055 2231 sentitur.
2069 2219 2089 2223 —
2109 2212 2136 2239 7.
2157 2203 2238 2232 Plato
2254 2203 2351 2241 posuit
2374 2205 2468 2234 stellas

1397 2240 1467 2268 fixas
1481 2246 1544 2268 tum
1568 2240 1838 2279 circumgyratione,
1853 2248 1915 2270 tum
1937 2249 2020 2270 motu
2041 2242 2111 2271 caeli
2132 2242 2237 2271 diurno
2260 2243 2386 2281 moveri3
2407 2243 2468 2281 pla-

1396 2286 1479 2308 netas
1499 2287 1606 2315 autem,
1629 2280 1716 2309 simul
1738 2290 1805 2310 cum
1826 2281 1870 2310 his
1892 2281 2030 2317 motibus,
2052 2289 2136 2311 motu
2156 2283 2266 2320 proprii
2287 2283 2374 2312 orbis.
2395 2285 2468 2313 Tres

1396 2320 1524 2349 rationes
1544 2329 1562 2349 a
1583 2320 1733 2358 Simplicio
1754 2321 1855 2350 allatae
1876 2322 1914 2351 ad
1932 2322 2008 2351 hanc
2021 2321 2194 2359 opinionem
2205 2324 2354 2352 tuendam.
2368 2340 2389 2346 —
2402 2324 2467 2353 Ari·

1397 2360 1522 2396 stoteles‚
1537 2361 1574 2389 ab
1590 2360 1624 2390 iis
1638 2370 1714 2398 quae
1733 2361 1904 2390 sensibiliter
1917 2369 2058 2399 apparent
2071 2363 2205 2392 recedere
2218 2364 2332 2400 nolens,
2345 2363 2467 2392 circum-

1397 2399 1578 2438 gyrationem
1592 2400 1622 2429 in
1635 2400 1724 2430 stellis
1738 2410 1799 2429 non
1813 2402 1920 2438 posuit,
1935 2402 2001 2430 licet
2025 2402 2132 2431 directe
2146 2412 2207 2432 non
2220 2403 2433 2441 improbaverit.
2448 2421 2468 2426 —

1397 2441 1425 2469 8.
1441 2440 1549 2469 Stellas
1563 2441 1739 2469 volutatione
1754 2449 1811 2470 non
1825 2441 1940 2470 moveri
1953 2443 2108 2480 probatur.
2125 2444 2214 2478 Quod
2227 2443 2391 2479 revolvitur,
2406 2453 2467 2472 non

1396 2489 1512 2517 semper
1532 2481 1656 2509 eandem
1677 2481 1764 2510 nobis
1777 2482 1960 2518 superficiem
1975 2482 2074 2518 offert;
2095 2483 2181 2512 lunae
2201 2493 2270 2512 vero
2291 2493 2405 2521 semper
2419 2493 2466 2513 ea-

1397 2521 1465 2549 dem
1486 2520 1572 2550 facies
1587 2520 1715 2558 videtur;
1737 2530 1798 2550 non
1819 2530 1888 2560 ergo
1909 2522 2088 2552 volutatione
2109 2530 2251 2552 movetur.
2274 2524 2348 2554 Cum
2370 2530 2466 2552 autem

1397 2569 1501 2589 omnes
1522 2560 1621 2589 stellae
1642 2560 1699 2589 sint
1720 2561 1850 2589 eiusdem
1871 2568 2000 2598 naturae,
2015 2562 2146 2600 sequitur
2165 2563 2274 2592 nullam
2296 2573 2396 2592 earum
2411 2564 2467 2592 hoc

1397 2606 1481 2629 motu
1509 2600 1629 2629 moveri.
1645 2617 1663 2622 —
1677 2601 1845 2630 Conclusio.
1861 2618 1881 2624 -—
1894 2612 1921 2639 9.
1943 2602 2100 2631 Diversitas
2128 2612 2202 2640 quae
2227 2604 2258 2632 in
2283 2603 2368 2632 lunae
2395 2603 2466 2632 facie

1397 2647 1533 2677 apparet,
1555 2641 1625 2670 oriri
1645 2641 1747 2679 nequit
1767 2651 1801 2670 ex
1822 2642 2043 2679 interpositione
2063 2644 2194 2680 corporis
2219 2644 2293 2672 inter
2313 2653 2367 2672 nos
2382 2650 2409 2672 et
2422 2644 2466 2673 lu·

1396 2690 1475 2709 nam.
1498 2682 1566 2709 Non
1587 2680 1665 2710 enim
1679 2680 1810 2710 similiter
1833 2683 1870 2710 ab
1891 2682 2028 2711 omnibus
2049 2683 2207 2720 videretur;
2229 2684 2393 2720 superficies
2414 2693 2467 2712 au-

1396 2727 1456 2749 tem
1477 2721 1564 2749 lunae
1585 2720 1722 2750 omnibus
1742 2721 1851 2759 ubique
1873 2722 2002 2751 similiter
2023 2722 2162 2759 disposita
2183 2730 2309 2760 apparet.
2322 2741 2341 2745 -
2355 2725 2465 2760 Impos-

1397 2760 1479 2789 sibile
1500 2761 1587 2790 etiam
1602 2768 1647 2790 est
1658 2767 1691 2790 ut
1711 2768 1845 2790 causetur
1864 2771 1882 2790 a
1902 2762 2089 2791 similitudine
2110 2763 2249 2800 corporis,
2265 2772 2339 2800 quae
2354 2763 2383 2791 in
2397 2763 2465 2792 luna

1395 2801 1516 2830 resultat
1529 2801 1602 2830 sicut
1622 2801 1718 2830 forma
1737 2801 1768 2830 in
1789 2803 1923 2839 speculo:
1945 2809 2007 2831 tum
2027 2809 2147 2839 propter
2163 2803 2306 2832 rationem
2326 2802 2464 2839 praemis-

1396 2850 1477 2877 sam;
1498 2847 1561 2870 tum
1583 2840 1652 2878 quia
1672 2841 1703 2870 in
1723 2842 1778 2871 hac
1792 2842 1944 2879 hypothesi
1962 2852 2024 2871 non
2038 2843 2195 2871 salvaretur
2213 2843 2288 2871 ratio
2301 2842 2464 2871 Aristotelis

1397 2883 1489 2917 (num.
1500 2883 1606 2918 praec.)
1619 2887 1734 2918 sumpta
1745 2891 1778 2910 ex
1792 2882 1849 2910 hoc
1863 2882 1944 2919 quod
1958 2892 2072 2919 semper
2086 2883 2187 2910 eadem
2202 2881 2365 2919 superficies
2379 2882 2463 2910 nobis

1396 2927 1524 2958 apparet.
1539 2938 1559 2943 -
1573 2922 1624 2949 Est
1644 2920 1732 2958 igitur
1749 2929 1868 2958 propter
1881 2931 1950 2950 suae
1971 2922 2146 2951 substantiae
2160 2921 2388 2958 dispositionem.
2410 2921 2463 2949 Vel

1396 2961 1474 2998 quia,
1489 2967 1522 2989 ut
1535 2961 1708 2990 lamblichus
1723 2961 1867 2999 opinatur,
1884 2962 2011 2990 diversae
2025 2962 2135 2990 formae
2149 2961 2353 2998 generabilium
2370 2961 2462 2990 conti-

1396 3007 1502 3030 nentur
1515 3001 1546 3029 in
1561 3011 1595 3030 ea
1609 3001 1682 3030 sicut
1696 3001 1727 3030 in
1740 3001 1904 3038 exemplari.
1919 3002 1972 3029 Vel
1986 3001 2054 3038 quia
2067 3001 2098 3028 in
2113 3001 2283 3038 corporibus
2293 3001 2462 3035 caelestibus

1396 3041 1607 3070 elementorum
1629 3041 1819 3078 proprietates
1839 3040 2047 3078 praeexistunt,
2070 3041 2160 3068 modo
2181 3040 2246 3068 licet
2262 3040 2462 3079 eminentiori3

1395 3081 1465 3109 luna
1485 3087 1592 3117 autem,
1615 3081 1715 3109 infima
1735 3081 1809 3109 inter
1825 3089 1947 3117 corpora
1968 3080 2107 3114 caelestia,
2130 3080 2303 3108 assimilatur
2317 3080 2461 3116 quodam·

1396 3122 1487 3149 modo
1508 3127 1614 3156 terrae,
1638 3130 1712 3158 quae
1740 3120 1893 3149 minimum
1915 3121 1951 3148 de
1972 3120 2035 3148 luce
2056 3120 2160 3155 habet;
2188 3119 2313 3156 ideoque
2337 3129 2398 3149 non
2419 3127 2463 3150 est

1395 3161 1521 3189 totaliter
1534 3170 1551 3189 a
1566 3161 1626 3189 sole
1648 3160 1830 3195 illustrabilis,
1852 3169 1886 3188 ex
1907 3168 1966 3196 quo
1988 3159 2079 3187 oritur
2099 3160 2243 3196 quaedam
2258 3159 2417 3189 obscuritas
2431 3161 2462 3190 in

1395 3200 1539 3237 aliquibus
1560 3200 1621 3228 eius
1642 3200 1780 3237 partibus.
1817 3213 1821 3214 ⁷

1395 3300 1586 3342 oporteret
1606 3305 1669 3329 eas
1698 3291 1847 3329 moveri
1866 3299 1975 3328 motu
2002 3291 2068 3340 qui
2090 3300 2146 3329 est
2171 3292 2348 3342 proprius
2378 3306 2459 3331 cor-

1393 3346 1480 3395 pori
1509 3345 1726 3394 sphaerico,
1757 3344 1820 3393 qui
1842 3351 1906 3380 -est
1934 3344 2084 3393 duplex,
2111 3344 2250 3382 scilicet
2276 3346 2461 3384 volutatio

1396 3406 1431 3435 et
1451 3397 1761 3446 circumgyratio;
1786 3404 1921 3434 neutro
1942 3405 2071 3435 autem
2095 3398 2234 3435 horum
2249 3399 2270 3420 *
2284 3407 2460 3437 motuum
2488 3415 2499 3426 ψ

1395 3451 1523 3488 stellae
1544 3457 1764 3497 moventur;
1795 3462 1885 3498 ergo
1913 3463 1992 3487 non
2019 3458 2226 3488 moventur
2246 3453 2459 3490 secundum

1395 3504 1552 3553 seipsas,
1571 3503 1639 3540 sed
1666 3503 1742 3540 hoc
1769 3503 1874 3552 quod
1899 3512 2055 3552 apparet
2075 3504 2122 3542 de
2141 3512 2250 3542 motu
2279 3518 2411 3544 earum
2427 3507 2459 3553 ⁴⁵,
2489 3520 2497 3529 ·

1396 3564 1452 3593 est
1466 3557 1555 3605 quia
1570 3563 1776 3593 moventur
1790 3558 2003 3594 secundum
2018 3565 2168 3595 motum
2185 3558 2412 3597 circulorum
2423 3560 2454 3597 *.

1450 3621 1485 3646 2.
1516 3609 1646 3646 Primo
1674 3621 1764 3658 ergo
1784 3610 1964 3659 proponit
1986 3611 2110 3649 stellas
2130 3624 2212 3649 esse
2235 3611 2454 3661 sphaericae

2497 875 2644 930 “requ.4{ap.
2660 883 2711 900 vui.

2496 1669 2505 1678 ⁸
2520 1668 2588 1690 Text.
2603 1674 2643 1696 49.

2520 3415 2617 3436 istorum
2641 3414 2698 3435 duo-

2489 3447 2541 3462 rum
2554 3447 2575 3462 Ρ.

2517 3525 2598 3540 eorum
2617 3518 2686 3540 codd.

2489 3552 2538 3567 exc.
2555 3551 2575 3566 c.

2489 3574 2497 3582 ·
2513 3572 2652 3593 circularem
2666 3578 2689 3593 P-
