2782 4134
135 726 144 734 ·
160 725 219 745 enim
234 731 256 746 Α.

128 1466 140 1476 ’
154 1464 225 1486 Num.
240 1471 261 1491 7.

224 1951 237 1976 Ρ

130 2053 138 2062 ”
153 2052 222 2073 simul
235 2058 282 2073 om.
297 2058 320 2073 A.

128 2266 137 2274 ·
153 2261 189 2295 ξέι
214 2263 250 2285 ed.
265 2269 280 2284 a
290 2280 298 2290 ‚
318 2266 341 2285 et

125 2293 196 2312 ettam
211 2296 232 2312 c.

224 2423 239 2439 G

127 2639 136 2647 ⁶
152 2637 216 2659 alias
230 2643 251 2659 Α.

378 271 452 307 282

427 361 464 396 4.
488 349 705 386 Secundam
734 349 920 385 rationem
948 348 1056 397 ponit
1083 348 1152 385 ibi:
1172 349 1223 384 Et
1239 348 1348 384 aliter
1368 355 1437 384 etc.

375 402 423 439 Et
452 401 538 439 dicit
572 403 677 450 quod
711 402 816 438 aliter
851 401 963 438 etiam
1000 401 1151 438 videtur
1189 413 1270 437 esse
1309 412 1439 436 neces-

375 454 515 492 sarium
555 468 637 491 esse
678 466 839 503 corpora
872 454 1136 512 indivisibilia,
1177 452 1316 489 scilicet
1353 452 1383 488 si
1420 458 1439 479 μ

373 508 564 555 generatio
602 508 648 544 sit
683 520 776 556 per
793 506 1146 555 congregationem,
1177 513 1214 541 et
1247 504 1438 564 corruptio

372 573 442 609 per
469 561 780 615 segregationem.
808 561 856 596 Et
883 560 958 596 hoc
995 558 1150 606 quidem
1180 558 1437 595 necessarium

374 622 453 650 erat
479 626 623 662 ponere
652 603 886 658 De'mocrito,
918 612 1006 660 quia
1032 611 1202 659 ponebat
1230 610 1373 647 formas
1403 618 1439 647 et

373 674 526 703 naturas
555 679 678 703 rerum
706 664 946 702 determinari
975 664 1187 701 secundum
1206 664 1437 723 positionem

375 727 410 756 et
438 719 629 757 ordinem:
658 718 836 755 videmus
865 716 1033 754 autem*
1053 716 1158 766 quod
1179 724 1302 753 totum
1333 717 1438 754 cuius

373 773 496 809 forma
525 772 691 808 consistit
717 771 756 807 in
782 770 971 819 positione
1001 777 1038 806 et
1064 770 1211 817 ordine,
1246 770 1341 807 sicut
1370 770 1437 808 do-

371 837 473 872 muS‚
509 837 586 862 non
624 831 823 872 generatur
859 823 929 860 nisi
963 823 1272 871 congregatione,
1312 835 1437 872 neque

373 878 626 926 corrumpitur
649 877 718 913 nisi
747 876 1018 924 segregatione.
1040 877 1088 913 Et
1116 876 1215 923 ideo,
1242 889 1330 913 cum
1358 889 1438 913 non

372 931 417 968 sit
443 930 621 980 possibile
649 930 688 966 in
724 929 917 978 principiis
954 929 1207 977 generationis
1237 937 1272 966 et
1310 942 1437 966 corru-

371 983 511 1032 ptionis
539 989 551 1003 ⁷
577 984 786 1032 procedere
815 982 854 1019 in
893 982 1102 1030 infinitum,
1132 983 1302 1031 ponebat
1331 983 1437 1031 quod

372 1044 496 1073 essent
524 1036 649 1083 aliqua
675 1035 859 1085 principia
877 1035 1014 1084 prima,
1036 1047 1080 1072 ex
1109 1036 1246 1084 quibus
1275 1048 1460 1087 corpora-

371 1089 705 1137 congregabantur,
727 1096 764 1125 et
782 1089 821 1126 in
842 1101 941 1137 quae
969 1090 1274 1136 segregabantur.
1297 1090 1346 1126 Et
1368 1090 1437 1126 hu-

370 1142 537 1179 iusmodi
566 1141 715 1178 dicebat
743 1154 826 1178 esse
856 1154 1017 1191 corpora
1045 1142 1297 1179 indivisibilia.
1325 1164 1348 1170 -
1377 1143 1438 1179 Sic

369 1195 478 1243 igitur
497 1195 716 1232 Aristoteles
737 1195 965 1244 epilogando
987 1195 1177 1232 concludit
1205 1195 1310 1244 quod
1330 1208 1438 1244 prae-

371 1249 491 1285 dictus
520 1260 646 1285 sermo
677 1256 743 1296 est,
778 1248 843 1296 qui
870 1248 1021 1286 videtur
1050 1261 1186 1296 cogere
1214 1250 1263 1286 ad
1290 1261 1436 1297 ponen-

373 1301 466 1338 dum
495 1301 775 1349 magnitudines
802 1301 1048 1339 indivisibiles
1077 1299 1100 1338 ξ.

426 1356 458 1392 5.
480 1354 628 1391 Deinde
649 1367 735 1391 cum
758 1354 863 1391 dicit:
888 1354 1078 1401 Quoniam
1097 1360 1223 1391 autem
1247 1354 1335 1391 latet
1353 1363 1435 1404 etc.,

369 1407 480 1445 solvit
493 1407 704 1456 praedictas
720 1407 900 1445 rationes:
918 1415 953 1444 et
966 1407 1092 1457 primo
1107 1407 1290 1457 primam;
1303 1421 1437 1446 secun-

369 1461 418 1498 do
444 1456 665 1508 secundam,
690 1461 758 1498 ibi:
785 1461 860 1498 Sed
881 1473 955 1498 non
980 1460 1176 1509 simplex*
1191 1468 1260 1498 etc.
1277 1482 1301 1488 -
1323 1461 1435 1499 Circa

367 1514 536 1563 primurn
571 1521 627 1551 est
660 1514 980 1552 considerandum
1013 1520 1025 1535 ⁰
1063 1515 1167 1562 quod
1206 1521 1284 1551 tota
1315 1514 1435 1552 virtus

366 1567 514 1616 primae
543 1567 697 1604 rationis
725 1567 936 1604 Democriti
964 1567 1003 1604 in
1027 1568 1102 1604 hoc
1132 1567 1310 1614 consistit,
1332 1568 1437 1617 quod

368 1620 398 1657 si
428 1633 566 1669 corpus
595 1620 772 1657 sensibile
793 1628 848 1658 est
867 1620 979 1657 simul
1005 1620 1165 1658 omnino
1192 1620 1378 1658 divisibile
1398 1621 1436 1658 in
1455 1622 1458 1625 ’

367 1673 547 1723 potentia,
569 1674 674 1722 quod
695 1673 740 1710 sit
768 1674 880 1711 simul
909 1673 1068 1711 omnino
1099 1673 1264 1711 divisum
1294 1682 1381 1711 actu
1405 1680 1434 1711 π.

368 1727 446 1764 Sed
477 1726 574 1764 haec
612 1727 883 1776 consequentia
911 1740 990 1764 non
1028 1734 1130 1764 tenet
1166 1726 1205 1763 in
1243 1727 1434 1765 omnibus.

369 1779 571 1826 Quaedam
593 1780 695 1817 enim
725 1788 822 1827 sunt,
845 1780 892 1817 de
921 1792 1086 1829 quorum
1106 1780 1251 1817 ratione
1273 1788 1328 1818 est
1353 1793 1435 1818 esse

367 1832 407 1869 in
433 1833 618 1882 potentia:
643 1833 745 1870 unde
766 1833 804 1870 in
823 1833 960 1870 talibus
989 1846 1068 1870 non
1087 1841 1213 1882 potest
1239 1833 1332 1882 poni
1353 1846 1435 1871 esse

367 1885 479 1922 simul
508 1886 546 1923 in
575 1894 660 1923 actu
689 1886 794 1935 quod
824 1894 879 1923 est
915 1886 1028 1923 simul
1046 1886 1094 1935 *in
1121 1886 1317 1935 potentia,
1347 1887 1437 1936 quia

368 1939 576 1976 auferretur
589 1945 605 1970 Ρ
621 1939 712 1976 ratio
735 1947 770 1976 et
790 1947 923 1976 natura
941 1939 1038 1977 illius
1059 1939 1123 1977 rei.
1142 1939 1260 1987 Quod
1279 1939 1436 1989 quidem

366 1992 491 2041 primo
507 1993 750 2030 manifestum
767 1992 871 2030 estin
886 1992 1122 2030 successivis.
1136 1994 1177 2030 In
1192 1993 1317 2042 prima
1334 1993 1436 2031 enim

365 2053 471 2094 parte
501 2045 574 2083 diei
603 2046 715 2083 simul
743 2045 763 2068 '¹‘
790 2046 972 2095 possibile
1001 2054 1057 2083 est
1085 2059 1168 2083 esse
1198 2047 1312 2084 horas
1342 2046 1434 2084 diei:

367 2111 447 2135 non
465 2106 594 2136 tamen
622 2106 747 2148 potest
765 2099 857 2148 poni
886 2100 991 2148 quod
1030 2111 1166 2141 omnes
1193 2100 1311 2136 horae
1339 2099 1437 2137 illius

368 2151 441 2189 diei
461 2152 534 2189 sint
554 2152 666 2189 simul
695 2160 801 2199 actu;
823 2153 1032 2190 auferretur
1057 2153 1159 2190 enim
1179 2160 1313 2190 natura
1341 2161 1436 2191 tem-

367 2205 483 2254 poris,
505 2205 553 2242 de
574 2206 679 2243 cuius
708 2206 853 2243 ratione
875 2214 931 2243 est
958 2206 1063 2255 quod
1084 2206 1129 2243 sit
1148 2218 1332 2243 numerus
1351 2219 1435 2243 mo-

366 2267 425 2295 tus
454 2260 666 2297 secundum
690 2259 710 2281 ’¹‘
737 2259 842 2308 prius
871 2267 907 2296 et
934 2259 1140 2308 posterius;
1161 2259 1191 2296 si
1212 2259 1313 2296 enirn
1340 2267 1437 2296 esset

367 2311 479 2348 simul
499 2312 688 2360 quaelibet
701 2325 789 2361 pars
810 2313 900 2360 eius,
917 2313 994 2350 iam
1010 2325 1089 2350 non
1105 2321 1203 2350 esset
1222 2313 1436 2350 secundum

366 2364 469 2413 prius
485 2371 522 2401 et
539 2365 739 2414 posterius.
762 2366 941 2404 Secundo
962 2374 1119 2415 apparet
1137 2366 1212 2403 hoc
1231 2365 1269 2403 in
1284 2378 1434 2415 perma-

367 2418 554 2456 nentibus.
575 2420 634 2455 De
654 2419 861 2456 substantia
885 2425 898 2439 ‘⁸
929 2419 1030 2457 enim
1051 2419 1147 2456 aeris
1176 2427 1233 2456 est
1261 2419 1434 2467 materia,

367 2483 465 2520 quae
482 2479 537 2508 est
556 2471 594 2508 in
612 2472 782 2521 potentia
801 2472 850 2509 ad
870 2485 1008 2509 ornnes
1027 2473 1187 2510 formas:
1209 2481 1339 2510 tamen
1358 2485 1436 2510 non

367 2531 491 2572 potest
509 2525 601 2574 poni
622 2525 727 2574 quod
757 2537 801 2562 ex
821 2538 908 2562 aere
938 2525 984 2562 sit
1006 2533 1230 2573 generatum
1250 2525 1437 2574 quidquid

369 2589 413 2613 ex
434 2589 480 2613 eo
508 2585 634 2626 potest
662 2578 848 2626 generari3
878 2578 968 2627 quia
987 2578 1062 2615 iarn
1093 2579 1284 2615 tolleretur
1303 2586 1437 2616 natura

369 2630 562 2678 materiae,
584 2643 684 2679 quae
704 2643 857 2680 semper
877 2639 931 2668 est
950 2631 988 2668 in
1007 2631 1177 2680 potentia
1197 2632 1246 2669 ad
1266 2644 1402 2668 omnes
1417 2631 1437 2653 '¹‘

368 2683 520 2721 formas.
542 2683 604 2720 Sic
627 2684 735 2732 igitur
764 2692 894 2721 contra
933 2684 1118 2721 rationem
1153 2684 1435 2732 magnitudinis,

368 2743 410 2773 ut
427 2744 520 2786 puta
538 2737 670 2785 lineae,
702 2745 767 2785 est,
794 2738 899 2787 quod
927 2738 973 2774 sit
1010 2737 1122 2775 simul
1161 2737 1320 2775 omnino
1350 2745 1436 2775 actu

422 2922 450 2956 μ)
469 2921 568 2947 scilicet
586 2921 618 2946 si.
635 2935 655 2940 —
672 2921 696 2946 si
713 2921 785 2954 quod
809 2921 907 2946 scilicet
926 2921 967 2946 ed.
981 2928 1014 2950 a,
1035 2922 1105 2954 quod
1125 2922 1146 2946 C
1165 2922 1268 2955 corrigit
1291 2922 1316 2947 in
1339 2923 1439 2948 scilicet

368 2958 439 2990 quod
457 2957 492 2986 si,
513 2962 538 2982 et
557 2957 571 2982 b
591 2957 616 2981 in
630 2957 721 2989 posito
738 2957 850 2986 scilicet,
871 2957 910 2982 cui
933 2957 952 2981 Ρ
972 2957 1031 2982 add.
1050 2957 1162 2990 quod.-
1143 2957 1227 2982 -Pro
1246 2961 1272 2983 et
1290 2958 1436 2990 corruptio,

368 2996 394 3018 et
412 2992 550 3024 corruptio
568 2992 602 3017 sit
621 2992 706 3017 PCab.

422 3029 445 3060 ν)
466 3028 491 3052 in
507 3028 649 3060 principiis
667 3028 850 3061 generationis
864 3031 890 3052 et
903 3028 1126 3060 corruptioni8.-
1141 3028 1166 3053 in
1187 3028 1251 3060 ipsis
1263 3035 1396 3062 generans
1411 3032 1438 3054 et

368 3071 540 3095 corrumpens
559 3064 590 3088 A.

423 3098 445 3130 ξ)
466 3099 511 3124 Sic
535 3099 642 3131 igitur..
645 3098 845 3124 .indivisib1'les.
863 3113 883 3117 -
901 3099 957 3123 Hoc
977 3107 1030 3124 om.
1046 3099 1137 3128 PCab,
1158 3099 1218 3132 quia
1237 3099 1437 3124 homoteleuton

370 3139 423 3164 est;
443 3142 503 3159 nam
523 3142 552 3159 ex
571 3139 640 3158 textu
660 3139 729 3167 patet
748 3142 799 3158 non
819 3142 878 3159 esse
898 3140 1057 3159 extraneum.

423 3170 447 3201 ο)
468 3173 507 3194 est
525 3170 758 3194 considerandum.
771 3183 789 3188 -
803 3173 936 3194 ostensum
956 3173 995 3195 est
1015 3170 1098 3195 PCab.
1119 3170 1182 3194 Item
1198 3178 1251 3195 om.
1262 3170 1378 3202 primae.

422 3206 451 3237 π)
471 3205 579 3230 omnino
598 3205 712 3230 divisum
730 3208 802 3230 actu.
815 3219 835 3223 -
847 3205 954 3230 omnino
974 3205 1000 3230 in
1020 3208 1081 3231 actu
1102 3205 1187 3235 Peab.
1201 3206 1247 3230 sed
1268 3205 1381 3231 divisum
1394 3206 1437 3231 de-

370 3240 475 3264 siderari
492 3241 601 3265 videtur.

424 3276 447 3308 ρ)
466 3276 628 3309 auferretur.
646 3289 665 3294 -
683 3276 791 3300 tolletur
805 3276 867 3306 Pab,
882 3277 1020 3302 tolleretur
1034 3276 1063 3307 C,
1078 3276 1207 3310 afferetur
1220 3277 1256 3306 Α;
1270 3276 1374 3301 inferius
1388 3285 1437 3310 pro

370 3312 529 3343 auferretur,
549 3312 687 3344 auferetur
705 3312 735 3341 A,
755 3313 878 3344 aufertur
897 3311 960 3337 pah.

424 3346 449 3378 σ)
471 3346 511 3370 De
529 3346 686 3371 substantia.
699 3360 719 3365 -
734 3346 775 3371 De
793 3347 907 3372 subiecto
922 3348 953 3378 A,
969 3348 1132 3380 corruptione
1151 3347 1288 3380 frequenti.
1301 3361 1320 3366 —
1332 3348 1383 3372 Pro
1395 3351 1436 3373 ta-

372 3388 446 3409 men.
467 3381 536 3405 unde
555 3382 586 3405 Α.
599 3395 617 3399 -
636 3382 686 3405 Pro
705 3382 866 3414 quidquid...
887 3383 1033 3414 tolleretur,
1054 3383 1185 3416 quidquid
1203 3386 1242 3408 est
1255 3383 1382 3415 possibile
1401 3390 1438 3408 ex

372 3422 402 3440 eo
420 3416 544 3448 generari
563 3416 624 3448 quia
644 3417 782 3441 tolleretur
800 3418 884 3442 PCab.

425 3451 449 3482 τ)
470 3451 538 3475 unde
557 3459 607 3475 non
627 3452 778 3483 sequitur...
802 3456 863 3477 actu
883 3453 978 3478 divisa.
991 3467 1010 3472 -
1030 3453 1100 3478 Haec
1118 3454 1272 3478 omittuntur
1291 3453 1322 3478 ab
1342 3454 1372 3483 Α,
1393 3454 1436 3487 qui

372 3486 468 3518 pergit:
490 3486 568 3515 Quod
586 3490 673 3511 autem
687 3487 722 3511 sit
740 3491 835 3512 contra
851 3488 981 3513 rationem
997 3489 1066 3513 linae
1085 3496 1140 3514 esse
1152 3489 1261 3514 omnino
1274 3489 1353 3514 simul
1372 3493 1433 3515 actu

373 3521 459 3545 divisa
474 3524 564 3552 patet;
589 3529 619 3546 ea
638 3529 705 3553 quae
724 3523 746 3545 A
765 3523 874 3553 omittit,
900 3524 924 3547 in
945 3523 994 3548 fine
1014 3525 1114 3549 numeri
1134 3532 1199 3556 pene
1219 3525 1250 3549 ad
1268 3525 1377 3549 verbum
1397 3533 1436 3550 re-

372 3561 505 3588 petuntur;
525 3560 611 3581 autem
632 3562 691 3588 post
711 3557 789 3587 Quod
809 3559 988 3583 convenienter
1008 3559 1032 3583 in
1053 3564 1121 3584 textu
1141 3560 1238 3584 admitti
1258 3565 1356 3592 posset.

426 3590 451 3623 u)
467 3594 582 3623 punctus
602 3592 628 3616 in
647 3595 717 3616 actu.
735 3606 753 3610 -
768 3596 897 3623 punctum
918 3593 943 3618 in
964 3597 1024 3618 actu
1050 3601 1105 3619 esse
1125 3595 1209 3620 PCab.
1227 3609 1245 3614 -
1262 3596 1351 3620 Statim
1366 3595 1436 3620 linea

373 3634 426 3651 om.
447 3627 530 3651 PCab.
544 3641 562 3645 —
575 3627 623 3651 Pro
643 3630 792 3659 punctus...
806 3628 904 3660 puncti
922 3632 1007 3653 essent
1025 3630 1178 3663 contigui...
1201 3630 1339 3660 habentes,
1360 3631 1436 3656 PCab

880 271 950 307 DE
981 270 1370 307 GENERATIONE
1399 269 1470 305 ET
1500 268 1884 305 CORRUPTIONE
1914 269 2009 306 LIB.
2041 270 2054 305 I

1496 346 1632 383 divisa:
1661 347 1764 384 unde
1793 359 1872 384 non
1901 347 2084 396 sequitur,
2116 347 2146 384 si
2176 355 2231 384 est
2262 348 2374 385 simul
2403 349 2563 386 omnino

1496 398 1692 436 divisibilis
1721 399 1764 446 ¹in
1801 400 1970 448 potentia
1985 430 1993 446 ,
2025 401 2131 448 quod
2167 401 2287 449 possit
2323 401 2415 450 poni
2452 402 2564 439 simul

1495 452 1654 488 omnino
1678 460 1764 489 actu
1784 453 1905 490 divisa
1923 459 1949 490 τ.
1966 475 1989 481 -
2007 454 2124 500 Quod
2142 454 2218 490 hoc
2237 454 2283 490 sit
2303 462 2434 491 contra
2452 455 2563 491 ratio-

1494 517 1584 541 nem
1602 505 1735 552 lineae,
1755 514 1868 555 patet.
1886 507 1990 543 Nam
2011 506 2146 544 divisio
2167 506 2289 544 lineae
2309 507 2348 544 in
2367 514 2453 544 actu
2471 507 2563 545 nihil

1494 557 1596 594 aliud
1626 566 1681 595 est
1709 571 1826 607 quam
1855 567 2017 608 punctus
2045 559 2084 596 in
2112 567 2198 596 actu
2226 566 2255 596 ⁰:
2286 561 2316 597 si
2346 572 2435 607 ergo
2463 559 2564 598 linea

1494 618 1593 647 esset
1612 611 1724 648 simul
1745 612 1904 650 omnino
1932 613 1971 650 in
1985 620 2071 650 actu
2091 612 2223 659 divisa,
2245 620 2439 661 oporteret
2457 613 2564 661 quod

1492 671 1656 712 punctus
1677 672 1775 702 esset
1792 666 1936 714 ubique
1956 666 1994 703 in
2015 674 2100 703 actu
2120 665 2158 702 in
2177 666 2289 713 linea,
2311 673 2347 702 et
2371 666 2422 702 ita
2450 678 2562 715 opor-

1493 724 1588 753 teret
1616 718 1722 765 quod
1745 718 1876 767 puncti
1905 727 2030 756 essent
2049 718 2215 766 contigui
2241 719 2305 756 vel
2326 731 2562 767 consequen-

1492 777 1549 806 ter
1576 782 1618 807 se
1649 771 1834 808 habentes
1862 772 1901 808 in
1929 772 2036 809 linea.
2067 773 2154 809 Hoc
2182 780 2311 809 autern
2331 784 2411 809 non
2437 779 2564 821 potest

1493 834 1595 860 esse:
1617 823 1717 871 quia,
1731 836 1819 861 curn
1838 833 1980 873 puncta
1995 825 2068 862 sint
2082 825 2335 872 indivisibilia,
2352 826 2562 862 multorum

1491 883 1724 924 punctorum
1737 877 2004 925 contiguorum
2015 891 2137 916 unum
2148 891 2227 916 non
2238 878 2438 915 excederet
2447 878 2561 926 aliud,

1492 929 1582 977 quia
1601 942 1722 966 unum
1741 938 1912 978 tangeret
1938 931 2040 968 aliud
2059 932 2271 969 secundum
2301 944 2341 968 se
2366 939 2505 978 totum3
2527 939 2563 968 et

1491 982 1542 1018 ita
1562 994 1698 1019 omnes
1721 983 1852 1031 puncti
1872 996 1950 1020 non
1975 992 2102 1021 essent
2129 985 2199 1021 nisi
2218 985 2238 1006 *
2256 997 2356 1022 unus
2384 992 2559 1034 punctuS.

1492 1036 1585 1072 Non
1605 1047 1695 1083 ergo
1723 1043 1849 1085 potest
1868 1049 1951 1074 esse
1972 1037 2077 1086 quod
2100 1037 2231 1086 puncti
2254 1038 2328 1075 sint
2350 1038 2494 1086 ubique
2522 1038 2563 1075 in

1493 1096 1578 1125 actu
1598 1088 1636 1125 in
1664 1089 1764 1126 linea
1783 1094 1814 1125 7:
1846 1097 1882 1135 et
1909 1089 1959 1127 ita
1983 1098 2114 1127 contra
2142 1090 2329 1128 rationem
2358 1091 2483 1128 lineae
2507 1098 2562 1128 est

1492 1141 1597 1190 quod
1618 1141 1664 1179 sit
1692 1142 1803 1179 simul
1832 1142 1991 1180 omnino
2018 1143 2139 1180 divisa
2158 1143 2196 1180 in
2216 1151 2313 1180 actu.
2335 1144 2384 1180 Et
2402 1143 2453 1180 ita
2480 1155 2560 1181 non

1493 1195 1662 1244 sequitur
1690 1195 1806 1244 quod,
1832 1195 1863 1232 si
1891 1195 1937 1233 sit
1964 1195 2077 1233 simul
2107 1195 2303 1234 divisibilis
2333 1196 2493 1234 omnino
2522 1196 2563 1234 in

1491 1248 1681 1297 potentia,
1712 1248 1815 1298 quod
1844 1249 1964 1298 possit
2000 1249 2092 1298 poni
2130 1249 2290 1286 omnino
2323 1262 2406 1286 esse
2441 1249 2562 1287 divisa

1492 1301 1530 1338 in
1559 1309 1656 1339 actu.

1547 1356 1581 1392 6.
1610 1354 1710 1392 Dicit
1738 1367 1827 1404 ergo
1856 1360 1874 1382 χ
1902 1355 2159 1405 Philosophus
2187 1355 2293 1404 quod
2317 1355 2562 1393 Democritus

1492 1408 1580 1445 latet
1593 1409 1876 1458 parahgizans,
1896 1409 1993 1446 idest
2011 1408 2100 1446 facit
2117 1408 2417 1458 paralogismum
2445 1409 2562 1447 laten-

1491 1469 1586 1508 tem;
1613 1470 1648 1499 et
1667 1461 1948 1499 ostendendum
1969 1469 2025 1499 est
2043 1461 2242 1511 quomodo
2262 1463 2376 1500 lateat
2395 1461 2477 1500 eius
2496 1462 2561 1500 de-

1491 1515 1622 1552 fectus.
1644 1514 1745 1562 Quia
1765 1515 1867 1552 enim
1883 1523 2045 1564 punctus
2066 1527 2145 1552 non
2169 1523 2295 1564 potest
2316 1527 2398 1553 esse
2417 1522 2560 1565 puncto

1493 1567 1701 1616 contiguus,
1722 1580 1792 1617 per
1812 1581 2052 1618 consequens
2071 1568 2087 1596 Ψ
2107 1581 2188 1606 non
2208 1576 2335 1618 potest
2353 1581 2436 1606 esse
2457 1567 2564 1618 quod

1490 1621 1590 1658 linea
1609 1621 1655 1658 sit
1674 1621 1834 1659 omnino
1864 1621 1986 1659 divisa
2013 1621 2053 1659 in
2076 1629 2181 1659 actu:
2212 1629 2248 1659 et
2275 1621 2326 1659 ita
2354 1633 2437 1659 esse
2466 1620 2561 1660 divi-

1491 1674 1598 1711 sibile
1616 1674 1771 1724 ubique,
1792 1674 1878 1712 licet
1896 1675 2024 1724 aliquo
2049 1675 2168 1712 modo
2191 1674 2395 1712 conveniat
2418 1674 2562 1724 magni-

1490 1727 1696 1774 tudinibus,
1714 1727 1853 1764 scilicet
1866 1727 1905 1764 in
1919 1728 2099 1777 potentia,
2111 1736 2242 1765 tamen
2256 1728 2427 1778 quodam
2441 1727 2561 1766 modo

1491 1793 1570 1818 non
1599 1780 1779 1818 convenit
1812 1781 1876 1828 eis,
1906 1780 2046 1818 scilicet
2073 1781 2113 1818 in
2145 1789 2243 1819 actu.
2274 1781 2376 1828 Quia
2404 1781 2561 1830 quando

1490 1834 1644 1882 ponitur
1661 1833 1804 1882 ubique
1826 1846 1909 1871 esse
1930 1833 2052 1871 divisa
2070 1834 2110 1871 in
2135 1842 2221 1871 actu
2236 1840 2266 1880 ⁸⁰,
2292 1834 2445 1871 videtur
2468 1833 2562 1884 poni

1491 1899 1536 1924 ex
1556 1887 1804 1936 consequenti
1825 1886 1931 1935 quod
1945 1887 2089 1936 ubique
2105 1887 2151 1924 sit
2168 1894 2345 1937 punctus,
2362 1899 2452 1924 cum
2466 1899 2562 1937 pun-

1492 1948 1571 1977 ctus
1600 1940 1638 1977 in
1667 1947 1755 1977 actu
1782 1939 1874 1977 nihil
1903 1939 2004 1978 aliud
2034 1940 2080 1977 sit
2107 1953 2225 1990 quam
2253 1939 2389 1978 divisio
2408 1939 2447 1977 in
2475 1947 2564 1979 actu

1490 1994 1622 2031 lineae.
1641 1993 1680 2031 Si
1696 2001 1825 2030 autem
1844 2001 2008 2043 punctus
2029 2001 2084 2030 est
2106 1993 2250 2042 ubique
2270 1993 2309 2031 in
2329 2001 2415 2031 actu
2429 1993 2450 2016 '¹‘
2463 1993 2504 2031 in
2521 1993 2562 2031 li-

1491 2059 1574 2094 nea,
1592 2059 1748 2084 necesse
1765 2054 1820 2084 est
1834 2048 1940 2095 quod
1960 2046 2183 2095 magnitudo
2204 2046 2394 2084 dividatur
2408 2046 2447 2084 in
2465 2058 2562 2096 pun-

1492 2109 1561 2148 cta,
1579 2113 1668 2137 curn
1683 2099 1774 2137 nihil
1795 2100 1896 2138 aliud
1915 2099 1954 2137 in
1969 2100 2228 2148 magnitudine
2247 2099 2478 2137 inveniatur:
2497 2100 2562 2138 vel

1491 2153 1616 2200 etiam,
1638 2154 1851 2191 secundum
1880 2153 1994 2190 aliam
2022 2154 2205 2201 litteram,
2235 2153 2341 2203 quod
2373 2152 2564 2192 dividatur

1491 2207 1529 2244 in
1557 2206 1660 2255 nihil,
1682 2206 1770 2256 quia
1793 2206 1884 2244 nihil
1914 2206 1982 2244 erit
2004 2207 2202 2245 residuum
2229 2215 2379 2256 praeter
2407 2205 2563 2245 divisio-

1491 2272 1594 2308 nem,
1615 2260 1646 2297 si
1674 2259 1818 2309 ubique
1837 2259 1883 2297 sit
1910 2268 2110 2310 punctum,
2131 2261 2237 2311 quod
2256 2267 2313 2298 est
2341 2259 2491 2299 divisio.
2511 2260 2564 2298 Et

1490 2313 1578 2350 ideo
1608 2313 1778 2362 sequitur
1798 2313 1904 2363 quod
1930 2313 2152 2362 magnitudo
2171 2314 2235 2352 vel
2263 2313 2310 2351 sit
2334 2325 2379 2350 ex
2397 2313 2559 2362 punctis,

1490 2367 1552 2404 vel
1582 2379 1628 2403 ex
1655 2366 1817 2404 tactibus
1844 2366 2010 2416 partium
2039 2366 2173 2414 lineae,
2200 2365 2281 2404 sive
2310 2365 2563 2405 divisionibus

1490 2420 1610 2457 lineae
1631 2419 1753 2468 (quod
1771 2419 1810 2456 in
1838 2419 1941 2457 idem
1961 2419 2088 2466 redit):
2117 2419 2272 2469 ponitur
2295 2419 2399 2457 enim
2428 2431 2562 2458 secun-

1492 2473 1586 2509 dum
1614 2472 1821 2521 praedicta,
1844 2472 1949 2522 quod
1977 2473 2052 2510 hoc
2081 2473 2187 2522 quod
2215 2472 2337 2510 existit
2363 2472 2507 2522 ubique
2526 2477 2562 2494 ‘¹‘

1491 2525 1530 2562 in
1546 2525 1655 2572 linea,
1678 2525 1724 2562 sit
1738 2533 1914 2574 punctus,
1929 2526 1992 2562 vel
2012 2533 2143 2572 tactus,
2161 2533 2225 2562 aut
2244 2524 2393 2573 divisio,
2414 2524 2446 2563 si
2463 2525 2563 2564 linea

1492 2578 1537 2615 sit
1557 2578 1669 2615 simul
1688 2578 1847 2615 omnino
1868 2578 1999 2616 divisa.
2023 2578 2100 2616 Sed
2119 2579 2194 2616 hoc
2214 2591 2292 2616 non
2312 2585 2437 2628 potest
2456 2590 2560 2616 esse:

1493 2631 1582 2680 quia
1611 2639 1832 2680 sequeretur
1859 2631 1964 2680 quod
1995 2633 2121 2669 solum
2145 2644 2244 2669 unus
2272 2639 2436 2680 punctus
2466 2639 2565 2670 esset

1492 2685 1647 2733 ubique,
1677 2684 1774 2722 idest
1802 2684 1840 2722 in
1877 2684 2044 2733 qualibet
2076 2693 2184 2734 parte
2212 2684 2353 2731 lineae;
2390 2692 2427 2723 et
2458 2684 2566 2734 quod

1493 2750 1628 2775 omnes
1647 2737 1777 2786 puncti
1806 2737 1926 2775 lineae
1946 2750 2026 2775 non
2052 2739 2139 2787 plus
2160 2737 2397 2776 continerent
2421 2737 2469 2776 de
2492 2737 2565 2776 situ

1492 2925 1594 2955 ponunt
1608 2926 1784 2955 punctum...
1804 2926 1907 2955 puncta
1926 2926 2013 2948 essent
2029 2923 2202 2956 contigua...
2222 2923 2356 2949 habentia.
2376 2924 2503 2950 Nonmut
2521 2923 2564 2951 hic

1494 2958 1569 2983 etiam
1589 2966 1637 2991 pro
1657 2958 1834 2983 consimilibus
1854 2958 1926 2990 locis,
1946 2958 2017 2991 quod
2037 2959 2063 2983 in
2082 2958 2218 2984 scribendo
2233 2962 2351 2991 punctus
2366 2959 2407 2984 vel
2422 2962 2563 2992 punctum,

1493 2994 1595 3019 codices
1616 2999 1642 3019 et
1660 2994 1785 3019 editiones
1805 2994 1954 3019 discordare
1972 2994 2058 3019 solent
2077 2999 2102 3019 et
2121 3002 2136 3019 a
2155 2994 2248 3028 seipsis
2268 2999 2293 3019 et
2311 2994 2343 3019 ab
2363 2995 2428 3020 aliis.

1547 3029 1574 3063 φ)
1595 3029 1621 3054 in
1641 3033 1702 3055 actu
1719 3030 1745 3054 in
1760 3030 1840 3055 linea.
1852 3043 1871 3048 -
1884 3029 1910 3054 in
1925 3029 1996 3054 lInea
2014 3031 2045 3060 A,
2065 3030 2091 3054 in
2107 3033 2169 3055 actu
2179 3037 2232 3062 per
2245 3030 2342 3055 lineam
2361 3030 2465 3061 (lineae
2477 3030 2519 3056 ed.
2531 3032 2566 3063 a)

1492 3065 1578 3090 PCab.
1596 3079 1615 3084 -
1635 3065 1685 3089 Pro
1704 3066 1812 3090 omnino
1838 3065 1924 3090 divisa
1950 3064 1976 3089 in
1996 3068 2072 3094 actu,
2093 3068 2149 3090 toto
2169 3065 2242 3097 (tota
2260 3065 2318 3098 PC)
2339 3066 2427 3091 divisa
2454 3066 2481 3091 in
2499 3068 2562 3092 actu

1494 3100 1579 3125 PCab.
1594 3101 1615 3125 A
1631 3101 1811 3133 prosequitur:
1831 3101 1867 3126 Et
1886 3100 1925 3125 ita
1948 3107 1999 3125 non
2021 3100 2150 3133 sequitur,
2165 3100 2189 3125 si
2202 3104 2242 3126 est
2255 3101 2335 3126 simul
2349 3101 2457 3127 omnino
2475 3101 2563 3128 divisa

1493 3135 1518 3160 in
1534 3136 1670 3168 potentia,
1691 3136 1762 3169 quod
1780 3136 1815 3161 sit
1833 3135 1912 3161 simul
1930 3135 2039 3160 omnino
2059 3135 2145 3161 divisa
2165 3136 2191 3161 in
2211 3139 2282 3162 actu.

1545 3172 1573 3206 χ)
1595 3172 1668 3196 Dicit
1687 3179 1793 3205 ergo.-
1774 3171 1882 3197 -Dicit
1894 3178 1959 3205 ergo
1974 3171 2066 3203 primo
2081 3171 2164 3201 PCab,
2181 3172 2227 3196 sed
2246 3171 2308 3205 quid
2328 3171 2388 3198 huic
2398 3171 2491 3205 primo
2505 3179 2564 3197 eor-

1492 3207 1668 3240 responderet,
1685 3215 1736 3232 non
1751 3207 1906 3232 invenimus..
1918 3206 2000 3231 -Pro
2014 3209 2041 3232 et
2053 3207 2245 3232 ostendendum
2264 3210 2304 3232 est
2318 3205 2463 3242 (λέγωμεν),
2476 3211 2503 3233 et
2519 3207 2562 3234 dn·-

1491 3242 1528 3267 cit
1546 3242 1630 3267 PCab.

1546 3276 1574 3311 ψ)
1596 3278 1666 3308 Quia
1685 3278 1788 3303 enim...
1807 3285 1975 3310 consequens.
1993 3291 2012 3296 -
2033 3278 2102 3308 Quia
2121 3278 2191 3303 enim
2209 3281 2340 3310 punctum
2360 3278 2490 3310 (punctus
2509 3284 2561 3304 ποια

1493 3313 1533 3338 ed.
1547 3320 1576 3342 a,
1592 3317 1709 3345 punctus
1729 3313 1765 3338 Cb
1768 3315 1783 3345 )
1798 3316 1900 3346 puncto
1923 3320 1975 3338 non
1992 3316 2081 3345 potest
2099 3319 2155 3339 esse
2172 3313 2315 3346 contiguus
2335 3312 2504 3346 (contiguum
2525 3313 2561 3346 P)

1492 3352 1518 3373 et
1538 3349 1574 3380 (et
1592 3357 1646 3374 om.
1667 3349 1698 3381 C)
1719 3356 1771 3380 per
1787 3356 1948 3382 consequens
1967 3349 2052 3374 PCab.
2067 3362 2085 3367 -
2104 3349 2154 3374 Pro
2173 3352 2199 3374 et
2218 3349 2256 3374 ita
2275 3355 2330 3373 esse
2356 3348 2486 3374 divisibile
2506 3348 2562 3374 ubi-

1492 3391 1549 3416 que,
1570 3387 1596 3409 et
1615 3384 1653 3409 ita
1673 3384 1727 3417 (ita
1752 3392 1807 3409 om.
1822 3385 1852 3417 C)
1876 3391 1954 3409 omne
1974 3383 2104 3410 divisibile
2129 3384 2223 3418 ubique
2242 3387 2282 3410 est
2303 3383 2418 3409 divisum
2441 3384 2495 3415 Ceu
2514 3391 2562 3418 pro

1493 3420 1539 3448 ita,
1560 3419 1619 3444 ideo
1638 3420 1669 3445 Α.

1545 3455 1576 3487 ω)
1597 3455 1683 3480 divisa
1703 3455 1728 3480 in
1749 3459 1820 3480 actu.
1838 3469 1857 3474 -
1875 3458 1936 3480 actu
1957 3455 2070 3480 divisum
2091 3454 2125 3481 A.
2139 3469 2158 3474 -
2171 3455 2222 3480 Pro
2241 3455 2276 3481 sit
2294 3457 2446 3487 punctus...
2467 3454 2563 3485 lineae,

1492 3490 1527 3515 sit
1546 3493 1675 3522 punctum
1701 3498 1760 3515 cum
1777 3494 1893 3523 punctus
1919 3491 1985 3516 nihil
2009 3490 2085 3516 aliud
2108 3494 2148 3516 est
2172 3497 2250 3524 quam
2275 3493 2336 3516 actu
2363 3490 2459 3516 divisio
2476 3490 2562 3515 lineae

1493 3526 1551 3550 PCa
1563 3533 1570 3553 ,·
1584 3533 1663 3558 quam
1678 3529 1740 3551 actu
1761 3525 1856 3551 divisio
1871 3526 1956 3551 lineae
1975 3527 2050 3551 etiam
2071 3526 2111 3551 ed.
2131 3526 2154 3551 b.

1546 3562 1591 3593 αα)
1612 3561 1714 3594 ubique.
1732 3575 1750 3580 —
1770 3562 1825 3586 Hoc
1839 3569 1893 3586 om.
1907 3562 1992 3586 PCab.
2009 3575 2028 3580 -
2046 3562 2096 3586 Pro
2115 3562 2211 3591 solum,
2231 3562 2303 3586 solus
2317 3561 2348 3585 A.
2365 3574 2385 3580 -
2402 3560 2453 3585 Pro
2471 3567 2562 3586 omnes

1489 3597 1585 3628 puncti·
1608 3597 1710 3625 lineae,
1734 3603 1825 3621 omnes
1849 3600 1943 3628 partes
1967 3596 2052 3622 lineae
2076 3596 2166 3628 PCab,
2191 3597 2237 3621 sed
2257 3596 2343 3621 statim
2362 3601 2388 3620 et
2405 3594 2454 3628 ipsi
2474 3595 2562 3627 legunt

1493 3630 1671 3664 unusquisque
1690 3639 1780 3657 eorum
1798 3631 1852 3663 (ubi
1867 3633 1889 3656 A
1905 3631 2108 3664 unumquodque
2122 3631 2225 3663 eorum)
2245 3637 2271 3656 et
2285 3631 2379 3664 plures
2397 3637 2477 3663 quam
2493 3637 2561 3656 unus

2589 992 2601 1002 ⁸
2616 992 2676 1017 (om.
2691 993 2749 1018 non)
2763 998 2782 1014 es

2590 1020 2644 1040 seut
2656 1018 2732 1040 uoluam
2746 1024 2767 1040 c.

2591 1998 2600 2007 ·
2623 1997 2648 2019 ιἰι
2670 1998 2726 2019 actu
2754 2003 2782 2019 on

2590 2023 2660 2046 mab.

2680 2479 2716 2498 αα
