2782 4134
541 337 2016 429 METEOROLOGICORUM

1089 518 1363 583 LIBER
1410 521 1466 585 Π

983 815 1283 871 LECTIO
1320 817 1582 874 PRIMA

0 974 10 1010 :v
528 957 758 988 OPINIONES
781 958 1078 996 ANTIQUORUM
1102 960 1234 991 CIRCA
1258 960 1470 992 ORIGINEM
1493 963 1551 993 ET
1576 963 1843 995 SALSEDINEM
1866 966 1995 997 MARIS
2013 984 2036 991 --

0 1011 19 1049 ᾖ
198 1052 202 1055 ¹
464 1014 687 1045 REIICITUR
710 1015 955 1046 SENTENTIA
978 1016 1222 1048 DICENTIUM
1245 1018 1366 1049 MARE
1390 1019 1507 1050 ORIRI
1532 1021 1589 1051 EX
1609 1021 1858 1058 QUIBUSDAM
1882 1023 2095 1055 FONTIBUS

182 1139 259 1182 Περὶ
283 1132 321 1169 δὲ
345 1134 540 1181 θαλάττης,
565 1138 623 1168 καὶ
650 1138 700 1174 τίς
719 1137 739 1173 ἡ
758 1136 851 1181 φύσις
879 1137 1008 1178 αὐτῆς,
1034 1139 1092 1169 καὶ
1111 1133 1169 1170 διαὶ
1187 1137 1250 1171 τίν’

208 1212 214 1214 ,
247 1181 544 1224 αἰτίανρὶλμυρόν
572 1181 742 1213 τοσοῦτόν
768 1180 861 1213 ἐστιν
887 1177 1014 1219 ὕδατος
1040 1181 1183 1223 πλῆθος,
1203 1183 1255 1214 ἔτι

250 1222 289 1259 δὲ
315 1227 388 1282 περὶ
415 1226 477 1263 τῆς
505 1225 539 1266 ἐξ
567 1225 671 1270 ἀρχῆς
697 1225 858 1271 γενέσεως
880 1225 1048 1271 λέγωμεν.

181 1273 221 1304 Οἱ
245 1271 304 1317 μὲν
331 1283 387 1303 ουν
421 1268 558 1316 ἀρχαῖοι
591 1273 648 1301 καὶ
680 1265 916 1313 διατρίβοντες
951 1272 1026 1314 περὶ
1052 1270 1114 1308 τοὶς
1140 1269 1253 1303 θεολο-

249 1318 326 1363 γίας
352 1316 504 1348 ποιοῦσιν
536 1315 647 1352 αὐτῆς
672 1315 807 1361 πηγάς,
828 1312 872 1346 ἵν’
901 1315 1020 1352 αὐτοῖς
1043 1313 1122 1346 ὦσιν
1150 1315 1253 1360 ἀρχαὶ

249 1362 315 1393 καί
325 1361 415 1405 ῥίζαι
431 1360 495 1406 γῆς
514 1361 573 1391 καὶ
590 1357 788 1397 θαλάττης·
811 1358 1061 1406 τραγικώτερον
1078 1360 1143 1406 γάρ
1162 1361 1252 1393 οὕτω

249 1407 309 1437 καὶ
334 1403 534 1449 σεμνότερον
566 1402 739 1444 ὑπέλαβον
768 1405 846 1441 ἴσως
877 1400 964 1435 εἶναι
989 1404 1030 1436 τό
1053 1404 1251 1451 λεγόμενον,

250 1449 293 1488 ὥς
319 1449 409 1496 μέγα
433 1460 468 1482 τι
493 1449 556 1480 τοῦ
587 1447 718 1485 παντὸς
745 1449 851 1480 τοῦτο
885 1447 999 1492 μόριον
1026 1446 1082 1488 ὃν,
1107 1451 1166 1481 καὶ
1192 1450 1252 1481 τὸν

249 1493 369 1527 λοιπὸν
389 1491 528 1535 οὐρανὸν
547 1491 624 1524 ὅλον
642 1493 717 1535 περὶ
735 1493 861 1524 τοῦτον
879 1493 1047 1529 συστῆναι
1065 1493 1125 1526 τόν
1143 1493 1252 1526 τόπον

249 1541 308 1571 καὶ
333 1538 461 1572 τούτου
486 1536 599 1582 χάριν,
625 1537 668 1574 ὠς
694 1536 779 1569 ὄντα
805 1536 1019 1581 τιμιώτατον
1044 1540 1101 1569 καὶ
1129 1538 1249 1584 ἀρχήν.

182 1585 222 1616 Οἱ
245 1579 284 1616 δὲ
308 1581 492 1638 σοφώτεροι
508 1581 573 1617 την
593 1580 801 1625 ἀνθρωπίνην
825 1583 944 1625 σοφίαν
963 1583 1116 1614 ποιοῦσιν
1142 1584 1251 1621 αὐτῆς

250 1626 399 1676 γένεσιν·
425 1637 511 1659 ειναι
543 1625 608 1672 γάρ
641 1626 682 1659 το“
713 1626 845 1671 πρῶτον
880 1625 979 1672 ύγρὸν
1013 1625 1157 1659 ἅπαντα
1191 1628 1251 1660 τὸν

251 1673 325 1717 περὶ
350 1671 415 1709 τήν
439 1671 504 1718 γῆν
530 1670 653 1711 τόπον,
673 1670 739 1702 ὑπὸ
757 1666 795 1702 δέ
812 1671 875 1704 τοῦ
895 1672 992 1709 ἡλίου
1013 1669 1252 1717 ξηραινόμενον

251 1715 293 1749 τό
318 1716 378 1761 μὲν
403 1710 591 1758 διατμίσαν
617 1714 802 1759 πνεύματα
825 1717 885 1747 καὶ
909 1715 1040 1760 τροπας
1067 1717 1163 1753 ἡλίου
1192 1718 1252 1749 καὶ

250 1761 393 1799 σελήνης
417 1762 499 1804 φασὶ
525 1763 647 1800 ποιεῖν,
666 1759 708 1791 τό
727 1754 766 1791 δὲ
782 1759 913 1804 λειφθέν
937 1759 1121 1794 θάλατταν
1146 1758 1251 1793 εἶναι·

249 1800 304 1838 διὸ
327 1807 386 1838 καὶ
411 1803 549 1838 ἐλάττω
575 1802 727 1850 γίνεσθαι
752 1803 994 1858 ξηραινομένην
1020 1807 1166 1847 οἴονται,
1191 1807 1251 1838 καὶ

251 1849 350 1888 τέλος
375 1848 509 1882 ἔσεσθαί
535 1859 622 1881 ποτε
647 1849 763 1881 πᾶσαν
795 1849 912 1893 ςηράν.
946 1849 1053 1882 Ἔνιοι
1077 1844 1108 1881 δ’
1137 1848 1251 1883 αὐτῶν

250 1893 511 1940 θερμαινομένης
543 1894 642 1937 φασὶν
677 1892 742 1925 ond
776 1894 838 1926 τοῦ
872 1895 968 1931 ἡλίου
998 1895 1061 1933 τῆς
1087 1895 1150 1941 γῆς
1184 1895 1251 1927 οἷον

3 1971 9 1987 x
251 1934 380 1984 ἱδρῶτα
404 1936 575 1985 γίνεσθαι·
601 1932 654 1969 διὸ
677 1938 737 1970 καὶ
763 1938 913 1983 άλμυροὶν
939 1935 1044 1970 εἶναι·
1069 1931 1128 1971 καὶ
1148 1939 1213 1986 γάρ
1236 1941 1252 1972 ό

0 2007 8 2031 5
251 1980 348 2028 ἱδρώς
374 1981 531 2027 άλμυρός.
565 1983 603 2013 Οἱ
627 1977 666 2013 δὲ
690 1982 752 2020 τῆς
781 1982 1016 2037 ἀλμυρότητος
1043 1983 1160 2016 αἰτίαν
1187 1985 1251 2022 τήν

0 2031 18 2067 ⁸?
249 2030 315 2075 γῆν
340 2025 426 2060 εἶναί
455 2037 574 2071 φασιν·
599 2025 756 2068 καθάπερ
790 2039 855 2073 γαρ
881 2027 922 2060 τὸ
947 2023 1007 2061 διαὶ
1031 2030 1095 2067 τῆς
1128 2028 1252 2074 τέφρας

0 2051 10 2128 'l
252 2072 439 2117 ἠθούμενον
467 2071 613 2126 ἁλμυρὴν
637 2073 791 2117 γίνεται,
819 2072 879 2105 τόν
905 2073 1012 2106 αὐτόν
1038 2073 1166 2117 τρόπον
1194 2076 1253 2106 καὶ

252 2117 388 2155 ταύτην
408 2117 558 2160 οἱλμυραν
577 2127 676 2157 ειναι,
693 2115 865 2161 μιχθείσης
883 2118 976 2160 αὐτῇ
995 2117 1160 2155 τοιαύτης
1174 2119 1252 2165 γῆς.

177 2161 255 2197 Ὀτι
279 2162 340 2206 μὲν
364 2159 422 2194 οὖν
448 2160 561 2207 πηγοὶς
586 2159 765 2198 θαλάττης
793 2156 966 2194 ἀδύνατον
991 2159 1090 2204 εἶναι,
1109 2158 1169 2195 διαὶ
1186 2165 1252 2195 τῶν

253 2205 479 2252 ὖπαρχόντων
505 2200 570 2243 ἤδη
597 2203 727 2249 θεωρεῖν
752 2200 820 2236 δεῖ·
848 2207 914 2238 τῶν
931 2206 995 2253 γοὶρ
1015 2209 1089 2251 περὶ
1107 2207 1171 2243 τήν
1189 2209 1252 2253 γῆν

252 2245 390 2284 ὑδάτων
422 2249 470 2283 τοὶ
501 2250 560 2306 μὲν
589 2249 678 2306 ῥυτά
711 2249 875 2295 τυγχάνει
902 2251 1008 2292 ὄντα,
1036 2252 1084 2284 τοὶ
1107 2246 1145 2283 δὲ
1171 2251 1254 2285 στά-

252 2307 348 2340 σιμα.
387 2295 439 2326 Tei.
471 2305 530 2337 μεν
565 2305 621 2326 ουν
653 2294 742 2338 ῥυτσὲ
773 2294 892 2327 πάντα
927 2299 1080 2341 πηγαϊα”
1112 2297 1185 2340 περὶ
1217 2291 1254 2328 δὲ

252 2341 319 2375 τῶν
345 2339 460 2384 πηγῶν
486 2337 668 2383 εἰρήκαμεν
700 2337 883 2382 πρότερον,
911 2338 965 2372 ὅτι
996 2334 1049 2371 δεῖ
1079 2345 1165 2372 νοεῖν
1192 2340 1255 2386 οὐχ

252 2385 362 2429 ὥσπερ
381 2385 415 2426 ἐξ
435 2380 573 2431 ἀγγείου
598 2382 844 2427 ταμιευόμενον
863 2384 927 2420 τήν
955 2384 1063 2429 ἀρχήν
1089 2382 1175 2417 εἶναι
1194 2398 1255 2422 πη-

251 2429 330 2476 γνὶν,
358 2428 430 2462 ἀλλ’
452 2429 497 2466 εἱς
522 2429 555 2460 ἓν
583 2428 634 2459 ἀεὶ
659 2426 833 2473 γινόμενον
858 2431 915 2460 καὶ
938 2429 1072 2474 συρρέον
1092 2430 1254 2463 ἀπαντᾶν

253 2472 403 2518 πρώτην.
431 2471 503 2504 Τῶν
529 2467 567 2517 δὲ
591 2473 766 2516 στασίμων
792 2472 840 2504 τά
857 2473 916 2517 μὲν
941 2475 1171 2520 συλλογιμαῖα
1195 2477 1255 2507 καὶ

253 2517 480 2559 ὑποστάσεις,
508 2517 576 2548 οἷον
603 2516 652 2548 τοὶ
675 2518 890 2561 τελματιαῖα
917 2520 975 2550 καὶ
1003 2517 1066 2551 ὅσα
1091 2514 1254 2563 λιμνώδη,

253 2561 375 2600 πλήθει
408 2560 468 2594 καὶ
497 2561 678 2607 ὀλιγότητι
710 2559 941 2606 διαφέροντα,
969 2563 1016 2596 τοὶ
1040 2558 1078 2595 δὲ
1103 2568 1252 2610 πηγαῖα.

252 2609 376 2640 Ταῦτα
392 2601 431 2639 δὲ
450 2606 570 2640 πάντα
594 2604 821 2651 χειρόκμητα,
839 2606 928 2653 λέγω
954 2603 984 2638 δ’
1007 2608 1075 2639 οἷον
1094 2609 1142 2641 τοὶ
1157 2620 1256 2654 φρεα-

253 2655 355 2686 τιαῖα
387 2650 602 2695 καλούμενα·
638 2649 777 2683 πάντων
814 2651 879 2698 γάρ
915 2651 1071 2696 ἀνωτέρω
1107 2647 1160 2684 δεῖ
1190 2653 1255 2690 την

254 2696 368 2742 πηγήν
395 2693 481 2728 εἶναι
506 2696 569 2733 τῆς
593 2693 735 2740 ῥύσεως·
760 2690 814 2728 διό
840 2695 888 2728 τοὶ
904 2696 964 2739 μὲν
984 2695 1175 2741 αὐτόματα
1192 2699 1253 2743 ῥεῖ,

253 2740 303 2774 τοὶ
325 2744 470 2783 κρηναῖα
493 2741 552 2771 καὶ
577 2743 796 2782 ποταμιαῖα·
822 2741 943 2773 ταῦτα
959 2735 998 2773 δὲ
1015 2741 1137 2787 τέχνης
1156 2755 1258 2787 προσ-

252 2780 368 2817 δεῖται
393 2785 457 2822 τῆς
488 2782 728 2831 ἑργασομένης.
768 2786 805 2816 Αἱ
830 2785 890 2827 μὲν
916 2783 973 2818 οὖν
998 2780 1157 2831 διαφοραὶ
1183 2799 1255 2820 τοι-

254 2830 362 2862 αῦται
392 2830 452 2861 καὶ
482 2830 655 2862 τοσαῦται
680 2829 748 2860 τῶν
774 2824 911 2861 ὑδάτων
937 2830 1035 2862 εἰσίν·
1063 2831 1197 2863 τούτων
1222 2827 1253 2863 δ’

254 2873 346 2906 οὕτω
371 2869 616 2918 διωρισμένων,
645 2867 816 2905 ἀδύνατον
849 2875 963 2921 πηγάς
995 2871 1081 2907 εἶναι
1111 2876 1174 2913 τῆς
1199 2875 1258 2908 θα.

251 2918 406 2956 λάττης·
435 2919 468 2950 ἐν
494 2913 658 2962 οὐδετέρῳ
684 2917 749 2963 γάρ
775 2917 907 2952 τούτων
934 2918 1003 2951 οἷόν
1031 2920 1060 2951 τ’
1082 2916 1254 2952 εἶναιτῶν

252 2964 356 3009 γενῶν
383 2961 513 3000 αὐτην·
542 2962 622 2995 οὔτε
646 2961 711 3008 γοὶρ
740 2962 929 3008 ἀπόρρυτός
955 2964 1062 3005 ἐστιν,
1084 2964 1162 2997 οὔτε
1188 2977 1257 3010 χει-

253 3010 456 3052 ροποίητος,
485 3007 532 3039 τά
561 3002 599 3039 δὲ
632 3018 678 3044 πη
707 3010 767 3039 αΐα
802 3007 921 3040 πάντα
951 3007 1086 3041 τούτων
1111 3007 1255 3051 θάτερον

254 3051 439 3085 πέπονθεν·
466 3051 669 3096 αὐτόματον
681 3018 727 3085 ,δὲ
743 3050 910 3097 στάσιμον
933 3054 1100 3086 τοσοῦτον
1127 3054 1255 3092 πλῆθος

254 3095 350 3129 οὐθὲν
377 3097 503 3141 ὁρῶμεν
530 3100 678 3143 πηγαῖον
727 3096 892 3140 ινόμενον.

179 3140 257 3174 Ἔτι
281 3136 312 3173 δ’
340 3142 415 3174 ἐπεὶ
448 3143 581 3179 πλείους
615 3141 678 3173 εἰσὶ
730 3141 886 3175 άλατται
917 3141 997 3185 πρὸς
1031 3141 1184 3179 ἀλλήλας
1218 3142 1255 3173 οὐ

212 3205 214 3209 ·
253 3184 522 3231 συμμιγνύουσαι
545 3186 624 3218 κατ’
648 3186 769 3220 οὐθένα
795 3185 917 3227 τόπον,
935 3185 978 3217 ὦν
1005 3187 1025 3222 ’ἢ
1052 3186 1110 3230 μὲν
1137 3184 1256 3230 ἐρυθροὶ

253 3232 413 3274 φαίνεται
437 3230 535 3262 κατά
555 3230 668 3274 μικρὸν
685 3231 893 3264 κοινωνοῦσα
912 3230 992 3273 πρὸς
1010 3231 1074 3267 τήν
1092 3230 1155 3271 ἔξω
1173 3243 1256 3267 στη-

251 3275 318 3306 λῶν
344 3273 550 3316 θάλατταν,
577 3276 597 3310 ἡ
622 3269 653 3306 δ’
681 3277 839 3320 Ὑρκανία
870 3276 927 3305 καὶ
952 3276 1095 3306 Κασπία
1119 3286 1256 3319 κεχωρι-

253 3317 374 3362 σμέναι
400 3330 438 3350 τε
464 3317 598 3356 ταύτης
626 3322 684 3351 καὶ
710 3318 982 3363 περιοικούμεναι
1013 3318 1144 3359 κύκλῳ,
1171 3317 1250 3351 ὥστ’

253 3363 314 3394 οὐκ
341 3362 379 3396 ἂν
413 3362 598 3395 ἐλάνθανον
630 3366 665 3396 αἱ
698 3364 829 3409 πηγαὶ,
855 3363 883 3394 εἰ
906 3362 1005 3394 κατά
1034 3374 1114 3395 τινα
1146 3361 1253 3396 τόπον

255 3405 369 3439 αὐτῶν
395 3403 495 3444 ἦσαν.
1094 3405 1100 3412 ’

183 3451 323 3485 Ῥέουσα
348 3448 377 3483 δ’
398 3452 418 3488 ἠ
444 3450 608 3483 θάλαττα
632 3453 791 3494 φαίνεται
815 3450 911 3482 κατα
935 3449 998 3487 τοὶς
1023 3449 1252 3491 στενότητας,

253 3497 283 3527 εἴ
308 3507 372 3528 που
398 3492 457 3528 διά
488 3495 553 3532 τήν
579 3494 803 3549 περιέχουσαν
829 3495 893 3539 γῆν
919 3494 963 3532 εἰς
988 3494 1101 3538 μικρὸν
1132 3494 1169 3526 ἐκ
1224 3505 1271 3525 ε-’

280 3539 361 3572 άλου
393 3539 580 3585 συνάγεται
607 3542 795 3586 πελαγους,
823 3535 881 3572 διαὶ
908 3538 949 3570 τό
975 3506 1252 3571 ταλαντεύεσθιαι

252 3552 350 3630 δεῦρο
385 3586 523 3618 κάκεῖσε
555 3583 733 3622 πολλάκις.
775 3585 884 3616 Τοῦτο
918 3579 947 3614 δ’
977 3580 1009 3614 ἐν
1044 3582 1102 3627 μὲν
1138 3583 1251 3623 πολλῷ

329 3648 398 3681 Opp.
418 3649 448 3672 D.
463 3648 577 3672 ”suornm
592 3647 623 3671 T.
643 3647 682 3671 ΙΙΙ.

1309 1141 1325 1160 *
1341 1142 1388 1172 De
1412 1143 1491 1173 mari
1514 1149 1633 1181 autem,
1653 1150 1683 1174 et
1706 1154 1787 1185 quae
1810 1152 1921 1176 natura
1943 1146 2052 1186 ipsiuS‚
2069 1154 2099 1178 et
2122 1155 2251 1188 propter
2273 1160 2371 1191 quam

1341 1211 1344 1214 Α
1376 1196 1505 1218 causam
1528 1194 1574 1218 est
1597 1188 1677 1218 salsa
1700 1195 1785 1219 tanta
1808 1199 1908 1230 aquae
1931 1190 2115 1230 multitude,
2139 1192 2242 1224 adhuc
2265 1201 2372 1225 autem

1374 1231 1413 1261 de
1437 1241 1473 1261 ea
1497 1242 1577 1272 quae
1602 1242 1619 1262 a
1642 1232 1797 1273 principio
1821 1234 2020 1273 generatione
2045 1235 2196 1267 dicamus.

1307 1274 1440 1316 Antiqui
1456 1276 1587 1316 quidem
1610 1276 1705 1316 igitur
1721 1284 1750 1307 et
1772 1285 1929 1308 versantes
1950 1279 2028 1309 circa
2047 1279 2233 1320 theologias,
2254 1282 2373 1314 faciunt

1373 1319 1473 1359 ipsius
1504 1320 1627 1359 fontes,
1652 1327 1688 1351 ut
1709 1321 1785 1361 ipsis
1816 1322 1878 1352 sint
1905 1323 2056 1363 principia
2080 1331 2111 1354 et
2133 1325 2250 1356 radices
2273 1333 2371 1357 terrae

1375 1371 1405 1394 et
1428 1364 1533 1395 maris.
1564 1365 1664 1404 Magis
1692 1365 1846 1405 tragicum
1870 1367 1954 1396 enim
1978 1367 2021 1398 sic
2045 1374 2075 1398 et
2097 1365 2286 1401 reverentius
2310 1371 2371 1401 exi-

1374 1408 1580 1440 stimaverunt
1602 1409 1682 1440 forte
1714 1419 1780 1440 esse
1805 1411 1894 1451 quod
1924 1411 2051 1450 dicitur,
2076 1419 2229 1453 tanquam
2256 1425 2371 1455 magna

1374 1453 1532 1493 quaedam
1555 1453 1631 1483 haec
1654 1464 1726 1494 pars
1743 1454 1847 1484 omnis
1864 1454 2007 1494 existens,
2023 1463 2053 1486 et
2071 1457 2229 1497 reliquum
2249 1459 2372 1490 caelum

1373 1503 1479 1527 totum
1508 1497 1587 1528 circa
1617 1497 1702 1528 hunc
1734 1498 1843 1528 locum
1875 1499 2043 1530 consistere
2073 1508 2103 1530 et
2132 1501 2227 1531 huius
2258 1504 2370 1543 gratia,

1373 1548 1526 1582 tanquam
1550 1548 1655 1572 entem
1678 1542 1960 1573 honoratissimum
1984 1550 2014 1574 et
2036 1544 2238 1584 principium.

1307 1585 1372 1623 Qui
1396 1592 1503 1616 autem
1538 1586 1742 1625 sapientiores
1770 1587 1910 1617 humana
1935 1588 2102 1627 sapientia,
2132 1589 2250 1621 faciunt
2272 1590 2371 1631 ipsius

1372 1630 1617 1670 generationem.
1642 1631 1718 1661 Esse
1743 1631 1827 1661 enim
1850 1631 1954 1671 primo
1977 1632 2147 1663 humidum
2171 1644 2302 1665 omnem
2324 1636 2372 1665 lo-

1373 1685 1447 1705 cum
1471 1675 1526 1715 qui
1549 1674 1629 1705 circa
1652 1681 1783 1713 terram;
1807 1685 1826 1705 a
1849 1676 1915 1706 sole
1938 1683 2045 1707 autem
2069 1678 2267 1717 exsiccatum,
2284 1680 2373 1719 quod

1373 1719 1504 1759 quidem
1527 1719 1718 1759 evaporavit,
1741 1719 1867 1759 spiritus
1895 1727 1924 1750 et
1947 1720 2105 1751 versiones
2128 1722 2202 1752 solis
2226 1730 2256 1753 et
2279 1723 2372 1754 lunae

1373 1763 1462 1794 aiunt
1485 1763 1601 1801 facere;
1625 1763 1770 1794 relictum
1789 1771 1895 1794 autem
1919 1774 2004 1795 mare
2024 1775 2099 1796 esse.
2129 1766 2261 1806 Propter
2283 1768 2372 1808 quod

1374 1815 1405 1838 et
1427 1808 1534 1838 minus
1557 1807 1624 1838 fieri
1649 1807 1838 1838 exsiccatum
1868 1815 1998 1848 putant,
2023 1816 2054 1840 et
2076 1810 2204 1840 tandem
2227 1811 2294 1842 fore
2318 1811 2372 1841 ali—

1374 1852 1503 1893 quando
1527 1859 1634 1883 totum
1658 1852 1787 1883 siccum.
1813 1852 1955 1890 Quidam
1978 1859 2085 1884 autem
2108 1854 2253 1894 ipsorum
2272 1856 2371 1894 aiunt,

1375 1896 1522 1927 calefacta
1537 1907 1555 1927 a
1573 1896 1641 1926 sole
1657 1903 1747 1934 terra,
1764 1897 1851 1927 velut
1867 1897 2016 1927 sudorem
2035 1897 2120 1928 fieri:
2140 1906 2269 1939 propter
2284 1900 2373 1940 quod

1375 1948 1405 1972 et
1421 1941 1540 1971 salsum
1555 1948 1639 1979 esse;
1660 1941 1776 1971 etenim
1796 1942 1893 1971 sudor
1912 1942 2011 1972 salsus
2028 1950 2083 1973 est.
2108 1943 2249 1980 Quidam
2267 1951 2374 1974 autem

1375 1985 1536 2016 salsedinis
1566 1995 1694 2015 causam
1725 1992 1839 2016 terram
1868 1995 1934 2016 esse
1964 1986 2069 2017 aiunt:
2100 1988 2375 2027 quemadmodum

1375 2030 1460 2060 enim
1476 2030 1565 2070 quod
1581 2039 1637 2069 per
1653 2029 1789 2060 cinerem
1809 2030 1929 2060 colatur
1948 2030 2067 2060 salsum
2083 2030 2127 2070 fit,
2145 2032 2259 2063 eodem
2275 2033 2373 2063 modo

1375 2081 1406 2105 et
1427 2074 1490 2104 hoc
1513 2074 1630 2104 salsum
1647 2083 1725 2111 esse,
1748 2074 1845 2104 mixta
1867 2074 1927 2114 ipsi
1950 2074 2004 2105 tali
2028 2082 2117 2106 terra.

1309 2119 1407 2157 Quod
1422 2118 1554 2159 quidem
1576 2118 1672 2158 igitur
1695 2118 1798 2148 fontes
1818 2119 1912 2148 maris
1935 2119 2130 2158 impossibile
2154 2120 2193 2150 sit
2216 2130 2293 2158 esse,
2317 2130 2373 2160 per

1376 2162 1537 2193 existentia
1553 2162 1617 2192 iam
1636 2162 1833 2192 considerare
1850 2170 1986 2202 oportet.
2007 2166 2174 2204 Aquarum
2191 2165 2276 2195 enim
2292 2175 2374 2205 quae

1377 2207 1455 2237 circa
1478 2213 1603 2244 terram,
1628 2206 1686 2236 hae
1710 2206 1841 2246 quidem
1860 2207 2014 2238 fluxibiles
2039 2207 2174 2238 existunt
2193 2215 2289 2247 entes,
2313 2209 2372 2239 hae

1376 2258 1483 2281 autem
1503 2250 1710 2281 stationariae.
1732 2250 1901 2291 Fluaibiles
1918 2252 2048 2292 quidem
2064 2252 2158 2292 igitur
2174 2263 2285 2283 omnes
2302 2252 2373 2283 fon-

1376 2295 1467 2326 tales:
1493 2295 1531 2325 de
1557 2294 1698 2325 fontibus
1722 2301 1828 2325 autem
1860 2295 1996 2326 diximus
2020 2296 2106 2336 prius
2137 2297 2225 2338 quod
2250 2303 2376 2337 oportet

1376 2339 1560 2379 intelligere,
1579 2349 1645 2369 non
1665 2346 1817 2379 tanquam
1838 2350 1874 2369 ex
1890 2350 1962 2370 vase
1986 2341 2160 2371 derivatum
2183 2341 2375 2381 principium

1378 2394 1444 2414 esse
1468 2383 1601 2421 fontem,
1626 2383 1681 2413 sed
1700 2383 1740 2413 ad
1763 2393 1864 2414 unum
1889 2394 2013 2425 semper
2037 2385 2150 2416 factam
2166 2392 2197 2416 et
2213 2385 2374 2416 confluen-

1377 2435 1442 2459 tem
1458 2437 1620 2458 occurrere
1639 2427 1789 2468 primum.
1816 2428 2077 2459 Stationariarum
2100 2436 2208 2459 autern
2226 2429 2285 2460 hae
2304 2430 2375 2470 qui-

1378 2473 1452 2503 dem
1468 2472 1648 2502 collectivae
1664 2479 1695 2502 et
1713 2472 1934 2511 substantivae,
1951 2473 2038 2503 velut
2052 2473 2224 2514 paludosae
2237 2481 2267 2504 et
2279 2484 2374 2515 quae-

1380 2526 1518 2557 cumque
1542 2516 1707 2556 stagnaleS,
1731 2516 1989 2557 multitudine-et
2004 2517 2160 2557 paucitate
2180 2517 2372 2548 differentes:

1377 2561 1436 2591 hae
1452 2567 1559 2591 autem
1574 2560 1733 2591 fontanae.
1747 2561 1816 2591 Hae
1829 2568 1934 2592 autern
1948 2571 2059 2592 omnes
2073 2561 2287 2601 manufactae;
2302 2562 2374 2592 dico

1378 2612 1485 2636 autem
1508 2605 1596 2635 velut
1618 2605 1758 2644 puteales
1782 2612 1928 2636 vocatae:
1958 2606 2105 2636 omnium
2134 2606 2219 2636 enim
2250 2613 2376 2646 oportet

1379 2649 1523 2690 superius
1541 2649 1663 2680 fontem
1680 2659 1746 2679 esse
1761 2649 1874 2680 fluxus.
1898 2650 2030 2690 Propter
2053 2650 2141 2691 quod
2163 2650 2222 2681 hae
2245 2650 2376 2691 quidem

1377 2701 1570 2735 spontaneae
1588 2693 1703 2732 fluunt,
1723 2704 1804 2734 quae
1821 2694 1955 2725 fontales
1975 2701 2004 2725 et
2020 2694 2171 2732 fluviales,
2191 2694 2249 2724 hae
2269 2701 2375 2725 autem

1378 2745 1442 2769 arte
1465 2738 1608 2778 indigent
1630 2745 1791 2780 operante.
1819 2738 2018 2769 Differentiae
2048 2739 2143 2778 igitur
2172 2745 2220 2769 tot
2243 2746 2273 2769 et
2295 2739 2371 2769 tales

1377 2793 1534 2823 aquarum
1558 2789 1641 2813 sunt.
1664 2782 1723 2818 His
1747 2789 1854 2813 autem
1873 2783 1916 2813 sic
1936 2783 2158 2821 determinatis,
2178 2783 2373 2822 impossibile

1378 2827 1482 2857 fontes
1498 2836 1565 2857 esse
1582 2826 1688 2857 maris.
1708 2827 1743 2856 In
1761 2834 1872 2857 neutro
1890 2827 1975 2857 enim
1990 2827 2108 2857 horum
2130 2836 2279 2866 generum
2300 2836 2373 2866 pos-

1377 2871 1466 2902 sibile
1489 2877 1536 2901 est
1552 2881 1618 2901 esse
1634 2870 1756 2910 ipsum:
1781 2881 1884 2911 neque
1904 2871 1988 2901 enim
2005 2871 2172 2901 effluxibile
2189 2878 2245 2908 est,
2270 2880 2372 2910 neque

1377 2915 1607 2946 manufactum.
1639 2915 1787 2945 Fontales
1818 2922 1924 2945 autem
1957 2924 2067 2944 omnes
2095 2915 2211 2944 horum
2239 2914 2373 2944 alterum

1377 2970 1486 3000 passae
1516 2966 1609 2989 sunt:
1637 2966 1844 2999 spontaneam
1873 2965 1980 2989 autem
2007 2958 2221 2988 stationariam
2250 2963 2370 2988 tantam

1377 3004 1616 3035 multitudinem
1639 3003 1760 3033 nullam
1783 3003 1927 3033 videmus
1952 3002 2104 3032 fontalem
2124 3002 2248 3033 factam.

1310 3142 1425 3174 Adhuc
1448 3149 1555 3172 autem
1578 3140 1732 3182 quoniam
1760 3140 1850 3180 plura
1880 3147 1954 3171 sunt
1977 3140 2074 3170 maria
2102 3139 2278 3170 adinvicem
2306 3150 2372 3170 non

1377 3186 1547 3216 commixta
1571 3185 1746 3215 secundum
1770 3184 1873 3214 ullum
1896 3185 2022 3222 locum,
2047 3194 2185 3224 quorum
2205 3194 2290 3214 mare
2306 3184 2372 3214 Ru-

1376 3231 1470 3260 brum
1482 3229 1613 3270 quidem
1627 3228 1750 3258 videtur
1762 3228 1938 3259 secundum
1954 3228 2118 3258 modicum
2131 3228 2371 3258 communicans

1377 3274 1416 3304 ad
1435 3274 1467 3303 id
1483 3273 1571 3314 quod
1595 3279 1678 3303 extra
1703 3272 1890 3311 Columnas,
1914 3273 2100 3313 Hyrcanum
2124 3278 2231 3302 autem
2257 3278 2288 3302 et
2310 3272 2372 3302 Ca-

1376 3318 1483 3357 spium
1506 3323 1647 3357 separata
1678 3317 1716 3346 ab
1746 3316 1808 3347 hoc
1832 3323 1862 3346 et
1887 3316 2143 3346 circumhabitata
2165 3316 2198 3346 in
2221 3315 2371 3353 circuitu;

1377 3369 1412 3392 ut
1435 3371 1501 3391 non
1524 3361 1634 3401 utique
1661 3360 1792 3391 laterent
1822 3360 1945 3399 fontes,
1969 3361 1994 3390 si
2025 3361 2202 3391 secundum
2232 3360 2372 3401 aliquem

1375 3406 1485 3436 locum
1508 3405 1652 3445 ipsorum
1676 3411 1787 3435 essent.

1309 3450 1426 3480 Fluens
1461 3456 1568 3479 autem
1596 3459 1681 3478 mare
1704 3448 1827 3479 videtur
1861 3449 2036 3479 secundum
2071 3448 2247 3488 angustias,
2272 3448 2371 3478 sicubi

1375 3500 1504 3534 propter
1518 3493 1712 3523 adiacentem
1728 3500 1842 3523 terram
1857 3493 1890 3522 in
1906 3493 2070 3523 modicum
2093 3503 2129 3523 ex
2150 3502 2267 3531 magno
2285 3502 2370 3522 coar-

1375 3545 1475 3568 ctatur
1490 3537 1614 3577 pelago,
1632 3544 1797 3577 propterea
1812 3537 1901 3578 quod
1917 3537 2046 3568 libratur
2060 3537 2122 3567 huc
2135 3543 2165 3567 et
2176 3536 2251 3566 illuc
2264 3543 2369 3576 saepe:

1374 3582 1436 3612 hoc
1455 3589 1562 3612 autem
1581 3581 1614 3612 in
1633 3591 1746 3622 magna
1762 3581 1965 3612 multitudine
1989 3581 2083 3611 maris
2106 3580 2369 3618 immanifestum;

2157 3649 2192 3675 49

2400 1156 2407 1164 ’
2423 1154 2479 1182 Cap.
2497 1161 2512 1176 1.
