2782 4134
1099 284 1211 320 CAP.
1241 284 1310 330 111,
1340 283 1492 320 LECT.
1522 284 1572 320 111

310 356 374 399 πῦρ
399 354 434 395 ἐξ
461 353 576 398 ἀέρος·
604 354 736 400 ἀνάγκη
761 350 800 387 δὲ
825 354 884 387 τὸν
912 356 1018 388 αὐτὸν
1044 356 1131 402 ἔχειν
1151 355 1254 402 λόγον
1274 357 1308 388 ὃν

313 399 382 444 ἔχει
407 399 448 431 τὸ
474 394 610 431 τοσονῖὶ
634 402 692 430 καὶ
717 399 831 444 μικρὸν
856 394 941 444 ὕδωρ
963 400 1043 443 πρὸς
1062 401 1121 433 τὸν
1141 400 1176 441 ἐξ
1199 399 1308 433 αὐτοῦ

310 442 483 489 γινόμενον
511 442 609 486 ἀέρα,
635 445 694 474 καὶ
720 443 779 475 τὸν
804 443 924 475 πάντα
950 444 1030 488 πρὸς
1056 445 1096 477 τὸ
1122 446 1190 477 πᾶν
1209 440 1307 490 ὕδωρ.

245 487 397 532 Διαφέρει
429 483 459 519 δ’
489 486 584 519 οὗθέν
619 483 688 518 οὐδ’
717 489 746 518 εἴ
773 499 824 525 τις
859 487 956 532 φήσει
988 489 1047 532 μὲν
1080 489 1126 533 μή
1159 490 1310 534 γίνεσθαι

311 533 430 564 ταῦτα
455 530 489 571 ἐξ
517 531 695 572 ἀλλήλων,
720 533 779 563 ἴσα
804 531 922 574 μέντοι
949 533 1012 568 τήν
1037 528 1179 577 δύναμιν
1205 530 1308 565 εἶναι·

310 576 407 609 κατά.
431 577 557 608 τοῦτον
582 575 647 619 γάρ
673 575 732 608 τὸν
759 575 885 618 τρόπον
913 574 1044 622 ἀνάγκη
1073 577 1137 613 τήν
1162 577 1312 614 ἰσότητα

311 622 374 659 τῆς
391 616 565 664 δυνάμεως
590 619 754 665 ὑπάρχειν
774 624 845 658 τοῖς
862 619 1034 666 μεγέθεσιν
1056 622 1182 662 αὐτῶν,
1202 621 1312 666 ὥσπερ

310 664 372 698 κᾶν
398 665 427 696 εἱ
475 664 613 708 ινόμενα
638 665 672 705 ἐξ
700 664 857 701 ἀλλήλων
883 665 1047 709 ὑπῆρχεν.

235 708 314 741 ’Ότι
365 709 397 741 ἐν
424 720 480 741 ουν
507 709 578 741 οὔτ’
610 709 692 752 ἀήρ,
721 709 800 740 οὔτε
827 709 890 752 πῦρ
916 708 1184 752 συμπεπλήρωκε
1210 708 1311 752 μόνον

311 766 369 786 τον
396 752 529 798 μεταξύ
555 753 680 794 τόπον,
706 753 847 797 φανερόν
874 754 984 786 ἐστιν·

302 853 443 881 8ῩΝοΡειε
466 867 500 873 —-
528 860 552 879 1.
574 850 678 888 Operis
699 858 728 879 et
747 857 841 879 textus
860 851 986 888 partitio.
1007 867 1026 872 —
1047 852 1269 888 Argumentum.
1291 867 1310 872 —

242 900 269 921 2.
299 892 451 927 Quaedam
479 891 642 920 necessaria
669 891 708 919 ad
735 900 770 919 ea
791 900 866 928 quae
893 897 1062 928 sequuntur.
1093 893 1129 919 Et
1149 891 1245 928 primo
1274 891 1310 919 de

242 932 482 960 transmutatione
500 932 710 959 elementorum
725 931 897 960 adinvicem.
914 932 1048 966 Quatuor
1061 931 1204 960 elementa
1218 941 1252 959 ex
1266 931 1311 959 in-

241 972 334 1001 vicem
344 971 432 1000 fiunt:
448 980 515 1000 cum
527 970 605 999 euim
616 971 834 999 communicent
844 970 874 999 in
886 980 945 1000 una
959 971 1079 999 materia
1090 971 1193 1008 prima,
1203 981 1309 1000 unum-

242 1012 382 1050 quodque
396 1011 527 1048 ipsorum
542 1017 585 1039 est
599 1011 629 1039 in
644 1010 774 1047 potentia
795 1011 824 1039 in
839 1011 906 1039 alio.
922 1027 942 1032 -
957 1011 983 1039 3.
999 1012 1134 1040 Secundo
1149 1012 1185 1039 de
1206 1011 1310 1039 ordine

241 1053 461 1085 elementorum,
476 1056 504 1080 et
520 1051 681 1089 praecipue
702 1051 789 1079 aeris.
809 1052 846 1079 Et
859 1051 964 1088 primo,
978 1058 1077 1079 utrum
1091 1058 1168 1079 totus
1183 1051 1310 1079 mundus

241 1091 292 1130 qui
312 1091 404 1120 ambit
423 1097 539 1126 terram,
561 1090 597 1119 sit
617 1100 675 1119 aer.
690 1107 709 1112 —
730 1092 881 1126 Quaedam
904 1091 1054 1119 manifesta
1081 1091 1156 1119 circa
1177 1091 1309 1119 ordinem

240 1131 461 1161 elementorum.
483 1133 512 1166 a)
527 1132 571 1159 De
586 1131 662 1159 mole
678 1137 771 1159 terrae
792 1140 844 1167 per
857 1130 1106 1168 comparationem
1127 1131 1164 1159 ad
1178 1130 1311 1159 caelestia

240 1180 365 1209 corpora
385 1177 414 1199 et
433 1171 471 1199 ad
492 1171 548 1199 alia
568 1171 718 1200 elementa.
741 1171 769 1206 b)
792 1172 835 1199 De
855 1171 922 1199 loco
943 1177 972 1199 et
991 1170 1182 1208 dispositione
1202 1179 1309 1208 aquae,

240 1211 446 1247 convenienter
465 1212 503 1239 ad
524 1220 607 1239 suam
629 1217 773 1239 naturam.
788 1227 808 1232 —
822 1220 851 1247 4.
868 1210 1032 1239 Subdivisio
1053 1217 1155 1239 textus.
1171 1227 1191 1232 -
1203 1212 1310 1238 Iterum

236 1247 414 1289 proponitur
434 1250 582 1288 quaestio:
604 1257 702 1279 utrum
717 1250 825 1279 scilicet
845 1250 919 1279 inter
936 1257 1043 1279 terram
1064 1257 1093 1279 et
1112 1250 1215 1278 ultima
1235 1257 1312 1278 astra

240 1290 277 1320 sit
297 1300 389 1319 unum
411 1299 517 1328 corpus
531 1291 575 1319 vel
589 1291 687 1327 plura3
709 1297 737 1319 et
755 1290 779 1319 si
793 1291 885 1327 plura,
901 1291 1053 1328 quomodo
1075 1290 1246 1318 ordinentur
1266 1299 1310 1318 se-

239 1332 368 1360 cundum
389 1331 496 1360 locum.
518 1347 538 1352 -·
561 1331 587 1359 5.
609 1330 775 1359 Resumitur
795 1331 876 1368 quod
896 1330 927 1359 in
947 1330 1022 1359 libro
1047 1330 1083 1358 de
1107 1330 1196 1359 Caelo
1217 1331 1311 1358 deter-

239 1370 384 1400 minatum
411 1377 470 1399 est:
497 1370 604 1399 scilicet
631 1371 713 1408 quod
743 1370 844 1399 omnia
871 1379 995 1407 corpora
1024 1370 1158 1398 caelestia
1186 1376 1253 1398 sunt
1274 1370 1310 1398 de

239 1417 346 1440 mtura
364 1410 451 1448 primi
472 1410 606 1439 elementi
627 1420 679 1439 seu
699 1410 786 1447 primi
806 1410 946 1447 corporis.
961 1426 980 1431 -
995 1411 1024 1438 6.
1040 1410 1210 1438 Ostenditur
1230 1410 1310 1447 quod

240 1459 347 1488 corpus
361 1450 535 1480 circulariter
556 1457 669 1479 motum
691 1459 752 1478 non
773 1457 816 1478 est
836 1459 928 1478 unum
944 1451 980 1479 de
1001 1449 1172 1487 corporibus
1194 1449 1311 1478 inferio-

239 1490 336 1533 ribus=
358 1498 386 1519 et
406 1491 502 1528 primo
523 1490 687 1519 ostenditur
707 1496 849 1527 quantum
870 1491 907 1518 ad
922 1490 1029 1527 ignem.
1051 1491 1165 1519 Ponere
1185 1499 1247 1518 non
1261 1499 1310 1518 so-

445 1591 485 1623 Ἳ
508 1590 636 1620 stenso
664 1594 764 1630 quae
792 1590 880 1620 sunt
905 1582 1089 1632 principia
1119 1583 1242 1620 activa
1275 1590 1310 1620 et

509 1648 609 1684 quae
635 1643 723 1673 sunt
745 1636 932 1686 principia
952 1636 972 1658 *
999 1636 1208 1674 materialia
1226 1649 1312 1686 pas-

460 1695 466 1721 ι’
509 1689 661 1726 sionum
695 1689 742 1726 de
785 1689 925 1738 quibus
958 1690 1117 1728 intendit
1139 1698 1309 1738 tractare,

509 1742 639 1792 incipit
666 1755 769 1780 nunc
797 1743 1050 1781 determinare
1069 1743 1089 1766 ’¹‘
1118 1743 1166 1781 de
1187 1744 1240 1781 eis
1258 1743 1309 1781 *ἢ

207 1793 213 1800 '
239 1797 291 1835 Et
309 1795 490 1834 dividitur
510 1796 550 1833 in
567 1803 694 1845 partes
724 1796 839 1834 duas:
869 1796 908 1834 in
931 1797 1056 1846 prima
1087 1797 1312 1835 determinat

241 1851 289 1889 de
308 1849 596 1900 particularibus
624 1850 1003 1888 transmutationibus
1031 1852 1310 1888 elementorum

239 1903 380 1954 quibus
408 1902 623 1940 secundum
652 1915 693 1939 se
721 1911 1039 1950 transmutantur;
1074 1904 1114 1942 in
1142 1905 1311 1942 secunda

241 1956 468 1995 determinat
503 1956 550 1993 de
587 1957 966 1995 transmutationibus
1004 1970 1139 1995 eorum
1177 1971 1311 1996 secun-

241 2011 335 2048 dum
364 2009 471 2058 quod
494 2009 659 2047 veniunt
689 2009 728 2047 in
766 2010 1087 2059 compositionem
1110 2012 1243 2059 mixti,
1272 2012 1311 2049 in

239 2071 376 2112 quarto
404 2063 513 2110 libro,
537 2063 605 2100 ibi:
639 2063 828 2105 Quoniam
856 2070 982 2101 autem
1011 2071 1174 2113 quatuor
1191 2065 1211 2087 '¹‘
1239 2074 1309 2103 etc.

239 2117 370 2155 Prima
401 2123 531 2154 autem
559 2128 648 2166 pars
681 2116 860 2154 dividitur
893 2117 932 2155 in
967 2117 1082 2156 duas:
1121 2119 1159 2156 in
1186 2119 1311 2168 prima

239 2170 344 2208 enirn
381 2169 607 2207 determinat
640 2170 688 2208 de
722 2170 1102 2209 transmutationibus
1129 2185 1198 2209 seu
1225 2185 1310 2221 pas-

240 2223 412 2262 sionibus
440 2224 721 2261 elementorum
750 2235 849 2272 quae
878 2224 917 2262 in
945 2225 1020 2262 alto
1045 2225 1241 2271 accidunt;
1271 2226 1310 2263 in

238 2276 409 2315 secunda
437 2277 485 2314 de
513 2276 572 2313 his
601 2289 699 2326 quae
728 2276 905 2314 accidunt
932 2277 971 2314 in
998 2278 1146 2326 infimo,
1177 2287 1214 2316 et
1235 2279 1310 2316 hoc

239 2330 279 2368 in
298 2330 468 2367 secundo
489 2329 603 2376 libro,
624 2330 693 2367 ibi:
714 2331 775 2367 De
792 2331 896 2367 mari
911 2336 1037 2368 autem
1052 2331 1073 2353 '¹‘
1092 2339 1160 2369 etc.
1182 2332 1311 2370 Prima

239 2391 369 2421 autem
387 2395 476 2432 pars
491 2382 669 2420 dividitur
687 2383 726 2420 in
745 2391 836 2420 tres:
857 2384 896 2421 in
915 2384 1038 2433 prima
1058 2385 1144 2422 dicit
1164 2386 1212 2422 de
1232 2398 1309 2435 quo

239 2443 296 2475 est
322 2435 498 2482 intenti03
526 2436 566 2473 in
585 2436 753 2474 secunda
771 2437 976 2485 praemittit
998 2438 1191 2488 quaedam
1211 2452 1310 2488 quae

238 2497 327 2528 sunt
353 2489 567 2527 necessaria
603 2489 654 2527 ad
681 2490 996 2539 subsequentium
1030 2491 1311 2530 determinatio-

241 2556 344 2592 nem,
373 2542 446 2580 ibi:
475 2543 648 2580 Dicimus
676 2543 802 2592 itaque
829 2544 956 2594 ignem
985 2551 1022 2581 et
1037 2557 1166 2583 aerem
1181 2545 1201 2567 ’¹‘
1220 2554 1308 2594 etc.;

237 2597 279 2635 in
296 2596 405 2634 tertia
431 2596 562 2646 incipit
590 2596 840 2634 determinare
870 2598 917 2635 de
945 2598 1141 2647 principali
1169 2612 1310 2648 propo-

239 2650 325 2698 sito,
354 2650 424 2688 ibi:
452 2650 530 2687 His
556 2656 683 2687 autem
711 2650 999 2688 determinatis*
1023 2659 1093 2689 etc.

292 2703 393 2741 Dicit
412 2715 502 2751 ergo
522 2704 647 2752 primo
668 2703 773 2753 quod
787 2703 808 2725 ²¹⁸
827 2703 1033 2742 dicendum
1054 2713 1110 2742 est
1129 2705 1176 2742 de
1185 2707 1309 2754 phan-

239 2757 335 2795 tasia
363 2756 485 2803 lactis,
514 2756 612 2794 idest
640 2756 688 2794 de
717 2757 956 2806 apparitione
985 2759 1093 2796 lactei
1124 2758 1249 2796 circuli
1269 2766 1306 2806 α,

239 2818 277 2848 et
310 2810 358 2848 de
397 2810 574 2857 cometis,
613 2817 649 2847 et
682 2809 730 2847 de
759 2810 839 2847 aliis
872 2811 1051 2849 omnibus
1088 2812 1308 2850 huiusmodi

239 2875 338 2913 quae
367 2871 454 2901 sunt
481 2863 540 2900 his
557 2875 768 2913 syngenea,
788 2863 886 2901 idest
905 2865 1229 2913 congenerabilia;
1259 2866 1309 2903 ita

239 2924 370 2955 tamen
383 2916 491 2965 quod
508 2929 751 2954 resumamus
769 2917 979 2966 positiones
998 2931 1021 2955 a
1039 2918 1151 2956 nobis
1166 2919 1308 2967 positas

237 2969 278 3008 in
296 2970 486 3019 prioribus
514 2970 628 3017 libris,
651 2977 687 3007 et
712 2970 1045 3009 determinationes
1065 2972 1104 3009 in
1123 2971 1176 3009 eis
1204 2973 1308 3021 prius

239 3023 520 3072 determinatas,
540 3031 582 3060 ut
601 3023 656 3061 eis
673 3031 826 3061 utamur
844 3023 862 3052 ¹³
890 3025 940 3062 ad
966 3025 1206 3074 propositum
1227 3039 1307 3063 ma-

238 3076 507 3124 nifestandum,
539 3089 628 3114 cum
657 3089 755 3126 opus
783 3077 904 3114 fuerit.

293 3141 329 3167 2.
359 3130 508 3167 Deinde
538 3143 627 3167 cum
649 3130 752 3167 dicit:
781 3131 954 3168 Dicimus
982 3132 1107 3180 itaque
1125 3132 1253 3182 ignem
1272 3138 1309 3169 et

237 3194 366 3220 aerem
386 3191 469 3231 etc.,
485 3183 687 3232 praemittit
706 3184 898 3232 quaedam
913 3197 1013 3232 quae
1028 3193 1115 3222 sunt
1134 3197 1307 3222 necessa-

238 3236 293 3273 ria
312 3236 362 3273 ad
377 3236 659 3285 subsequentia.
680 3237 730 3273 Et
749 3236 847 3273 circa
861 3238 937 3274 hoe
957 3238 1034 3274 duo
1055 3237 1161 3274 facit:
1181 3238 1306 3287 primo

238 3288 444 3338 praemittit
471 3289 613 3337 aliquid
637 3290 743 3338 quod
762 3289 923 3338 pertinet
950 3291 1000 3327 ad
1028 3291 1307 3328 transmutatio-

137 3363 143 3370 ·
187 3364 194 3371 ·
238 3354 330 3379 nem
359 3343 637 3379 elementorum
657 3342 891 3389 adinvicem;
921 3343 1089 3380 secundo
1110 3343 1198 3380 dicit
1215 3344 1236 3365 '¹‘
1259 3345 1306 3381 de

239 3394 479 3433 ordinatione
518 3407 652 3432 eorum
689 3394 729 3432 in
758 3396 926 3442 mundo,
958 3403 993 3432 et
1021 3396 1229 3444 specialiter
1258 3396 1304 3433 de

239 3460 344 3496 aere,
375 3448 444 3485 ibi:
473 3448 647 3485 Primum
676 3448 825 3497 quidem
854 3448 971 3498 igitur
997 3448 1214 3486 dubitabit*
1235 3456 1302 3485 etc.

292 3606 320 3641 α)
340 3607 373 3632 de
391 3606 561 3639 apparitione
574 3605 654 3631 lactei
671 3605 773 3631 circuli.
784 3620 805 3625 -
818 3605 851 3630 de
870 3605 955 3630 lacteo
973 3605 1072 3630 circulo
1092 3606 1138 3630 Pa.
1151 3619 1171 3624 -
1183 3605 1234 3630 Pro
1246 3612 1307 3630 con-

238 3642 411 3675 generabilia,
431 3641 597 3676 generabilia
615 3641 686 3666 Assa.

2357 287 2427 323 331

1431 366 1539 390 autem
1563 358 1697 389 eandem
1714 358 1871 389 rationem
1894 359 2019 398 habere,
2036 366 2189 401 quantam
2205 360 2298 391 habet
2314 361 2434 392 tantilla

1433 411 1463 434 et
1486 413 1582 444 parva
1605 413 1687 444 aqua
1711 403 1750 433 ad
1774 402 1894 434 factum
1918 413 1954 434 ex
1977 403 2045 444 ipsa
2069 414 2188 443 aerem,
2213 411 2243 435 et
2266 412 2371 436 totum
2394 407 2433 436 ad

1427 454 1528 478 totam
1552 457 1680 488 aquam.

1366 491 1477 522 Differt
1499 499 1607 522 autem
1630 491 1709 522 nihil
1737 501 1840 533 neque
1864 491 1890 522 si
1913 492 1984 533 quis
2015 493 2097 523 dicat
2120 492 2250 533 quidem
2277 503 2343 524 non
2366 493 2433 524 fieri

1432 536 1510 566 haec
1525 546 1563 566 ex
1578 536 1724 574 invicem,
1741 536 1885 577 aequalia
1903 543 2010 567 tamen
2025 537 2139 568 virtute
2155 547 2232 568 esse.
2250 537 2434 568 Secundum

1435 580 1520 610 enim
1546 580 1632 611 hunc
1661 581 1798 611 modum
1827 587 1954 612 necesse
1985 588 2031 612 est
2057 581 2280 622 aequalitatem
2310 582 2433 613 virtutis

1435 624 1562 655 existere
1578 625 1849 664 magnitudinibus
1864 625 2020 666 ipsorum,
2035 626 2311 667 quemadmodum
2323 626 2433 668 utique

1435 668 1461 698 si
1484 668 1565 699 facta
1588 679 1625 699 ex
1647 669 1783 700 invicem
1807 669 1982 701 existerent.
2429 681 2435 687 ·

1369 712 1466 749 Quod
1488 712 1618 752 quidem
1636 713 1731 753 igitur
1755 723 1858 755 neque
1882 724 1934 744 aer
1956 724 2060 755 neque
2082 714 2164 755 ignis
2187 721 2310 746 tantum
2334 715 2434 756 replet

1435 755 1659 787 intermedium
1681 757 1801 797 locum,
1825 758 2030 789 manifestum
2053 766 2108 790 est.

1365 851 1427 879 lum
1454 858 1531 879 astra
1551 861 1613 880 esse
1634 852 1748 889 ignem,
1770 855 1820 882 sed
1842 854 1928 883 etiarn
1950 864 2053 883 omnes
2074 856 2226 892 sphaeras,
2248 855 2357 892 puerile
2379 862 2432 892 est,

1365 891 1389 919 si
1407 892 1571 920 attendatur
1585 892 1754 929 magnitudo
1780 902 1937 930 corporum
1959 895 2139 924 caelestium:
2161 905 2230 924 nam
2245 895 2294 932 sic,
2315 902 2435 933 propter

1365 940 1512 959 excessum
1528 931 1610 969 igni5‚
1619 931 1677 959 iam
1692 932 1761 960 olim
1775 934 1964 962 annihilatum
1980 942 2054 963 esset
2067 936 2299 973 unumquodque
2309 936 2433 964 aliorum

1365 971 1586 999 elementorum.
1607 988 1626 992 —
1648 981 1675 1008 7.
1698 973 1867 1001 Ostenditur
1893 974 1970 1002 idem
1999 981 2140 1011 quantum
2166 976 2203 1004 ad
2224 984 2330 1004 aerem.
2357 977 2432 1004 Nam

1365 1011 1450 1039 etiam
1466 1011 1610 1048 quantitas
1624 1011 1698 1040 aeris
1711 1013 1833 1040 multum
1849 1015 1996 1042 excederet
2009 1015 2211 1053 aequalitatem
2226 1015 2432 1052 proportionis,

1365 1060 1440 1088 quae
1461 1052 1547 1079 debet
1573 1060 1636 1079 esse
1663 1051 1736 1080 inter
1764 1052 1914 1082 elementa.
1941 1071 1961 1074 —
1989 1055 2016 1082 8.
2039 1055 2139 1083 Tertio
2167 1055 2329 1084 ostenditur
2354 1055 2432 1084 idem

1364 1097 1505 1128 quantum
1520 1091 1558 1119 ad
1571 1097 1741 1129 utrumque:
1764 1101 1833 1120 nam
1853 1102 1906 1121 nec
1921 1093 2006 1122 etiam
2021 1095 2077 1122 hoc
2094 1096 2184 1123 modo
2199 1095 2323 1124 salvatur
2337 1095 2434 1124 debita

1364 1130 1516 1167 proportio
1543 1130 1618 1159 inter
1638 1131 1788 1160 elementa.
1813 1133 1904 1161 Terra
1925 1133 2010 1168 enim,
2032 1134 2062 1162 in
2083 1144 2141 1171 qua
2161 1134 2248 1163 etiam
2275 1142 2336 1164 tota
2357 1145 2433 1173 aqua

1365 1170 1543 1205 continetur,
1572 1171 1617 1199 vel
1637 1172 1674 1199 ad
1695 1172 1787 1200 solam
1815 1172 1947 1201 ultimam
1975 1175 2126 1210 sphaeram
2152 1175 2262 1203 obtinet
2289 1175 2433 1204 rationem
2465 1201 2467 1203 .

1364 1210 1473 1247 puncti.
1496 1211 1553 1238 Sed
1568 1210 1708 1246 videmus,
1730 1212 1849 1248 quando
1871 1222 1904 1240 ex
1919 1222 1995 1250 aqua
2015 1221 2166 1250 generatur
2187 1224 2245 1250 aer,
2259 1215 2304 1243 vel
2318 1224 2352 1243 ex
2366 1224 2432 1244 aere

1365 1250 1447 1287 ignis,
1464 1251 1544 1287 quod
1558 1260 1619 1278 non
1634 1257 1676 1279 est
1690 1258 1786 1280 tantus
1801 1261 1932 1280 excessus
1947 1253 2121 1290 quantitatis.
2138 1255 2261 1291 Oportet
2275 1261 2381 1290 autem,
2394 1256 2432 1284 ad

1365 1290 1532 1318 salvandam
1547 1290 1674 1319 debitam
1692 1292 1922 1328 proportionem,
1942 1294 2063 1321 eandem
2081 1294 2224 1322 rationem
2238 1295 2343 1323 habere
2358 1295 2433 1323 hanc

1365 1339 1484 1366 parvam
1499 1339 1607 1367 aquam
1621 1331 1659 1359 ad
1673 1340 1770 1360 aerem
1790 1339 1959 1369 generatum
1973 1334 2008 1361 ab
2024 1333 2095 1370 ipsa,
2110 1341 2138 1362 et
2158 1341 2250 1362 totam
2267 1343 2374 1372 aquam
2395 1335 2433 1363 ad

1365 1376 1459 1398 totum
1480 1379 1587 1399 aerem.
1610 1387 1629 1392 -·
1651 1381 1678 1408 9.
1693 1372 1861 1400 Excluditur
1881 1373 2032 1401 cavillatio.
2056 1373 2132 1409 Quia
2153 1375 2295 1403 elementa
2315 1381 2431 1411 oportet

1365 1419 1428 1438 esse
1442 1410 1573 1447 aequalia
1593 1411 1783 1447 proportione
1803 1412 1924 1448 virtutis,
1945 1422 2061 1441 necesse
2076 1420 2118 1441 est
2132 1415 2211 1451 quod
2226 1414 2312 1443 etiam
2327 1414 2356 1442 in
2371 1424 2432 1443 ma-

1366 1449 1566 1486 gnitudinibus
1580 1459 1683 1479 eorum
1698 1458 1826 1479 servetur
1839 1452 1996 1489 aequalitas
2007 1453 2214 1490 proportionis,
2229 1454 2315 1482 etiarn
2330 1455 2353 1482 si
2369 1454 2433 1491 quis

1363 1489 1439 1518 dicat
1453 1490 1596 1518 elementa
1610 1500 1671 1519 non
1685 1491 1815 1529 generari
1831 1501 1865 1520 ex
1880 1492 2011 1521 invicem.
2025 1509 2043 1514 -
2054 1493 2263 1530 Recapitulatio
2278 1494 2432 1523 dictorum.

1420 1581 1520 1619 Dicit
1549 1594 1638 1630 ergo
1668 1583 1792 1632 primo
1818 1584 1923 1632 quod
1951 1584 2045 1633 ignis
2075 1594 2111 1622 et
2139 1599 2203 1623 aer
2221 1587 2241 1608 ³¹⁶
2270 1595 2306 1624 et
2333 1601 2433 1636 aqua

1367 1642 1404 1671 et
1431 1643 1530 1672 terra
1557 1636 1654 1673 fiunt
1682 1649 1727 1673 ex
1756 1637 1943 1685 invicem,
1973 1639 2148 1687 quamvis
2177 1641 2433 1689 Empedocles

1367 1688 1598 1726 contrarium
1627 1690 1801 1727 senserit:
1832 1698 1868 1727 et
1886 1692 1961 1728 hoc
1980 1692 2137 1729 resumit
2163 1701 2204 1730 ut
2226 1695 2432 1742 probatum

1366 1741 1407 1778 in
1436 1743 1467 1778 ΙΙ
1488 1742 1534 1779 de
1565 1742 1738 1780 Generat.
1764 1743 1795 1780 ⁵⁸.
1826 1744 1875 1781 Et
1901 1744 2014 1781 huius
2042 1745 2226 1783 rationem
2256 1747 2431 1796 assignat,

1367 1795 1456 1843 quia
1492 1797 1799 1844 unumquodque
1838 1798 2113 1835 elementorum
2143 1806 2198 1836 est
2225 1800 2263 1837 in
2292 1801 2365 1837 alio
2394 1801 2432 1838 in

1366 1848 1557 1898 potentia;
1597 1857 1633 1886 et
1660 1862 1759 1898 quae
1788 1850 1841 1887 sic
1869 1863 1908 1887 se
1943 1851 2103 1899 habent,
2134 1852 2348 1891 adinvicem
2371 1867 2433 1902 ge-

2461 1601 2471 1611 ·
2479 1602 2502 1622 et
2509 1607 2552 1622 aer
2563 1607 2611 1623 om.
2619 1607 2641 1629 Β,
2649 1602 2674 1623 et

2461 1633 2509 1649 om.
2518 1633 2555 1649 ra.

2461 1760 2470 1769 ·
2486 1759 2543 1787 Cap.
2559 1766 2589 1781 w.

1366 1901 1489 1939 nerari
1508 1910 1680 1951 possunt.
1711 1903 1874 1940 Ulterius
1902 1904 2014 1942 huius
2042 1905 2228 1943 rationem
2257 1907 2431 1955 assignat,
2449 1900 2459 1908 ”

1366 1955 1455 2004 quia
1484 1956 1769 1993 communicant
1795 1957 1834 1994 in
1862 1969 1939 1994 una
1967 1958 2124 1995 materia
2160 1959 2303 2008 prima,
2334 1973 2432 2010 quae

1367 2008 1421 2045 eis
1454 2008 1666 2057 subiicitur,
1697 2017 1734 2047 et
1760 2010 1799 2047 in
1828 2023 1944 2060 quarn
1983 2011 2077 2048 sicut
2105 2013 2143 2049 in
2171 2013 2348 2050 ultimum
2377 2026 2433 2051 re-

1366 2062 1582 2099 solvuntur:
1613 2063 1743 2100 omnia
1772 2063 1874 2101 enim
1903 2077 2070 2112 quorum
2095 2066 2252 2103 materia
2272 2074 2328 2103 est
2355 2079 2432 2104 una

1367 2115 1597 2163 communis,
1619 2116 1672 2153 sic
1696 2129 1737 2153 se
1761 2117 1903 2154 habent
1931 2117 2036 2167 quod
2065 2131 2185 2156 unum
2215 2132 2348 2156 eorum
2378 2128 2434 2157 est

1365 2169 1535 2217 potentia
1570 2169 1609 2206 in
1647 2170 1742 2217 alio;
1773 2170 1868 2207 sicut
1905 2172 2074 2208 cultellus
2115 2180 2170 2209 est
2196 2173 2366 2221 potentia
2393 2173 2433 2211 in

1366 2221 1475 2269 clavi,
1498 2230 1534 2259 et
1553 2222 1668 2259 clavis
1691 2223 1730 2260 in
1759 2224 1920 2271 cultello,
1943 2225 2032 2272 quia
2050 2225 2245 2273 utriusque
2275 2226 2432 2263 materia

1366 2275 1584 2312 communis
1613 2284 1669 2312 est
1696 2276 1851 2314 ferrum.

1421 2329 1456 2365 3.
1486 2328 1635 2366 Deinde
1669 2342 1756 2366 cum
1786 2330 1894 2367 dicit:
1923 2331 2094 2367 Primum
2129 2332 2278 2380 quidem
2316 2333 2433 2382 igitur

1365 2381 1547 2418 dubitabit
1565 2389 1648 2429 etc.,
1678 2383 1829 2431 inquirit
1857 2383 1904 2420 de
1933 2384 2063 2421 ordine
2086 2385 2374 2433 elementorum,
2397 2393 2432 2422 et

1363 2434 1571 2484 praecipue
1599 2435 1707 2473 aeris.
1746 2437 1796 2473 Et
1823 2436 1920 2474 circa
1957 2438 2032 2474 hoc
2065 2438 2132 2474 tria
2169 2438 2266 2476 facit.
2300 2439 2430 2476 Primo

1365 2495 1497 2526 movet
1534 2489 1798 2537 quaestionem
1817 2489 1857 2527 *ε
1888 2497 1924 2527 et
1953 2490 2040 2527 dicit
2068 2491 2171 2539 quod
2207 2492 2333 2540 primo
2364 2492 2432 2529 du-

1365 2541 1503 2578 bitatur
1522 2542 1621 2579 circa
1645 2555 1784 2592 corpus
1811 2543 1916 2592 quod
1935 2552 2096 2581 vocatur
2124 2557 2200 2592 aer,
2222 2557 2338 2594 quam
2367 2558 2432 2583 na-

1364 2602 1489 2632 turam
1508 2596 1648 2632 habeat
1674 2596 1713 2632 in
1732 2596 1878 2633 mundo
1908 2597 1973 2646 qui
1993 2598 2112 2635 ambit
2130 2606 2282 2646 terram,
2302 2606 2431 2636 utrum

1364 2648 1504 2685 scilicet
1530 2657 1652 2686 totum
1682 2649 1729 2686 sit
1755 2662 1835 2695 aer;
1866 2657 1902 2686 et
1929 2650 1960 2687 si
1988 2663 2078 2699 non,
2104 2653 2302 2700 quomodo
2332 2652 2431 2690 ordi-

1364 2709 1475 2739 netur
1503 2702 1552 2740 ad
1580 2702 1653 2739 alia
1681 2703 1878 2740 elementa.

1418 2756 1597 2793 Secundo
1627 2755 1694 2793 ibi:
1723 2756 1849 2793 Moles
1878 2757 2025 2805 quidem
2055 2758 2153 2794 enim
2183 2766 2265 2805 etc.,
2289 2771 2431 2807 propo-

1363 2808 1417 2845 nit
1445 2809 1637 2857 quaedam
1667 2809 1766 2846 circa
1795 2809 1970 2847 ordinem
2005 2811 2280 2847 elementorum
2310 2811 2429 2848 mani-

1363 2861 1469 2899 festa.
1492 2862 1669 2909 Quorum
1686 2862 1857 2911 primurn
1878 2871 1933 2900 est
1961 2865 2008 2901 de
2028 2871 2141 2900 terra:
2167 2864 2305 2900 scilicet
2324 2864 2429 2912 quod

1363 2927 1442 2952 non
1472 2923 1528 2952 est
1555 2915 1854 2953 immanifestum
1893 2924 2032 2965 quanta
2060 2917 2105 2953 sit
2133 2917 2253 2953 moles
2286 2924 2426 2964 terrae,

1362 2981 1432 3017 per
1460 2969 1788 3018 comparatiQnem
1817 2969 1866 3006 ad
1895 2969 2172 3017 magnitudines
2201 2970 2427 3018 ambientes,

1364 3022 1503 3059 scilicet
1531 3022 1751 3059 caelestium
1780 3035 1985 3071 corporum
2015 3030 2051 3058 et
2074 3022 2233 3059 aliorum
2263 3024 2427 3060 elemen-

1362 3083 1501 3112 torum.
1533 3077 1613 3112 Iam
1652 3076 1754 3112 enim
1792 3075 1964 3124 apparuit
2000 3087 2069 3123 per
2106 3075 2428 3113 considerationes

1363 3128 1615 3176 astrologicas,
1637 3129 1743 3177 quod
1771 3136 1869 3165 terra
1899 3135 1954 3164 est
1980 3129 2099 3164 multo
2119 3127 2246 3165 minor
2274 3129 2428 3177 quibus-

1363 3182 1453 3219 dam
1473 3182 1591 3229 astris,
1614 3189 1649 3218 et
1677 3181 1781 3230 quod
1801 3181 1839 3218 in
1868 3181 2153 3229 comparatione
2177 3181 2225 3218 ad
2253 3181 2426 3219 ultimam

1362 3236 1563 3284 sphaeram
1592 3235 1736 3271 obtinet
1761 3234 1888 3270 vicem
1916 3234 2046 3282 puncti
2065 3233 2095 3270 ²¹⁶.

1416 3287 1638 3324 Secundum
1656 3287 1836 3335 proponit
1855 3287 1902 3324 de
1923 3299 2034 3334 aqua,
2056 3287 2127 3323 ibi:
2147 3287 2283 3336 Aquae
2301 3294 2425 3325 autem

1362 3346 1538 3377 naturam
1568 3348 1637 3377 etc.
1667 3341 1717 3376 Et
1744 3340 1830 3377 dicit
1857 3340 1962 3388 quod
1982 3352 2061 3376 non
2088 3340 2267 3378 videmus
2287 3353 2426 3390 aquam

1361 3406 1430 3442 per
1458 3406 1497 3430 se
1518 3400 1766 3440 constantem,
1789 3400 1825 3429 et
1848 3400 2060 3442 separatam
2080 3405 2102 3430 a
2122 3406 2282 3442 corpore
2301 3395 2425 3432 locato

1363 3446 1460 3483 circa
1489 3454 1640 3492 terram,
1663 3445 1801 3482 scilieet
1819 3459 1842 3482 a
1860 3445 1880 3467 ’³‘
1904 3446 1999 3483 mari
2020 3453 2055 3483 et
2073 3447 2305 3495 fluminibus,
2328 3460 2426 3496 quae

1415 3603 1440 3638 β)
1456 3608 1485 3629 ut
1503 3605 1540 3630 eis
1556 3608 1673 3630 utamur.
1687 3618 1706 3624 —
1719 3607 1745 3630 et
1760 3605 1786 3630 in
1802 3605 1860 3630 istis
1875 3608 1984 3630 utamur
1999 3605 2044 3636 Pa,
2060 3609 2086 3630 et
2099 3606 2156 3631 istis
2172 3609 2281 3631 utamur
2294 3607 2335 3631 ed.
2349 3606 2424 3638 1561,

1362 3640 1388 3665 in
1408 3640 1445 3665 εἰς
1459 3644 1569 3665 utamur
1581 3641 1634 3671 AB,
1649 3646 1769 3673 corrupte
1788 3648 1836 3673 pro
1855 3640 1964 3665 lectione
1983 3645 2079 3670 nostra,
2100 3649 2178 3674 quam
2198 3649 2291 3667 sensus
2310 3642 2424 3675 requirit.

2460 2503 2469 2511 ·
2477 2501 2642 2524 dubitationem
2649 2509 2673 2524 A.

2456 3250 2464 3258 ·
2477 3247 2512 3269 Cf.
2521 3248 2550 3269 de
2561 3248 2634 3270 Caelo
2644 3250 2667 3269 et

2456 3274 2557 3301 Mundo,
2574 3275 2612 3296 lib.
2630 3275 2666 3302 11,

2453 3307 2669 3355 satiantes?

2455 3360 2499 3382 n.3
2515 3360 2551 3382 sq.

2455 3462 2462 3469 ·
2478 3465 2493 3480 α
2509 3466 2603 3481 om.i⁷a.
