2690 4062
1080 223 1191 260 CAP.
1222 222 1289 270 iv,
1321 223 1473 261 LECT.
1502 224 1554 262 v1
1670 258 1676 264 ,
2396 242 2430 267 CI

226 299 363 333 luminis
386 307 436 332 est
458 309 575 339 unum,
592 307 625 332 et
641 299 754 332 lumen
770 300 831 332 erit
854 311 971 340 unum,
989 309 1021 333 et
1040 299 1171 333 habebit
1194 312 1301 333 unum

227 355 308 378 esse.
334 342 562 377 Confirmatur
582 344 692 376 minor
715 344 813 388 primi
837 346 1041 387 argumenti:
1066 345 1143 389 quia
1167 344 1300 389 diapha-

226 399 310 422 num
332 388 367 420 in
384 387 579 432 corporibus
603 387 812 421 inferioribus
832 397 881 421 est
905 388 1055 421 eiusdem
1078 397 1225 430 naturae,
1241 389 1299 423 dif-

226 432 334 466 ferens
358 431 468 465 solum
485 431 670 465 secundum
693 433 799 476 magis
823 441 856 465 et
878 433 1001 473 minus,
1024 434 1109 466 sicut
1133 434 1167 466 in
1190 433 1300 474 simili,

226 478 262 510 in
286 476 480 521 corporibus
511 476 737 520 superioribus
766 476 969 520 diaphanum
997 477 1031 510 in
1055 486 1146 521 parte
1174 478 1300 511 stellata

226 530 260 555 et
275 522 310 554 in
322 529 413 565 parte
429 532 498 553 non
514 520 640 554 stellata
659 529 709 554 est
723 520 812 554 idem
828 520 1012 554 secundum
1026 531 1188 563 naturam,
1208 522 1300 556 diffe-

227 577 303 600 rens
326 564 511 599 secundum
534 565 639 609 magis
664 573 697 598 et
712 565 824 598 minus
849 565 999 598 densum.
1018 585 1036 590 -
1054 566 1225 599 Praeterea
1248 578 1299 600 se-

227 609 356 644 cundo:
387 620 530 654 quorum
554 618 604 642 est
627 621 694 642 una
718 610 867 653 operatio
883 610 999 654 prima,
1016 609 1138 643 horum
1162 619 1212 643 est
1234 622 1301 644 una

226 663 353 695 natura,
369 663 402 687 et
417 665 457 687 ex
472 665 572 687 conse
597 654 688 687 uenti
705 665 810 686 unum
834 665 920 695 esse;
940 653 998 687 sed
1013 654 1096 687 lucis
1113 655 1147 687 in
1162 666 1300 699 corpore

226 699 396 732 luminoso
413 707 446 732 et
469 699 504 732 in
517 709 572 731 me
597 699 630 731 io
653 697 840 731 illuminato
856 707 906 731 est
929 710 996 731 una
1012 699 1161 743 operatio
1181 700 1300 743 prima,

226 743 413 777 illuminare
443 742 569 776 scilicet
592 754 666 787 pers
692 743 823 783 icuum;
849 754 928 787 ergo
962 743 989 775 si
1013 742 1069 776 lux
1092 744 1126 776 in
1159 755 1228 776 uno
1252 752 1302 776 est

227 787 367 833 qualitas
395 787 508 828 realis,
532 796 566 820 et
587 788 622 820 in
646 798 664 819 a
678 796 760 820 tero.
785 788 894 820 Maior
917 795 1020 831 patet:
1052 788 1129 832 quia
1152 789 1300 832 operatio

226 832 442 877 consequitur
457 831 610 873 formam,
627 832 712 865 sicut
731 832 962 865 transmutatio
978 832 1159 865 materiam.
1173 852 1192 858 -
1206 833 1301 866 Prae-

226 885 334 911 terea:
358 875 466 910 forma
489 875 599 921 aliqua
622 877 657 909 in
687 888 728 910 eo
757 875 855 910 habet
878 888 949 919 esse
972 876 1058 910 reale
1082 885 1115 910 et
1138 877 1300 918 naturale,

224 922 262 955 in
285 932 355 967 quo
377 929 554 965 generatur
576 920 615 954 ab
640 929 756 965 agente
780 920 965 954 secundum
988 930 1156 962 naturam,
1181 933 1299 955 secun-

223 965 307 1000 'dum
332 965 424 1011 quod
447 965 652 1006 huiusmodi,
700 977 735 999 er
757 965 986 999 reductionem
1010 965 1050 999 de
1074 967 1222 1010 potentia
1244 978 1300 999 na-

223 1009 325 1045 turali
349 1010 390 1044 ad
423 1019 553 1051 actum3
584 1009 643 1044 sed
687 1021 788 1044 umen
821 1019 871 1043 est
902 1010 966 1043 tale
995 1011 1029 1043 in
1059 1010 1189 1052 medio;
1220 1022 1255 1044 er
1279 1022 1299 1044 o

171 1056 174 1058 ⁷
223 1053 326 1089 habet
341 1054 386 1088 ibi
402 1066 473 1088 esse
493 1054 590 1088 reale.
614 1055 724 1088 Maior
740 1064 788 1088 est
804 1063 898 1096 nota,
921 1063 955 1088 et
969 1054 1140 1088 manifeste
1157 1064 1251 1088 osten
1276 1056 1301 1088 it

226 1109 246 1133 a
261 1100 365 1144 priori
380 1099 506 1144 aliquid
529 1098 649 1133 habere
673 1111 744 1133 esse
768 1099 864 1133 reale.
889 1100 1002 1132 Minor
1019 1111 1099 1132 vero
1123 1099 1297 1143 probatur:

223 1144 306 1190 quia
332 1143 447 1177 lumen
477 1152 631 1178 causatur
653 1143 692 1177 ab
717 1153 833 1188 agente
857 1143 1014 1184 naturali,
1038 1143 1162 1176 scilicet
1186 1155 1204 1176 a
1227 1155 1298 1177 cor-

223 1187 469 1234 walterdo:
473 1190 531 1232 per
546 1188 775 1222 reductionem
798 1188 899 1222 medii
921 1188 960 1221 de
977 1189 1126 1232 potentia
1149 1188 1299 1229 naturali,
1331 1225 1335 1228 γ

223 1242 226 1245 ’
274 1244 294 1266 a
315 1241 386 1266 erat
407 1232 556 1266 lucidum
572 1233 607 1266 in
647 1234 781 1274 otentia,
801 1232 841 1266 ad
863 1244 935 1266 esse
957 1231 1106 1266 lucidum
1125 1233 1160 1265 in
1177 1241 1261 1265 actu.
1280 1253 1299 1258 -

261 1276 372 1311 einde:
397 1276 479 1311 illud
503 1277 595 1323 quod
648 1277 721 1311 abet
749 1278 976 1322 operationem
1004 1276 1126 1310 realem
1150 1285 1183 1310 et
1205 1286 1299 1310 natu-

223 1321 329 1356 {dem
353 1321 537 1356 secundum
562 1321 653 1367 quod
676 1321 881 1363 huiusmodi,
904 1321 1035 1355 videtur
1057 1320 1176 1354 habere
1201 1322 1299 1354 etiam

223 1375 300 1401 esse
322 1365 408 1400 reale
432 1375 466 1400 et
488 1366 653 1400 naturale:
702 1367 756 1400 uia
779 1365 1044 1410 unumquodque
1072 1374 1227 1409 operatur
1250 1377 1299 1399 se-

222 1410 376 1445 cundum
392 1411 484 1456 quod
501 1419 550 1444 est
569 1411 636 1456 (IX
651 1378 851 1456 &ampli-yx),
868 1419 901 1443 et
916 1410 1066 1453 operatio
1086 1411 1300 1455 consequitur

222 1462 315 1496 θεᾶς
340 1455 398 1489 sed
416 1455 531 1489 lumen
554 1456 588 1489 in
611 1455 724 1489 medio
748 1454 846 1488 habet
869 1466 890 1487 o
916 1455 1098 1487 erationem
1122 1454 1243 1488 realem
1267 1464 1300 1488 et

223 1499 428 1540 naturalem,
461 1501 547 1533 sicut
577 1499 783 1538 illuminare,
819 1498 887 1532 cale
902 1509 994 1532 acere
1025 1507 1058 1532 et
1089 1498 1298 1533 huiusmodi:

190 1553 192 1555 '
224 1545 314 1578 sicut
335 1555 453 1578 sensus
477 1544 585 1585 docet,
610 1552 643 1577 et
658 1545 794 1577 scientia
810 1543 851 1577 de
867 1543 1010 1588 speculis
1028 1543 1298 1578 comburentibus

222 1599 290 1634 sup
315 1589 397 1622 onit.

231 1659 235 1663 .
258 1654 262 1661 -
342 1633 388 1667 od
402 1641 515 1667 autem
528 1633 642 1666 lumen
658 1633 693 1666 in
705 1632 817 1666 medio
832 1631 950 1666 habeat
962 1631 1102 1666 debilius
1115 1644 1186 1667 esse
1221 1644 1298 1666 uam

222 1677 263 1713 ‚in
282 1688 424 1722 corpore
446 1676 579 1719 lucido,
608 1678 686 1711 satis
714 1676 926 1710 manifestum
950 1685 1020 1710 est:
1046 1678 1123 1722 quia
1150 1645 1299 1712 meqdium

221 1721 318 1769 quod
334 1730 385 1756 est
406 1723 632 1767 perspicuum,
648 1730 698 1755 est
720 1733 842 1762 rarum,
859 1731 892 1755 et
906 1721 1020 1755 lumen
1035 1730 1171 1766 propter
1189 1722 1300 1756 rarita-

223 1775 295 1802 tem
313 1766 415 1800 medii
437 1766 531 1800 facile
555 1767 741 1811 pertransit,
757 1775 790 1800 et
812 1778 882 1799 non
898 1775 948 1799 est
963 1766 1087 1800 multae
1103 1778 1297 1811 permanen-

223 1812 290 1846 tiae
313 1810 349 1845 in
372 1816 429 1853 e'o;
453 1811 511 1845 sed
535 1812 569 1844 in
593 1822 732 1856 corpore
756 1810 942 1844 illuminato
967 1819 1017 1844 est
1040 1810 1194 1853 densitas,
1215 1823 1298 1856 quae

223 1866 347 1902 eorpus
370 1855 519 1890 lucidum
543 1865 577 1889 et
599 1857 698 1889 etiam
722 1855 836 1889 lumen
866 1855 1049 1900 aliqualiter
1072 1857 1243 1896 terminat,
1267 1864 1299 1889 et

224 1908 363 1947 propter
377 1901 572 1935 densitatem
589 1900 663 1933 talis
680 1911 720 1934 co
762 1901 828 1933 oris
844 1899 958 1933 lumen
979 1901 1013 1933 in
1030 1911 1071 1934 eo
1090 1909 1140 1934 est
1164 1901 1298 1934 maioris

320 1946 480 1980 anentiae.
491 1945 534 1979 Et
546 1946 581 1978 in
591 1946 725 1989 signum
761 1945 848 1985 uius,
858 1944 972 1978 lumen
985 1946 1127 1978 existens
1141 1945 1173 1978 in
1187 1945 1298 1978 medio

266 1988 366 2026 bilius
389 1998 545 2036 operatur
575 2001 676 2035 quam
705 1989 848 2023 existens
877 1989 911 2022 in
941 2001 1079 2034 corpore
1103 1989 1215 2023 lucido
1246 1989 1299 2023 vel

223 2034 430 2076 illuminat03
455 2033 595 2068 debilior
617 2042 728 2067 autem
753 2034 902 2078 operatio
927 2035 1141 2079 consequitur
1159 2033 1298 2067 debilius

222 2090 315 2124 esse:
340 2080 418 2126 quia
433 2078 555 2113 modus
579 2090 600 2112 o
626 2078 738 2112 erandi
762 2078 977 2123 consequitur
998 2078 1138 2112 modum
1158 2078 1297 2112 essendi.

190 2129 192 2131 ’
223 2123 426 2170 &propter
447 2122 524 2165 hoc,
544 2124 572 2156 si
589 2135 607 2157 a
620 2124 706 2168 iquis
731 2122 926 2156 huiusmodi
949 2134 1021 2156 esse
1045 2122 1185 2156 debilius
1201 2131 1299 2156 vocet

221 2175 296 2204 esse
315 2168 547 2209 ‘intentionale,
572 2167 730 2201 coincidit
753 2167 938 2201 secundum
961 2179 1032 2200 rem
1053 2167 1241 2208 nobiscum,
1266 2176 1298 2201 et

221 2211 361 2249 nemine
383 2222 514 2248 tantum
538 2212 691 2247 differens
716 2221 782 2245 est:
809 2211 849 2246 de
874 2223 939 2257 qua
962 2211 1145 2245 differentia
1163 2223 1232 2245 non
1249 2221 1298 2246 est

221 2258 408 2294 curandum
431 2257 672 2303 inquirentibus
695 2258 876 2290 veritatem.

185 2319 196 2326 ·
278 2300 332 2338 Ad
371 2304 494 2338 timum
510 2304 528 2324 *
543 2311 655 2336 autem
671 2302 706 2334 in
722 2302 916 2346 oppositum
933 2300 1111 2335 dicendum
1127 2309 1187 2342 est,
1207 2301 1297 2345 quod

222 2315 376 2383 sensibiie
400 2356 489 2381 extra
513 2358 648 2380 sensum
672 2346 796 2379 habens
820 2357 892 2379 esse
915 2345 1068 2386 firmum,
1093 2346 1170 2390 quia
1194 2345 1297 2378 excel-

218 2393 328 2428 lenter
349 2401 464 2426 movet
487 2403 645 2432 sensum,
674 2391 750 2424 ideo
774 2391 923 2435 positum
946 2401 1045 2434 supra
1069 2401 1203 2423 sensum
1227 2401 1297 2423 non

222 2445 340 2472 movet>
352 2449 488 2471 sensum
504 2437 545 2470 ad
561 2445 682 2476 actum,
699 2435 757 2469 sed
773 2436 878 2479 magis
894 2446 1004 2479 ipsum
1021 2435 1203 2478 corrumpit
1221 2446 1297 2478 pro-

221 2490 296 2528 pter
313 2493 409 2516 suam
432 2481 482 2516 dis
507 2481 736 2526 roportionem
756 2480 796 2513 ad
820 2491 972 2513 sensum:
993 2480 1070 2524 quia
1086 2490 1202 2512 sensus
1220 2490 1297 2512 con-

222 2527 308 2561 sistit
338 2527 373 2560 in
404 2537 469 2571 qua
494 2537 547 2559 am
578 2525 753 2559 medietate
784 2524 837 2558 vel
871 2524 1065 2564 harmonia3
1097 2523 1155 2557 sed
1186 2532 1297 2556 tamen

222 2571 376 2606 sensibile
392 2579 564 2615 receptum
580 2571 615 2603 in
631 2570 754 2611 medio,
779 2569 840 2602 sub
857 2580 928 2602 esse
945 2568 1023 2602 reali
1039 2567 1188 2602 debiliori
1205 2567 1295 2612 quod

245 2617 495 2661 roportionatur
518 2615 644 2655 sensui,
669 2622 779 2660 potest
801 2615 835 2647 in
859 2614 869 2646 i
896 2625 933 2646 so
958 2612 1077 2646 habere
1101 2624 1173 2646 esse
1197 2613 1296 2645 etiam

221 2659 460 2700 intentionale,
490 2668 523 2692 et
546 2670 681 2692 movere
706 2660 816 2703 ipsum
840 2670 858 2691 a
906 2658 1128 2690 sensationem
1152 2658 1186 2690 in
1210 2666 1294 2690 actu.

222 2705 275 2740 De
299 2703 445 2738 sensibili
469 2712 581 2737 autem
604 2704 714 2747 primo
737 2702 840 2735 modo
856 2727 864 2742 ,
890 2701 1078 2735 cuiusmodi
1110 2710 1159 2735 est
1181 2701 1296 2734 lumen

221 2750 257 2784 in
281 2760 420 2794 corpore
444 2747 567 2788 lucido,
590 2747 787 2792 loquebatur
805 2746 1042 2790 Philosophus.
1061 2765 1080 2771 -
1099 2745 1153 2779 Ad
1177 2757 1295 2778 secun-

222 2794 304 2829 dum
317 2795 347 2836 θ,
364 2804 434 2827 non
457 2801 508 2826 est
523 2791 654 2826 difficile
678 2791 760 2825 illud
779 2790 918 2831 solvere,
935 2791 1012 2835 quia
1031 2799 1080 2823 est
1095 2789 1217 2834 duplex
1239 2802 1295 2834 ge-

221 2850 360 2874 nerans:
393 2848 499 2871 unum
529 2836 620 2882 quod
644 2845 694 2870 est
716 2836 916 2880 principium
940 2835 1224 2868 transmutationis
1249 2835 1295 2868 rei

264 2891 395 2918 nei-atae
412 2890 552 2922 tantum,
570 2889 603 2914 et
617 2892 687 2914 non
704 2880 964 2914 conservationis
981 2880 1084 2923 ipsius
1109 2890 1192 2919 esse,
1210 2879 1296 2912 sicut

220 2895 433 2963 ffimificator
448 2935 498 2960 est
514 2937 613 2960 causa
628 2925 779 2959 factionis
796 2924 936 2958 domus:
955 2923 1043 2957 alind
1059 2932 1108 2957 est
1122 2935 1294 2967 generans,

220 2972 316 3018 quod
340 2983 420 3005 cum
443 2971 509 3004 hoc
539 2979 590 3004 est
617 2982 715 3003 causa
743 2969 1002 3002 conservationis
1030 2969 1077 3001 rei
1103 2976 1295 3012 generatae,

222 3015 508 3063 quemadmodum
523 3015 618 3048 locus
635 3023 685 3048 est
701 3026 798 3047 causa
811 3015 858 3047 rei
874 3013 999 3046 locatae
1017 3024 1075 3057 per
1091 3023 1141 3053 se;
1159 3012 1294 3045 effectus

222 3068 335 3096 autem
350 3069 462 3094 manet
500 3069 553 3093 ost
565 3059 746 3093 absentiam
762 3059 947 3102 generantis
969 3058 1078 3101 primo
1094 3056 1209 3095 modo,
1226 3068 1295 3089 non

222 3113 335 3140 autem
358 3113 435 3150 post
458 3116 477 3138 a
499 3105 639 3138 sentiam
671 3103 857 3148 generantis
881 3102 1029 3135 secundo
1059 3101 1172 3135 modo.
1197 3101 1294 3134 Eius-

222 3150 316 3184 modi
339 3158 390 3183 est
406 3160 527 3193 corpus
552 3148 709 3182 lucidum.
727 3167 746 3174 -
763 3147 816 3181 Ad
840 3148 973 3180 tertium
999 3145 1187 3185 dicendum,
1204 3144 1295 3190 quod

223 3195 387 3229 contraria
411 3193 566 3228 dicuntur
586 3193 769 3238 dupliciter.
791 3192 870 3225 Uno
890 3190 992 3224 modo
1008 3192 1151 3224 sumitur
1165 3198 1294 3223 conua-

221 3240 320 3274 riems
351 3239 484 3284 proprie
498 3263 507 3279 ‚
539 3249 600 3282 pro
623 3239 841 3282 repugnantia
864 3235 1005 3268 duarum
1035 3234 1294 3285 formarum-ae-

224 3283 363 3329 qualiter
378 3292 411 3317 et
426 3283 569 3316 maxime
598 3282 790 3316 distantium
814 3280 874 3313 sub
899 3279 1018 3312 eodem
1041 3289 1176 3322 genere:
1210 3286 1295 3310 sicut

224 3327 369 3362 calidum
385 3337 418 3361 et
433 3326 590 3371 frigidum
614 3326 735 3360 distant
757 3334 789 3359 et
813 3336 871 3369 per
891 3335 925 3356 se
950 3323 1199 3355 contrariantur.
1216 3321 1292 3354 Alio

223 3372 330 3407 modo
352 3373 559 3417 accipiuntur
583 3372 754 3411 contraria,
773 3377 873 3414 prout
896 3367 1076 3400 extendunt
1093 3378 1127 3399 se
1151 3366 1192 3399 ad
1206 3367 1293 3410 prin-

223 3418 310 3461 cipia
333 3417 506 3461 opposita:
524 3417 609 3449 sicut
625 3415 731 3448 forma
748 3423 779 3447 et
804 3413 944 3457 privatio
960 3410 1125 3444 interdum
1142 3410 1295 3443 dicuntur

224 3463 387 3495 contraria
395 3474 404 3502 ;
428 3470 461 3495 et
483 3460 549 3494 hoc
571 3459 674 3493 modo
704 3458 897 3501 intelligitur
920 3455 1011 3500 quod
1034 3454 1139 3488 forma
1163 3463 1294 3498 recepta

224 3506 259 3538 in
272 3507 408 3539 materia
420 3505 542 3539 horum
554 3504 747 3537 inferiorum
763 3502 861 3535 habet
873 3500 1084 3540 contrarium,
1097 3509 1166 3531 non
1183 3506 1293 3531 autem

224 3550 334 3594 primo
361 3549 476 3583 modo.
504 3549 569 3583 Sed
592 3549 657 3581 hoc
681 3546 783 3580 modo
816 3545 929 3578 lumen
953 3543 1050 3577 habet
1074 3543 1293 3582 contrarium,

168 3627 171 3628 γ
223 3595 303 3639 quia
319 3593 417 3627 habet
435 3594 654 3638 privationem
679 3591 879 3636 oppositam.

1413 301 1443 334 8.
1462 301 1616 335 Secundo
1631 302 1812 336 videndum
1828 311 1888 344 est,
1904 311 2016 336 utrum
2038 303 2152 338 lumen
2175 306 2210 339 in
2226 317 2266 339 eo
2285 317 2424 351 corpore

1356 356 1375 377 a
1398 357 1466 389 quo
1494 345 1710 391 refrangitur,
1741 348 1783 380 sit
1810 348 2011 392 principium
2041 348 2179 382 alicuius
2208 350 2328 384 coloris
2357 362 2426 385 non

1355 391 1613 466 praeexistentis.
1639 392 1680 425 Et
1702 391 1833 425 videtur
1856 391 1947 436 quod
1969 403 2056 426 non:
2086 394 2162 437 quia
2185 395 2212 426 si
2236 394 2349 428 lumen
2375 407 2427 429 re-

1368 442 1495 467 tactum
1514 436 1548 468 in
1565 447 1605 468 eo
1622 447 1640 468 a
1658 447 1725 480 quo
1748 435 1953 480 refrangitur,
1978 446 2063 470 esset
2086 449 2144 481 per
2167 449 2201 471 se
2225 439 2425 483 principium

1357 477 1494 511 alicuius
1523 479 1666 521 coloris,
1698 489 1889 525 sequeretur
1919 480 2010 525 quod
2042 493 2060 514 a
2091 493 2303 527 quocumque
2334 483 2426 517 fieret

1355 521 1505 556 refractio
1530 532 1563 556 et
1585 525 1619 557 in
1643 536 1788 569 quocum
1813 537 1856 558 ue
1880 526 1943 558 situ
1957 549 1966 565 ,
1998 537 2129 570 semper
2157 536 2304 560 causaret
2326 527 2424 561 talem

1357 566 1522 608 colorem;
1546 568 1604 601 sed
1620 568 1685 602 hoc
1702 577 1751 602 est
1766 537 1896 610 falsum,
1913 578 1951 602 ut
1967 569 2007 603 ad
2026 581 2161 604 sensum
2176 570 2325 612 videtur;
2345 583 2379 605 er
2403 584 2423 605 o

1355 609 1470 661 lumen
1493 611 1667 646 refractum
1690 625 1749 657 per
1765 625 1799 647 se
1815 625 1883 647 non
1900 622 1950 647 est
1972 615 2174 659 principium
2197 614 2334 649 alicuius
2351 585 2423 650 taffis

1357 653 1486 688 colons.

1412 699 1451 731 In
1469 701 1668 733 contrarium
1692 710 1751 742 est,
1776 703 1852 746 quia
1876 713 1991 736 sensus
2016 702 2112 736 docet
2136 703 2227 747 quod
2245 703 2359 738 lumen
2375 705 2423 738 in-

1357 741 1468 775 cidens
1486 746 1616 788 corpori
1633 746 1746 788 pervio
1770 747 1888 790 spisso,
1910 747 2058 781 colorato
2075 747 2187 792 aliquo
2204 747 2327 789 colore,
2344 757 2424 792 puta

1356 786 1478 836 rubeo,
1502 787 1578 821 facit
1601 800 1639 821 ea
1663 801 1680 822 a
1704 790 1821 834 quibus
1852 790 2048 835 refrangitur
2077 803 2233 836 apparere
2261 803 2320 836 per
2342 792 2424 827 illud

1357 830 1468 882 colore
1484 841 1639 876 vergente
1657 833 1696 866 ad
1713 834 1859 868 colorem
1876 835 1973 868 illius.
1991 836 2100 869 Etiam
2116 848 2154 869 ea
2170 848 2254 881 quae
2269 836 2423 871 videntur

1356 886 1391 908 m
1414 876 1556 953 speculis
1579 877 1753 918 viridibus,
1776 879 1930 912 videntur
1952 879 2012 913 sub
2036 879 2161 913 lumine
2184 880 2323 914 refracto
2345 893 2422 915 con-

1356 921 1471 953 simiis
1496 921 1626 954 coloris.
1653 922 1718 955 Sed
1741 931 1850 957 tamen
1874 924 2045 968 quomodo
2069 924 2134 957 hoc
2155 924 2212 958 fiat
2236 925 2421 969 intelligen-

1356 964 1436 997 dum
1456 974 1527 1016 est,
1559 965 1650 1010 quod
1674 966 1765 1000 color
1789 977 1939 1001 causatur
1962 980 2001 1001 ex
2024 970 2206 1013 praesentia
2230 968 2364 1002 luminis
2387 971 2422 1003 in

1355 1020 1531 1053 perspicuo
1555 1011 1730 1044 terminato
1754 1023 1812 1055 per
1836 1023 1987 1056 opacum,
2004 1021 2037 1046 et
2053 1013 2236 1047 secundum
2259 1013 2422 1047 diversam

1356 1055 1607 1097 proportionem
1630 1054 1764 1088 luminis
1789 1055 1829 1089 ad
1853 1068 1995 1100 opacum
2015 1058 2048 1090 in
2065 1058 2240 1101 perspicuo
2265 1057 2421 1091 diversifi-

1356 1107 1471 1130 cantur
1494 1098 1641 1139 colores,
1673 1100 1749 1143 quia
1777 1112 1816 1133 ex
1839 1101 1944 1134 multo
1975 1100 2100 1135 lumine
2129 1110 2161 1134 et
2183 1113 2290 1146 pauco
2314 1113 2420 1146 opaco

1356 1151 1508 1175 causatur
1524 1143 1616 1176 color
1632 1143 1735 1184 albus,
1751 1153 1783 1177 et
1802 1156 1820 1177 e
1830 1156 1989 1178 converso
2006 1145 2098 1179 color
2113 1147 2223 1189 niger;
2247 1145 2305 1179 sed
2320 1146 2421 1180 medii

1355 1186 1482 1220 colores
1498 1186 1582 1220 fiunt
1597 1188 1780 1221 secundum
1797 1200 1856 1233 pro
1883 1190 2027 1222 ortiones
2047 1189 2185 1223 medias:
2203 1191 2420 1235 propinquio-

1355 1241 1406 1263 res
1429 1230 1564 1275 quidem
1591 1231 1666 1265 albo
1698 1233 1731 1265 in
1759 1233 1833 1277 plus
1881 1233 2008 1267 abendo
2037 1233 2076 1267 de
2104 1234 2228 1267 lumine
2253 1243 2285 1267 et
2309 1235 2419 1268 minus

1356 1274 1396 1308 de
1428 1286 1553 1319 opaco,
1586 1285 1618 1309 et
1650 1278 1904 1321 propinquiores
1936 1279 2031 1322 nigro
2063 1287 2237 1311 causantur
2264 1290 2307 1323 op
2334 1280 2419 1312 osito

1354 1319 1468 1352 modo.
1494 1320 1543 1353 Ex
1565 1320 1684 1364 quibus
1708 1330 1807 1365 patet,
1832 1322 1922 1366 quod
1946 1323 2110 1366 appositio
2134 1322 2267 1356 luminis
2285 1335 2302 1356 a
2341 1335 2419 1368 opa-

1355 1374 1442 1403 cum,
1458 1363 1512 1397 vel
1535 1376 1553 1397 e
1567 1373 1691 1404 contra,
1716 1365 1898 1399 secundum
1915 1366 2011 1399 aliam
2028 1375 2060 1399 et
2076 1366 2172 1399 aliam
2195 1368 2418 1411 quantitatem,

1354 1408 1457 1440 variat
1488 1408 1625 1442 colores.
1659 1410 1707 1442 Ex
1730 1422 1798 1454 quo
1822 1411 1970 1454 sequitur
2001 1410 2041 1444 ad
2071 1412 2298 1455 propositum,
2330 1411 2420 1456 quod

1354 1451 1467 1485 lumen
1483 1462 1676 1496 generatum
1693 1465 1711 1487 a
1728 1466 1865 1498 corpore
1889 1454 2068 1495 luminoso,
2093 1454 2274 1488 secundum
2293 1464 2419 1488 rectum

1354 1496 1502 1530 incidens
1525 1497 1622 1530 alicui
1647 1499 1778 1542 corpori
1805 1510 1921 1543 aspero
1952 1498 2084 1532 habenti
2107 1498 2250 1543 aliquem
2274 1499 2420 1533 colorem

1354 1541 1389 1573 in
1413 1549 1487 1574 actu
1511 1541 1564 1575 vel
1587 1542 1622 1574 in
1644 1543 1774 1583 virtute,
1799 1544 1843 1576 ita
1867 1543 1957 1587 quod
1977 1555 1994 1576 a
2018 1542 2183 1587 profundo
2208 1545 2277 1577 eius
2300 1543 2419 1578 refran-

1354 1585 1452 1628 gitur,
1472 1586 1500 1618 si
1522 1585 1620 1619 fuerit
1641 1585 1786 1619 multum
1809 1587 1933 1627 lumen,
1957 1587 2119 1620 illuminat
2142 1587 2204 1621 tale
2229 1599 2347 1632 corpus
2371 1600 2419 1621 se-

1355 1628 1502 1663 cundum
1525 1639 1651 1674 partem
1681 1632 1733 1664 cui
1762 1631 1891 1672 incidit,
1922 1631 2038 1665 fortius
2070 1643 2169 1676 quam
2193 1641 2278 1665 esset
2300 1632 2419 1666 illumi-

1354 1682 1469 1706 natum
1493 1683 1590 1716 ante,
1619 1683 1651 1708 et
1678 1684 1785 1709 mutat
1816 1677 1849 1709 in
1873 1677 1947 1720 ipso
1976 1675 2122 1709 colorem
2149 1678 2419 1720 praeexistentem

1354 1718 1550 1752 sensibiliter
1565 1719 1748 1753 secundum
1765 1720 1927 1753 diversam
1942 1722 2191 1765 proportionem
2208 1721 2278 1754 eius
2292 1720 2331 1754 ad
2344 1732 2420 1764 opa-

1355 1774 1450 1803 cum,
1483 1772 1515 1796 et
1537 1775 1596 1807 per
1619 1775 1825 1809 consequens
1848 1764 1924 1798 facit
1952 1764 1996 1798 ibi
2019 1777 2037 1798 a
2063 1765 2258 1809 paritionem
2281 1765 2418 1798 alicuius

1354 1806 1474 1840 coloris
1491 1819 1560 1841 non
1577 1809 1832 1852 praeexistentis.
1859 1809 1924 1843 Sed
1940 1820 2027 1853 quan
2052 1821 2073 1842 o
2096 1809 2208 1842 lumen
2224 1808 2420 1853 refrangitur

1354 1863 1372 1884 a
1396 1853 1502 1895 prima
1525 1852 1698 1897 superficie
1729 1853 1801 1886 talis
1826 1855 1973 1898 corporis
2004 1862 2138 1898 propter
2160 1853 2344 1894 lenitatem,
2375 1854 2419 1886 ita

1354 1896 1446 1940 quod
1469 1896 1582 1930 lumen
1605 1909 1674 1930 non
1698 1898 1874 1942 recipiatur
1897 1899 1931 1931 in
1955 1897 2131 1942 profundo,
2148 1901 2226 1930 tunc
2247 1906 2420 1941 generatur

1354 1940 1542 1984 phantasia,
1571 1941 1656 1975 idest
1679 1953 1719 1986 ap
1746 1943 1839 1975 aritio
1865 1942 2002 1983 coloris,
2032 1941 2169 1975 debilior
2191 1951 2318 1975 tamen:
2344 1942 2419 1986 quia

1354 1986 1388 2018 in
1405 1994 1496 2029 parte
1512 1986 1546 2018 in
1563 1998 1627 2030 qua
1650 1987 1715 2019 inci
1741 1987 1764 2019 it
1787 1986 1915 2027 lumen,
1939 1986 1976 2019 fit
1998 1986 2114 2020 fortior
2137 1986 2332 2019 illuminatio
2349 1998 2418 2019 cor-

1378 2031 1444 2063 oris
1475 2041 1493 2063 a
1540 2042 1585 2063 uo
1614 2030 1650 2063 fit
1678 2032 1826 2064 refractio
1850 2030 1983 2064 luminis
2008 2031 2048 2064 ad
2071 2031 2202 2070 visum,
2231 2039 2263 2064 et
2285 2039 2419 2074 propter

1378 2075 1511 2107 uiusmo
1537 2076 1546 2107 i
1570 2074 1835 2108 fortificationem
1859 2075 2025 2108 coloratur
2054 2086 2123 2108 non
2146 2083 2273 2108 tantum
2298 2086 2416 2118 corpus

1353 2118 1411 2151 sed
1435 2119 1533 2151 etiam
1559 2118 1673 2152 lumen
1701 2119 1811 2152 colore
1835 2120 1970 2163 proprio
1995 2120 2159 2163 corporis,
2183 2127 2337 2162 vergente
2361 2119 2417 2152 ali-

1353 2162 1550 2207 quantulum
1583 2163 1624 2196 ad
1656 2162 1780 2196 clarum
1797 2188 1806 2204 ,
1843 2172 1977 2208 propter
2007 2163 2252 2197 adiunctionem
2282 2163 2416 2196 luminis

1352 2208 1363 2240 i
1389 2208 1467 2240 sius.
1492 2210 1534 2240 Et
1556 2207 1740 2241 secundum
1764 2208 1852 2241 hunc
1875 2207 2014 2241 modum
2038 2219 2158 2252 corpus
2182 2219 2200 2240 a
2246 2219 2291 2240 uo
2314 2207 2351 2240 fit
2368 2219 2416 2240 re·
2466 2228 2470 2232 ›

1352 2219 1489 2292 sibeno,
1521 2251 1651 2285 videtur
1681 2251 1813 2285 alterius
1845 2252 1964 2285 coloris
1995 2264 2094 2296 quam
2124 2251 2161 2284 fit
2184 2219 2355 2286 ordinarie.
2381 2252 2416 2285 Si

1352 2307 1431 2329 vero
1456 2307 1576 2340 corpus
1601 2297 1654 2330 cui
1677 2296 1791 2330 incidit
1813 2297 1940 2337 lumen,
1965 2308 2034 2329 non
2057 2295 2173 2329 habeat
2196 2295 2338 2340 aliquem
2362 2307 2415 2328 co-

1351 2340 1457 2374 lorem
1474 2341 1657 2385 proprium,
1674 2341 1731 2374 sed
1747 2341 1857 2374 solum
1875 2350 2026 2374 naturam
2042 2341 2216 2384 perspicui,
2232 2349 2310 2373 tunc
2325 2339 2416 2373 nulla

1351 2384 1408 2418 fiet
1423 2385 1594 2429 phantasia
1610 2385 1740 2426 coloris,
1758 2394 1892 2430 propter
1908 2385 2071 2419 defectum
2088 2385 2192 2429 opaci.

1408 2429 1461 2463 Ad
1484 2430 1646 2463 rationem
1662 2438 1772 2463 autem
1796 2431 1830 2463 in
1847 2430 2041 2474 oppositum
2058 2429 2175 2462 dicitur
2194 2429 2284 2473 quod
2300 2440 2415 2462 verum

1353 2474 1531 2515 concludit,
1555 2474 1688 2519 quando
1712 2474 1825 2507 lumen
1847 2475 1883 2507 in
1906 2485 2043 2518 corpore
2067 2485 2086 2507 a
2109 2485 2175 2518 quo
2199 2470 2414 2517 refrangitur,

1351 2519 1478 2551 invenit
1501 2530 1644 2563 opacum
1668 2528 1741 2552 actu
1772 2518 1824 2552 vel
1846 2519 1976 2552 virtute.
2002 2517 2066 2552 Sed
2086 2517 2154 2552 hoc
2177 2529 2319 2561 opacum
2347 2528 2416 2550 non

1351 2564 1478 2596 invenit
1492 2564 1527 2596 in
1550 2564 1643 2596 omni
1666 2574 1707 2596 eo
1724 2575 1742 2596 a
1759 2574 1826 2608 quo
1842 2562 2055 2606 refrangitur:
2076 2571 2108 2595 et
2131 2561 2205 2595 ideo
2221 2573 2289 2595 non
2306 2570 2417 2595 causat

1351 2607 1386 2640 in
1410 2607 1564 2641 omnibus
1581 2607 1681 2641 talem
1705 2608 1928 2652 apparentiam
1948 2607 2108 2647 colorum,
2129 2606 2205 2651 quia
2225 2607 2295 2639 sine
2310 2617 2415 2650 opaco

1351 2663 1420 2686 non
1435 2661 1576 2696 possunt
1592 2651 1672 2685 fieri.
1689 2671 1708 2678 -
1729 2653 1842 2692 Quare
1859 2660 1969 2685 autem
1985 2651 2098 2684 lumen
2113 2650 2209 2684 faciat
2230 2651 2334 2694 magis
2358 2661 2416 2694 ap-

1350 2708 1475 2741 parere¹
1488 2696 1615 2730 colores
1640 2708 1739 2741 quarn
1759 2696 2020 2740 magnitudinem
2035 2695 2087 2728 vel
2107 2694 2246 2739 figuram
2270 2695 2415 2738 corporis

1351 2752 1369 2773 a
1393 2753 1461 2786 quo
1484 2741 1689 2785 refrangitur,
1706 2742 1824 2785 partim
1849 2749 1937 2784 patet
1959 2752 1999 2773 ex
2022 2739 2126 2780 dictis,
2149 2748 2182 2772 et
2204 2738 2321 2772 melius
2345 2750 2414 2771 ma-

1350 2785 1554 2819 nifestabitur
1578 2787 1612 2818 in
1635 2785 1858 2830 sequentibus.

1407 2841 1437 2873 9.
1456 2831 1636 2871 Quaeritur
1659 2831 1775 2868 tertio,
1801 2838 1911 2862 utrum
1939 2827 2065 2862 colores
2088 2827 2177 2860 iridis
2205 2826 2344 2860 habeant
2365 2837 2414 2859 ra-

1350 2875 1477 2908 tionem
1505 2875 1574 2908 veri
1599 2874 1727 2908 coloris.
1753 2875 1794 2907 Et
1817 2874 1924 2917 primo
1949 2873 2094 2916 arguitur
2117 2871 2206 2915 quod
2229 2882 2312 2904 non:
2337 2871 2414 2914 quia

1349 2919 1441 2964 quod
1465 2928 1617 2952 causatur
1641 2931 1679 2951 ex
1695 2918 1765 2952 sola
1781 2918 1972 2951 refractione
1996 2916 2129 2949 luminis
2146 2915 2187 2948 ad
2209 2916 2328 2955 visum,
2344 2925 2413 2947 non

1349 2964 1480 2998 videtur
1498 2975 1595 2997 verus
1621 2963 1722 3003 color,
1738 2962 1795 2995 sed
1811 2973 1969 3006 apparens
1986 2969 2114 2993 tantum
2120 2972 2129 3000 ;
2153 2959 2279 2992 colores
2303 2967 2413 2992 autem

1349 3008 1440 3042 iridis
1456 3008 1639 3042 secundum
1651 3006 1862 3040 Aristotelem
1878 3013 2052 3038 causantur
2067 3016 2106 3037 ex
2120 3003 2190 3036 sola
2205 3003 2412 3043 refractione;

1349 3065 1429 3097 ergo
1445 3065 1515 3086 non
1539 3061 1616 3085 sunt
1630 3053 1698 3085 veri
1716 3050 1851 3084 colores.
1870 3069 1888 3075 -
1906 3050 2091 3082 Praeterea:
2116 3048 2143 3080 si
2159 3047 2239 3080 tales
2256 3058 2413 3091 apparen-

1349 3099 1412 3131 tiae
1437 3106 1546 3131 essent
1567 3097 1636 3129 veri
1652 3095 1789 3135 colores,
1806 3093 1960 3127 deberent
1979 3104 2134 3136 apparere
2150 3093 2184 3124 in
2201 3103 2412 3136 quocumque

1349 3143 1430 3182 situ,
1455 3143 1540 3174 sicut
1572 3148 1706 3184 apparet
1738 3139 1777 3172 de
1806 3138 1857 3171 his
1893 3149 1975 3182 quae
2009 3136 2196 3170 colorantur
2230 3135 2413 3169 secundum

1348 3187 1517 3220 veritatem
1525 3198 1535 3226 ;
1559 3184 1617 3218 sed
1633 3185 1680 3217 sic
1703 3195 1771 3216 non
1787 3191 1837 3215 est
1860 3182 1900 3215 de
1923 3180 2086 3214 coloribus
2110 3180 2218 3220 iridis;
2242 3191 2320 3223 ergo
2344 3190 2413 3213 non

1349 3239 1426 3264 sunt
1441 3231 1509 3263 veri
1527 3229 1663 3262 colores.
1681 3247 1699 3253 -
1718 3228 1903 3260 Praeterea:
1924 3225 2014 3270 quod
2031 3233 2182 3258 causatur
2197 3236 2237 3257 ex
2249 3223 2412 3257 debilitate

1349 3276 1459 3315 visus,
1488 3285 1557 3306 non
1588 3281 1637 3305 est
1668 3271 1760 3304 color
1790 3269 1972 3304 secundum
1995 3270 2179 3309 veritatem3
2203 3267 2260 3301 sed
2285 3267 2412 3301 colores

1348 3319 1438 3352 iridis
1456 3325 1630 3351 causantur
1646 3328 1686 3349 ex
1702 3315 1863 3349 debilitate
1879 3315 1989 3354 visus;
2013 3325 2091 3357 ergo
2107 3324 2176 3346 non
2192 3321 2268 3346 sunt
2285 3311 2412 3346 colores

1349 3362 1531 3396 secundum
1546 3362 1727 3394 veritatem.

1402 3405 1656 3449 Intelligendum
1686 3404 1787 3447 igitur
1809 3411 1874 3443 est,
1899 3401 1989 3446 quod
2013 3401 2140 3435 colores
2175 3400 2264 3434 iridis
2292 3400 2413 3434 habent

1349 3452 1524 3484 essentiam
1542 3450 1611 3483 veri
1628 3449 1759 3488 coloris,
1773 3447 1919 3481 debiliter
1935 3455 2045 3479 tamen
2066 3454 2098 3479 et
2116 3445 2316 3489 imperfecte,
2329 3445 2413 3477 sicut

1349 3495 1462 3528 lumen
1485 3495 1519 3527 in
1543 3493 1653 3527 medio
1677 3500 1826 3536 respectu
1851 3491 1984 3524 luminis
2008 3491 2042 3523 in
2067 3501 2204 3534 corpore
2228 3489 2411 3529 luminoso;

1349 3541 1426 3584 quia
1472 3538 1540 3572 uod
1557 3547 1606 3571 est
1621 3538 1785 3570 motivum
1799 3536 1890 3569 visus
1910 3534 2093 3568 secundum
2112 3546 2158 3575 se,
2175 3533 2240 3567 hoc
2256 3542 2304 3566 est
2321 3532 2413 3566 color

1350 3595 1451 3617 secun
1476 3595 1534 3616 um
1556 3583 1744 3616 veritatem:
1770 3580 1846 3625 quia
1862 3579 1954 3613 color
1970 3578 2153 3612 secundum
2170 3577 2412 3621 Philosophum
