2690 4062
1103 221 1214 258 CAP.
1243 221 1294 269 V,
1324 221 1475 259 LECT.
1504 223 1555 259 VI

2320 235 2428 260 XXXIX

1026 400 1326 457 LECTIO
1364 403 1649 460 SEXTA

387 543 679 575 REPROBATUR
702 544 848 576 OPINIO
873 545 1116 577 DICENTIUM
1140 547 1231 578 NON
1255 548 1395 579 OMNIA
1417 550 1654 581 ELEMENTA
1676 550 1916 582 ADINVICEM
1938 551 2249 582 TRANSMUTARI
2274 568 2292 574 -

353 600 634 649 OSTENDITUP
657 601 926 633 SUPPOSITUM
951 602 1073 639 QUOD
1098 604 1142 634 ΙΝ
1165 604 1568 637 TRANSMUTATIONE
1591 607 1927 639 ELEMENTORUM
1950 608 2210 639 IMPOSSIBILE
2233 607 2313 639 EST

1048 660 1307 691 PROCEDERE
1331 661 1374 692 IN
1398 662 1624 694 INFINITUM

243 773 298 807 ὅτι
322 768 352 804 δ’
373 766 492 808 ἐπειδὴ
517 770 793 815 μεταβάλλουσιν
818 771 863 809 εἰς
890 772 1038 814 ἄλληλα,
1058 769 1230 806 ἀδύνατον
1254 773 1309 817 ἀρ-

308 815 375 861 χήν
401 826 480 848 τινα
511 813 597 847 εἶναι
630 815 744 847 αὐτῶν
770 814 791 853 ἦ
818 813 874 848 ἐπὶ
898 817 946 858 τῷ
978 817 1065 861 ἄκρῳ
1090 816 1111 855 ἦ
1136 817 1245 862 μέσῳ,
1272 818 1309 850 ἐκ

309 856 415 894 τῶνδε
439 855 556 896 δῆλον.
588 860 685 892 Ἐπεὶ
710 860 769 904 μέν
797 858 852 892 οὑν
880 865 950 898 τοῖς
977 862 1088 905 ἄκροις
1114 862 1174 894 οὐκ.
1195 862 1307 904 ἔσται,

311 903 364 938 ὅτι
389 905 454 960 πῦρ
480 903 579 936 ἔσται
605 902 626 941 ἦ
651 904 697 950 γῆ
721 905 860 937 πάντα·
885 907 944 937 καὶ
963 907 979 938 ὁ
1004 907 1110 944 αὐτὸς
1132 906 1234 954 λόγος
1261 909 1308 949 τῷ

307 948 413 993 φάναι
439 959 475 980 εκ
501 948 602 991 πυρός
627 947 648 985 ἦ
673 949 736 994 γῆς
760 946 847 981 εἶναι
873 949 1010 983 πάντα·

244 994 298 1027 ὅτι
323 988 352 1024 δ’
381 987 461 1025 οὐδὲ
485 992 607 1036 μέσον,
633 991 744 1038 ὥσπερ
773 988 868 1026 δοκεῖ
890 997 978 1026 τισὶν
1004 992 1068 1037 ἀήρ
1092 995 1152 1039 μὲν
1182 997 1240 1027 καὶ
1264 996 1309 1034 εἰς

309 1037 374 1082 πῦρ
399 1036 630 1081 μεταβάλλειν
653 1039 713 1069 καὶ
733 1038 777 1075 εἰς
800 1034 899 1081 ὕδωρ,
919 1034 1005 1082 ὕδωρ
1023 1035 1061 1071 δὲ
1084 1042 1142 1071 καὶ
1159 1040 1204 1077 εἰς
1225 1039 1310 1084 ἀέρα

307 1083 367 1114 καὶ
392 1082 436 1119 εἱς
461 1081 544 1127 γῆν·
571 1081 619 1114 τά
643 1077 672 1113 δ’
703 1082 739 1114 ἔσ
767 1094 839 1115 ατα
865 1083 981 1115 οὐκέτι
1006 1084 1050 1121 εἰς
1078 1083 1230 1120 άλληλα·
1255 1080 1311 1116 δεῖ

309 1125 369 1170 μὲν
393 1126 458 1172 γάρ
484 1126 611 1162 στῆναι
634 1128 692 1158 καὶ
718 1138 765 1171 μη
790 1128 835 1165 εἰς
862 1127 997 1171 ἄπειρον
1017 1129 1125 1160 τοῦτο
1146 1127 1234 1160 ἱέναι
1252 1127 1305 1161 ἐπ’

308 1169 440 1208 εὐθείας
466 1169 707 1225 ἐφ’ίὲκάτερα·
736 1170 868 1216 ἄπειροι
899 1172 964 1218 γάρ
997 1174 1033 1204 αἱ
1065 1171 1309 1211 ἐναντιότητες

282 1215 366 1248 Κἐπὶ
389 1214 454 1247 τοῦ
478 1214 551 1252 ενὸς
576 1215 728 1247 ἔσονται.

241 1261 288 1298 νὴ·
313 1259 362 1303 eq>-
385 1258 408 1301 ‹f›
432 1260 468 1300 r,
495 1257 581 1304 ὕδωρ
607 1259 654 1301 ἐφ’
677 1259 700 1300 ᾦ
726 1260 767 1300 r,
794 1259 858 1304 ἀήρ
884 1259 932 1303 ἐφ’
955 1259 979 1300 ᾤ
1003 1261 1043 1302 A,
1069 1261 1134 1304 πῦρ
1160 1260 1207 1303 ἐφ’
1229 1261 1253 1302 ᾧ
1270 1263 1308 1294 ¹1.

307 1305 346 1336 Ei
370 1299 414 1340 δὴ
440 1303 481 1336 τό
498 1304 525 1334 Α
541 1302 756 1345 μεταβάλλει
780 1304 824 1342 εὶς
850 1303 891 1336 τό
915 1305 942 1334 Π
964 1305 1024 1336 καὶ
1049 1306 1086 1346 Υ,
1107 1303 1309 1344 ἐναντιότης

308 1348 408 1382 ἔσται
434 1348 500 1384 τῶν
519 1348 584 1379 An.
613 1347 726 1380 Ἐστω
745 1348 863 1380 ταῦτα
878 1347 1042 1386 λευκότης
1067 1350 1126 1381 καὶ
1149 1350 1307 1393 μελανία.

306 1392 412 1426 Πάλιν
437 1391 466 1423 εἱ
490 1391 534 1429 εἰς
560 1391 602 1423 τό
619 1393 644 1423 Υ
661 1392 703 1424 τό
723 1393 763 1433 Α,
783 1392 882 1425 ἔσται
909 1392 1014 1430 ἄλλη·
1043 1393 1080 1424 οὐ
1105 1392 1170 1439 γάρ
1195 1394 1310 1427 ταύτό

309 1437 352 1470 τό
368 1438 395 1468 Υ
409 1437 470 1468 καὶ
485 1437 523 1467 Π.
548 1436 662 1480 Ἔστω
679 1431 718 1468 δὲ-
734 1435 880 1480 ξηρότης
895 1438 954 1468 καὶ
972 1435 1131 1483 ὑγρότης,
1150 1437 1192 1470 τό
1208 1439 1268 1483 μὲν
1285 1440 1310 1470 Ξ

308 1480 468 1526 ξηρότης,
494 1479 536 1511 τό
560 1475 598 1511 δὲ
622 1482 647 1511 Υ
673 1479 830 1535 ὑγρότης,
860 1481 988 1512 Οὐκοῦν
1014 1481 1043 1512 εἰ
1067 1482 1127 1526 μὲν
1152 1481 1244 1525 μένει
1268 1484 1310 1516 τό

306 1524 446 1565 λευκόν,
473 1522 615 1567 ὑπάρξει
640 1524 682 1556 τό
713 1520 799 1568 υδωρ
831 1525 931 1571 ὑγρόν
962 1526 1021 1557 καὶ
1052 1526 1194 1568 λευκόν,
1220 1528 1248 1559 εἰ
1273 1524 1311 1560 δὲ

307 1569 372 1615 μή,
395 1569 501 1614 μέλαν
529 1567 628 1600 ἔσται
652 1567 695 1600 τό
721 1563 824 1623 ὕδωρ·
851 1570 895 1607 εἰς
921 1569 1095 1603 τάναντία
1119 1571 1184 1619 γάρ
1210 1573 1231 1610 ἡ
1255 1584 1311 1617 με·

308 1611 460 1655 ταβολη.
495 1611 646 1658 ’Δνάγκη
681 1611 747 1657 ἄρα
772 1614 793 1649 ἡ
818 1613 936 1646 λευκόν
961 1614 983 1651 ἦ
1007 1613 1115 1658 μέλαν
1148 1619 1235 1649 εἰναι
1268 1617 1309 1649 τό

308 1653 407 1703 ὕδωρ.
428 1657 542 1688 Ἔστω
559 1653 603 1694 δή
622 1656 664 1689 τό
681 1658 828 1701 πρῶτον.
851 1659 991 1703 Ὁμοίως
1008 1661 1120 1691 τοίνυν
1143 1662 1203 1693 καὶ
1220 1662 1268 1703 τῷ
1284 1662 1311 1692 11

307 1702 350 1735 τό
375 1701 400 1733 Ξ
425 1699 569 1745 ὑπάρξει
595 1702 616 1738 ἡ
641 1700 798 1744 ξηρότης.
818 1702 944 1735 Ἔσται
971 1703 1036 1747 ἄρα
1059 1705 1118 1736 καὶ
1144 1706 1192 1747 τῷ
1217 1707 1244 1736 Π
1260 1706 1308 1748 τῷ

307 1748 384 1792 πυρὶ
409 1745 588 1802 μεταβολή
613 1746 659 1784 εἰς
685 1746 726 1778 τὰ
753 1742 857 1789 ὕδωρ·
885 1747 1028 1780 ἐναντία
1052 1748 1118 1794 γάρ
1144 1750 1307 1796 ὑπάρχει·

307 1790 350 1824 τό
406 1803 440 1823 εν
465 1790 530 1834 γάρ
564 1790 628 1832 πῦρ
658 1791 700 1822 τό
729 1791 862 1835 πρῶτον
892 1791 998 1835 μέλαν
1032 1789 1095 1834 ἦν,
1123 1793 1247 1827 ἔπειτα
1271 1790 1310 1827 δὲ

326 1846 421 1879 ηρον,
440 1836 482 1869 τό
502 1831 531 1866 δ’
553 1830 622 1868 ὑδω
667 1834 781 1880 ὑγρόν,
800 1835 925 1869 ἔπειτα
949 1832 987 1868 δὲ
1002 1837 1134 1870 λευκόν.
1159 1839 1309 1884 Φανερόν

329 1880 352 1917 ἡ
378 1879 433 1913 ὅτι
462 1880 565 1912 πᾶσιν
595 1877 610 1910 ἑ
663 1877 818 1916 ἀλλήλων
845 1879 944 1913 ἔσται
969 1882 990 1918 ἠ
1015 1882 1218 1926 μεταβολή,
1250 1886 1309 1916 καὶ

307 1924 363 1957 ἐπί
387 1937 427 1971 γε
452 1923 602 1964 τούτων,
622 1922 676 1956 ὅτι
700 1925 759 1956 καὶ
783 1925 817 1956 ἐν
843 1925 892 1966 τῷ
912 1926 934 1955 Γ
959 1927 1005 1968 τῇ
1030 1927 1076 1972 γῇ
1103 1926 1245 1972 ὑπάρξει
1263 1928 1311 1962 τά

305 1968 434 2010 λοιπά,
459 1970 517 2000 καὶ
549 1963 610 2000 δύο
639 1966 797 2012 σύμβολα
822 1969 864 2000 τό
896 1968 1003 2011 μέλαν
1037 1973 1095 2003 καὶ
1121 1971 1162 2004 τὸ
1189 1972 1308 2019 ὑγρόν·

306 2014 426 2047 ταῦτα
448 2012 514 2059 γάρ
540 2012 578 2044 οὗ
603 2007 856 2046 συνδεδόασταί
882 2025 964 2051 πως.

230 2056 310 2090 Ὅτι
334 2054 363 2090 δ’
390 2058 436 2096 εἰς
462 2057 599 2101 ἄπειρον
627 2057 690 2101 οὑχ
714 2056 818 2090 οῐόντ’
839 2056 940 2099 ἰέναι,
969 2057 1048 2102 ὅπερ
1073 2059 1308 2103 μελλήσαντες

304 2101 425 2144 δείξειν
446 2101 503 2134 ἐπὶ
528 2101 637 2133 τοῦτο
663 2101 847 2147 ἔμπροσθεν
867 2101 1026 2146 ἤλθομεν,
1043 2099 1149 2141 δῆλον
1175 2103 1211 2137 ἐκ
1227 2106 1310 2138 τῶν·

304 2141 355 2180 δε.
382 2147 420 2178 Εἰ
443 2145 509 2192 γάρ
535 2145 638 2178 πάλιν
664 2146 706 2180 τό
731 2147 810 2189 πῦρ,
838 2146 884 2189 ἐφ’
911 2146 934 2188 ᾦ
957 2149 997 2189 11,
1023 2148 1068 2186 εἰς
1095 2148 1178 2181 ἄλλο
1203 2161 1311 2193 μετα-

304 2191 405 2232 βαλεῖ
425 2192 485 2222 καὶ
509 2190 557 2234 μή
585 2190 789 2235 ἀνακάμψει,
810 2191 878 2223 οἷον
903 2192 948 2228 εἰς
974 2192 1015 2224 τό
1035 2193 1084 2234 Ψ,
1107 2193 1308 2232 ἐναντιότης

305 2246 357 2273 τις
382 2236 430 2277 τῷ
457 2236 534 2278 πυρὶ
557 2236 616 2266 καὶ
633 2236 682 2276 τῷ
698 2236 735 2266 Ψ
752 2234 837 2272 ἄλλη
864 2235 1006 2280 ὑπάρξει
1023 2238 1090 2269 τῶν
1111 2237 1307 2282 εἰρημένων·

307 2275 417 2312 οὐδενὶ
448 2278 514 2325 γάρ
545 2278 587 2311 τό
620 2279 708 2312 αὐτὸ
742 2279 926 2312 ὑπόκειται
958 2281 1025 2312 τῶν
1054 2282 1160 2312 ΓΥΔΠ
1190 2282 1232 2314 τὸ
1259 2284 1305 2314 Ψ.

298 2323 412 2357 ’Ἔστω
437 2319 481 2360 δή
507 2323 556 2365 τῷ
581 2323 640 2367 μὲν
664 2325 691 2353 Π
717 2323 758 2356 τὸ
775 2326 817 2365 Κ,
837 2325 885 2366 τῷ
909 2323 948 2356 δὲ
971 2326 1008 2355 Ψ
1031 2325 1073 2357 τό
1089 2327 1131 2358 Φ.
1159 2327 1204 2358 Τό
1219 2323 1264 2365 δή
1280 2329 1309 2358 K

305 2369 410 2401 πᾶσιν
443 2367 587 2412 ὑπάρξει
619 2371 690 2406 τοῖς
722 2369 843 2400 ΓΥΑΠ·
873 2369 1133 2413 μεταβάλλουσι
1163 2370 1230 2416 γάρ
1261 2373 1307 2410 εἰς

306 2412 453 2451 ἄλληλα.
482 2411 591 2444 Ἀλλά
609 2412 674 2458 γάρ
691 2413 800 2445 τοῦτο
825 2412 885 2456 μὲν
911 2413 999 2446 ἔστω
1016 2414 1120 2458 μήπω
1137 2410 1312 2461 δεδειγμέ-

304 2468 379 2489 νον·
407 2457 478 2489 ἀλλ’
501 2457 606 2488 ἐκεῖνο
630 2453 749 2498 δῆλον,
769 2456 825 2489 ὅτι
850 2458 879 2489 εἰ
904 2457 1007 2490 πάλιν
1035 2458 1076 2490 τό
1092 2460 1128 2490 Ψ
1144 2460 1189 2498 εἰς
1209 2460 1306 2503 ἄλλο,

307 2501 392 2538 ἄλλη
426 2500 628 2538 ἐναντιότης
661 2502 720 2533 καὶ
752 2502 801 2543 τῷ
826 2502 862 2532 Ψ
887 2501 1029 2547 ὑπάρξει
1060 2505 1119 2535 καὶ
1151 2505 1200 2546 τῷ
1231 2507 1307 2550 πυρὶ

304 2547 354 2587 τῷ
369 2546 408 2578 11.
438 2547 578 2590 Ὁμοίως
604 2541 634 2577 δ’
657 2544 708 2578 ἀεὶ
734 2546 826 2589 μετά
850 2547 913 2578 τοῦ
932 2546 1195 2592 προστιθεμένου
1213 2549 1310 2582 ἐναν-

305 2589 424 2628 τιότης
449 2601 501 2628 τις
526 2589 669 2635 ὑπάρξει
695 2594 766 2628 τοῖς
792 2589 991 2635 ἔμπροσθεν,
1011 2590 1091 2623 ὥστ’
1113 2593 1141 2624 εἰ
1168 2593 1306 2638 ἄπειρα,

303 2635 363 2667 καὶ
387 2633 632 2672 ἐναντιότητες
660 2635 791 2679 ἄπειροι
817 2636 863 2676 τῷ
890 2636 935 2667 ἐνὶ
962 2635 1180 2677 ὑπάρξουσιν.

237 2678 276 2709 Ei
298 2677 336 2711 δὲ
353 2679 474 2720 τοῦτο,
495 2679 554 2710 οὐκ.
580 2679 678 2712 ἔσται
703 2679 784 2712 οὔτε
810 2679 988 2722 ὁρίσασθαι
1005 2676 1102 2713 οὐδὲν
1122 2682 1201 2713 οὔτε
1217 2682 1311 2728 γενέ-

305 2721 400 2755 σθαι·
426 2719 542 2760 δεήσει
565 2723 644 2769 γάρ,
663 2723 692 2755 εἰ
711 2724 794 2757 ἄλλο
816 2723 916 2756 ἐσται
937 2723 972 2765 ἐξ
991 2725 1109 2767 ἄλλου,
1129 2726 1307 2765 τοσαύτας

305 2762 486 2808 διεξελθεῖν
511 2767 784 2809 ἐναντιότητας,
809 2771 867 2800 καὶ
894 2769 946 2801 ἐτι
972 2771 1126 2811 πλείους,
1153 2769 1234 2802 ὥστ’
1262 2772 1306 2809 εἰς

305 2811 379 2844 ἔνια
403 2812 464 2855 μὲν
491 2807 651 2845 οὐδέποτ’
680 2813 781 2845 ἔσται
810 2813 1009 2857 μεταβολή,
1036 2814 1104 2846 οἷον
1130 2814 1158 2845 εἱ
1185 2814 1308 2860 ἄπειρα

305 2856 354 2888 τοὶ
376 2855 527 2900 μεταξύ·
556 2854 690 2903 ἀνάγκη
714 2851 760 2896 δ’,
787 2859 879 2913 εἴπερ
907 2858 1031 2900 ἄπειρα
1055 2859 1104 2891 τοὶ
1129 2864 1304 2904 στοιχεῖα-

235 2898 290 2931 ’ἑτι
307 2895 336 2932 δ’
360 2895 430 2932 οὐδ’
455 2900 489 2942 ἐξ
517 2899 611 2945 ἀέρος
633 2902 678 2939 εἰς
699 2901 778 2944 πῦρ,
797 2902 826 2933 εὶ
845 2914 977 2945 απειροι
996 2904 1030 2934 αἱ
1050 2902 1304 2942 ἐναντιότητες.

236 2987 372 3022 Γίνεται
388 2983 426 3020 δὲ
450 2991 509 3020 καὶ
535 2988 655 3022 πάντα
680 2988 732 3022 ἕν·
761 2989 892 3036 ἀνάγκη
919 2990 984 3036 γάρ
1002 2990 1115 3028 πάσας
1143 2990 1305 3037 ὑπάρχειν

304 3037 376 3071 τοῖς
402 3032 462 3077 μὲν
485 3032 584 3065 κάτω
608 3034 672 3066 τοῦ
696 3035 722 3063 Π
748 3034 810 3071 τοὶς
842 3035 907 3067 τῶν
935 3033 1077 3076 ἄνωθεν,
1105 3035 1242 3074 τούτοις
1268 3032 1305 3068 δὲ

305 3076 368 3115 τοὶς
394 3078 461 3110 τῶν
484 3077 658 3119 κάτωθεν,
685 3077 772 3110 ὥστε
799 3078 918 3111 πάντα
944 3079 976 3110 ἓν
1003 3078 1114 3111 ἔσται.

362 3194 411 3208 „2
433 3190 440 3197 .
469 3178 478 3190 =
495 3174 648 3210 ostquam
675 3165 900 3210 Philosophus
927 3167 1110 3200 secundum
1138 3169 1306 3211 propriam

360 3231 380 3259 <'
401 3219 407 3225 ‘
448 3206 479 3239 :.,-
495 3210 688 3253 opinionem
713 3209 940 3243 determinavit
956 3210 996 3243 de
1012 3219 1127 3244 mutua
1143 3220 1304 3244 transmu-

438 3278 444 3291 ·.
460 3263 478 3297 ’ᾗ
493 3254 617 3286 tatione
631 3253 882 3294 elementorum,
895 3255 929 3286 in
945 3263 1036 3297 parte
1049 3255 1110 3287 ista
1126 3256 1221 3298 ponit
1234 3257 1304 3299 opi-

439 3331 442 3341 ,
457 3313 476 3339 [ς
493 3298 610 3330 niones
626 3297 766 3330 aliorum
786 3306 818 3330 et
830 3297 967 3330 destruit
979 3309 1042 3330 eas.
1056 3299 1203 3331 Fuerunt
1215 3300 1303 3332 enim

410 3368 413 3369 γ
436 3344 457 3355 ”’
495 3342 578 3373 circa
601 3340 666 3373 hoc
690 3340 773 3374 duae
790 3341 979 3385 opiniones:
1002 3341 1135 3386 quidam
1151 3343 1240 3375 enim
1257 3342 1303 3376 di-

235 3392 355 3417 xerunt
365 3384 456 3428 quod
467 3395 537 3417 non
554 3385 666 3417 omnia
678 3383 838 3417 elementa
850 3385 1031 3418 adinvicem
1045 3394 1302 3419 transmutantur

236 3427 295 3461 sed
317 3428 494 3472 quaedam:
517 3427 607 3461 verbi
635 3429 747 3472 gratia,
771 3429 856 3461 sicut
879 3440 932 3461 aer
956 3437 1101 3462 mutatur
1125 3430 1159 3462 in
1183 3441 1302 3474 aquam

237 3480 270 3505 et
292 3472 420 3516 ignem,
444 3473 529 3516 ignis
545 3483 624 3505 vero
640 3483 709 3505 non
723 3481 873 3505 mutatur
892 3473 927 3505 in
943 3484 1051 3506 aerem
1067 3481 1099 3506 et
1115 3474 1149 3506 in
1165 3485 1301 3517 aquam;

1362 778 1381 796 ‘¹‘
1400 779 1564 817 Quoniam
1587 787 1704 819 autem,
1729 782 1804 822 quia
1825 789 2075 814 transmutantur
2097 782 2282 821 adinvicem,
2306 783 2425 823 impos-

1430 823 1518 854 sibile
1534 831 1580 854 est
1595 824 1786 864 principium
1801 826 1932 867 aliquod
1950 837 2016 857 esse
2031 826 2149 857 horum
2165 833 2220 857 aut
2234 827 2267 857 in
2285 833 2425 858 extremo

1431 874 1486 918 aut
1507 868 1626 907 medio,
1643 878 1680 918 ex
1694 869 1742 899 his
1756 870 1960 901 manifestum
1983 871 2050 902 erit.
2076 870 2111 901 In
2127 870 2271 902 extremis
2294 871 2425 911 quidem

1430 919 1525 952 igitur
1547 922 1614 942 non
1630 919 1697 951 erit,
1714 913 1866 953 quoniam
1881 914 1961 955 ignis
1977 921 2069 946 erunt
2085 921 2139 946 aut
2153 921 2234 946 terra
2248 914 2371 953 omnia3
2395 921 2426 946 et

1430 956 1542 986 eadem
1556 956 1636 987 ratio
1658 963 1705 987 est
1719 957 1745 986 si
1761 957 1901 988 dicamus
1917 969 1954 989 ex
1968 958 2040 998 igne
2056 965 2111 990 aut
2124 965 2204 990 terra
2219 968 2286 989 esse
2304 959 2423 991 omnia.

1365 1000 1528 1037 Quoniam
1547 1007 1655 1031 autem
1669 1010 1774 1041 neque
1796 1002 1948 1041 medium,
1967 1009 2003 1033 ut
2017 1003 2140 1034 videtur
2155 1002 2357 1043 quibusdam,
2374 1013 2427 1034 aer

1431 1044 1563 1085 quidem
1586 1051 1616 1075 et
1638 1044 1672 1074 in
1694 1044 1801 1084 ignem
1830 1053 2055 1077 transmutatur
2077 1054 2108 1078 et
2129 1047 2162 1077 in
2186 1057 2321 1087 aquam,
2344 1057 2426 1088 aqua

1432 1095 1538 1119 autem
1571 1095 1602 1119 et
1623 1088 1656 1118 in
1680 1098 1784 1119 aerem
1807 1096 1838 1120 et
1864 1089 1897 1120 in
1919 1097 2052 1121 terram:
2084 1091 2196 1121 ultima
2223 1097 2330 1121 autem
2359 1101 2426 1121 non

1431 1132 1567 1172 amplius
1590 1132 1736 1164 invicem.
1761 1132 1897 1173 Oportet
1919 1134 2004 1164 enim
2027 1141 2106 1165 stare
2129 1141 2160 1166 et
2181 1145 2247 1165 non
2270 1135 2303 1165 in
2323 1134 2426 1165 infini-

1431 1183 1502 1207 tum
1523 1176 1568 1207 ire
1590 1176 1652 1207 hoc
1675 1176 1708 1206 in
1730 1177 1915 1208 rectitudine
1943 1179 1982 1209 ad
2005 1185 2155 1220 utraque:
2179 1178 2318 1209 infinitae
2342 1179 2426 1209 enim

1432 1220 1664 1251 contrarietates
1686 1220 1720 1250 in
1742 1231 1809 1251 uno
1833 1229 1933 1253 erunt.

1365 1264 1464 1294 Terra
1486 1264 1526 1295 sit
1548 1264 1593 1303 G,
1617 1274 1700 1305 aqua
1722 1265 1762 1302 Y,
1786 1275 1838 1296 aer
1859 1268 1900 1303 A,
1925 1266 2005 1306 ignis
2027 1267 2062 1297 P.
2086 1267 2119 1298 Si
2142 1266 2252 1307 utique
2275 1268 2305 1298 A
2326 1272 2427 1297 trans-

1430 1315 1573 1339 mutatur
1595 1309 1628 1339 in
1650 1309 1675 1339 P
1698 1315 1728 1339 et
1750 1309 1794 1346 Y,
1819 1310 2018 1341 contrarietas
2042 1310 2099 1341 erit
2121 1321 2233 1341 eorum
2256 1320 2338 1351 quae
2360 1311 2426 1341 AP.

1432 1353 1502 1384 Sint
1523 1353 1601 1383 haec
1624 1353 1736 1383 albedo
1761 1360 1791 1384 et
1810 1353 1949 1393 nigredo.
1974 1355 2095 1385 Rursus
2118 1355 2194 1395 quia
2215 1355 2248 1385 in
2271 1355 2346 1393 YA,
2370 1354 2428 1385 erit

1432 1397 1507 1427 alia:
1531 1407 1598 1427 non
1622 1397 1707 1427 enirn
1729 1396 1816 1428 idem
1838 1398 1862 1428 P
1879 1404 1910 1428 et
1926 1398 1963 1429 Y.
1988 1398 2034 1429 Sit
2049 1405 2155 1429 autem
2178 1398 2297 1429 siccitas
2321 1405 2352 1429 et
2366 1398 2425 1429 hu-

1431 1441 1569 1479 miditas,
1592 1441 1622 1471 X
1645 1441 1775 1481 quidem
1798 1441 1928 1480 siccitas,
1952 1442 1982 1472 Y
2005 1449 2112 1474 autem
2134 1443 2314 1473 humiditas.
2341 1442 2426 1479 Qua-

1431 1491 1571 1525 propter,
1588 1485 1614 1515 si
1637 1484 1767 1525 quidem
1789 1492 1897 1516 manet
1919 1486 2038 1524 album,
2063 1486 2171 1517 existet
2194 1497 2276 1527 aqua
2295 1486 2427 1516 humida

1432 1535 1463 1560 et
1485 1529 1566 1567 alba,
1590 1529 1639 1559 sin
1662 1535 1780 1568 autem,
1796 1529 1884 1569 nigra
1907 1530 1964 1560 erit
1986 1538 2084 1571 aqua:
2108 1531 2142 1561 in
2165 1530 2319 1561 contraria
2341 1530 2427 1562 enim

1431 1573 1661 1604 transmutatio,
1685 1573 1819 1604 Necesse
1843 1580 1889 1604 est
1910 1574 2005 1614 igitur
2028 1581 2083 1605 aut
2105 1575 2209 1605 albam
2232 1581 2286 1605 aut
2305 1574 2426 1614 nigram

1434 1627 1500 1648 esse
1524 1627 1651 1658 aquarn.
1676 1617 1722 1647 Sit
1737 1618 1843 1658 itaque
1866 1617 1936 1648 alba
1951 1618 2102 1657 primurn.
2127 1614 2274 1649 Similiter
2287 1618 2381 1658 igitur
2396 1624 2427 1649 et

1431 1661 1493 1702 ipsi
1507 1662 1532 1693 P
1547 1662 1654 1702 ipsum
1677 1663 1707 1692 A
1721 1661 1865 1692 inexistet
1887 1662 2018 1693 siccitas.
2042 1662 2109 1693 Erit
2130 1663 2225 1702 igitur
2247 1669 2278 1693 et
2299 1663 2334 1700 P,
2351 1661 2426 1702 igni,

1432 1706 1653 1737 transmutatio
1684 1706 1716 1736 in
1747 1713 1878 1747 aquam:
1911 1706 2064 1737 contran‘a
2097 1707 2182 1737 enim
2204 1706 2323 1745 existit;
2346 1706 2427 1746 ignis

1432 1750 1518 1781 enim
1541 1750 1628 1790 prius
1652 1749 1739 1790 niger
1762 1757 1836 1788 erat,
1857 1750 1968 1781 deinde
1992 1757 2098 1781 autem
2121 1751 2251 1789 siccum,
2267 1761 2349 1791 aqua
2372 1761 2427 1781 au-

1430 1801 1496 1825 tem
1514 1794 1657 1832 humida,
1677 1794 1790 1825 deinde
1806 1801 1913 1825 autem
1929 1795 2007 1825 alba.
2025 1795 2134 1825 Palam
2149 1795 2258 1835 utique
2274 1794 2428 1835 quoniam

1431 1838 1582 1870 omnibus
1615 1848 1652 1869 ex
1682 1838 1858 1869 adinvicem
1889 1838 1945 1869 erit
1976 1838 2217 1877 transmutatio,
2245 1845 2276 1870 et
2303 1839 2335 1868 in
2359 1839 2426 1876 his,

1432 1883 1588 1924 quoniam
1603 1889 1635 1913 et
1652 1882 1692 1921 G,
1708 1889 1818 1921 terrae,
1834 1882 1960 1913 inerunt
1982 1883 2113 1923 reliqua,
2129 1889 2160 1913 et
2182 1883 2248 1913 duo
2272 1882 2426 1924 symbola,

1431 1927 1558 1967 nigrum
1590 1933 1621 1958 et
1643 1927 1834 1957 humidum:
1865 1926 1942 1957 haec
1966 1927 2051 1957 enirn
2081 1927 2227 1958 nondum
2260 1926 2428 1958 coniuncta

1430 1971 1570 2002 fuerunt.

1363 2058 1379 2075 *¹
1395 2059 1560 2098 Quoniam
1583 2066 1690 2090 autem
1712 2059 1745 2090 in
1763 2058 1923 2090 infinitum
1946 2069 2012 2090 non
2028 2058 2177 2100 possibile
2200 2065 2246 2090 est
2267 2059 2323 2098 ire,
2339 2059 2428 2100 quod

1430 2103 1587 2134 ostensuri
1610 2104 1650 2134 ad
1665 2104 1727 2134 hoc
1743 2103 1829 2144 prius
1845 2103 2002 2141 venimus,
2026 2103 2230 2135 manifestum
2254 2110 2300 2134 est
2315 2113 2351 2134 ex
2367 2103 2425 2134 his.

1430 2148 1464 2179 Si
1487 2148 1573 2178 enim
1587 2157 1704 2178 rursus
1725 2147 1818 2187 ignis,
1840 2148 1876 2186 P,
1893 2147 1926 2178 in
1949 2147 2036 2178 aliud
2058 2154 2284 2178 transmutatur
2307 2154 2337 2178 et
2360 2157 2426 2178 non

1429 2191 1597 2222 resolvitur
1618 2190 1704 2222 verbi
1720 2191 1817 2231 gratia
1832 2191 1864 2222 in
1880 2192 1920 2230 X,
1937 2191 2137 2222 contrarietas
2160 2192 2255 2232 igitur
2270 2191 2427 2232 quaedam

1430 2236 1496 2276 igni
1510 2242 1541 2267 et
1555 2236 1585 2266 X
1600 2235 1659 2266 alia
1674 2235 1782 2266 existet
1797 2242 1918 2276 praeter
1933 2235 2114 2276 praedictas.
2138 2236 2224 2266 Nulli
2241 2235 2326 2266 enim
2340 2235 2426 2266 idern

1430 2280 1622 2321 supponitur
1645 2280 1758 2311 GYAP
1781 2279 1870 2320 quod
1893 2280 1932 2310 X.
1957 2280 2003 2311 Sit
2024 2280 2119 2320 igitur
2141 2280 2201 2320 ipsi
2216 2281 2240 2310 P
2257 2280 2364 2320 ipsum
2386 2280 2426 2318 R,

1429 2324 1491 2365 ipsi
1510 2335 1585 2355 vero
1600 2325 1630 2355 X
1644 2324 1751 2364 ipsum
1766 2324 1802 2355 F.
1827 2325 1856 2354 R
1879 2324 2028 2354 omnibus
2044 2324 2154 2365 utique
2171 2324 2279 2355 existet
2295 2324 2424 2354 GYAP:

1430 2374 1680 2399 transmutantur
1702 2368 1787 2399 enirn
1809 2368 1956 2399 invicem.
1985 2368 2047 2399 Sed
2066 2368 2128 2399 hoc
2144 2368 2274 2409 quidem
2292 2368 2332 2398 sit
2346 2378 2426 2398 non-

1430 2413 1510 2443 dum
1526 2413 1794 2451 demonstratum
1818 2412 1873 2443 sed
1892 2412 1972 2443 illud
1985 2412 2199 2451 manifestum,
2219 2412 2383 2453 quoniam,
2401 2412 2426 2442 si

1429 2467 1538 2488 rursus
1561 2458 1591 2488 X
1612 2457 1646 2487 in
1669 2456 1775 2495 aliud,
1799 2456 1860 2487 alia
1883 2456 1940 2487 erit
1963 2456 2182 2495 contrarietas,
2206 2463 2237 2487 et
2259 2466 2340 2497 quae
2364 2456 2426 2486 exi-

1429 2508 1489 2533 stet
1511 2502 1541 2532 X
1563 2508 1594 2532 et
1615 2501 1681 2541 igni
1704 2501 1738 2531 P.
1764 2500 1911 2531 Similiter
1933 2507 2041 2531 autem
2061 2511 2186 2541 semper
2208 2511 2283 2531 cum
2305 2500 2426 2531 adiecto

1429 2545 1630 2576 contrarietas
1654 2545 1759 2585 aliqua
1783 2544 1892 2576 existet
1914 2544 1958 2575 eis
1981 2555 2063 2585 quae
2079 2552 2168 2584 ante;
2192 2551 2386 2586 quapropter
2399 2545 2425 2576 si

1428 2589 1561 2629 infinita,
1585 2596 1616 2621 et
1639 2589 1871 2620 contrarietates
1893 2588 2033 2620 infinitae
2056 2589 2113 2620 uni
2135 2590 2270 2620 inerunt.

1362 2686 1395 2717 Si
1418 2692 1527 2716 autem
1549 2685 1621 2723 hoc,
1638 2695 1704 2715 non
1721 2685 1778 2716 erit
1800 2684 1940 2725 definire,
1959 2695 2063 2726 neque
2078 2692 2242 2725 generare:
2268 2683 2426 2725 oportebit

1429 2730 1533 2767 enim,
1557 2730 1583 2760 si
1606 2730 1663 2760 erit
1693 2729 1779 2760 aliud
1803 2739 1839 2760 ex
1852 2729 1943 2768 filio,
1967 2736 2015 2760 tot
2038 2729 2167 2760 transire
2190 2729 2370 2769 qualitates,
2395 2734 2426 2758 et

1428 2774 1566 2814 amplius
1589 2774 1714 2814 plures;
1738 2780 1931 2814 quapropter
1953 2773 1987 2803 in
2010 2774 2167 2814 quaedam
2190 2773 2320 2813 quidem
2342 2782 2423 2802 nun-

1428 2828 1527 2859 quam
1550 2817 1770 2848 transmutatio
1795 2817 1862 2854 erit‚
1881 2817 1968 2848 verbi
1990 2817 2088 2857 gratia
2110 2817 2136 2847 si
2159 2816 2279 2847 infinita
2301 2816 2423 2855 media;

1428 2872 1555 2892 necesse
1578 2868 1696 2900 autem,
1721 2861 1747 2891 si
1769 2860 1891 2892 infinita
1914 2861 2078 2891 elementa.

1361 2906 1510 2946 Amplius
1533 2912 1639 2936 autem
1663 2915 1767 2946 neque
1790 2915 1827 2935 ex
1850 2915 1919 2935 aere
1942 2905 1975 2935 in
2002 2905 2119 2945 ignem,
2143 2904 2169 2934 si
2191 2903 2330 2934 infinitae
2348 2914 2423 2934 con-

1429 2950 1610 2981 trarietates.
2343 2958 2359 2967 ⁴

1361 2994 1458 3025 Fiunt
1473 3000 1580 3024 autern
1596 3001 1627 3024 et
1641 2993 1750 3023 omnia
1773 3000 1891 3023 unum:
1915 3002 2041 3022 necesse
2057 2992 2142 3022 enim
2157 2991 2287 3022 existere
2310 3001 2422 3022 omnes

1427 3038 1460 3068 in
1482 3038 1682 3068 inferioribus
1705 3037 1836 3077 quidem
1858 3037 1882 3066 P
1905 3046 1987 3076 quae
2010 3036 2220 3076 superiorum,
2244 3035 2293 3065 his
2315 3042 2422 3066 autern

1427 3092 1509 3123 quae
1531 3081 1735 3111 inferiorum:
1759 3087 1953 3121 quapropter
1975 3080 2084 3110 omnia
2106 3089 2209 3110 unum
2232 3085 2333 3110 erunt.

1361 3168 1461 3212 aliqui
1473 3179 1552 3200 vero
1564 3178 1633 3200 non
1650 3177 1677 3207 α,
1694 3175 1731 3199 ut
1743 3166 1804 3200 Em
1830 3166 1959 3200 edocles
1972 3175 2004 3199 et
2015 3167 2086 3199 eius
2098 3178 2253 3211 sequaces
2270 3166 2421 3200 dixerunt

1360 3211 1520 3244 elementa
1543 3223 1614 3244 esse
1638 3210 1808 3243 immutabi
1823 3211 1863 3243 ia.
1892 3211 2003 3243 Primo
2027 3222 2106 3254 ergo
2135 3211 2231 3254 ponit
2260 3211 2420 3244 rationem

1360 3264 1472 3288 contra
1495 3256 1653 3299 primam;
1677 3254 1822 3287 secundo
1847 3263 1959 3287 contra
1982 3254 2170 3296 secundam,
2190 3254 2251 3288 ibi:
2275 3255 2421 3289 Admira-

1359 3299 1441 3333 bitur
1464 3305 1564 3332 autem
1579 3298 1595 3315 *
1610 3307 1670 3331 etc.

1414 3352 1443 3375 2.
1469 3343 1559 3382 Quia
1575 3353 1654 3375 vero
1669 3343 1774 3386 prima
1790 3342 1904 3386 opinio
1921 3343 2080 3386 supponit
2096 3342 2262 3386 quoddam
2279 3342 2419 3376 elemen-

1358 3395 1429 3419 tum
1449 3386 1595 3419 medium
1611 3398 1682 3419 esse
1721 3387 1896 3429 rincipium
1920 3387 1954 3419 in
1977 3387 2248 3420 transmutatione
2268 3386 2418 3430 aliorum,

1357 3430 1448 3474 quod
1471 3439 1520 3463 est
1544 3439 1657 3463 contra
1680 3398 1718 3463 id,
1759 3430 1827 3463 uod
1850 3442 1948 3474 supra
1971 3430 2146 3475 probatum
2170 3439 2229 3471 est,
2253 3430 2327 3464 ideo
2345 3431 2419 3464 Phi-

1356 3473 1517 3518 losophus
1541 3473 1681 3507 breviter
1696 3442 1889 3508 adducendo
1901 3474 1962 3508 *id
1987 3474 2077 3519 quod
2100 3486 2199 3519 supra
2215 3474 2338 3508 dictum
2358 3484 2417 3520 est,

2452 787 2600 842 '‘resxetqggw‘
2613 794 2637 810 v.

2453 2068 2465 2079 ⁹
2479 2067 2546 2090 Text.
2561 2068 2597 2096 36.

2447 3312 2458 3323 ⁸*
2472 3312 2535 3333 Lect.
2550 3318 2599 3339 seq.

2447 3436 2455 3445 ·
2480 3434 2513 3455 ad
2532 3434 2658 3455 ducendum

2446 3460 2576 3508 ἓέὴᾰῖὡβὲ
2587 3461 2657 3482 ‘'¹⁶¹¹‘'

291 3587 318 3620 α)
337 3588 407 3613 sicut
424 3595 472 3612 aer
490 3590 646 3612 mutatur...
661 3595 724 3613 vero
743 3595 805 3613 non.
819 3602 838 3606 —
850 3588 920 3613 sicut
932 3596 980 3613 aer
995 3592 1116 3613 mutatur
1130 3589 1156 3613 in
1174 3589 1261 3622 ignem
1275 3593 1301 3614 et

236 3623 264 3648 in
283 3630 395 3656 aquam;
413 3623 558 3656 aliquando
578 3623 673 3656 (aliqui
692 3631 754 3648 vero
770 3624 810 3648 ed.
825 3624 847 3652 b,
866 3624 958 3656 aliqua
976 3627 1065 3649 autem
1085 3624 1116 3657 C)
1134 3631 1187 3649 non
1207 3624 1270 3649 Cab.
1281 3638 1300 3645 —

1353 3590 1404 3614 Pro
1423 3597 1479 3615 esse
1497 3590 1680 3619 immutabilia,
1696 3597 1751 3615 esse
1759 3590 1885 3622 possibile
1904 3590 2070 3616 terminabile
2084 3591 2137 3621 Ca,·
2155 3591 2217 3617 item
2235 3595 2329 3617 contra
2343 3596 2417 3617 utro-

1354 3633 1406 3657 que
1425 3625 1483 3650 loco
1501 3625 1623 3650 omittunt
1642 3631 1667 3650 et
1684 3633 1732 3658 pro
1746 3626 1866 3658 primam
1885 3626 1973 3658 legunt
1986 3626 2138 3659 propriam.
