2782 4134
399 254 479 289 414
503 243 506 247 ’

1114 230 1702 274 METEOROLOGICORUM
1730 229 1812 265 LIB
1842 229 1874 264 II

1219 518 1520 575 LECTIO
1558 516 1779 573 NONA

984 682 1042 712 DE
1065 679 1313 712 AUGMENTO
1337 680 1395 710 ET
1418 678 1725 710 DEMINUTIONE
1748 678 1996 709 VENTORUM

401 835 438 866 'O
455 831 482 864 δ’
503 831 596 868 ἥλιος
619 831 676 861 καὶ
696 827 799 860 παύει
822 829 880 859 καὶ
905 825 1092 870 συνεξορμᾷ
1114 826 1163 858 τοὶ
1180 824 1383 869 πνεύματα·
1413 824 1470 856 ἀσ-

470 877 572 912 θενεῖς
596 874 656 918 μέν
681 873 745 919 γάρ
777 874 833 904 καὶ
867 870 984 918 ὀλίγας
1011 871 1114 908 οὔσας
1139 870 1203 908 τοὶς
1230 867 1469 911 ἀναθυμιάσεις

471 920 646 964 μαραίνει,
673 918 721 958 τῷ
747 918 876 948 πλείονι
908 915 1014 960 θερμῷ
1049 914 1088 947 vs
1114 915 1147 947 ἐν
1174 914 1219 955 τῇ
1247 911 1470 957 ἀναθυμιάσει

471 965 618 996 ἔλαττον
646 960 699 1002 ὃν,
724 963 782 992 καὶ
807 959 981 1005 διακρίνει.
1017 959 1095 992 Ἔτι
1119 957 1147 991 δ’
1179 958 1290 994 αὐτὴν
1316 958 1381 994 τήν
1405 957 1469 1003 γῆν

469 1007 585 1052 φθάνει
609 1006 773 1050 ξηραίνων
799 1006 874 1050 πρὶν
898 1003 1055 1051 γενέσθαι
1081 1004 1222 1047 ἔκκρισιν
1247 1001 1389 1047 ἀθρόαν,
1408 1000 1472 1033 ὥσ-

471 1065 530 1095 περ
555 1051 600 1089 εἰς
632 1050 719 1082 πολιὶ
745 1050 808 1093 πῦρ
842 1050 900 1082 ἑάν
933 1049 1047 1095 ὀλίγον
1078 1047 1209 1092 ἐμπέσῃ
1243 1046 1469 1090 ὑπέκκαυμα,

470 1095 585 1139 φθάνει
611 1093 776 1132 πολλάκις
801 1096 874 1139 πρὶν
906 1092 1038 1126 καπνόν
1066 1093 1209 1129 ποιῆσαι
1234 1090 1467 1125 κατακαυθέν.

469 1141 532 1172 Διά
556 1139 614 1184 μὲν
642 1137 697 1171 οὖν
725 1137 861 1176 ταύτας
891 1138 955 1176 τοὶς
989 1138 1103 1175 αἰτίας
1132 1135 1334 1176 καταπαύει
1359 1148 1398 1170 τε
1424 1135 1472 1168 τοὶ

470 1185 653 1228 πνεύματα
684 1185 742 1215 καὶ
768 1183 803 1224 ἐξ
831 1182 938 1228 ἀρχῆς
968 1181 1120 1228 γίνεσθαι
1152 1180 1295 1222 κωλύει,
1322 1181 1385 1218 τήν
1411 1180 1470 1225 μὲν

470 1229 632 1274 μαράνσει
656 1226 895 1268 καταπαύων,
922 1226 987 1263 τὴν
1013 1225 1050 1258 δὲ
1074 1226 1177 1270 τάχει
1208 1225 1397 1270 ξηρότητος
1421 1227 1472 1271 γί-

470 1274 583 1305 νεσθαι
612 1271 767 1304 κωλύων·
793 1269 846 1303 διὸ
877 1272 950 1315 περὶ
980 1269 1134 1314 Ὠρίωνος
1167 1270 1341 1307 ἀνατολήν
1373 1269 1472 1315 μάλι-

469 1330 537 1351 στα
569 1319 703 1364 γίνεται
734 1318 876 1360 νηνεμία
911 1317 970 1348 καὶ
1002 1315 1100 1361 μέχρι
1133 1315 1200 1348 τῶν
1234 1315 1378 1352 ἐτησίων
1412 1316 1470 1346 καὶ

471 1361 679 1407 προδρόμων.
1171 1372 1176 1375 ”

410 1409 500 1444 Ολως
518 1406 555 1438 δὲ
572 1409 728 1453 γίνονται
746 1407 781 1436 αἱ
799 1407 954 1449 νηνεμίαι
978 1403 1038 1436 διά
1062 1400 1112 1435 δύ’
1133 1403 1265 1441 αἰτίας·
1293 1402 1314 1440 ἦ
1332 1403 1396 1450 γάρ
1414 1401 1473 1435 διαὶ

469 1450 572 1497 ψῦχος
599 1448 892 1492 ἀποσβεννυμένης
919 1449 981 1486 τῆς
1009 1446 1275 1491 ἀναθυμιάσεως,
1296 1448 1364 1480 οίον
1385 1447 1471 1480 ὅταν

469 1495 614 1542 γένηται
646 1492 756 1540 πάγος
787 1493 942 1539 ἰσχυρός,
977 1491 998 1529 ἦ
1023 1491 1372 1537 καταμαραινομένης
1405 1492 1472 1524 und

470 1541 533 1573 τοῦ
558 1542 708 1584 πνίγους.
737 1539 773 1569 At
799 1534 836 1570 δὲ
861 1539 1023 1570 πλεῖσται
1047 1538 1106 1570 καὶ
1132 1536 1164 1569 ἐν
1190 1541 1267 1575 ταῖς
1287 1538 1354 1570 ἀνοὶ
1369 1535 1471 1580 μέσον

469 1584 581 1629 ὥραις,
605 1583 625 1620 ἦ
650 1583 697 1624 τῷ
724 1581 827 1625 μήπω
856 1581 1120 1627 ἀναθυμιᾶσθαι,
1147 1580 1168 1619 ἦ
1194 1583 1242 1623 τῷ
1268 1580 1333 1619 ἥδη
1361 1581 1472 1622 ἐξελη-

468 1628 605 1661 λυθέναι
631 1627 694 1666 τήν
722 1626 946 1671 ἀναθυμίασιν
970 1629 1028 1659 καὶ
1056 1626 1160 1664 ἄλλην
1186 1626 1290 1668 μήπω
1315 1627 1370 1658 ἐπι
1391 1629 1469 1669 ρεῖν.

395 1674 551 1719 Ἀκριτος
569 1668 606 1705 δὲ
625 1673 683 1706 καὶ
708 1671 861 1716 χαλεπός
879 1673 894 1703 ὁ
914 1672 1031 1715 Ὠρίων
1057 1667 1143 1703 εἶναι
1168 1666 1273 1712 δοκεῖ,
1290 1671 1349 1703 καὶ
1366 1638 1472 1702 §tivum

468 1719 527 1750 καὶ
553 1717 755 1757 ἑπιτέλλων,
775 1710 834 1748 διαὶ
850 1717 892 1749 τό
919 1716 951 1748 ἐν
976 1715 1157 1759 μεταβολῇ
1175 1714 1261 1759 ὥρας
1278 1715 1472 1760 συμβαίνειν

470 1762 535 1798 τη“ν
565 1760 659 1794 δόσιν
690 1763 748 1792 καὶ
778 1760 842 1797 τῆν
877 1759 1070 1801 ἀνατολὴν,
1106 1759 1216 1804 θέρους
1243 1758 1263 1797 ἦ
1288 1761 1470 1805 χειμῶνος,

469 1809 528 1839 καὶ
553 1801 612 1838 8ιά
635 1806 677 1839 τό
702 1803 842 1851 μέγεθος
869 1807 931 1838 τοῦ
964 1806 1089 1849 ἄστρου
1124 1805 1252 1849 ἡμερῶν
1278 1807 1412 1851 γίνεταί
1438 1816 1472 1837 τι

471 1849 617 1888 πλῆθος·
645 1847 743 1883 αἱ·δέ
773 1850 967 1894 μεταβολαὶ
998 1849 1137 1882 πάντων
1169 1846 1383 1895 ταραχώδεις
1414 1847 1474 1882 διοί

471 1896 536 1933 τήν
563 1895 737 1939 ἀοριστίαν
762 1895 855 1926 εἰσίν.

403 1942 440 1972 Οἱ
466 1937 493 1971 δ’
517 1941 652 1977 ἐτησίαι
673 1938 808 1972 πνέουσι
826 1938 918 1982 μετοὶ
938 1938 1068 1982 τροποὶς
1092 1939 1150 1970 καὶ
1175 1938 1271 1976 κυνός
1290 1937 1470 1978 ἐπιτολήν,

470 1986 528 2016 καὶ
547 1985 625 2017 οὔτε
651 1984 846 2021 τηνικαῦτα
873 1982 930 2016 ὅτε
957 1981 1136 2026 πλησιάζει
1153 1981 1308 2026 μάλιστα
1328 1984 1344 2015 ὁ
1362 1981 1470 2022 ἥλιος,

472 2027 542 2061 οὔθ’
570 2027 628 2061 ὅτε
654 2028 870 2074 πόρρω,Ἶκαὶ
895 2028 959 2066 τοὶς
984 2028 1043 2072 μὲν
1069 2027 1197 2070 ἡμέρας
1223 2027 1380 2070 πνέουσι,
1409 2027 1472 2065 τοὶς

472 2073 510 2106 δὲ
533 2072 660 2111 νύκτας
686 2072 871 2106 παύονται,

404 2118 518 2151 Αἴτιον
543 2113 572 2148 δ’
594 2116 648 2150 ὅτι
674 2119 815 2155 πλησίον
841 2117 900 2161 μέν
925 2115 967 2148 ὧν
992 2115 1108 2172 Ῡθοίνει
1133 2115 1296 2160 ξηραίνων
1322 2117 1396 2161 πρὶν
1417 2129 1471 2172 γε-

470 2161 586 2195 νέσθαι
618 2162 683 2199 τήν
717 2159 956 2205 ἀναθυμίασιν·
991 2172 1076 2193 οταν
1106 2160 1134 2192 δ’
1166 2159 1298 2204 ἀπέλθῃ
1333 2172 1469 2204 μικρον,

472 2206 661 2251 σύμμετρος
686 2206 751 2244 ἥδη
773 2208 907 2252 γίνεται
932 2207 952 2242 ἡ
980 2205 1202 2250 ἀναθυμίασις
1226 2207 1285 2237 καὶ
1311 2206 1331 2242 ἠ
1357 2204 1475 2251 θερμό-

471 2251 549 2296 τηςξ,
576 2250 663 2284 ὥστε
690 2251 737 2283 τοὶ
762 2249 948 2296 πεπηγότα
974 2245 1089 2285 ὕδατα
1118 2249 1298 2291 τήκεσθαι,
1324 2252 1383 2282 καὶ
1408 2252 1471 2289 τῆς

470 2297 533 2342 γῆς
558 2295 799 2339 ξηραινομένης
816 2294 884 2327 ὑπό
900 2307 939 2327 τε
958 2295 1021 2333 τῆς
1040 2296 1163 2333 οἰκείας
1181 2294 1389 2340 θερμότητος
1412 2298 1470 2328 καὶ

472 2340 538 2373 ared
567 2342 630 2378 τῆς
662 2341 725 2373 τοῦ
755 2340 851 2376 ήλίου
887 2339 955 2371 οἷον
988 2338 1153 2384 τόφεσθαι
1184 2341 1243 2372 καὶ
1272 2338 1468 2383 θυμιᾶσθαι.

404 2385 471 2423 Τῆς
496 2382 533 2417 δὲ
556 2384 675 2422 νυκτὸς
697 2385 831 2429 λωφῶσι
863 2378 923 2416 διαὶ
946 2384 988 2416 τό
1014 2384 1062 2416 τοὶ
1086 2383 1274 2431 πεπηγότα
1297 2384 1471 2428 τηκόμενα

472 2429 642 2462 παύεσθαι
666 2424 726 2461 8ιά
742 2428 807 2466 τήν
824 2426 1027 2474 ψυχρότητα
1045 2429 1110 2461 τῶν
1132 2430 1273 2461 νυκτῶν.
1300 2430 1471 2473 Θυμιᾶται

471 2470 501 2505 δ’
531 2474 609 2506 οὔτε
642 2473 684 2505 τὸ
717 2473 892 2530 πεπηγὸς,
920 2473 1000 2506 οὔτε
1033 2473 1074 2506 τό
1113 2473 1214 2516 μηθὲν
1248 2473 1325 2518 ἔχον
1351 2474 1469 2518 ξηρὸν,

473 2518 547 2551 ἀλλ’
577 2517 661 2550 ὅταν
694 2518 756 2561 ἔχῃ
787 2530 828 2550 το
852 2517 950 2562 ξηρὸν
981 2517 1179 2564 ὑγρότητα,
1207 2520 1313 2551 τοῦτο
1338 2517 1473 2563 θερμαι-

473 2562 609 2606 νόμενον
634 2561 810 2605 θυμιᾶται.

400 2606 585 2651 ’Λποροῦσι
608 2601 647 2638 δέ
672 2618 772 2646 τινες,
790 2601 850 2638 &ab
866 2609 900 2639 τί
919 2605 1035 2649 βορέαι
1053 2606 1112 2650 μέν
1129 2608 1284 2652 γίνονται
1309 2611 1470 2653 συνεχεῖς,

475 2651 530 2688 οὓς
553 2650 723 2693 καλοῦμεν
757 2650 916 2691 ἐτησίας,
943 2650 1034 2694 μετα
1066 2650 1129 2688 τοὶς
1159 2649 1286 2694 θερινάς
1320 2651 1469 2696 τροπάς,

473 2694 568 2728 νότοι
591 2689 622 2726 δ’
652 2693 760 2732 οὕτως
787 2695 823 2726 οὗ
848 2698 1002 2741 γίνονται
1028 2695 1120 2737 μετοὶ
1143 2694 1206 2733 τοίς
1230 2695 1431 2740 χειμερινάς.

399 2739 495 2784 Ἔχει
519 2734 548 2770 δ’
577 2739 637 2771 οὐκ
671 2738 819 2784 ἀλόγως·
846 2743 1000 2785 γίνονται
1032 2739 1091 2783 μὲν
1123 2739 1188 2785 γοὶρ
1215 2743 1244 2772 οί
1267 2740 1473 2784 καλούμενοι

471 2782 668 2816 λευκόνοτοι
694 2783 758 2819 τήν
785 2783 1018 2827 ἀντικειμένην
1043 2783 1145 2826 ὥραν,
1170 2782 1234 2829 οὐχ
1258 2783 1348 2818 οὕτω
1368 2780 1407 2818 δὲ
1423 2786 1474 2831 γί-

473 2839 591 2861 νονται
609 2831 773 2873 συνεχεῖς·
795 2822 848 2860 διό
865 2827 1091 2866 λανθάνοντες
1113 2830 1266 2861 ποιοῦσιν
1284 2829 1470 2873 ἐπιζητεῖν.

473 2873 586 2905 Αἴτιον
611 2867 639 2903 δ’
662 2870 716 2905 ὅτι
735 2872 750 2904 ὁ
768 2872 827 2916 μέν
850 2872 970 2916 βορέας
993 2872 1062 2905 ἀπὸ
1086 2873 1153 2905 τῶν
1179 2873 1246 2906 ὑπὸ
1265 2873 1328 2911 τήν
1349 2874 1473 2918 ἄρκτον

474 2921 550 2949 πνεῖ
573 2915 702 2958 τόπων,
723 2919 752 2948 οἳ
775 2916 911 2962 πλήρεις
938 2915 1064 2955 ὕδατος
1088 2918 1146 2949 καὶ
1171 2917 1283 2963 χιόνος
1304 2919 1365 2951 εἰσὶ
1392 2921 1474 2952 πολ-

471 2962 547 3002 λῆς,
566 2961 608 2992 ὥν
630 2960 823 3005 τηκομένων
851 2962 918 2994 ὖπό
944 2962 1007 2994 τοῦ
1032 2963 1129 2999 η’λίου
1154 2962 1246 3006 μετά
1263 2963 1326 3001 τοὶς
1344 2962 1473 3008 θερινοὶς

473 3005 603 3049 τροπὰς
629 3008 758 3050 μᾶλλον
781 3005 811 3043 ηἈ
838 3004 891 3038 ἐπ’
920 3007 1044 3044 αὑταῖς
1075 3005 1230 3038 πνέουσιν
1264 3009 1293 3039 oi
1319 3006 1470 3045 ἐτησίαι.

474 3050 564 3082 οὕτω
585 3051 650 3096 γάρ
674 3051 733 3082 καὶ
759 3050 806 3082 τά
831 3053 932 3097 πνίγη
982 3053 1107 3092 ίνεται,
1126 3051 1190 3096 οὐχ
1216 3050 1301 3084 ὅταν
1319 3052 1474 3096 μάλιστα

475 3096 647 3139 πλησιάζῃ
674 3094 753 3140 πρὸς
781 3095 917 3139 ἄρκτον,
939 3094 960 3128 ἀ
982 3096 1011 3127 λ’
1034 3094 1117 3128 ὅταν
1137 3097 1259 3128 πλείων
1280 3097 1339 3140 μὲν
1359 3095 1380 3139 ᾗ
1397 3097 1474 3143 χρό-

474 3151 527 3177 νος
552 3138 778 3184 θερμαίνοντι,
807 3139 859 3172 ἔτι
884 3138 915 3171 δ’
937 3139 1050 3187 ἐγγύς.
1081 3141 1221 3184 Ὀμοίως
1246 3136 1284 3173 δὲ
1307 3143 1365 3174 καὶ
1383 3142 1475 3186 μετοί

475 3183 538 3221 τοὶς
561 3184 749 3230 χειμερινάς
771 3183 901 3227 τροπάς
920 3185 1073 3218 πνέουσιν
1097 3187 1125 3216 οἱ
1146 3183 1305 3230 ὀρνιθίαι·
1330 3188 1387 3218 καὶ
1408 3186 1473 3232 γοίρ

476 3227 571 3260 οὗτοι
590 3230 723 3266 ἐτησίαι
741 3228 822 3259 εἰσὶν
843 3227 1005 3268 ἀσθενεῖς·
1035 3227 1203 3267 ἐλάττους
1227 3224 1265 3262 δὲ
1288 3231 1347 3263 καὶ
1366 3230 1474 3275 ὀψιαί-

476 3284 565 3316 τεροι
595 3275 660 3307 τῶν
687 3273 828 3309 ἐτησίων
863 3273 1035 3306 πνέουσιν·
1063 3268 1303 3318 ἑβδομηκοστῇ
1328 3275 1393 3321 γάρ
1422 3275 1475 3320 ἀρ-

476 3328 599 3371 χονται
625 3322 715 3350 πνεῖν
735 3314 793 3350 Sici
811 3317 851 3350 τό
870 3318 979 3362 πόρρω
1003 3319 1088 3351 ὄντα
1106 3318 1166 3351 τόν
1188 3317 1282 3356 ἥλιον
1309 3320 1376 3352 ἑνισ
1405 3319 1474 3352 υέιν

477 3373 597 3397 ηττον.
623 3362 668 3394 Οὐ
695 3365 841 3407 συνεχεῖς
866 3358 894 3393 δ’
917 3363 1036 3405 ὁμοίως
1063 3362 1213 3404 πνέουσι,
1230 3359 1320 3397 διότι
1348 3377 1394 3398 τα
1413 3365 1474 3407 μὲν

478 3405 643 3443 ἑπιπολῆς
667 3409 724 3438 καὶ
752 3406 873 3442 ἀσθενῆ
900 3406 983 3439 τότε
1012 3409 1245 3451 ἀποκρίνεται,
1265 3408 1312 3442 τοὶ
1331 3407 1368 3441 δέ
1389 3410 1474 3452 μᾶλ-

476 3450 533 3480 λον
560 3449 745 3496 πεπηγότα
771 3453 923 3488 πλείονος
946 3447 1059 3484 δεῖται
1076 3450 1303 3496 θερμότητος·
1329 3447 1382 3486 διὸ
1399 3449 1473 3486 δια-

476 3494 652 3531 λείποντες
679 3494 772 3527 οὗτοι
798 3494 964 3537 πνέουσιν,
984 3495 1044 3534 ἕως
1071 3495 1109 3528 ἀν
1135 3497 1191 3529 ἐπὶ
1209 3501 1351 3541 τροπαῖς
1370 3497 1473 3530 πάλιν

479 3540 554 3574 ταῖς
579 3536 720 3580 θεριναῖς
746 3539 886 3572 πνέωσιν
913 3542 941 3571 οἰ
968 3538 1121 3581 ἐτησίαι,
1150 3541 1221 3572 ἐπεὶ
1247 3540 1335 3573 θέλει
1360 3543 1390 3588 γ’
1420 3541 1473 3575 ὅτι

479 3580 632 3625 μάλιστα
656 3584 798 3627 συνεχῶς
826 3582 976 3616 ἐντεῦθεν
1005 3584 1055 3616 ἀεὶ
1081 3589 1173 3616 πνεῖν
1201 3585 1332 3629 ἄνεμος.

1523 826 1541 846 *
1556 826 1612 857 Sol
1635 832 1743 856 autem
1767 831 1798 856 et
1821 835 1940 856 cessare
1964 825 2038 857 facit
2054 833 2084 857 et
2101 833 2285 858 commovet
2308 827 2446 867 spiritus.
2468 827 2598 860 Debiles
2623 831 2635 843 ⁸

1592 870 1678 902 enim
1702 877 1732 901 et
1755 879 1881 913 paucas·
1896 869 2062 901 existentes
2086 871 2299 902 exhalationes
2320 864 2598 912 exterminatsam'-

1591 914 1685 955 pliori
1709 914 1812 945 calido
1828 913 1919 955 quod
1936 914 1970 944 in
1987 914 2185 946 exhalatione
2203 915 2311 947 minus
2326 916 2471 956 existens,
2489 923 2521 948 et
2536 917 2598 954 dis,-

1592 965 1708 1000 gregat.
1733 958 1848 989 Adhuc
1864 965 1973 989 autem
1995 958 2099 999 ipsam
2113 966 2229 990 terram
2247 961 2410 1001 praevenit
2427 961 2597 1001 exsiccans,

1591 1011 1764 1044 antequam
1780 1002 1861 1034 facta
1884 1001 1980 1034 fuerit
2001 1003 2099 1034 simul
2119 1004 2222 1036 multa
2237 1005 2458 1046 congregatim
2473 1006 2599 1038 sicutisi

1591 1049 1626 1080 in
1648 1048 1789 1087 multum
1812 1047 1920 1087 ignem
1941 1047 2086 1079 inciderit
2107 1048 2276 1080 modicum
2300 1050 2483 1089 exustiblle,
2507 1060 2599 1092 prae-

1591 1093 1678 1125 venit
1703 1102 1807 1132 saepe,
1824 1098 1997 1133 antequam
2017 1091 2146 1123 fumum
2162 1092 2267 1132 faeiat,
2283 1101 2442 1126 exustum.
2464 1087 2599 1137 Propter

1592 1139 1648 1170 has
1663 1137 1795 1179 quidem
1810 1136 1906 1177 igitur
1925 1146 2034 1167 causas
2049 1146 2168 1168 cessare
2184 1137 2260 1169 facit
2274 1145 2406 1178 ventos,
2426 1145 2458 1170 et
2474 1149 2495 1170 a
2507 1134 2599 1186 prin-

1594 1184 1677 1225 cipio
1701 1182 1767 1214 fieri
1791 1181 1957 1222 prohibet;
1982 1181 2230 1221 consumptione
2253 1182 2386 1224 quidem
2411 1188 2537 1215 cessare*
2553 1181 2598 1215 fa-

1592 1229 1688 1266 ciens,
1706 1227 1861 1259 celeritate
1884 1232 1993 1256 autem
2007 1225 2154 1266 siccitatis
2170 1225 2237 1258 fieri
2255 1226 2440 1268 prohibens.
2466 1227 2600 1269 Propter

1592 1273 1682 1316 quod
1705 1279 1736 1303 et
1759 1272 1840 1303 circa
1863 1269 1994 1302 Orionis
2018 1277 2126 1302 ortum
2149 1271 2288 1303 maxime
2310 1271 2347 1304 fit
2369 1271 2598 1315 tranquillitas,

1594 1325 1625 1350 et
1646 1327 1750 1358 usque
1773 1316 1813 1347 ad
1836 1315 1947 1347 etesias
1970 1321 2001 1345 et
2023 1315 2228 1356 prodromos.
2436 1323 2438 1326 ’
2493 1351 2498 1356 ,
2518 1334 2593 1357 ,ΜΠ

1525 1406 1750 1440 Universaliter
1772 1411 1880 1436 autem
1903 1403 1986 1435 fiunt
2008 1403 2249 1445 tranquillitates
2272 1411 2404 1446 propter
2419 1387 2599 1446 danesii-'-
2621 1438 2626 1443 ‚

1593 1460 1659 1485 sas:
1684 1458 1740 1482 aut
1762 1449 1848 1482 enim
1871 1455 2002 1490 propter
2017 1447 2116 1489 frigus
2133 1449 2267 1480 extincta
2282 1442 2493 1489 exhalatione,
2508 1441 2600 1481 v'durt

1592 1508 1667 1530 cum
1695 1495 1789 1527 fuerit
1815 1494 1889 1534 gelu
1913 1492 2014 1530 forte;
2049 1499 2104 1524 aut
2126 1493 2314 1525 marcefacta
2337 1504 2355 1525 a
2378 1493 2598 1530 suffocaaiiffi&

1592 1541 1752 1574 Plurimae
1769 1546 1877 1571 autem
1894 1544 1925 1569 et
1939 1536 2133 1568 intermediis
2149 1539 2366 1579 temporibus:
2386 1537 2600 1581 auteoqnod
2655 1551 2658 1554 ⁴

1593 1587 1740 1618 nondum
1756 1585 1837 1616 facta
1853 1583 1893 1614 sit
1903 1581 2076 1621 exhalatio;
2093 1589 2150 1614 aut
2167 1593 2206 1614 eo
2226 1584 2315 1624 quod
2330 1583 2396 1614 iam
2406 1582 2600 1626 praem-rie&

1593 1631 1761 1668 exhalatio,
1785 1636 1816 1660 et
1838 1628 1899 1659 alia
1921 1626 2070 1657 nondum
2093 1627 2264 1659 advenerit.
2532 1622 2591 1677 '³⁹15'

1527 1676 1716 1708 indiscretus
1739 1681 1847 1705 autem
1875 1679 1907 1703 et
1938 1670 2072 1702 difficilis
2096 1671 2199 1703 Orion
2229 1682 2296 1703 esse
2323 1672 2466 1712 videtur,
2489 1667 2598 1712 etbc'-

1594 1721 1747 1752 cumbens
1771 1725 1802 1750 et
1825 1717 1946 1749 oriens:
1971 1715 2046 1757 quia
2063 1715 2097 1746 in
2113 1717 2348 1756 permutatione
2371 1709 2525 1758 temporis
2546 1708 2598 1749 ad·

1594 1765 1669 1796 cidit
1699 1773 1830 1795 occasus
1854 1769 1885 1794 et
1908 1767 2018 1799 ortus,
2042 1767 2158 1792 aestate
2180 1761 2245 1793 'aut
2266 1761 2389 1801 hieme,
2412 1767 2444 1793 et
2460 1761 2599 1803 'propiet‘

1593 1808 1848 1850 magnitudinem
1863 1805 1936 1838 astn‘
1952 1804 2077 1836 dierum
2093 1804 2128 1836 fit
2142 1804 2322 1846 pluralitas;
2345 1805 2598 1846 permutationes

1593 1861 1701 1885 autem
1725 1852 1874 1883 omnium
1897 1849 2077 1882 turbatione
2100 1849 2212 1890 plenae
2229 1856 2360 1891 propter
2375 1849 2596 1882 indetermina-

1593 1899 1716 1930 tionem
1739 1904 1824 1928 sunt.
2435 1908 2443 1911 ·’
2530 1907 2540 1930 -;

1526 1943 1650 1975 Etesiae
1665 1949 1773 1974 autern
1789 1941 1866 1972 flant
1877 1946 1952 1981 post
1966 1938 2127 1971 versiones
2143 1945 2175 1970 et
2190 1937 2288 1970 Canis
2304 1945 2431 1978 ortum;
2443 1944 2599 1983 et-aequa

1592 1996 1669 2020 tunc
1693 1987 1823 2029 quando
1838 1981 1984 2016 'maxime
2008 1993 2109 2025 prope
2131 1982 2226 2014 fuerit
2248 1983 2315 2023 sol,
2337 1989 2445 2027 neque
2465 1981 2599 2029 quando

1593 2033 1698 2074 longe.
1722 2032 1763 2063 Et
1779 2031 1891 2062 diebus
1915 2029 2047 2072 quidem
2066 2028 2154 2067 flant,
2172 2027 2320 2060 nocthus
2336 2034 2446 2072 autem
2463 2034 2598 2075 cessaqt.

1525 2123 1631 2155 Causa
1655 2128 1762 2153 autem
1786 2120 1861 2162 quia
1885 2130 1985 2160 prope
2002 2119 2138 2160 quidem·
2159 2117 2304 2156 existens,
2317 2117 2599 2158 praevenirem-ia·

1594 2177 1666 2199 cans
1695 2173 1868 2207 antequam
1896 2164 1952 2195 fiat
1975 2163 2150 2195 exhalatio:
2175 2172 2250 2194 cum
2277 2169 2385 2193 autem
2415 2160 2600 2195 numenei-it

1593 2211 1757 2243 modicum
1771 2233 1780 2248 ,
1804 2208 1973 2240 mediocris
2001 2209 2066 2239 iam
2088 2207 2124 2239 fit
2147 2206 2302 2239 exhalatio
2327 2213 2358 2238 et
2381 2206 2540 2246 caliditas,
2562 2213 2600 2239 ut

1593 2255 1775 2296 congelatae
1794 2265 1895 2296 aquae
1918 2253 2105 2294 liquescant,
2123 2259 2154 2283 et
2174 2259 2255 2283 terra
2278 2251 2430 2283 exsiccata
2445 2257 2477 2283 et
2490 2261 2510 2283 a
2523 2261 2599 2294 pro-

1592 2301 1661 2342 pria
1684 2299 1840 2332 caliditate
1870 2306 1901 2330 et
1923 2298 1962 2329 ab
1986 2308 2022 2329 ea
2045 2307 2128 2338 quae
2151 2296 2246 2336 solis,
2270 2295 2361 2337 quasi
2383 2302 2542 2337 turgescat
2566 2301 2600 2328 et

1593 2345 1724 2377 exhalet.

1525 2391 1628 2422 Nocte
1651 2396 1759 2420 autem
1782 2387 1944 2425 deficiunt,
1972 2386 2049 2427 quia
2072 2385 2255 2426 congelatae
2277 2385 2488 2426 liquescentes
2517 2383 2600 2417 deai-

1594 2441 1682 2466 stunt
1705 2439 1835 2474 propter
1854 2431 2056 2472 frigiditatem
2077 2430 2233 2462 noctium.
2255 2429 2389 2460 Exhalat
2411 2435 2520 2461 aunem
2542 2438 2599 2460 ne-

1593 2489 1656 2520 que
1681 2477 1895 2517 congelatum,
1913 2485 2016 2516 neque
2040 2474 2119 2505 nihil
2142 2474 2263 2505 habens
2287 2473 2424 2505 siccum:
2449 2473 2506 2505 sed
2523 2483 2600 2505 cum

1592 2523 1706 2554 habeat
1732 2522 1852 2552 siccum
1875 2519 2117 2558 humiditatem,
2142 2518 2205 2550 hoc
2229 2517 2416 2549 calefactum
2438 2518 2572 2550 exhalat.

1527 2612 1681 2644 Dubitant
1704 2617 1811 2641 autem
1835 2609 1967 2650 quidam
1994 2613 2124 2648 propter
2147 2608 2226 2650 quid
2249 2608 2364 2639 boreae
2394 2607 2476 2640 fiunt
2498 2607 2600 2640 conti-

1595 2666 1674 2694 nue,
1698 2665 1781 2696 quos
1803 2663 1958 2685 vocamus
1989 2651 2118 2690 etesias,
2150 2659 2224 2694 post
2251 2652 2414 2684 aestivales
2437 2651 2599 2694 tropicos,

1595 2700 1662 2731 noti
1686 2706 1793 2730 autem
1817 2698 1861 2730 sic
1885 2707 1951 2728 non
1975 2695 2057 2727 fiunt
2080 2703 2154 2736 post
2177 2695 2340 2728 hiemales.

1527 2746 1632 2777 Habet
1655 2751 1762 2775 autem
1782 2753 1847 2773 non
1872 2740 2136 2773 irrationabiliter.
2154 2741 2252 2772 Fiunt
2271 2741 2356 2772 enim
2375 2740 2480 2773 vocati
2493 2740 2602 2773 leuco-

1595 2789 1663 2820 noti
1685 2787 1837 2830 opposito
1861 2793 2016 2827 tempore,
2040 2795 2107 2816 non
2131 2785 2175 2816 sic
2198 2793 2306 2817 autem
2329 2785 2413 2817 fiunt
2434 2784 2598 2818 continui:

1594 2840 1725 2874 propter
1747 2832 1837 2873 quod
1859 2831 1990 2862 latentes
2014 2829 2135 2860 faciunt
2157 2829 2324 2871 inquirere.
2350 2830 2456 2863 Causa
2478 2836 2599 2869 autem,

1595 2878 1671 2919 quia
1692 2878 1805 2913 boreas
1829 2875 1960 2917 quidem
1985 2885 2001 2905 a
2025 2873 2104 2905 locis
2127 2884 2210 2916 quae
2234 2875 2293 2906 sub
2317 2881 2404 2906 arcto
2427 2873 2492 2914 flat,
2515 2883 2599 2916 quae

1595 2923 1689 2964 plena
1705 2931 1788 2963 aqua
1804 2927 1835 2951 et
1851 2920 1923 2951 nive
1939 2926 2014 2950 sunt
2033 2918 2150 2957 multa;
2167 2918 2285 2960 quibus
2300 2917 2480 2960 liquefactis
2494 2927 2512 2950 a
2531 2918 2599 2950 sole

1595 2974 1669 3008 post
1702 2965 1864 2997 aestivales
1891 2963 2051 2995 versiones
2084 2962 2184 3003 magis
2208 2973 2306 3005 quam
2329 2963 2362 2994 in
2395 2962 2492 3004 ipsis,
2522 2961 2601 2995 flant

1597 3011 1720 3042 etesiae.
1739 3010 1788 3041 Sic
1801 3009 1887 3040 enim
1903 3015 1934 3040 et
1953 3005 2177 3038 suffocationes
2196 3006 2288 3047 fiunt,
2302 3017 2368 3038 non
2387 3006 2518 3049 quando
2534 3017 2601 3038 ma-

1595 3055 1678 3086 xime
1705 3052 2008 3096 appropinquaverit
2030 3052 2070 3082 ad
2096 3059 2230 3090 arctum,
2246 3052 2301 3083 sed
2324 3061 2399 3083 cum
2422 3050 2600 3084 calefecerit

1596 3099 1742 3140 ampliori
1767 3106 1923 3139 tempore,
1939 3096 2043 3127 adhuc
2060 3103 2168 3127 autem
2184 3106 2295 3138 prope.
2321 3095 2471 3128 Similiter
2490 3098 2607 3128 autem‘

1596 3151 1627 3175 et
1650 3150 1723 3184 post
1746 3142 1897 3174 hiemales
1920 3140 2080 3172 versiones
2111 3140 2188 3172 flant
2215 3140 2382 3172 ornithiae.
2413 3140 2543 3172 Etenim
2563 3139 2599 3171 hi

1596 3188 1708 3220 etesiae
1733 3194 1807 3218 sunt
1828 3185 1965 3217 debiles:
1990 3185 2129 3216 minores
2158 3191 2276 3224 autem,
2307 3192 2338 3216 et
2361 3184 2513 3216 tardiores
2535 3190 2600 3217 ete·

1596 3232 1648 3263 siis
1672 3231 1768 3269 flant;
1793 3229 2027 3272 septuagesimo
2051 3229 2137 3260 enim
2160 3229 2210 3260 die
2233 3229 2390 3270 incipiunt
2413 3228 2499 3268 flare,
2523 3238 2598 3270 pro·
2635 3234 2642 3240 ·

1595 3284 1665 3318 pter
1694 3277 1790 3317 longe
1820 3275 2004 3306 existentem
2027 3274 2129 3304 solem
2159 3273 2349 3305 invalescere
2372 3273 2490 3304 minus.
2522 3273 2599 3304 Non

1596 3321 1739 3352 continui
1770 3327 1877 3351 autem
1908 3318 2051 3349 similiter
2073 3317 2166 3349 flant:
2196 3318 2272 3359 quia
2303 3317 2380 3348 haec
2410 3317 2544 3358 quidem
2564 3316 2599 3348 in

1596 3364 1760 3406 superficie
1784 3371 1814 3395 et
1838 3363 1952 3394 debilia
1976 3362 2171 3404 quandoque
2195 3369 2420 3403 segregantur,
2441 3361 2518 3393 haec
2541 3371 2600 3392 au-

1595 3416 1660 3440 tem
1684 3409 1784 3449 magis
1808 3408 1972 3448 congelata
1995 3406 2142 3447 ampliori
2166 3406 2308 3446 indigent
2333 3405 2497 3437 caliditate.
2522 3405 2600 3436 Pro·

1595 3461 1664 3494 pter
1687 3453 1776 3494 quod
1792 3452 2018 3492 interpolantes
2038 3450 2088 3482 isti
2105 3451 2191 3488 flant,
2208 3451 2311 3482 donec
2325 3451 2384 3482 sub
2400 3448 2601 3481 versionibus

1595 3498 1710 3530 iterum
1725 3497 1924 3528 aestivalibus
1941 3495 2084 3526 flaverint
2099 3495 2227 3526 etesiae:
2245 3495 2401 3536 quoniam
2415 3494 2485 3525 vult
2499 3502 2599 3535 quam

1595 3542 1731 3573 maxime
1756 3541 1906 3573 continue
1930 3539 2003 3570 hinc
2027 3549 2153 3580 semper
2175 3538 2250 3570 flare
2273 3545 2396 3570 ventus.
