2782 4134
31 477 42 488 ⁴
51 475 200 503 distinguere
206 481 243 496 AB.

130 743 148 768 μ

0 843 5 878 ζ
30 848 40 859 “
48 847 212 870 ele-uentorum
219 854 241 869 a.

1164 286 1274 327 CAP.
1306 287 1338 334 1,
1369 286 1521 323 LECT.
1552 287 1566 322 1

330 363 362 399 5.
380 363 559 399 Secundo
580 363 647 400 ibi:
667 364 781 400 Haec
798 369 923 400 autem
937 370 1024 400 sunt
1042 372 1124 411 etc„
1142 372 1341 402 enumerat

273 427 318 451 ea
346 414 393 451 de
422 415 561 463 quibus
585 415 624 452 in
642 417 715 452 hac
743 416 915 453 doctrina
935 417 1206 454 consideratur.
1229 419 1338 465 Quae

270 467 449 505 videntur
477 467 515 504 in
550 476 714 516 quatuor
747 468 923 516 distingui
941 469 972 506 ²¹⁶.
1004 470 1206 516 Quaedam
1235 471 1337 508 enim

272 529 358 558 sunt
386 533 483 569 quae
503 521 600 557 fiunt
628 521 666 558 in
694 522 780 558 loco
801 534 982 570 supremo
1011 523 1228 572 propinquo
1259 535 1339 560 cor-

270 573 355 623 pori
383 573 553 610 caelesti:
584 581 621 610 et
647 574 744 610 haec
776 574 902 623 primo
936 575 1070 622 tangit,
1105 588 1194 612 cum
1229 576 1337 612 dicit:

272 628 379 664 Haec
406 633 534 663 autem
564 634 660 674 sunt,
682 627 819 663 scilicet
839 627 886 664 de
906 627 1044 676 quibus
1073 628 1198 665 adhuc
1227 637 1339 665 restat

271 679 606 727 considerandum,
623 692 891 730 quaecumque
911 681 1087 718 accidunt
1106 681 1263 729 quidem
1283 695 1340 718 se-

271 733 441 770 cundum
461 740 649 780 naturam,
671 733 738 770 sed
759 733 1027 780 inordinatam,
1045 742 1080 771 et
1101 735 1298 771 casualiter
1307 741 1337 781 μ,

269 793 311 823 ut
338 786 497 835 quidam
533 787 728 834 putabant.
759 787 907 824 Natura
934 794 1064 824 tamen
1092 787 1340 824 inordinatior

270 851 349 876 non
378 846 434 876 est
456 847 590 876 natura
609 839 670 876 illa
688 852 786 888 quae
807 849 863 877 est
884 841 1005 888 primi
1021 840 1193 877 elementi
1209 840 1229 862 '¹‘
1257 853 1339 877 cor-

263 904 418 942 porum,
439 892 536 930 idest
563 893 732 941 corporis
753 894 941 939 caelestis;
971 893 1078 942 quod
1107 894 1241 931 dicitur
1268 895 1338 931 ele-

269 951 448 991 mentum,
469 945 558 994 quia
587 954 642 982 est
668 958 757 995 pars
785 946 899 983 totius
926 947 1095 984 universi
1119 948 1337 996 corporalis,

269 998 354 1036 licet
381 1011 460 1035 non
477 998 607 1036 veniat
626 998 664 1035 in
688 1000 1010 1049 compositionem
1031 1000 1200 1050 corporis
1220 1001 1336 1048 mixti,

270 1051 365 1089 sicut
385 1052 584 1089 elementa.
606 1052 675 1089 Est
690 1060 817 1090 autem
834 1061 968 1090 natura
984 1053 1197 1091 secundum
1219 1067 1335 1102 quam

269 1106 366 1142 haec
393 1105 588 1152 accidunt,
617 1105 866 1143 inordinatior
894 1114 1028 1144 natura
1057 1107 1227 1144 caelestis
1255 1120 1336 1144 cor-

267 1158 374 1208 poris
401 1164 432 1194 ἐ
469 1158 559 1207 quia
593 1170 639 1195 ea
667 1171 767 1206 quae
796 1168 883 1196 sunt
910 1160 949 1197 in
977 1160 1127 1197 caelesti
1156 1173 1334 1209 corpore,

269 1223 425 1267 semper
451 1211 618 1248 similiter
647 1224 687 1248 se
715 1213 868 1260 habent,
897 1213 934 1249 in
963 1213 1183 1250 huiusmodi
1207 1221 1335 1250 autem

250 1264 648 1312 sti-ammutationibus
685 1265 909 1303 inferiorum
944 1278 1172 1315 corporum,
1202 1266 1337 1303 accidit

269 1318 389 1356 multa
406 1318 581 1355 varietas.
603 1319 765 1368 Propter
784 1331 900 1368 quam
921 1319 1079 1367 quidam
1096 1319 1336 1356 crediderunt

167 1393 193 1426 .’
230 1387 242 1392 ·
269 1371 376 1420 quod
400 1371 497 1408 haec
521 1383 601 1408 non
621 1379 809 1422 alnatura,
830 1372 899 1409 sed
918 1384 940 1408 a
960 1384 1050 1409 casu
1069 1372 1285 1409 acciderent
1303 1372 1335 1419 ³⁸,

269 1437 349 1462 non
377 1424 661 1462 considerantes
690 1425 795 1474 quod
823 1425 1040 1462 naturaliter
1059 1425 1155 1462 fiunt
1176 1437 1255 1462 non
1274 1438 1334 1462 so·

268 1478 350 1515 lum
378 1490 424 1514 ea
452 1490 551 1527 quae
580 1485 666 1515 sunt
694 1490 857 1527 semper,
887 1479 953 1515 sed
985 1478 1099 1515 etiarn
1128 1490 1228 1526 quae
1249 1486 1335 1515 sunt

227 1553 241 1586 .'
268 1538 311 1568 ut
337 1530 376 1568 in
403 1531 587 1580 pluribus.
619 1531 743 1578 Haec,
773 1531 931 1579 inquam
959 1530 994 1577 ²¹²,
1030 1531 1206 1568 accidunt
1235 1531 1333 1568 circa

267 1585 398 1622 locum
418 1584 586 1622 maxime
600 1584 861 1634 propinquum
875 1584 1008 1621 lationi
1020 1590 1222 1630 astrorum,
1239 1584 1335 1622 idest

268 1636 376 1675 astris
395 1636 634 1683 „circulariter
651 1636 776 1674 motis.
799 1638 848 1674 Et
867 1637 942 1674 hoc
960 1637 1069 1686 ponit
1088 1637 1137 1675 ad
1157 1637 1333 1675 differen-

267 1690 360 1728 tiam
379 1690 704 1738 subsequentium.
727 1691 775 1727 Et
791 1690 1056 1739 exemplificat,
1077 1690 1222 1728 dicens:
1243 1699 1335 1740 puta

268 1744 316 1782 de
344 1743 439 1781 lacte
458 1741 483 1789 ε,
513 1743 610 1781 idest
639 1744 687 1781 de
713 1744 834 1780 lacteo
863 1743 1004 1780 circulo
1031 1743 1096 1792 qui
1115 1745 1260 1792 galaxia
1281 1745 1334 1782 di-

268 1796 373 1844 citur,
404 1804 440 1833 et
468 1797 580 1834 stellis
600 1809 698 1845 quae
728 1804 901 1834 cornetae
931 1797 1117 1844 dicuntur,
1148 1805 1184 1834 et
1209 1799 1332 1846 phan-

267 1850 502 1896 tasmatibus,
531 1850 628 1887 idest
656 1850 967 1899 apparitionibus,
997 1849 1119 1898 ignitis
1149 1858 1184 1888 et
1209 1851 1333 1898 motis,

267 1915 367 1953 quae
396 1903 572 1941 dicuntur
599 1904 729 1941 stellae
758 1903 948 1940 cadentes.

321 1957 357 1994 6.
389 1956 570 1994 Secundo
600 1969 688 1994 cum
717 1956 828 1994 dicit:
862 1958 914 1993 Et
939 1968 1197 2005 quaecumque
1220 1969 1336 2008 pone-

267 2021 352 2047 mus
380 2018 463 2058 etc„
485 2018 685 2047 enumerat
713 2022 758 2046 ea
781 2022 880 2058 quae
909 2010 980 2046 sub
1000 2009 1201 2059 praedictis
1220 2011 1334 2057 fiunt3

268 2063 407 2100 scilicet
426 2075 692 2112 quaecumque
706 2070 901 2112 ponuntur
921 2076 1003 2100 esse
1017 2063 1216 2112 passiones
1231 2076 1336 2100 com-

267 2128 406 2154 munes
433 2116 531 2153 aeris
559 2124 596 2153 et
624 2129 758 2166 aquae,
780 2117 869 2165 quia
898 2129 943 2153 ex
970 2116 1129 2153 materia
1157 2129 1280 2165 aquea
1298 2117 1336 2154 in

266 2169 354 2207 loco
383 2170 479 2207 aeris
507 2177 746 2218 generantur,
767 2170 976 2219 vaporibus
995 2169 1034 2207 in
1057 2182 1199 2218 aquarn
1218 2177 1336 2207 trans-

268 2221 434 2260 mutatis.

322 2287 358 2324 7.
388 2275 515 2313 Tertio
546 2288 633 2312 cum
665 2275 774 2313 dicit:
801 2276 937 2312 Adhuc
960 2281 1085 2312 autem
1105 2281 1230 2313 terrae
1249 2283 1331 2323 etc.,

269 2335 467 2367 enumerat
483 2341 527 2366 ea
542 2341 642 2378 quae
657 2329 696 2366 in
715 2329 850 2366 infimo
867 2336 954 2366 sunt
968 2334 991 2365 ⁰.
1009 2329 1058 2366 Et
1073 2329 1176 2366 dicit:
1197 2329 1337 2366 Adhuc

267 2389 396 2420 autem
425 2390 577 2431 oportet
601 2382 726 2419 dicere
747 2382 794 2419 de
814 2382 873 2419 his
892 2394 992 2430 quae
1016 2390 1103 2419 sunt
1121 2389 1248 2431 partes
1267 2390 1338 2419 ter-

267 2446 344 2483 rae,
364 2442 456 2485 puta
477 2435 615 2481 oriens,
637 2435 828 2482 occidens,
849 2435 1066 2484 septentri0‚
1084 2435 1279 2482 meridies3
1301 2443 1338 2472 et

266 2486 372 2538 quae'
394 2496 482 2526 sunt
510 2489 669 2537 species,
689 2496 782 2538 puta
810 2488 915 2537 quod
945 2488 1136 2538 quaedam
1165 2496 1263 2526 terra
1283 2496 1338 2525 est

268 2541 388 2579 calida
417 2549 454 2578 et
482 2554 655 2590 arenosa,
677 2541 868 2591 quaedam
897 2541 1031 2590 frigida
1059 2549 1096 2579 et
1124 2542 1280 2587 calcata;
1302 2549 1338 2578 et

320 2701 348 2735 μ)
367 2701 416 2727 sed
434 2701 626 2730 inordinatam,
642 2705 669 2727 et
682 2701 836 2726 casualiter.
853 2714 872 2719 —
891 2701 926 2725 Ita
945 2701 987 2725 ed.
1006 2699 1084 2730 1561;
1105 2701 1288 2725 inordinatam
1308 2703 1334 2726 et

265 2742 320 2762 om.
338 2737 398 2767 AB3
422 2744 470 2768 pro
494 2737 652 2766 casualiter,
678 2736 823 2762 causaliter
846 2736 883 2760 Pa
908 2735 1099 2769 typothetarum
1125 2744 1221 2761 errore.
1239 2750 1258 2755 -
1283 2736 1334 2760 Pro

265 2773 376 2798 Natura
394 2775 482 2797 tamen
500 2772 682 2797 inordinatior
696 2779 747 2796 non
762 2775 802 2796 est
816 2774 916 2796 natura
936 2772 989 2801 illa,
1006 2771 1229 2796 inordinatiorem
1244 2775 1332 2796 tamen

267 2810 393 2833 naturam
412 2815 445 2832 ea
463 2810 562 2832 natura
581 2808 612 2837 A,
631 2807 856 2832 inordinationem
876 2810 963 2831 tamen
985 2810 1084 2831 natura
1102 2814 1134 2831 ea
1153 2810 1252 2831 natura
1271 2807 1301 2831 B.

319 2842 344 2877 ν)
365 2843 415 2868 Est
431 2846 521 2868 autem
577 2843 697 2868 caelestis
715 2842 850 2874 corporis,
864 2856 883 2862 -
896 2842 957 2867 Non
977 2845 1017 2867 est
1034 2845 1124 2867 autem
1143 2845 1242 2867 natura
1262 2842 1332 2867 inor-

267 2878 362 2904 ainata
382 2881 482 2903 natura
499 2878 620 2910 corporis
638 2878 758 2904 caelestis
774 2878 821 2902 Pa.
840 2878 1029 2909 Adoptavimus
1048 2878 1185 2902 lectionem
1200 2878 1252 2907 AB,
1272 2878 1332 2910 quia

266 2921 407 2947 processus
425 2913 550 2938 orationis
565 2913 630 2938 hanc
645 2913 780 2938 lectionem
799 2913 933 2946 postulare
950 2913 1065 2943 videtum
1085 2913 1281 2946 suppressimus
1295 2918 1334 2937 ta-

267 2957 328 2974 men
346 2949 498 2982 particulam
517 2956 578 2979 non,
599 2957 679 2982 quam
698 2949 739 2974 isti
755 2949 829 2973 codd.
843 2948 939 2973 habent
953 2953 1011 2973 ante
1025 2948 1177 2978 secundum,
1199 2949 1259 2981 quia
1273 2956 1333 2972 cum

266 2984 331 3010 haec
348 2985 472 3017 particula
490 2985 564 3009 tollat
581 2985 688 3009 omnino
707 2992 822 3015 sensum,
842 2983 1046 3008 existimavimus
1065 2992 1123 3008 eam
1141 2984 1281 3008 oscitanter
1295 2983 1332 3007 in-

266 3020 412 3045 troductam
432 3027 493 3045 esse
516 3028 563 3053 per
587 3020 712 3045 incuriam
737 3019 944 3044 amanuensium.
962 3033 982 3038 —
999 3019 1050 3043 Pro
1068 3026 1173 3051 semper
1197 3019 1332 3048 similiter,

266 3062 321 3081 sem
340 3062 371 3080 er
388 3055 545 3088 simpliciter
562 3056 592 3085 Β,
610 3055 768 3088 simpliciter
787 3055 832 3085 Pa,
852 3055 976 3080 similiter
995 3055 1036 3079 ed.
1060 3053 1135 3079 1561.

335 3090 346 3126 )
366 3090 399 3116 de
417 3091 494 3116 lacte.
508 3105 528 3110 -—
546 3091 582 3116 Ita
602 3091 643 3116 ed.
656 3098 673 3115 a
692 3097 717 3115 et
735 3089 816 3122 1561;
836 3090 869 3115 de
881 3091 965 3115 lacteo
981 3090 1009 3121 P,
1030 3090 1062 3115 de
1081 3090 1165 3115 latere
1184 3090 1238 3114 ΑΒ.
1249 3104 1268 3109 -
1281 3090 1332 3114 Pro

267 3126 301 3151 de
313 3126 398 3152 lacteo
416 3126 516 3152 circulo
534 3126 587 3158 qui,
602 3127 635 3151 de
649 3126 717 3151 obl'o
731 3126 800 3151 iacte
819 3124 899 3159 (lacte
911 3127 943 3159 B)
958 3125 1030 3158 quod
1041 3126 1094 3150 AB.
1105 3139 1126 3144 —
1139 3125 1190 3150 Pro
1207 3128 1332 3154 cometae,

266 3165 388 3187 comatae
405 3162 453 3187 Pa.

321 3196 347 3231 ο)
366 3204 434 3230 quae
453 3197 480 3222 in
501 3197 590 3231 infimo
608 3200 679 3222 sunt.
698 3211 716 3215 -
735 3204 802 3229 quae
821 3197 847 3221 in
867 3197 971 3230 infinito
989 3197 1019 3227 B,
1039 3204 1107 3229 quae
1119 3197 1193 3230 fiunt
1205 3195 1231 3220 in
1242 3195 1332 3229 fundo

266 3232 314 3257 Pa.
326 3245 346 3252 —
358 3233 404 3257 AB
422 3238 547 3265 pergunt:
567 3233 656 3258 dicens
676 3230 759 3265 (dicit
772 3231 814 3266 Β),
833 3232 922 3257 adhuc
939 3234 1029 3256 autem
1049 3232 1137 3257 dicere
1154 3238 1333 3264 quaecumque

266 3271 330 3293 sunt
342 3271 452 3300 partein
471 3273 496 3292 et
514 3275 568 3292 om.
581 3271 608 3293 et
628 3275 694 3299 quae
713 3271 776 3292 sunt
795 3272 854 3292 ante
872 3267 980 3299 species.
991 3281 1009 3286 -
1024 3267 1074 3291 Pro
1093 3273 1216 3296 arenosa,
1235 3269 1331 3291 ant⁰sa

266 3303 325 3334 AB;
344 3311 392 3336 pro
405 3302 523 3337 frigida,
535 3303 622 3336 firma
639 3303 672 3328 Α.

2387 290 2461 338 327

1394 364 1592 413 passiones
1610 365 1776 414 partium
1797 373 1931 412 terrae,
1951 374 2042 414 puta
2062 367 2168 414 quod
2193 367 2384 415 quaedam
2405 376 2461 405 est

1395 418 1618 466 sulphurea,
1649 418 1842 466 quaedam
1870 418 2062 466 lapidosa,
2091 420 2153 456 vel
2182 420 2309 468 aliquo
2340 421 2458 458 modo

1395 470 1588 507 dissoluta.
1619 472 1678 508 Ex
1705 471 1844 519 quibus
1864 478 1984 508 terrae
2014 472 2221 509 rationibus
2240 479 2259 494 π
2289 474 2459 511 conside-

1394 523 1562 560 rabimus
1583 536 1718 561 omnes
1749 536 1881 561 causas
1899 524 2109 572 spirituum,
2126 525 2222 562 idest
2239 533 2457 574 ventorum,

1394 588 1559 624 quorum
1589 576 1798 614 differentia
1827 577 2028 614 attenditur
2063 578 2273 615 secundum
2304 579 2459 616 diversi-

1393 635 1508 665 tatem
1538 637 1671 667 terrae.
1693 630 1870 667 Similiter
1893 630 1941 667 de
1969 631 2271 679 terraemotibus,
2291 644 2457 680 quorum

1395 681 1507 718 etiam
1522 681 1542 703 '¹‘
1571 694 1707 719 causae
1727 683 1964 731 assignantur
1993 696 2038 721 ex
2068 683 2218 721 diversa
2239 684 2365 733 specie
2386 692 2456 722 ter-

1394 746 1474 780 rae;
1505 742 1541 770 et
1569 735 1617 771 de
1646 736 1825 773 omnibus
1853 749 1951 785 quae
1979 737 2076 774 fiunt
2099 738 2309 774 secundum
2330 745 2458 775 motus

1392 787 1541 832 horum,
1562 787 1659 824 idest
1685 797 1889 826 ventorum
1910 798 1946 826 et
1973 798 2284 827 terraemotuum.
2307 792 2350 827 In
2378 791 2458 840 qui-

1394 839 1465 875 bus
1494 851 1572 876 non
1602 841 1732 877 omnia
1750 842 1915 890 perfecte
1936 851 1971 879 et
1990 843 2010 864 ‘¹‘
2037 845 2250 881 secundum
2270 843 2457 881 certitudi-

1393 904 1484 929 nem
1503 893 1650 929 tradere
1669 906 1887 942 possumuS,
1904 896 1971 932 sed
1986 897 2174 945 quaedam
2186 903 2202 927 Ρ
2220 897 2291 934 sub
2312 896 2458 934 dubita-

1393 945 1494 982 tione
1524 946 1792 995 relinquemus,
1813 948 1862 984 ad
1881 956 2083 998 utramque
2102 958 2250 998 partem
2270 949 2456 987 rationem

1392 998 1631 1036 inducentes:
1661 999 1699 1036 in
1719 1000 1948 1047 quibusdam
1970 1014 2063 1038 vero
2082 1003 2282 1040 veritatem
2303 1003 2457 1051 attinge-

1391 1064 1478 1089 mus
1506 1052 1633 1101 aliquo
1663 1053 1794 1090 modo.

1447 1106 1481 1142 8.
1522 1106 1668 1152 Quarto
1710 1106 1786 1143 ibi:
1829 1108 1963 1144 Adhuc
2003 1114 2127 1146 autem
2168 1109 2214 1146 de
2242 1109 2455 1157 fulminum

1391 1170 1480 1195 casu
1511 1166 1593 1206 etc„
1615 1166 1814 1196 enumerat
1833 1172 1878 1196 ea
1897 1173 1995 1208 quae
2017 1173 2061 1198 ex
2075 1161 2095 1184 '¹‘
2122 1162 2198 1198 alto
2216 1161 2256 1199 in
2275 1162 2454 1199 infimum

1391 1211 1639 1258 descendunt,
1662 1223 1707 1248 ex
1725 1212 1848 1249 ventis
1869 1221 2031 1261 causata,
2053 1214 2197 1252 dicens:
2226 1215 2363 1252 Adhuc
2391 1227 2456 1252 au-

1390 1271 1467 1301 tem
1488 1264 1660 1302 dicemus
1681 1264 1728 1301 de
1744 1277 1833 1302 casu
1850 1266 2051 1303 fulminum
2072 1275 2108 1304 et
2126 1268 2359 1317 typhonibus
2375 1268 2454 1317 (qui

1391 1317 1567 1354 dicuntur
1593 1318 1779 1366 siphones)
1805 1324 1831 1364 ⁶,
1861 1327 1897 1356 et
1920 1319 2202 1358 incensionibus
2230 1333 2328 1369 quae
2358 1321 2456 1358 circa

1390 1370 1611 1408 huiusmodi
1631 1372 1821 1419 typhones
1837 1372 2023 1420 accidunt,
2046 1382 2082 1410 et
2100 1374 2180 1411 aliis
2201 1374 2453 1424 circularibus,

1391 1436 1656 1473 quaecumque
1676 1432 1832 1473 propter
1852 1427 2156 1473 coagulationem
2177 1427 2353 1464 accidunt
2370 1441 2454 1477 pas-

1391 1477 1516 1514 siones
1545 1477 1717 1526 ipsorum
1747 1490 1965 1526 corporum,
1996 1479 2135 1517 scilicet
2164 1481 2452 1519 elementorum.

1390 1530 1490 1567 Dicit
1509 1538 1637 1567 autern
1665 1531 1752 1577 hoc,
1773 1531 1862 1579 quia
1881 1533 2070 1581 typhones
2090 1545 2136 1569 ex
2164 1533 2322 1570 materia
2351 1547 2455 1571 com-

1389 1591 1501 1632 pacta
1537 1591 1764 1631 generantur
1802 1596 1890 1621 eum
1928 1585 2095 1632 quadam
2134 1586 2318 1623 rotatione
2345 1593 2381 1634 τ;
2420 1595 2455 1624 et

1390 1637 1509 1673 multa
1528 1636 1600 1673 alia
1619 1636 1753 1673 similia
1777 1637 1951 1674 accidunt
1970 1639 2213 1687 typhonibus,
2236 1652 2280 1676 ex
2298 1641 2455 1677 materia

1390 1690 1653 1738 coagulatione
1674 1698 1885 1739 compacta,
1903 1704 1991 1728 cum
2011 1692 2180 1740 quadam
2200 1693 2453 1730 circulatione.

1389 1743 1459 1780 Vel
1483 1750 1608 1791 potest
1627 1743 1701 1779 hoc
1721 1744 1848 1780 referri
1867 1744 1915 1781 ad
1935 1744 2070 1782 iridem
2091 1753 2127 1782 et
2145 1746 2324 1783 halonem
2344 1747 2456 1794 (idest

1391 1796 1573 1833 circulum
1603 1796 1859 1833 continentem
1885 1798 2006 1834 solem
2027 1806 2062 1835 et
2080 1799 2210 1836 lunam
2240 1807 2276 1836 et
2303 1800 2453 1847 stellas),

1390 1862 1489 1898 quae
1510 1849 1685 1886 accidunt
1704 1862 1749 1887 ex
1774 1851 2079 1888 reverberatione
2100 1852 2293 1889 radiorum
2322 1852 2369 1890 ad
2390 1853 2453 1889 ali-

1391 1915 1508 1952 quam
1538 1902 1736 1940 materiam
1765 1903 1926 1952 spissam
1945 1904 1976 1941 ²¹².

1445 1969 1480 2004 9.
1502 1955 1651 1993 Deinde
1681 1969 1769 1993 cum
1790 1957 1893 1994 dicit:
1922 1958 2228 1995 Pertranseuntes
2256 1965 2381 1996 autem
2410 1960 2455 1996 de

1391 2009 1448 2046 his
1477 2017 1559 2056 etc„
1581 2009 1688 2058 ponit
1708 2010 1755 2046 de
1776 2022 1853 2058 quo
1875 2018 1987 2048 restat
2006 2011 2197 2059 agendum
2218 2011 2255 2048 in
2276 2012 2378 2048 libris
2398 2025 2454 2049 se-

1392 2062 1595 2111 quentibus
1610 2068 1634 2099 ⁰.
1657 2063 1705 2099 Et
1734 2062 1822 2100 dicit
1849 2064 1954 2112 quod
1979 2072 2184 2113 postquam
2203 2065 2454 2114 pertransive-

1392 2116 1510 2152 rimus
1540 2115 1586 2152 de
1615 2116 1673 2152 his
1692 2128 1791 2164 quae
1813 2117 1909 2153 dicta
1929 2126 2025 2165 sunt,
2046 2126 2136 2155 tunc
2156 2118 2452 2167 speculabimur,

1392 2169 1606 2206 secundum
1625 2177 1799 2206 nostrum
1818 2182 1944 2218 posse,
1971 2171 2090 2208 modo
2117 2171 2271 2208 inducto
2296 2171 2334 2208 in
2353 2171 2454 2209 libris

1392 2221 1720 2271 praecedentibus,
1742 2222 1883 2260 scilicet
1901 2236 1978 2260 non
1994 2232 2141 2261 tantum
2161 2224 2353 2262 recitando
2374 2225 2454 2274 opi-

1392 2275 1526 2312 niones
1546 2275 1708 2312 aliorum
1728 2276 1795 2313 sed
1816 2276 1929 2313 etiarn
1950 2289 2082 2314 causas
2104 2277 2329 2326 inquirendo
2350 2283 2376 2324 t,
2406 2278 2453 2315 de

1392 2328 1616 2365 animalibus
1637 2336 1673 2365 et
1690 2329 1837 2377 plantis,
1860 2337 1895 2367 et
1914 2330 1952 2367 in
1970 2330 2174 2368 universali
2190 2338 2226 2367 et
2241 2331 2453 2368 secundum

1392 2381 1558 2429 singulas
1587 2381 1744 2430 species.
1776 2383 1825 2419 Et
1851 2389 1942 2419 tunc
1960 2383 2036 2420 fere
2067 2384 2135 2421 erit
2161 2383 2248 2421 finis
2276 2383 2453 2421 scientiae

1393 2435 1583 2481 naturalis,
1601 2447 1716 2484 quam
1735 2448 1758 2471 a
1775 2435 1961 2485 principio
1978 2437 2160 2485 elegimus
2179 2437 2339 2474 tradere.
2356 2437 2455 2474 Dicit

1393 2495 1521 2525 autem
1539 2489 1642 2536 fere,
1663 2488 1753 2536 quia
1771 2501 1851 2526 non
1879 2489 2009 2526 omnia
2027 2490 2210 2527 naturalia
2229 2491 2276 2527 ab
2297 2490 2454 2527 homine

1393 2541 1571 2588 cognosci
1599 2548 1769 2590 possunt.

1442 2699 1472 2735 π)
1493 2704 1582 2726 terrae
1601 2701 1758 2726 rationibus.
1775 2715 1794 2721 —-
1812 2704 1901 2727 terrae
1920 2702 2054 2734 quondam
2074 2702 2222 2727 rationibus
2240 2703 2294 2727 AB.
2309 2717 2328 2722 -
2340 2703 2390 2727 Pro
2403 2703 2458 2735 spi·

1389 2736 1500 2765 rituum,
1518 2737 1718 2769 sphaericorum
1738 2737 1773 2767 B;
1793 2745 1841 2770 pro
1860 2740 2007 2766 ventorum,
2027 2740 2133 2762 ventum
2151 2738 2193 2762 vel
2213 2738 2298 2763 ventis
2315 2739 2370 2763 ΑΒ.

1443 2771 1469 2805 ρ)
1487 2772 1535 2797 sed
1553 2772 1693 2804 quaedam.
1706 2785 1725 2792 —·
1737 2773 1785 2797 sed
1802 2772 1946 2798 secundum
1965 2772 2096 2805 quaedam
2116 2780 2184 2805 quae
2202 2773 2231 2798 B.
2245 2788 2264 2792 -
2279 2773 2306 2797 ln
2324 2772 2368 2797 fin.
2383 2781 2455 2798 num.

1389 2808 1433 2832 AB
1453 2808 1554 2839 legunt:
1574 2810 1600 2832 et
1618 2808 1775 2840 quibusdam
1796 2815 1858 2832 vero
1876 2808 1988 2841 attingit
2005 2808 2095 2839 aliquo
2115 2808 2193 2832 modo
2213 2809 2360 2833 veritatem.

1443 2841 1469 2876 σ)
1488 2843 1619 2875 siphones.
1631 2857 1651 2862 -
1664 2843 1700 2868 Ita
1720 2844 1878 2868 correximus
1894 2843 1978 2875 sciphi
1990 2844 2034 2867 AB
2042 2851 2048 2873 ;
2063 2843 2095 2869 cf.
2109 2844 2326 2876 olympiodorum
2346 2844 2372 2868 in
2384 2843 2453 2868 hunc

1389 2879 1484 2909 locum,
1495 2878 1542 2903 hos
1552 2881 1642 2903 autem
1654 2878 1788 2912 typhonas
1797 2881 1823 2903 et
1832 2879 1957 2910 siphonas
1967 2879 2109 2910 appellant,
2124 2879 2196 2911 quod
2204 2879 2310 2911 saepius
2319 2882 2346 2904 et
2355 2886 2452 2911 aquam

1389 2914 1474 2946 ipsam
1499 2917 1649 2938 contortam
1678 2914 1814 2946 arripiant
1839 2911 2038 2947 (olympiodori
2067 2913 2216 2945 Philosophi
2241 2913 2403 2939 Alexandrini
2428 2914 2454 2938 in

1388 2947 1502 2974 Meteora
1525 2949 1671 2974 Aristotelis
1696 2949 1894 2978 Commentarii.
1913 2950 1978 2973 Ven.
1996 2948 2070 2980 1551,
2090 2949 2134 2973 fol.
2148 2948 2186 2982 4).
2206 2949 2243 2973 Pa
2261 2948 2358 2973 habent
2376 2949 2452 2980 ciphi.

1389 2985 1471 3009 Porro
1490 2984 1555 3008 inter
1573 2984 1619 3017 qui
1637 2990 1663 3009 et
1681 2984 1808 3009 dicuntur
1826 2985 1848 3008 A
1867 2984 1971 3016 reliquit
1989 2984 2100 3016 spatium
2121 2983 2268 3016 quindecim
2292 2984 2432 3008 litterarum
2442 2993 2449 3015 ;

1388 3025 1456 3044 certe
1469 3020 1566 3052 aliquid
1581 3020 1662 3050 deest,
1678 3020 1770 3044 saltem
1784 3020 1931 3044 addendum
1943 3018 2044 3043 videtur
2057 3019 2172 3044 etium.-
2183 3019 2234 3042 Pro
2247 3019 2448 3048 incensionibus,

1388 3055 1421 3080 de
1439 3055 1656 3087 impressionibus
1672 3055 1704 3085 A,
1725 3055 1796 3087 quod
1808 3055 1828 3079 B
1847 3055 1947 3079 videtur
1966 3053 2116 3078 contrahere
2135 3054 2160 3078 in
2180 3054 2385 3085 dempsionibus.

1442 3090 1467 3124 τ)
1487 3090 1628 3120 rotatione.
1647 3103 1665 3109 —
1683 3093 1709 3114 et
1728 3090 1853 3114 inducere
1871 3089 1929 3114 add.
1948 3089 2005 3120 AB,
2025 3089 2096 3121 quod
2115 3090 2187 3113 cuius
2207 3089 2336 3122 corruptio
2356 3090 2389 3113 sit
2407 3097 2453 3114 ne-

1387 3133 1493 3150 scimus.

1440 3160 1465 3195 υ)
1485 3161 1565 3193 ponit
1590 3161 1623 3185 de
1646 3168 1731 3192 quo...
1750 3159 1924 3192 sequentibus.
1942 3172 1961 3178 —-
1978 3159 2095 3184 ostendit
2117 3159 2218 3192 quid
2236 3159 2452 3191 subsequentibus

1385 3197 1439 3220 AB.
1457 3211 1476 3214 —
1494 3197 1544 3220 Pro
1559 3198 1711 3228 postquam,
1726 3195 1817 3227 primo
1835 3194 1942 3226 quando
1961 3194 2006 3219 Pa.

1439 3230 1468 3264 φ)
1488 3231 1621 3256 scilicet...
1641 3230 1807 3262 inquirendo.
1826 3243 1846 3248 -
1863 3229 1961 3254 scilicet
1980 3236 2031 3254 non
2056 3229 2193 3255 recitando
2208 3233 2312 3254 tantum
2325 3230 2373 3255 sed
2386 3237 2450 3255 cau-

1385 3274 1428 3291 sas
1448 3266 1605 3299 inquirendo
1619 3266 1673 3291 AB.
1686 3279 1705 3284 -
1722 3269 1749 3290 et
1761 3270 1819 3289 ante
1834 3265 1859 3289 in
1886 3265 2031 3289 universali
2049 3272 2102 3289 om.
2123 3265 2174 3295 Ρα,·
2193 3273 2241 3298 pro
2256 3265 2292 3290 Et
2314 3269 2376 3291 tunc
2389 3266 2452 3300 sere

1385 3302 1445 3326 erit.
1460 3301 1495 3326 Et
1510 3304 1574 3333 post
1593 3308 1634 3325 res
1647 3301 1709 3334 fere
1727 3307 1782 3325 esse
1801 3300 1831 3329 A,
1852 3300 1887 3324 Et
1901 3303 1991 3332 potest
2010 3301 2111 3333 referre
2129 3307 2185 3325 esse
2203 3301 2232 3325 Β.

882 3452 1837 3507 -ῇώῆζᾋῷῥῇ

2486 696 2494 703 ·
2510 696 2533 715 et
2546 701 2567 721 Α,
2583 701 2631 716 om.
2641 702 2664 716 Β.

2485 854 2495 863 “
2510 855 2533 874 et
2547 860 2595 875 om.
2611 860 2633 875 Α.

2484 1170 2537 1191 ‘ab
2551 1176 2589 1192 AB.

2482 1913 2492 1923 ⁸
2500 1913 2600 1940 spissam
2615 1919 2664 1935 om.
2673 1920 2694 1935 r.
