2690 4062
38 755 49 766 ⁸
66 760 113 776 non
127 760 174 776 orn.
183 760 221 775 ca.

37 799 49 811 '¹
63 800 112 821 nisi
133 804 179 820 om.
196 799 247 820 cab.

772 274 843 310 DE
872 271 1258 310 GENERATIONE
1287 271 1359 307 ET

278 360 426 386 mentum
442 362 510 384 non
525 359 574 384 est
588 349 807 390 manifestum,
825 349 996 394 quomodo
1019 348 1143 382 accidat
1168 347 1335 391 generatio

277 404 310 429 et
330 396 495 439 corruptio
519 403 552 428 et
573 394 719 428 alteratio
739 395 773 427 in
796 393 948 426 omnibus
972 391 1100 426 entibus
1123 390 1334 424 naturalibus.

278 439 342 473 Sed
364 440 574 473 Democritus
590 447 623 472 et
645 438 833 482 Leucippus
854 445 993 481 possunt
1015 436 1178 478 assignare
1203 445 1334 467 causam

276 484 494 528 generationis
505 491 538 516 et
546 483 763 526 corruptionis
774 492 842 514 non
851 480 960 513 solum
972 480 1160 518 mixtorum,
1170 477 1227 511 sed
1236 478 1334 511 etiam

276 536 417 572 quatuor
439 527 694 566 elementorum,
711 537 750 558 ex
766 523 957 568 corporibus
973 521 1239 562 indivisibilibus;
1257 522 1334 566 quia

276 571 457 604 secundum
480 571 560 603 istos
580 570 751 604 'diversitas
767 570 905 601 istorum
922 577 1110 610 corporum,
1126 574 1193 599 tam
1209 565 1332 609 simpli-

277 616 364 648 cium
387 626 487 659 quam
502 615 691 653 mixtorum,
712 620 861 645 causatur
884 623 923 644 ex
947 610 1130 644 diversitate
1155 621 1332 654 corporum

276 668 473 699 atomorum,
497 669 579 702 quae
596 656 748 691 differunt
771 656 947 699 positione,
971 654 1096 695 ordine,
1120 662 1152 686 et
1167 653 1283 695 forma,
1300 661 1332 686 et

275 702 393 746 figura,
417 703 501 735 sicut
523 701 641 735 dicitur
659 701 693 733 in
717 701 733 733 I
755 699 923 744 Metaphys.
949 697 1166 742 Empedocles
1189 709 1269 731 vero
1293 709 1332 731 ex

275 747 326 780 sui
349 746 512 788 positione
535 756 603 778 non
625 744 641 761 *
688 752 773 777 otest
802 743 878 776 dare
902 753 1033 775 causam
1055 742 1276 786 generationis
1300 749 1332 774 et

275 790 504 834 corruptionis,
520 788 607 821 nisi*
620 799 657 821 so
672 799 728 821 um
741 788 880 820 istorum
895 787 1075 819 mixtorum
1089 797 1194 830 usque
1210 785 1250 819 ad
1268 785 1330 819 ele-

274 842 393 867 menta.
414 834 512 866 Ponit
534 833 622 866 enim
637 831 698 864 alia
716 830 785 864 fieri
802 842 841 864 ex
857 839 998 875 quatuor
1018 829 1199 870 elementis,
1223 829 1280 863 sed
1297 830 1331 862 in

274 878 442 911 elementis
466 887 532 910 non
555 884 663 920 potest
686 875 761 908 dare
790 885 921 908 causam
950 874 1169 918 generationis
1197 882 1230 906 et
1257 885 1330 906 cor-

273 922 443 965 ruptionis
460 921 539 954 Non
555 920 643 953 enim
659 919 771 963 posuit
787 918 848 951 alia
864 918 1026 952 elementa
1041 918 1150 962 priora
1165 918 1235 951 istis
1252 928 1329 962 qua-

273 974 350 998 tuor
372 964 557 1004 elementis3
581 963 668 996 unde
683 974 752 996 non
771 970 880 1006 potest
904 961 1010 996 dicere
1026 970 1160 1006 propter
1176 961 1255 1006 quid
1277 961 1330 994 vel

273 1008 442 1053 quomodo
465 1016 660 1052 generentur
682 1018 722 1040 ex
744 1006 826 1047 aliis,
850 1014 908 1039 aut
931 1014 1181 1050 corrumpantur
1201 1006 1236 1038 in
1257 1004 1327 1038 alia.

317 1063 347 1095 9.
358 1052 486 1086 Deinde
499 1063 574 1084 cum
586 1051 681 1084 dicit:
699 1051 842 1084 Similiter
853 1056 954 1084 autem
965 1050 1097 1084 aliorum
1108 1050 1243 1083 omnium
1255 1058 1328 1090 etc.,

273 1104 438 1140 comparat
462 1095 844 1140 opinionem.Leucippi
875 1094 916 1127 ad
946 1095 1138 1138 opinionem
1170 1093 1327 1127 Platonis.

272 1141 314 1174 Et
335 1140 443 1184 primo
466 1151 566 1184 penes
590 1139 863 1179 convenientiam,
887 1137 998 1172 dicens
1023 1137 1123 1182 quod,
1141 1139 1225 1171 sicut
1244 1140 1328 1171 Leu-

271 1185 386 1228 cippus
410 1192 518 1228 potest
541 1183 616 1217 dare
640 1194 772 1216 causam
818 1183 1015 1216 enerationis
1031 1183 1182 1215 omnium
1205 1193 1245 1215 ex
1268 1193 1328 1215 sua

270 1229 445 1272 positione,
459 1229 503 1261 ita
518 1236 551 1261 et
566 1227 669 1268 Plato,
686 1194 870 1261 secundum
887 1226 977 1271 quod
994 1227 1123 1271 scripsit
1137 1227 1171 1260 in
1195 1226 1324 1260 Timaeo.

278 288 325 312 XII

1389 269 1773 307 CORRUPTIONE
1802 270 1897 307 LIB.
1928 271 1943 307 Ι

1440 356 1489 379 10.
1507 345 1662 379 Secundo
1685 357 1762 379 cum
1783 346 1875 380 dicit:
1898 347 2059 381 Intantum
2074 349 2153 382 enim
2168 348 2267 394 differt
2281 357 2354 391 etc„
2391 353 2463 387 onit

1391 390 1624 430 differentiam,
1649 389 1760 423 dicens
1785 390 1890 435 quod,
1914 392 2066 436 quamvis
2090 392 2193 426 Leuci
2218 404 2282 437 pus
2305 402 2339 427 et
2366 362 2461 432 glato

1390 434 1587 467 conveniant
1605 434 1640 466 in
1659 433 1724 467 hoc
1743 434 1835 479 quod
1859 443 1996 479 uterque
2036 437 2126 469 osuit
2150 437 2186 470 in
2209 437 2360 471 ivisibilia
2375 441 2462 484 prin·

1390 479 1621 528 cipia,.tamen
1645 478 1679 510 in
1702 478 1806 512 tribus
1830 478 1995 513 differunt.
2046 480 2133 514 rimo
2163 482 2240 525 quia
2268 481 2459 529 Leucippus

1389 521 1470 555 d1x1t
1492 521 1547 554 illa
1577 521 1787 555 indivisibilia
1809 533 1882 556 esse
1912 534 2053 567 corpora
2075 524 2181 558 solida
2188 536 2198 566 ;
2223 525 2318 559 Plato
2348 537 2460 563 autem

1388 576 1427 598 ea
1450 565 1531 599 dixit
1553 577 1625 598 esse
1640 565 1841 610 superficies.
1860 567 2015 601 Secundo
2031 569 2108 612 quia
2130 567 2255 612 figurae
2278 570 2459 606 indivisibi-

1387 609 1470 642 lium
1494 620 1694 653 corporum,
1721 610 1841 654 quibus
1870 610 2031 655 figuratur
2053 621 2087 646 et
2114 613 2309 648 terminatur
2339 627 2459 650 unum-

1388 653 1545 698 quodque
1562 654 1837 698 compositorum‚
1850 664 1927 688 sunt
1938 655 2085 690 infinitae
2101 656 2190 701 apud
2201 657 2217 675 *
2229 658 2355 704 Leucip
2381 672 2458 702 um;
2485 669 2496 679 ⁸

1387 697 1445 730 sed
1468 697 1652 731 secundum
1676 697 1850 732 Platonem
1874 708 1952 733 sunt
1966 699 2095 734 finitae:
2120 702 2234 745 posuit
2257 703 2346 737 enim
2389 704 2457 739 lato

1386 741 1507 784 figuras
1519 741 1737 785 triangulares
1753 754 1826 776 esse
1849 744 1971 788 primas
1988 745 2141 778 omnium
2163 745 2355 790 figurarum,
2372 760 2456 794 quae

1386 784 1497 818 finitae
1520 794 1606 819 sunt.
1627 785 1746 820 Tertio
1769 786 1936 829 differunt,
1953 789 2030 840 quia
2053 800 2130 822 cum
2153 799 2292 835 uterque
2316 792 2457 827 istorum

1386 829 1473 880 dicat
1495 830 1743 873 generationem
1767 839 1800 864 et
1827 841 2076 876 corruptionem
2098 833 2168 868 fieri
2192 846 2252 879 per
2274 842 2456 882 congrega·

1386 882 1512 906 nonem
1536 882 1569 906 et
1591 874 1854 918 segregationem
1877 885 2083 919 atomorum,
2106 878 2292 913 secundum
2315 880 2456 926 Leucip-

1384 929 1467 961 pum
1490 926 1586 951 erunt
1609 917 1678 951 duo
1700 919 1793 953 modi
1815 919 1935 964 quibus
1958 920 1995 954 fit
2019 922 2104 955 actio
2127 931 2162 956 et
2184 923 2306 967 passio,
2332 924 2457 960 scilicet

1385 972 1444 1005 per
1466 969 1591 995 tactum
1613 973 1633 995 a
1657 962 1741 996 entis
1764 971 1796 996 et
1811 964 1976 1007 patientis,
1991 973 2025 999 et
2047 977 2106 1010 per
2124 978 2280 1008 vacuum,
2298 969 2391 1013 quod
2405 978 2456 1004 est

1384 1016 1506 1049 porus;
1530 1017 1632 1039 secun
1656 1018 1714 1040 um
1738 1007 1912 1042 Platonem
1935 1020 2015 1043 vero
2039 1011 2101 1044 erit
2123 1019 2252 1045 tantum
2275 1024 2363 1046 unus
2386 1025 2456 1048 mo-
2483 1009 2487 1012 Δ

1385 1049 1457 1090 dus,
1476 1049 1600 1088 scilicet
1615 1061 1675 1095 per
1698 1059 1898 1093 contactum,
1914 1061 1948 1086 et
1969 1064 2040 1087 non
2055 1065 2115 1098 per
2128 1066 2282 1090 vacuum.
2299 1057 2455 1092 Vacuum

1383 1094 1473 1127 enim
1489 1093 1673 1128 secundum
1696 1106 1775 1129 eum
1790 1106 1860 1130 non
1879 1105 1929 1130 est
1952 1097 1992 1131 de
2011 1097 2028 1115 ¹*
2042 1098 2295 1134 indivisibilibus
2318 1112 2358 1135 su
2383 1101 2455 1137 erfi—
2483 1113 2492 1122 ·

1384 1137 1506 1179 ciebus,
1523 1147 1560 1171 ut
1579 1138 1595 1156 *
1611 1138 1738 1173 dictum
1756 1147 1807 1174 est
1829 1141 1864 1174 in
1887 1141 1939 1175 ΙΙΙ
1954 1141 1989 1176 de
2007 1142 2099 1176 Caelo
2115 1149 2143 1176 et
2163 1143 2294 1178 Mundo.
2312 1164 2332 1170 -
2386 1145 2456 1188 uod

1383 1190 1494 1233 autem
1517 1183 1681 1227 contingit
1702 1183 1810 1218 dicere
1833 1184 1875 1219 de
1898 1184 2152 1221 indivisibilibus
2176 1188 2382 1234 corporibus,
2405 1200 2456 1224 re-

1382 1225 1550 1271 hnquatur
1572 1238 1672 1262 nunc.
