2782 4134
136 379 146 388 ¹
162 376 231 398 etiam
245 382 266 398 Ρ.

377 291 448 328 168
1061 287 1132 323 DE
1162 283 1337 322 CAELO
1367 284 1438 320 ET

426 382 461 418 9.
481 368 810 406 Considerandum
831 373 885 403 est
904 365 1063 402 autem*
1081 363 1185 412 quod
1206 375 1320 399 causa
1338 361 1432 398 illius

373 422 596 460 diversitatis
624 433 721 470 quae
754 420 792 457 in
820 418 1019 468 superficie
1057 418 1168 453 lunae
1203 422 1379 463 apparet,
1410 427 1432 451 a

373 475 530 514 diversis
570 473 824 513 diversimode
861 471 1079 519 assignatur.
1123 467 1292 515 Quidam
1330 467 1432 504 enim

326 548 328 555 v
373 528 501 566 dicunt
528 528 633 576 quod
661 539 774 564 causa
810 525 906 562 illius
939 521 1164 561 diversitatis
1193 527 1249 557 est
1276 520 1432 568 aliquod

372 593 510 630 corpus
546 580 810 629 interpositum
846 577 942 614 inter
973 588 1044 612 nos
1073 581 1108 611 et
1135 574 1286 621 lunam,
1327 573 1432 622 quod

370 634 547 682 prohibet
564 646 635 670 nos
663 645 711 669 ne
738 631 936 668 videamus
964 627 1126 664 totaliter
1153 626 1359 663 claritatem
1375 628 1431 664 lu-

371 699 459 732 nae;
488 686 589 723 unde
615 697 659 722 ex
685 685 745 721 illa
771 690 875 732 parte
895 693 971 729 qua
997 681 1095 717 inter
1111 679 1239 718 visum
1259 687 1432 717 nostrum

371 747 407 776 et
430 740 560 777 lunam
588 738 874 786 interponuntur
891 733 1112 771 huiusmodi
1131 745 1305 782 corpora,
1325 733 1431 771 vide-

370 800 430 829 tur
458 805 538 829 esse
567 790 754 841 quaedam
783 787 1008 834 obscuritas,
1039 799 1086 824 ex
1115 799 1162 824 eo
1190 787 1296 835 quod
1326 787 1431 824 clari-

370 852 484 882 tatem
502 846 613 882 lunae
632 850 644 864 ⁷
663 843 701 880 in
718 842 779 879 illa
798 848 904 890 parte
923 853 1002 878 non
1019 840 1242 878 videmus.-
1259 840 1336 877 Sed
1354 841 1431 878 hoc

368 910 446 935 non
472 905 595 946 potest
622 908 725 933 esse:
754 894 842 943 quia
870 893 962 931 illud
990 906 1129 943 corpus
1166 893 1431 942 interpositum

367 950 463 987 inter
489 963 559 987 nos
585 957 621 986 et
638 949 780 995 lunam,
800 945 878 984 non
903 946 1042 984 eodem
1071 946 1191 984 modo
1215 946 1431 995 interpone-

367 1010 467 1040 retur
480 1003 575 1040 inter
592 1003 721 1039 lunam
741 1008 778 1037 et
795 1000 924 1038 visum
942 1000 1109 1037 hominis
1128 1000 1167 1036 in
1187 1011 1429 1048 quacumque

365 1063 470 1105 parte
488 1055 636 1101 mundi;
659 1062 694 1091 et
712 1054 763 1091 ita
781 1066 860 1091 non
874 1053 1066 1091 videretur
1085 1052 1215 1090 similis
1236 1052 1430 1101 dispositio

365 1110 404 1146 in
431 1109 519 1145 luna
547 1120 591 1145 ex
610 1107 717 1145 omni
743 1114 850 1156 parte
878 1106 1029 1152 mundi;
1051 1106 1146 1143 sicut
1173 1118 1252 1142 non
1278 1105 1430 1143 videtur

365 1161 493 1199 similis
522 1160 715 1210 dispositio
745 1160 892 1209 eclipsis
920 1159 1051 1197 solaris
1081 1171 1126 1196 ex
1145 1158 1325 1196 omnibus
1344 1171 1430 1208 par-

364 1214 463 1251 tibus
488 1214 632 1261 mundi,
653 1225 698 1250 ex
725 1213 1011 1262 interpositione
1039 1213 1151 1249 lunae
1180 1212 1278 1249 inter
1304 1213 1427 1249 solem

363 1274 399 1303 et
425 1267 551 1304 visum
577 1274 761 1304 nostrum.
783 1266 901 1313 Quod
929 1266 1026 1303 circa
1044 1265 1278 1315 praedictam
1308 1265 1429 1302 diver-

363 1320 510 1357 sitatem
538 1320 649 1357 lunae
678 1331 756 1357 non
785 1319 940 1357 accidit:
969 1331 1060 1356 nam
1089 1318 1259 1356 similiter
1280 1318 1430 1356 videtur

363 1385 407 1410 ex
435 1373 611 1410 omnibus
629 1373 799 1422 partibus
827 1379 961 1419 terrae,
982 1372 1063 1410 sive
1083 1371 1327 1409 orientalibus
1346 1371 1427 1410 sive

362 1425 676 1473 occidentalibus,
712 1426 792 1464 sive
826 1425 1049 1463 australibus
1087 1425 1168 1462 sive
1196 1424 1425 1463 borealibus.

413 1478 486 1516 Alii
521 1491 616 1516 vero
655 1479 783 1516 dicunt
819 1478 925 1528 quod
961 1477 1179 1515 huiusmodi
1218 1478 1427 1516 obscuritas

361 1544 547 1581 apparens
565 1532 604 1569 in
623 1533 723 1580 luna,
745 1540 802 1569 est
824 1531 1016 1580 quaedam
1045 1531 1249 1569 similitudo
1270 1531 1427 1569 alicuius

363 1585 543 1634 corporis,
559 1593 650 1634 puta
668 1594 787 1623 terrae
808 1593 872 1622 aut
890 1586 1005 1623 maris
1021 1592 1085 1622 aut
1103 1585 1306 1633 montium,
1327 1597 1426 1634 quae

361 1639 513 1675 resultat
548 1639 587 1676 in
619 1639 709 1676 luna
738 1639 787 1676 ad
814 1639 976 1676 modum
1006 1651 1083 1687 quo
1113 1639 1266 1676 resultat
1302 1639 1427 1676 forma

360 1691 399 1729 in
427 1692 593 1740 speculo.
610 1713 634 1720 -
654 1693 703 1730 Et
730 1693 805 1730 hoc
834 1692 946 1729 etiam
983 1691 1120 1729 tollitur
1155 1703 1225 1741 per
1262 1692 1426 1730 eandem

360 1744 556 1783 rationem.
587 1745 687 1792 Quia
714 1745 744 1783 si
771 1745 992 1782 huiusmodi
1025 1745 1171 1782 formae
1204 1745 1242 1782 in
1270 1746 1425 1794 speculo

359 1795 606 1836 viderentur*
625 1811 670 1836 ex
698 1798 864 1848 quadam
901 1798 1106 1835 reflexione
1134 1798 1339 1836 visualium
1368 1811 1425 1836 ra-

361 1850 521 1899 diorum,
546 1853 608 1889 vel
637 1852 750 1889 etiam
779 1852 990 1889 formarum
1017 1851 1242 1900 visualium,
1272 1864 1350 1889 non
1379 1865 1425 1889 ex

360 1904 466 1941 omni
493 1913 597 1953 parte
626 1912 745 1942 terrae
774 1905 903 1942 similis
932 1905 1129 1943 diversitas
1163 1913 1363 1955 appareret
1388 1906 1426 1943 in

359 1957 463 2006 luna,
494 1958 588 1995 sicut
616 1971 686 1995 nec
715 1959 837 1995 forma
857 1958 895 1995 in
924 1959 1078 2007 speculo
1107 1966 1265 2008 apparet
1292 1971 1425 1996 secun-

360 2010 452 2047 dum
489 2011 653 2048 eandem
691 2011 979 2061 dispositionem
1014 2011 1184 2060 undique
1213 2011 1425 2060 aspicienti:

359 2063 447 2112 quia
475 2064 630 2102 reflexio
658 2065 701 2102 fit
728 2065 777 2102 ad
809 2066 893 2102 loca
921 2065 1181 2113 determinata,
1212 2065 1425 2103 secundum

358 2117 646 2165 proportionem
676 2130 881 2167 corporum
911 2119 959 2156 ad
987 2131 1085 2167 quae
1113 2119 1156 2156 fit
1179 2119 1346 2156 reflexio.
1376 2120 1426 2157 Et

359 2178 554 2218 praeterea
568 2176 581 2192 ⁰
596 2171 809 2209 secundum
827 2172 902 2209 hoc
927 2172 1021 2209 ratio
1040 2171 1250 2209 Aristotelis
1265 2185 1343 2210 non
1357 2185 1424 2210 va-

358 2224 466 2260 leret:
481 2223 570 2273 quia
588 2232 718 2273 posset
736 2225 808 2263 dici
827 2225 931 2274 quod
952 2237 1106 2274 semper
1123 2225 1205 2262 talis
1225 2225 1424 2263 diversitas

359 2284 515 2326 apparet
541 2278 652 2315 nobis
679 2278 719 2315 in
746 2279 850 2326 luna,
881 2291 959 2315 non
987 2278 1076 2328 quia
1104 2291 1257 2328 semper
1286 2279 1422 2317 eadem

411 2433 434 2466 ν)
453 2434 603 2459 claritatem
622 2435 793 2460 hanua-Pro
812 2435 899 2465 lunae,
915 2436 986 2468 quod
1004 2443 1057 2460 om.
1071 2435 1101 2465 Ε,
1114 2436 1210 2461 habere
1225 2436 1244 2461 Ρ
1258 2440 1283 2461 et
1296 2441 1345 2462 cet.
1365 2444 1420 2461 exc.

357 2469 390 2493 A.
402 2482 421 2487 -
439 2468 496 2494 Lin.
514 2477 570 2502 seq.
589 2477 635 2502 pro
654 2477 722 2499 esse,
742 2473 815 2495 stare
834 2471 908 2495 codd.
923 2485 940 2489 -
958 2471 1046 2496 Altera
1065 2471 1109 2496 lin.
1129 2478 1176 2503 pro
1195 2470 1419 2503 interponeretur,

359 2504 538 2536 interponitur
551 2505 579 2529 P.
593 2519 612 2524 -
630 2505 666 2530 Ibi
684 2505 753 2530 sicut
778 2513 829 2530 non
855 2506 968 2535 videtur,
989 2507 1008 2530 P
1026 2506 1066 2531 sic
1085 2506 1170 2539 igitur
1182 2513 1234 2531 non
1249 2506 1364 2532 videtur.

413 2537 435 2571 ξ)
455 2539 618 2565 viderentur.
630 2554 649 2559 —
667 2541 792 2566 videntur
811 2541 886 2566 codd.
905 2549 960 2566 exc.
978 2542 1008 2566 E.
1029 2541 1048 2566 Ρ
1063 2542 1146 2574 pergit
1164 2538 1195 2566 ee*
1211 2541 1328 2574 quadam
1343 2542 1422 2575 reflu-

358 2573 448 2599 xione.
469 2588 488 2593 —
508 2575 571 2600 Post
588 2583 667 2600 unam
692 2576 786 2601 lineam
810 2584 858 2609 pro
876 2579 1034 2608 appareret,
1054 2577 1124 2608 quod
1148 2576 1259 2609 legimus
1279 2584 1337 2601 cum
1356 2577 1378 2601 D
1398 2581 1424 2602 et

359 2609 400 2634 ed.
423 2608 497 2639 1516,
516 2614 629 2642 apparet
646 2611 666 2635 P
685 2616 711 2636 et
729 2616 777 2636 cet.

413 2643 438 2678 ο)
459 2645 495 2670 Et
508 2649 660 2677 praeterea.
671 2660 691 2665 --
707 2646 742 2671 Et
752 2650 899 2678 propterea
914 2647 942 2676 Ρ,
962 2655 1014 2671 non
1032 2646 1111 2678 bene;
1126 2655 1187 2672 nam
1201 2646 1242 2672 hic
1261 2647 1363 2673 additur
1377 2647 1426 2673 alia

360 2679 424 2704 ratio
443 2680 475 2704 ad
493 2681 684 2706 ostendendum
703 2682 774 2715 quod
789 2692 802 2706 ι
816 2682 949 2707 diversitas
968 2682 994 2707 in
1013 2681 1149 2715 superficie
1168 2683 1244 2708 lunae
1256 2693 1268 2706 ι
1283 2691 1336 2708 non
1350 2683 1427 2708 debet

1466 280 1662 319 MUNDO
1692 281 1787 317 LIB.
1819 281 1851 317 II

1489 360 1569 397 eius
1596 359 1818 408 superficies
1846 358 1892 396 sit
1920 359 1970 396 ad
1991 360 2011 380 *
2039 371 2111 396 nos
2129 370 2345 407 conversa,
2375 360 2442 398 sed
2471 360 2562 408 quia

1488 412 1679 462 quaelibet
1707 412 1786 450 eius
1815 412 2038 462 superficies
2067 424 2113 449 ex
2140 411 2343 461 praedictis
2362 413 2485 450 causis
2504 426 2562 451 re-

1465 465 1575 515 ·cipit
1605 466 1645 503 in
1673 478 1713 503 se
1740 465 1963 503 huiusmodi
2001 465 2287 516 apparentiam,
2326 466 2482 514 quando
2511 467 2561 505 ad

1487 531 1559 556 nos
1588 519 1820 557 convertitur
1837 520 1867 556 *.

1540 573 1590 610 Et
1617 572 1705 611 ideo
1734 572 1797 610 alii
1825 573 1966 621 dicunt,
1989 579 2025 610 et
2047 572 2182 609 melius
2200 577 2231 619 ⁷³,
2262 571 2368 621 quod
2395 571 2478 609 talis
2505 572 2560 610 di-

1486 626 1645 664 versitas
1681 625 1834 664 videtur
1869 626 1913 664 in¹
1945 627 2035 664 luna
2070 633 2228 675 propter
2270 625 2560 674 dispositionem

1487 692 1579 716 suae
1613 679 1864 728 substantiae,
1900 692 1980 717 non
2014 687 2143 717 autem
2176 686 2334 729 propter
2361 679 2561 728 interposi·

1486 732 1632 770 tionem
1669 733 1825 770 alicuius
1863 733 2054 783 corporis,
2082 733 2146 770 vel
2179 744 2465 782 quamcumque
2502 744 2560 769 re-

1486 786 1706 823 flexionem.
1736 787 1786 823 Et
1809 787 1951 824 horum
1971 793 2028 823 est
2047 785 2188 835 duplex
2215 786 2358 835 opinio.
2390 785 2561 833 Quidam

1487 839 1591 876 enim
1619 839 1794 876 dixerunt
1820 840 1926 888 quod
1953 840 2100 877 formae
2129 839 2338 877 effectuum
2358 846 2446 876 sunt
2463 851 2561 888 quo-

1487 892 1700 930 dammodo
1729 892 1768 930 in
1787 893 1864 930 suis
1894 893 2029 940 causis,
2057 892 2109 930 ita
2131 900 2260 930 tamen
2279 893 2387 941 quod
2415 899 2559 942 quanto

1486 945 1614 994 aliqua
1641 957 1755 982 causa
1784 953 1841 983 est
1867 945 2052 995 superior,
2082 953 2187 983 tanto
2217 946 2391 984 diversae
2410 946 2560 984 formae

1486 998 1694 1035 effectuum
1723 1006 1810 1036 sunt
1837 999 1877 1036 in
1906 1011 1952 1036 ea
1978 998 2101 1047 magis
2127 999 2384 1046 uniformiter;
2414 1007 2559 1048 quanto

1484 1063 1580 1088 vero
1601 1059 1657 1088 est
1684 1051 1849 1099 inferior,
1874 1059 1980 1089 tanto
2008 1052 2156 1089 formae
2186 1052 2394 1090 effectuum
2414 1053 2558 1090 suntin

2591 370 2602 382 ⁸
2617 376 2700 393 verm
2711 378 2736 394 Λ.

2587 521 2599 533 ⁴
2604 524 2773 546 convertuntur
2781 530 2782 546 1

1487 1116 1532 1141 ea
1551 1104 1672 1152 magis
1697 1103 1870 1142 distincte
1890 1107 1922 1142 *.
1939 1105 2116 1154 Corpora
2134 1113 2264 1143 autem
2279 1106 2454 1144 caelestia
2473 1113 2560 1144 sunt
2585 1112 2598 1124 ⁶

2588 1169 2599 1179 '
2613 1173 2704 1190 σανα
2714 1174 2738 1190 Α.

1485 1169 1601 1194 causa
1623 1157 1882 1195 *inferiorum
1911 1170 2136 1207 corporum3
2166 1158 2264 1195 inter
2292 1171 2456 1208 corpora
2474 1171 2559 1197 cae-

1484 1210 1592 1247 lestia
1618 1210 1797 1248 infimum
1817 1211 1838 1232 *
1857 1218 1913 1248 est
1939 1211 2048 1258 luna;
2077 1218 2115 1248 et
2132 1210 2221 1248 ideo
2241 1211 2280 1248 in
2298 1212 2403 1261 luna,
2423 1225 2559 1251 secun-

1486 1263 1580 1301 dum
1599 1263 1818 1301 inferiorem
1839 1263 1918 1301 eius
1937 1264 2195 1313 superficiem,
2215 1264 2432 1302 continetur
2450 1266 2560 1314 quasi

1485 1317 1712 1366 exemplaris
1738 1316 1936 1355 diversitas
1961 1329 2169 1366 corporum
2188 1318 2479 1366 generabilium.
2508 1319 2559 1357 Et

1484 1370 1554 1408 ista
1581 1370 1650 1407 fuit
1677 1370 1864 1408 sententia
1892 1370 2102 1408 Iamblichi.

1537 1423 1610 1460 Alii
1637 1436 1732 1461 vero
1763 1424 1894 1461 dicunt
1921 1424 2040 1473 quod,
2073 1423 2160 1462 licet
2187 1437 2353 1475 corpora
2380 1424 2559 1464 caelestia

1483 1477 1557 1514 sint
1584 1477 1735 1514 alterius
1754 1484 1912 1515 naturae
1931 1490 1954 1515 a
1973 1485 2139 1527 quatuor
2157 1478 2366 1527 elementis,
2385 1478 2558 1528 praeexi-

1482 1537 1584 1567 stunt
1611 1538 1742 1568 tamen
1779 1530 1818 1568 in
1855 1531 2081 1580 corporibus
2110 1532 2355 1580 caelestibus,
2385 1531 2483 1570 sicut
2517 1531 2558 1570 in

1483 1583 1617 1631 causis,
1637 1583 1888 1634 proprietates
1907 1585 2206 1632 elementorum3
2234 1597 2316 1624 non
2341 1592 2474 1623 tamen
2491 1597 2558 1623 eo-

1482 1637 1571 1675 dem
1587 1638 1708 1675 modo
1724 1637 1820 1675 sicut
1837 1637 1878 1675 in
1896 1637 2107 1686 elementis,
2122 1638 2192 1676 sed
2206 1639 2379 1688 quodam
2397 1639 2418 1661 ⁴⁸
2435 1639 2558 1676 excel-

1481 1690 1631 1728 lentiori
1650 1691 1783 1729 modo.
1814 1692 1916 1729 Inter
1934 1691 2123 1729 elementa
2142 1699 2272 1730 autem
2288 1693 2308 1714 *²
2328 1704 2555 1742 supremum

1482 1752 1538 1782 est
1565 1744 1673 1793 ignis,
1703 1744 1767 1794 qui
1794 1744 2003 1794 plurimum
2031 1745 2147 1783 habet
2167 1745 2215 1783 de
2243 1746 2346 1794 luce;
2374 1746 2556 1784 infimum

1480 1805 1609 1836 autem
1638 1805 1756 1846 terra,
1786 1810 1885 1848 quae
1919 1798 2124 1836 minimum
2159 1799 2277 1836 habet
2304 1799 2352 1837 de
2379 1800 2477 1838 luce.
2506 1799 2557 1837 Et

1480 1851 1568 1889 ideo
1597 1853 1699 1900 luna,
1719 1864 1820 1901 quae
1840 1859 1896 1889 est
1914 1851 2050 1889 infima
2067 1851 2166 1890 inter
2184 1864 2348 1903 corpora
2366 1852 2555 1901 caelestia,

1478 1905 1790 1954 proportionatur
1808 1912 1942 1953 terrae,
1958 1913 1995 1943 et
2013 1905 2241 1943 assimilatur
2258 1905 2555 1955 quodammodo

1479 1966 1637 1996 naturae
1656 1958 1791 2008 ipsius;
1813 1966 1850 1996 et
1869 1958 1956 1996 ideo
1972 1971 2052 1996 non
2067 1959 2231 1997 totaliter
2250 1967 2306 1998 est
2325 1959 2556 1998 illustrabiliz

1479 2024 1502 2048 a
1521 2013 1613 2049 sole.
1635 2012 1747 2049 Unde
1767 2024 1814 2049 ex
1832 2011 1895 2049 illa
1913 2020 2021 2061 parte
2041 2025 2118 2062 qua
2137 2025 2217 2050 non
2237 2014 2257 2035 ²⁸²
2285 2013 2452 2063 perfecte
2473 2012 2555 2051 illu-

1479 2073 1616 2102 stratur
1634 2066 1683 2103 ab
1713 2078 1772 2113 eo,
1792 2065 1946 2103 videtur
1973 2065 2012 2103 in
2031 2078 2076 2103 ea
2097 2078 2180 2104 esse
2199 2067 2396 2115 quaedam
2414 2067 2553 2105 obscu-

1479 2119 1577 2156 ritas.
1601 2119 1712 2166 Quae
1741 2119 1899 2168 quidem
1928 2119 2140 2157 obscuritas
2162 2120 2184 2141 '⁸
2211 2132 2366 2170 semper
2393 2127 2552 2170 apparet

1478 2173 1690 2210 secundum
1720 2172 1884 2210 eandem
1918 2172 2208 2222 dispositionem
2236 2173 2276 2212 in
2303 2174 2414 2212 luna:
2447 2173 2555 2224 quod

1477 2238 1556 2263 non
1590 2233 1689 2263 esset
1725 2226 1756 2263 si
1793 2226 1884 2264 luna
1921 2227 2203 2276 revolveretur,
2243 2227 2332 2277 quia
2368 2227 2552 2277 paulatim

1475 2279 1740 2316 immutaretur
1768 2286 1944 2328 aspectus
1971 2280 2054 2317 talis
2082 2280 2332 2318 obscuritatis.

1474 2437 1593 2469 explicari
1612 2437 1721 2462 dicendo
1740 2437 1829 2462 lunam
1849 2444 1909 2462 esse
1927 2437 2002 2470 quasi
2021 2437 2168 2470 speculum,
2192 2438 2219 2463 in
2234 2445 2288 2471 quo
2307 2438 2416 2464 resultet
2435 2447 2448 2462 ι
2465 2438 2555 2465 umili-

1474 2472 1537 2496 tudo
1555 2477 1639 2497 terrae
1657 2477 1700 2497 aut
1718 2473 1797 2497 maris
1817 2477 1860 2497 aut
1879 2472 2015 2497 montium.
2037 2481 2051 2496 ›
2073 2473 2106 2498 Et
2124 2472 2188 2499 haec
2206 2473 2322 2498 secunda
2339 2473 2404 2499 ratio
2419 2478 2466 2504 eat,
2482 2474 2554 2508 quod

1474 2507 1532 2532 talis
1551 2507 1685 2540 explicatio
1710 2507 1820 2532 destruit
1838 2513 2028 2540 argumentum.
2043 2515 2098 2541 quo
2116 2508 2270 2534 Aristoteles
2289 2509 2315 2533 in
2333 2516 2420 2542 praec.
2439 2516 2552 2536 numa-o

1476 2542 1595 2575 probavit
1613 2543 1702 2567 lunam
1721 2550 1773 2567 non
1792 2542 1891 2568 moveri
1911 2548 1984 2568 motu
2002 2543 2176 2569 volutationis.

1531 2578 1560 2610 π)
1575 2581 1601 2602 et
1616 2578 1717 2603 melius.
1729 2592 1748 2597 —
1761 2581 1788 2603 et
1802 2586 1855 2603 om.
1870 2579 1911 2604 ed.
1933 2577 1999 2604 1516
2020 2584 2045 2604 et
2064 2579 2138 2604 codd.
2154 2587 2207 2605 exc.
2225 2580 2282 2605 AG.
2296 2595 2314 2599 -
2329 2580 2348 2605 P
2364 2579 2462 2614 pergit:
2481 2580 2554 2614 quod

1474 2613 1550 2638 ratio
1569 2620 1652 2645 quare
1666 2614 1728 2638 talis
1748 2613 1890 2639 diversitas
1908 2614 2015 2639 videtur
2029 2614 2055 2639 in
2069 2615 2142 2644 luna,
2162 2618 2202 2640 est
2219 2619 2335 2648 propter
2353 2615 2554 2648 dispositionem

1479 2655 1543 2674 suae
1561 2649 1733 2679 substantiae,
1754 2656 1805 2674 non
1825 2653 1914 2675 autem
1934 2653 2050 2682 propter
2069 2650 2268 2683 dispositionem
2287 2651 2400 2678 alicuiias
2417 2651 2552 2685 corpori-¹5

1481 2684 1521 2709 ed.
1545 2682 1611 2708 1516
1631 2684 1690 2710 hab.
1705 2692 1764 2710 cum
1775 2685 1859 2711 codd.
1874 2685 2112 2718 interpositionem.

2586 1221 2596 1231 ·
2611 1220 2692 1248 ἐνώπια
2709 1220 2781 1244 codd.

2582 1675 2606 1695 et
2623 1673 2694 1696 codd.
2708 1679 2760 1696 exc.
2771 1679 2782 1697 Α

2581 1705 2782 1730 Ἐῐὴιίσσιι

2582 1735 2662 1756 mla
2675 1739 2697 1756 P.

2581 2013 2782 2045 'nomast

2580 2127 2782 2156 .de„0,„

2580 2154 2606 2177 ri

2656 2160 2782 2186 omn-v,

2774 2194 2782 2205 fl
