2690 4062
1090 216 1202 252 CAP.
1233 217 1284 264 x,
1315 217 1467 254 LECT.
1497 219 1532 255 x

259 288 355 322 Circa
377 300 457 323 vero
481 289 665 323 secundum
694 291 866 324 sciendum
890 301 938 325 est
967 293 1059 336 quod
1082 305 1151 330 uon
1175 293 1285 327 solum

213 343 364 366 accessus
379 333 432 366 vel
450 345 599 367 recessus
615 334 791 378 periodum
807 335 900 369 facit:
922 337 999 381 quia
1018 337 1110 370 aliter
1126 339 1160 371 in
1176 338 1285 371 hieme

213 375 344 411 nullum
359 377 489 411 ‚animal
510 388 711 419 nasceretur,
731 378 790 412 sed
812 381 924 423 potiu's
949 381 1119 425 quodlibet
1142 394 1286 416 morere-

213 430 284 462 tur,
308 421 487 455 etnullius
509 423 577 455 vita
601 422 734 456 deberet
757 423 888 457 extendi
912 424 996 458 ultra
1028 437 1170 460 annum:
1195 427 1287 471 quod

213 469 266 500 est
276 465 450 500 manifeste
462 465 591 500 falsum.
609 466 675 500 Sed
693 467 869 511 periodum
885 468 963 502 facit
977 469 1096 503 relatio
1112 470 1287 504 ascenden-

213 510 358 554 tissigni
378 522 478 555 super
496 510 706 544 horizontem
725 513 751 552 ζ,
776 511 817 545 ad
837 514 949 546 omnia
971 514 1063 557 signa
1080 515 1192 548 circuli
1210 527 1286 548 cum

214 554 409 588 suisstellis
425 563 459 588 et
481 555 621 600 planetis
643 556 679 588 in
694 555 777 589 hora
800 558 1021 600 generationis
1045 559 1092 591 rei
1112 558 1286 600 inferioris,

214 610 299 644 quae
322 608 477 632 causatur
499 611 518 632 a
541 599 666 634 circulo
689 600 830 634 caelesti.
855 601 931 634 Hoc
955 602 1045 634 enim
1068 602 1171 636 modo
1195 614 1286 636 men-

213 654 291 677 sura
313 643 523 688 quorundam
548 653 600 678 est
620 655 741 685 annuS,
762 654 796 678 et
819 645 1028 690 quorundam
1052 646 1127 690 plus
1150 646 1204 680 vel
1226 648 1286 680 mi-

213 699 288 729 nuS,
303 688 488 722 secundum
500 688 637 722 effectus
649 689 833 733 signorum,
846 699 879 723 et
892 689 1103 724 fortitudines
1118 691 1285 725 stellarum

214 743 299 777 quae
322 733 505 766 sitaetsunt
526 733 562 766 in
585 734 699 777 signis·
716 734 759 767 Et
774 734 839 768 hoc
861 734 966 768 modo
982 746 1099 768 verum
1122 744 1172 769 est
1196 735 1287 780 quod

214 776 351 821 aequale
364 785 424 810 eet
446 785 579 821 tempus
602 778 823 821 generationis
847 787 882 812 et
903 780 1144 823 corruptionis:
1168 781 1245 824 quia
1268 791 1286 812 a

213 821 324 866 primo
338 821 437 865 signo
454 821 653 855 ascendente
668 823 704 855 in
727 822 811 856 hora
824 824 872 857 rei
891 833 1104 868 computatur
1118 824 1286 868 profectus

212 865 262 899 tei
276 877 384 910 usque
399 865 443 899 ad
457 867 638 910 septimum
653 867 789 911 signum
807 867 956 902 eiusdem
973 868 1096 909 circuli,
1110 878 1144 902 et
1159 881 1177 902 a
1189 870 1286 913 signo

213 910 358 954 septimo
370 911 506 955 *usque
528 911 565 944 in
579 911 726 955 primum
750 921 961 957 computatur
978 912 1135 947 defectus
1153 914 1195 948 Et
1209 914 1286 947 ideo

213 954 253 989 in
271 953 450 998 astrologia
474 956 654 999 septimum
677 957 812 1000 signum
840 966 980 991 vocatur
1007 957 1127 991 domus
1150 959 1286 998 mortis,

212 1006 248 1032 et
270 998 450 1032 ascendens
472 1009 610 1034 vocatur
633 1000 752 1034 domus
775 1002 871 1035 vitae.
889 1002 933 1036 Et
953 1002 1028 1036 ideo
1052 1004 1221 1046 generatio
1240 1003 1286 1036 rei

213 1051 352 1076 vocatur
374 1043 542 1088 profectus
572 1057 679 1090 usque
703 1045 743 1079 ad
767 1044 904 1080 sta‘tum:
929 1056 1005 1090 post
1035 1056 1157 1080 statum
1181 1059 1286 1092 usque

213 1085 256 1121 ad
280 1086 534 1122 declinationem
557 1098 590 1122 et
611 1100 630 1122 a
646 1089 864 1125 declinatione
883 1102 989 1136 usque
1008 1091 1049 1125 ad
1072 1100 1215 1125 mortem
1231 1103 1288 1124 vo-

212 1139 307 1175 catur
322 1132 478 1177 periodus
496 1135 734 1185 corruptionis;
750 1147 834 1180 quae
851 1135 999 1180 aequalia
1014 1144 1092 1169 sunt
1103 1135 1287 1170 secundum

213 1178 657 1223 WQQasa'p‘nmo
681 1180 788 1224 usque
811 1178 852 1214 ad
869 1180 1049 1224 septimum
1073 1189 1202 1214 tantum
1226 1189 1286 1220 est,

247 1216 378 1257 m{itum
400 1231 454 1255 est
474 1234 493 1256 a
516 1223 660 1267 septimo
684 1235 790 1268 usque
813 1223 855 1258 ad
878 1225 1035 1268 primum,
1052 1236 1112 1268 per
1135 1224 1232 1258 aliam
1255 1234 1288 1260 et

212 1232 313 1300 ffiam
343 1274 471 1310 partem
506 1267 619 1300 circuli
642 1268 875 1302 mensurando.
906 1269 947 1302 Et
975 1268 1050 1302 ideo
1074 1269 1102 1302 si
1130 1268 1287 1313 periodus

214 1308 383 1355 profectus
402 1310 548 1344 hominis
563 1321 641 1345 sunt
657 1313 696 1345 tri
722 1314 789 1346 inta
810 1313 891 1357 quin
915 1325 956 1347 ue
977 1313 1031 1346 vel
1047 1313 1286 1358 quadragintas

215 1354 304 1396 anni,
323 1363 362 1388 ut
383 1353 509 1389 dictum
526 1365 575 1389 est
598 1368 616 1390 a
639 1324 788 1398 medicis,
804 1358 896 1409 perio
922 1369 961 1391 us
985 1357 1131 1391 defectus
1154 1366 1287 1391 tantun-

215 1397 293 1436 dem
315 1400 392 1433 erit:
417 1400 462 1433 ita
493 1400 585 1445 quod
608 1410 695 1434 aetas
725 1401 871 1435 hominis
902 1402 964 1435 erit
994 1403 1202 1446 septuaginta
1233 1411 1289 1436 aut

215 1443 386 1488 octoginta
401 1443 589 1478 annorum.
612 1446 727 1479 Potest
750 1454 861 1479 tamen
884 1445 949 1479 hoc
973 1446 1125 1491 impediri
1173 1458 1208 1480 er
1236 1458 1288 1480 ac-

215 1487 340 1529 cidens,
356 1497 394 1522 ut
414 1500 473 1533 per
495 1489 607 1522 cibum
625 1489 761 1530 malum,
779 1490 833 1523 vel
854 1502 914 1535 per
931 1500 1074 1524 mortem
1097 1492 1152 1524 vio
1167 1500 1288 1533 emam,

214 1531 269 1567 vel
291 1532 358 1584 alio
382 1545 595 1578 quocumque
610 1533 724 1568 modo.
742 1535 784 1568 Et
808 1535 872 1568 hoc
888 1544 986 1568 vocat
1008 1535 1202 1569 Aristoteles
1221 1548 1308 1579 mag

215 1577 316 1611 teriae
339 1577 622 1623 inaequalitatem:
649 1579 726 1623 quia
750 1578 874 1613 scilicet
895 1591 955 1624 per
981 1580 1161 1614 accidentia
1185 1580 1289 1614 multa

215 1620 308 1656 aliter
326 1621 377 1656 dis
401 1622 513 1656 onitur
530 1621 544 1647 ⁰
561 1634 661 1667 quam
685 1633 858 1657 moveatur
882 1636 901 1657 a
924 1624 1059 1658 circulo.
1081 1627 1122 1658 Et
1141 1625 1218 1658 ideo
1242 1625 1289 1659 di-

213 1665 360 1700 versimo
425 1668 614 1700 moriuntur
629 1667 783 1702 homines
807 1669 904 1702 citius
927 1678 960 1702 et
975 1669 1099 1703 tardius
1115 1681 1215 1714 quam
1231 1681 1290 1714 per

213 1717 366 1745 naturam
389 1711 545 1746 mortales
569 1712 652 1753 sint;
676 1722 708 1746 et
724 1712 873 1746 similiter
896 1713 958 1747 alia
981 1713 1143 1747 animalia.
1159 1715 1201 1748 Et
1224 1715 1289 1748 hoc

213 1753 319 1789 modo
342 1763 463 1789 aetates
487 1765 565 1789 sunt
589 1758 740 1790 omnium
756 1769 882 1791 rerum:
908 1759 984 1803 quia
1009 1758 1157 1803 planetae
1181 1760 1215 1792 in
1233 1760 1291 1793 cir-

214 1798 293 1834 culo
315 1799 475 1844 periodali
499 1801 600 1846 positi
625 1801 759 1846 quando
783 1811 861 1836 sunt
883 1802 1053 1845 fortiores,
1077 1803 1156 1837 dant
1178 1803 1289 1848 plures

214 1853 322 1879 annos
344 1844 442 1886 vitae,
463 1854 496 1878 et
519 1845 653 1890 quando
684 1855 762 1880 sunt
786 1846 978 1888 debiliores,
1002 1847 1081 1881 dant
1104 1849 1287 1892 pauciores.

214 1887 292 1922 Hoc
314 1889 414 1922 etiam
436 1889 540 1924 modo
563 1891 751 1932 innotescit,
775 1891 867 1936 quod
890 1893 948 1937 qui
971 1893 1068 1926 sciret
1086 1893 1223 1926 virtutes
1247 1894 1291 1926 si-

213 1943 359 1978 gnorum
374 1941 408 1967 et
422 1933 591 1968 stellarum
614 1935 649 1968 in
672 1936 752 1980 ipsis
775 1937 959 1980 positarum
979 1936 1060 1971 dum
1078 1938 1223 1971 nascitur
1237 1950 1289 1972 res

214 1975 335 2022 aliqua,
352 1988 568 2022 cognosceret
614 1989 752 2013 uantum
776 1989 826 2014 est
841 1980 882 2014 de
906 1981 1076 2015 influentia
1100 1981 1242 2023 caelesti,
1257 1992 1289 2016 et

213 2030 328 2066 posset
350 2024 569 2066 pronosticari
616 2036 634 2058 e
657 2033 726 2058 tota
749 2026 816 2058 vita
839 2026 886 2059 rei
913 2035 1102 2070 generatae;
1125 2026 1202 2060 licet
1224 2027 1289 2060 hoc

213 2066 444 2101 necessitatem
471 2079 541 2102 non
565 2078 726 2113 poneret,
757 2078 794 2103 ut
819 2069 945 2104 dictum
974 2080 1045 2112 est,
1079 2072 1157 2116 quia
1179 2081 1290 2116 potest

213 2110 367 2156 impediri
390 2123 450 2156 per
472 2112 623 2147 accidens
652 2124 670 2147 ι.

259 2165 291 2199 7.
306 2155 437 2190 Deinde
454 2168 530 2191 cum
547 2157 642 2192 dicit:
660 2159 780 2204 Semper
789 2170 860 2193 vero
877 2166 911 2193 ut
926 2160 1038 2194 dictum
1053 2166 1095 2194 est
1107 2168 1180 2202 etc.‚
1193 2162 1289 2205 ponit

213 2201 467 2234 continuitatem
490 2203 711 2246 generationis
735 2215 776 2236 ex
798 2212 889 2248 parte
905 2203 997 2238 finis:
1022 2213 1055 2238 et
1070 2204 1135 2238 hoc
1158 2206 1288 2249 primo;

212 2245 362 2279 secundo
379 2257 419 2279 ex
442 2245 666 2280 determinatis
691 2247 790 2280 solvit
806 2248 971 2292 quandam
987 2250 1215 2294 quaestionem
1232 2261 1289 2283 an-

213 2289 395 2341 tiquorum,
415 2289 478 2324 ibi:
503 2291 602 2325 Simul
629 2298 730 2325 autem
752 2293 946 2337 manifestum
969 2293 985 2310 *
1009 2302 1070 2327 etc.
1093 2294 1184 2328 Dicit
1207 2306 1243 2328 et
1266 2295 1311 2328 o‘

213 2344 324 2379 primo
347 2334 439 2380 quod
485 2337 630 2370 eneratio
654 2345 687 2370 et
710 2338 878 2381 corruptio
903 2349 1034 2382 semper
1057 2347 1163 2380 erunt,
1179 2347 1217 2372 ut
1263 2340 1287 2372 i-

213 2386 305 2412 ctum
327 2388 397 2420 est,
425 2391 463 2413 so
477 2392 535 2413 um
559 2392 618 2425 per
642 2382 839 2415 continuum
862 2391 1016 2424 motum,
1063 2383 1098 2416 ui
1121 2391 1171 2417 est
1189 2394 1288 2417 causa

184 2448 186 2450 v
212 2421 359 2457 efficiens
383 2425 608 2458 continuitatis
633 2426 703 2459 eius
729 2434 767 2459 ut
791 2425 951 2467 diximus3
976 2427 1034 2461 sed
1079 2439 1120 2461 oc
1143 2428 1286 2462 rationa-

176 2486 183 2493 ·
211 2465 320 2501 biliter
335 2469 499 2513 contingit
514 2469 614 2503 etiam
630 2470 646 2487 *
661 2471 788 2504 ratione
804 2470 889 2504 finis.
905 2472 1032 2505 Natura
1052 2473 1141 2506 enim
1157 2484 1287 2518 semper

212 2510 376 2546 desiderat
399 2513 490 2558 quod
507 2513 626 2547 melius
649 2523 715 2556 est3
740 2515 859 2548 melius
883 2524 999 2549 autem‘
1018 2525 1068 2549 est
1091 2528 1162 2561 esse
1187 2529 1286 2562 quam

211 2567 282 2591 non
305 2568 393 2599 esse;
412 2569 489 2591 cum
513 2570 593 2602 ergo
613 2559 760 2593 naturale
785 2559 984 2594 desiderium
1000 2572 1070 2594 non
1093 2562 1200 2606 possit
1215 2573 1286 2595 esse

210 2599 341 2643 frustra,
357 2611 490 2647 oportet
512 2603 604 2648 quod
622 2615 673 2637 res
697 2604 861 2638 naturales
884 2604 1025 2639 habeant
1048 2617 1180 2651 semper
1204 2618 1285 2640 esse.

211 2645 289 2679 Hoc
304 2655 416 2680 autem
431 2656 481 2680 est
504 2659 575 2681 esse
599 2648 763 2682 divinum:
787 2649 878 2694 quod
897 2660 912 2676 κ
929 2650 1133 2694 impossibile
1153 2659 1203 2684 est
1222 2652 1286 2684 exi-

211 2698 296 2724 stere
313 2690 348 2724 in
368 2691 535 2732 omnibus,
551 2693 629 2737 quia
650 2693 811 2738 quaedam
834 2703 913 2728 sunt
937 2707 1021 2739 quae
1041 2695 1141 2739 longe
1165 2696 1287 2729 distant

212 2745 232 2767 a
254 2735 364 2779 primo
387 2737 562 2781 principio,
583 2738 670 2771 sicut
693 2747 770 2772 sunt
793 2749 844 2772 res
875 2739 1059 2773 materiales
1083 2739 1284 2784 generabiles

212 2787 246 2812 et
269 2780 515 2824 corruptibiles,
538 2790 573 2815 et
593 2783 654 2815 ista
678 2791 755 2816 sunt
779 2794 863 2828 quae
893 2783 1064 2817 modicum
1088 2785 1285 2828 participant

212 2822 253 2857 de
276 2835 348 2858 esse
372 2824 505 2866 divino3
529 2835 562 2859 et
585 2826 661 2860 ideo
685 2827 750 2860 alio
767 2827 870 2861 modo
895 2828 1075 2873 complevit
1098 2830 1190 2862 Deus
1215 2841 1284 2862 ma-

160 2880 165 2888 ’
211 2868 311 2902 teriae
328 2868 539 2912 desiderium,
549 2871 937 2916 perpetuando*scilicet
953 2874 1023 2906 eius
1040 2885 1111 2906 esse
1127 2885 1187 2917 per
1203 2885 1283 2907 con-

212 2958 290 3002 quia
313 2959 360 2992 sci
373 2959 438 2993 icet
454 2961 616 3004 contingit
638 2972 770 3006 semper
791 2961 862 2994 fieri
885 2963 1132 3006 generationem
1145 2963 1283 3007 proxime

212 3001 422 3045 substantiae,
435 3004 560 3038 scilicet
575 3017 707 3050 semper
723 3006 887 3050 contingit
901 3008 1050 3050 generari
1066 3006 1282 3040 substantiam

72 2900 85 2910 ¹
111 2915 114 2917 ’
146 2936 149 2939 -
199 2913 340 2947 *tinuam
377 2915 611 2949 enerationem.
629 2917 705 2950 Hoc
721 2917 810 2950 enim
823 2917 926 2951 modo
947 2919 1188 2951 continuatur*
1200 2930 1282 2959 esse,

265 3165 291 3199 ζ)
310 3166 384 3200 signi
398 3174 479 3199 super
492 3166 668 3201 horizontem.
679 3169 749 3194 -Ita
767 3176 827 3193 cum
839 3169 870 3193 B.
880 3168 988 3204 Alberto
1004 3168 1053 3199 Pb‚·
1072 3168 1096 3193 si
1109 3168 1195 3201 igitur
1206 3175 1288 3200 super

212 3201 342 3227 orientem
361 3202 409 3228 Ca.

265 3237 294 3269 η)
313 3238 429 3271 triginta
447 3238 563 3272 quinque
581 3240 623 3264 vel
641 3239 835 3273 quadraginta.
853 3252 873 3259 -
891 3239 1007 3272 triginta
1026 3239 1067 3264 vel
1089 3239 1286 3272 quinquaginta

213 3273 267 3302 (ἔα,-
285 3274 348 3298 item
372 3281 421 3306 pro
440 3275 598 3299 tantundem
623 3276 677 3301 erit
699 3276 789 3308 legunt
812 3275 865 3299 erit
889 3275 1036 3304 timendus,
1057 3279 1082 3299 et
1105 3274 1228 3299 omittunt
1247 3274 1286 3298 ita

211 3308 286 3341 quod
334 3316 484 3340 annor-unu
504 3319 517 3333 α
529 3315 555 3335 et
574 3310 611 3335 sic
624 3311 746 3343 periodus
761 3310 875 3343 perfecta
892 3309 1006 3334 hominis
1019 3314 1080 3334 sunt
1094 3309 1196 3342 triginta
1211 3309 1286 3342 quin-

212 3351 266 3376 que
284 3344 344 3369 anni
361 3345 403 3370 vel
423 3346 599 3379 quadraginta,
615 3351 640 3371 et
659 3346 707 3371 erit
725 3351 795 3371 aetas
811 3345 925 3370 hominis
944 3345 1074 3377 octoginta
1093 3345 1151 3369 anni
1163 3354 1176 3367 ι
1196 3345 1226 3369 Β.
1240 3345 1285 3369 Al-

212 3378 302 3404 bertus
321 3380 348 3404 in
366 3381 486 3411 editione,
505 3381 552 3406 sed
571 3382 596 3406 in
616 3382 748 3407 codicibus
766 3381 820 3406 fere
838 3385 866 3405 ut
884 3380 929 3405 Pb.

267 3413 292 3448 0)
312 3415 474 3448 disponitur.
486 3431 506 3437 -
524 3417 560 3442 lta
578 3417 608 3442 B.
622 3417 758 3447 Albertus;
780 3416 911 3448 disposita
930 3415 1016 3452 RCab.
1033 3429 1052 3434 —
1071 3415 1108 3440 Et
1126 3415 1193 3445 ideo,
1214 3415 1285 3447 quod

213 3450 325 3475 occurrit
343 3451 370 3476 in
387 3452 418 3476 B.
427 3452 544 3484 Alberto,
564 3460 618 3477 orn.
632 3453 679 3478 Ca.

268 3485 287 3518 ι)
306 3486 367 3512 Hoc
385 3487 466 3512 etiam
486 3488 601 3512 modo...
609 3495 663 3519 per
683 3487 815 3512 accidens.
833 3500 852 3506 —
870 3486 997 3511 Notamus
1015 3485 1144 3510 variantes
1163 3486 1202 3510 Ca
1221 3485 1285 3510 reci-

212 3521 293 3545 tando
305 3522 495 3548 B.Albertum:
518 3533 531 3546 ‹
543 3524 576 3547 Et
594 3523 645 3547 hoc
664 3523 740 3547 etiam
759 3523 839 3547 modo
858 3521 995 3546 innotescit
1013 3521 1138 3553 quoniam
1156 3521 1207 3552 (Et
1226 3521 1285 3546 ideo

214 3555 265 3587 Ca)
284 3557 330 3589 qui
348 3558 425 3583 sciret
442 3559 511 3583 vires
531 3558 668 3591 (veritates
683 3558 725 3583 ed.
739 3565 770 3587 a,
790 3557 935 3582 varietates
949 3557 980 3589 C)
1000 3557 1133 3588 signorum
1154 3562 1179 3581 et
1198 3557 1285 3581 stella-

213 3598 274 3616 rum
292 3593 318 3617 in
336 3592 400 3626 ipsis
419 3594 564 3626 positarum
582 3593 609 3618 in
630 3594 725 3618 circulo
751 3592 875 3625 periodali
894 3593 938 3624 (in
957 3592 1057 3617 circulo
1073 3591 1210 3624 periodali
1231 3599 1284 3616 om.

2366 233 2414 259 LV

1343 293 1492 328 eiusdem
1515 296 1637 339 speciei
1653 307 1730 330 cum
1753 306 1939 340 generante.
1955 297 2035 332 Non
2059 299 2148 332 enim
2170 310 2331 342 generans
2354 312 2411 344 ge-

1342 347 1434 371 nerat
1457 338 1519 372 sibi
1541 340 1630 373 idem
1653 352 1816 382 numero,
1848 341 1906 376 sed
1929 341 2017 376 idem
2041 343 2149 386 specie
2163 370 2172 384 ,
2197 353 2233 377 ut
2256 343 2339 378 infra
2363 344 2412 378 di-

1343 391 1442 416 cetur.
1462 383 1516 418 Sic
1531 384 1632 428 igitur
1647 386 1804 420 continua
1818 395 1868 420 est
1907 387 2050 420 eneratio
2066 388 2192 421 ratione
2208 387 2292 421 finis.
2312 389 2410 429 Quae

1342 434 1453 459 autem
1483 428 1525 460 sit
1558 440 1654 465 causa
1690 429 1835 464 efficiens
1895 431 1996 464 'ctum
2026 440 2075 464 est
2105 431 2296 465 multoties:
2333 434 2410 477 quia

1341 478 1453 503 motus
1478 472 1642 508 circularis
1674 474 1823 508 caelestis
1853 475 2015 519 corporis:
2042 476 2103 509 iste
2127 477 2216 510 enim
2239 485 2288 510 est
2319 476 2410 511 solus

1343 516 1520 549 continuus
1545 526 1576 550 et
1624 527 1790 563 erpetuus,
1810 528 1848 553 ut
1870 519 2047 563 probatum
2065 528 2115 553 est
2138 521 2172 553 in
2194 521 2279 554 VIII
2294 521 2409 566 Physic.

1342 558 1422 591 Ideo
1446 569 1557 594 autem
1581 573 1599 594 a
1613 563 1643 595 ia
1666 575 1750 607 quae
1774 563 1958 597 adinvicem
1974 573 2234 598 transmutantur
2257 577 2315 609 per
2338 577 2411 609 pas-

1342 603 1452 635 siones
1476 613 1510 637 et
1531 607 1696 648 potentias
1719 618 1813 649 suaS,
1838 607 2024 642 cuiusmodi
2048 617 2126 642 sunt
2153 609 2314 653 simplicia
2339 621 2410 643 cor-

1342 657 1424 690 pora
1447 657 1588 691 quatuor
1607 650 1863 692 elementorum,
1880 661 2064 697 sequuntur
2088 653 2337 698 quodammodo
2354 655 2411 688 cir-

1343 690 1487 724 cularem
1499 702 1639 735 motum,
1648 695 1727 729 dum
1737 696 1920 730 adinvicem
1932 696 2131 732 circulariter
2141 706 2409 732 transmutantur.

1343 734 1491 785 Quando
1508 738 1597 770 enim
1613 750 1653 771 ex
1675 751 1760 784 aqua
1783 750 1957 784 generatur
1973 748 2038 782 aer,
2054 750 2087 775 et
2109 753 2149 775 ex
2173 754 2246 776 aere
2266 743 2362 786 ignis,
2379 751 2411 775 et

1342 787 1462 829 iterum
1487 792 1526 813 ex
1549 782 1624 825 igne
1658 795 1758 828 aqua,
1782 794 1860 818 tunc
1884 785 2025 819 dicimus
2057 786 2146 830 quod
2177 787 2220 821 sit
2242 788 2410 830 generatio

1343 823 1527 865 circularis3
1551 835 1584 858 et
1605 825 1681 860 ideo
1705 835 1783 862 recta
1806 829 1933 870 allatio,
1961 830 2046 864 idest
2067 839 2179 864 motus
2202 840 2328 872 rectus,
2354 832 2411 875 qui

1341 876 1392 905 est
1415 869 1450 900 in
1473 868 1654 912 elementis,
1675 883 1880 917 consequens
1905 885 1977 907 eam
2011 886 2095 919 quae
2118 875 2226 910 estin
2243 876 2411 916 circuitu,

1342 921 1392 945 est
1415 914 1589 948 continua:
1607 916 1684 959 quia
1707 916 1776 950 sole
1792 918 1965 952 recedente
1990 927 2226 954 convertuntur
2249 919 2411 953 elementa

1342 958 1513 1000 superiora
1535 959 1567 991 in
1593 958 1757 1000 inferiora,
1774 962 1946 996 accedente
1970 975 2049 996 vero
2067 973 2304 999 convertuntur
2322 963 2410 999 infe-

1342 1001 1428 1034 riora
1451 1002 1486 1034 in
1509 1004 1700 1047 superiora,
1729 1014 1762 1039 et
1783 1007 1830 1039 sic
1860 1006 1983 1040 faciunt
2006 1008 2180 1042 circuitum
2211 1017 2410 1054 perpetuum

1342 1045 1526 1079 secundum
1548 1056 1710 1082 naturam.
2180 1053 2182 1055 ’

1387 1090 1418 1122 8.
1436 1090 1566 1124 Deinde
1579 1103 1656 1125 cum
1668 1093 1760 1127 dicit:
1779 1094 1876 1128 Simul
1890 1102 1990 1128 autem
2005 1096 2196 1140 manifestum
2209 1105 2283 1136 etc„
2300 1108 2340 1129 ex
2356 1096 2411 1130 de-

1342 1135 1524 1168 terminatis
1548 1136 1647 1170 solvit
1670 1138 1835 1182 quandam
1855 1141 2092 1183 quaestionem,
2115 1140 2226 1175 dicens
2247 1140 2338 1186 quod
2359 1140 2410 1174 his

1343 1177 1571 1227 determinatis
1582 1181 1682 1215 simul
1697 1182 1908 1216 manifestum
1920 1183 2069 1235 est-quod
2086 1185 2221 1230 quidam
2237 1193 2410 1230 quaerunt,

1343 1222 1467 1256 scilicet
1494 1235 1596 1268 quare
1627 1225 1787 1260 elementa
1815 1228 1880 1261 iam
1908 1228 2041 1262 infinito
2066 1237 2215 1273 tempore
2246 1227 2409 1263 transacto

1342 1278 1412 1300 non
1439 1267 1560 1302 distant
1583 1269 1783 1312 abinvicem,
1808 1281 1954 1316 separata
1979 1281 2012 1306 et
2039 1273 2188 1306 ordinata
2209 1275 2244 1307 in
2268 1274 2410 1318 propriis

1343 1311 1443 1354 locis,
1468 1324 1545 1346 curn
1569 1315 1831 1361 unumquodque
1855 1326 2028 1350 moveatur
2051 1316 2091 1350 ad
2111 1329 2205 1351 suam
2228 1319 2409 1362 regionem.

1345 1356 1454 1389 Causa
1477 1359 1566 1391 enirn
1590 1359 1688 1392 huius
1714 1369 1763 1393 est
1791 1369 1906 1394 mutua
1930 1362 2158 1395 transmutatio
2186 1373 2314 1402 eorum,
2334 1363 2411 1407 quia

1344 1402 1608 1447 unumquodque
1630 1413 1777 1438 mutatur
1800 1406 1834 1437 in
1858 1405 2037 1450 quodlibet,
2058 1415 2095 1439 ut
2118 1418 2216 1450 supra
2240 1415 2411 1440 ostensum

1344 1454 1407 1478 est:
1433 1446 1460 1479 si
1484 1447 1573 1480 enirn
1597 1449 1860 1493 unumquodque
1884 1458 2031 1483 maneret
2061 1451 2095 1483 in
2120 1462 2178 1483 sua
2206 1452 2339 1495 propria
2362 1463 2411 1484 re-

1344 1490 1455 1533 gione,
1470 1499 1503 1523 et
1526 1502 1594 1524 non
1617 1501 1888 1527 transmutaretur
1911 1494 1950 1527 ab
1975 1494 2039 1527 alio
2059 1494 2223 1528 elemento
2248 1495 2338 1539 quod
2362 1504 2411 1528 est

1344 1535 1434 1567 iuxta
1457 1535 1586 1579 ipsum,
1611 1537 1676 1570 iam
1701 1537 1756 1571 diu
1782 1537 1982 1571 destitissent
2008 1538 2210 1580 abinvicem,
2234 1540 2287 1573 vel
2311 1540 2410 1573 etiam

1345 1577 1540 1613 defecissent
1571 1580 1609 1614 ab
1639 1582 1767 1615 actione
1799 1591 1831 1615 et
1854 1584 2006 1627 passione
2032 1583 2067 1623 λ;
2091 1583 2148 1617 sed
2179 1585 2262 1617 sicut
2286 1583 2411 1617 dictum

1344 1632 1415 1664 est,
1443 1633 1704 1659 transmutantur
1735 1626 1919 1660 adinvicem
1950 1627 2133 1661 secundum
2164 1629 2411 1672 generationem

1345 1677 1377 1701 et
1401 1670 1648 1713 corruptionem
1672 1680 1806 1715 propter
1825 1681 1955 1705 motum
1980 1672 2175 1705 continuum
2199 1672 2324 1717 obliqui
2348 1673 2410 1706 cir-

1345 1711 1420 1753 culi,
1442 1714 1498 1758 qui
1523 1713 1758 1756 diversificatur
1786 1715 1880 1748 nobis
1905 1728 1963 1760 per
1986 1728 2154 1750 accessum
2178 1726 2210 1750 et
2232 1729 2410 1750 recessum.

1346 1757 1437 1798 Quia
1456 1767 1567 1791 autem
1591 1760 1637 1792 sic
1654 1759 1838 1793 adinvicem
1861 1769 2131 1801 transmutantur,
2147 1761 2277 1794 nullum
2294 1773 2411 1795 eorum

1345 1811 1456 1835 manet
1485 1803 1633 1836 ordinate
1663 1805 1697 1837 in
1721 1816 1783 1838 suo
1807 1804 1905 1845 loco,
1931 1805 1988 1838 sed
2012 1814 2172 1850 quantum
2201 1817 2306 1839 unum
2330 1807 2412 1839 acci-

1345 1848 1395 1892 pit
1418 1846 1458 1880 de
1481 1856 1597 1881 natura
1625 1850 1822 1894 propinqui,
1849 1858 1978 1882 tantum
2002 1851 2101 1883 etiam
2125 1851 2242 1894 accipit
2272 1850 2312 1884 de
2335 1850 2410 1884 loco

1346 1893 1416 1925 eius
1451 1901 1483 1926 et
1506 1893 1722 1936 permiscetur
1745 1895 1784 1927 ei.
1817 1893 1913 1927 Unde
1938 1903 2022 1927 terra
2055 1903 2087 1927 et
2110 1906 2194 1939 aqua
2220 1896 2411 1939 vaporantia

1345 1937 1486 1970 tendunt
1515 1936 1556 1970 ad
1586 1936 1698 1971 locum
1727 1939 1831 1980 aeris,
1863 1947 1895 1971 et
1918 1940 2156 1983 permiscentur
2187 1950 2263 1972 cum
2286 1951 2348 1980 eo;
2379 1948 2412 1973 et

1345 1981 1494 2015 similiter
1546 1981 1658 2015 nando
1689 1983 1774 2026 ignis
1802 1992 1835 2016 et
1858 1994 1912 2016 aer
1934 1983 2054 2027 frigore
2085 1984 2322 2027 inspissantur‚
2354 1995 2410 2017 va-

1345 2025 1428 2059 dunt
1458 2026 1498 2060 ad
1542 2038 1642 2059 ocum
1666 2036 1769 2060 terrae
1801 2036 1833 2060 et
1856 2039 1981 2072 aquae,
2010 2037 2042 2061 et
2072 2029 2311 2072 permiscentur
2335 2040 2411 2061 cum

1344 2072 1401 2104 eis.
1419 2071 1461 2104 Et
1484 2071 1559 2104 ideo
1584 2071 1746 2105 elementa
1762 2083 1828 2105 non
1854 2081 1931 2105 sunt
1946 2072 2068 2117 ubique
2092 2084 2185 2117 pura,
2202 2073 2259 2106 sed
2283 2073 2317 2106 in
2336 2084 2410 2117 par·

1343 2115 1430 2148 tibus
1454 2116 1488 2148 in
1508 2115 1627 2160 quibus
1652 2127 1686 2148 se
1711 2117 1917 2160 contingunt,
1934 2125 2011 2150 sunt
2058 2118 2204 2150 ermixta.
2230 2116 2334 2157 Quod
2358 2129 2412 2150 au-

1343 2168 1410 2192 tem
1435 2159 1560 2193 dictum
1584 2169 1634 2193 est
1657 2160 1696 2194 de
1721 2162 1993 2194 transmutatione
2017 2173 2034 2194 e
2049 2170 2268 2202 ementorum,
2291 2161 2411 2195 intelli-

1342 2203 1488 2248 gendum
1505 2213 1555 2238 est
1569 2205 1753 2238 secundum
1776 2214 1914 2249 partem,
1930 2214 1963 2238 et
1981 2217 2049 2238 non
2065 2214 2190 2239 totum:
2215 2205 2306 2239 aliter
2322 2207 2410 2239 enim

1342 2248 1564 2282 destrueretur
1587 2249 1741 2283 mundus.
1759 2270 1776 2274 -
1794 2249 1922 2283 Ultimo
1946 2249 2091 2294 epilogat
2114 2261 2197 2295 quae
2214 2250 2299 2284 dicta
2323 2259 2410 2292 sunt,

1343 2302 1376 2326 et
1398 2303 1448 2327 est
1470 2293 1607 2338 planum
1631 2294 1666 2326 in
1689 2295 1804 2327 littera.

1387 2349 1417 2382 9.
1444 2337 1573 2372 Deinde
1604 2349 1681 2371 cum
1711 2338 1806 2372 dicit:
1839 2339 1995 2381 Quoniam
2023 2345 2123 2372 autem
2151 2350 2260 2373 necesse
2287 2346 2328 2373 est
2353 2351 2411 2373 esse

1341 2382 1460 2427 aliquid
1481 2393 1602 2417 movens
1624 2391 1697 2424 etc„
1723 2383 1840 2428 probat
1869 2382 2035 2428 quoddam
2061 2383 2152 2428 quod
2180 2393 2409 2428 supposuerat.

1341 2427 1477 2461 Dixerat
1499 2428 1589 2460 enim
1612 2439 1710 2472 supra
1730 2427 1820 2473 quod
1838 2429 2036 2461 continuitas
2059 2429 2279 2471 generationis
2303 2437 2352 2461 est
2371 2441 2411 2461 ex

1342 2472 1557 2505 continuitate
1582 2481 1710 2505 motus:
1736 2473 1794 2506 sed
1814 2473 1890 2517 quia
1913 2473 1948 2505 in
1972 2474 2036 2505 isto
2051 2472 2135 2505 libro
2159 2484 2227 2505 non
2251 2472 2409 2517 probave-

1341 2525 1390 2550 rat
1413 2525 1543 2550 motum
1567 2528 1639 2550 esse
1663 2518 1859 2550 continuum
1882 2525 1914 2550 et
1937 2517 2186 2561 sempiternum,
2203 2517 2278 2550 ideo
2301 2518 2409 2561 primo

1342 2561 1485 2595 ostendit
1507 2570 1619 2594 motus
1649 2562 1899 2594 continuitatem
1907 2574 1916 2602 ;
1942 2560 2088 2595 secundo
2120 2561 2198 2595 dicit
2221 2561 2308 2595 unde
2337 2562 2409 2595 talis

1340 2609 1452 2639 motus
1471 2607 1760 2640 *continuitatem
1784 2605 1922 2647 habeat,
1942 2606 2003 2639 ibi:
2031 2606 2200 2640 Continuus
2223 2613 2323 2640 autem
2347 2618 2408 2640 mo-

1342 2657 1389 2684 tus
1411 2653 1429 2671 *
1452 2659 1513 2684 etc.

1396 2695 1486 2729 Dicit
1502 2706 1582 2739 ergo
1619 2696 1715 2736 rimo,
1729 2694 1819 2740 quod
1835 2695 1920 2735 sicut
1936 2695 2061 2728 dictum
2077 2703 2127 2727 est
2142 2696 2176 2728 in
2193 2695 2276 2729 VIII
2291 2695 2407 2740 Physic.

1340 2748 1373 2772 et
1395 2741 1430 2772 in
1458 2740 1527 2773 XII
1597 2740 1745 2791 etaphys„
1771 2739 1862 2784 quod
1886 2741 1913 2772 si
1944 2748 1993 2772 est
2016 2748 2138 2780 motus,
2163 2748 2293 2783 oportet
2318 2740 2407 2784 quod

1339 2785 1382 2817 sit
1400 2795 1551 2824 movens,
1568 2793 1601 2817 et
1624 2796 1651 2817 st
1675 2795 1806 2828 semper
1825 2792 1874 2817 est
1896 2793 2018 2825 motuS,
2037 2793 2168 2828 oportet
2191 2795 2321 2828 semper
2337 2796 2407 2817 esse

1339 2840 1494 2870 movens,
1517 2837 1549 2862 et
1564 2830 1592 2861 si
1608 2840 1738 2873 semper
1755 2837 1787 2861 et
1807 2829 1962 2861 continue
1978 2839 2116 2861 movens
2136 2837 2259 2868 movet,
2277 2837 2409 2872 oportet

1339 2873 1430 2918 quod
1446 2874 1489 2906 sit
1503 2884 1609 2906 unum
1629 2881 1767 2913 tantum,
1783 2872 1952 2905 immobile
1982 2872 2163 2906 secundum
2184 2871 2295 2905 locum
2312 2882 2344 2906 et
2359 2873 2407 2905 in-

1338 2917 1502 2951 alterabile
1530 2927 1562 2951 et
1576 2917 1806 2961 ingenerabile.
1824 2917 1960 2950 Dictum
1983 2925 2033 2949 est
2056 2925 2165 2949 autem
2182 2917 2272 2961 quod
2296 2918 2322 2950 si
2342 2918 2407 2950 sint

1338 2961 1433 2995 multi
1465 2962 1637 2995 circulares
1665 2970 1793 3002 motus,
1821 2970 1953 3005 oportet
1983 2973 2054 2994 esse
2088 2960 2211 2993 multos
2238 2970 2407 3003 motores;

1337 3008 1381 3040 ita
1405 3015 1515 3040 tamen
1540 3006 1631 3050 quod
1656 3017 1771 3039 omnes
1801 3006 1866 3038 sint
1891 3005 2067 3050 aequaliter
2089 3005 2228 3038 ordinati
2252 3005 2312 3038 sub
2338 3017 2405 3039 uno

1341 3168 1391 3199 Ca)
1411 3168 1473 3192 dum
1492 3168 1605 3192 nascitur
1623 3174 1665 3191 res
1685 3167 1778 3199 aliqua,
1798 3167 1854 3199 ipse
1873 3166 1946 3198 (ipse
1965 3173 2018 3190 om.
2033 3166 2087 3197 Ca)
2107 3170 2235 3198 quantum
2254 3170 2294 3190 est
2318 3167 2350 3191 de
2368 3167 2407 3191 in-

1339 3203 1443 3227 fluentia
1462 3202 1566 3227 caelesti
1590 3202 1759 3235 pronosticari
1782 3206 1874 3234 posset
1897 3202 1929 3226 de
1947 3206 2000 3226 tota
2018 3201 2069 3225 vita
2087 3201 2123 3225 rei
2148 3206 2284 3233 generatae
2301 3202 2408 3233 (posset

1334 3238 1519 3270 pronosticari
1537 3238 1570 3262 de
1589 3241 1646 3262 tota
1659 3237 1700 3262 rei
1711 3237 1884 3270 generatione
1899 3237 1952 3268 Ca)
1972 3237 2019 3261 sed
2030 3241 2118 3261 tamen
2132 3236 2182 3261 hoc
2201 3237 2268 3267 (hoc
2286 3245 2339 3262 om.
2350 3237 2407 3269 Ca)

1340 3273 1522 3298 necessitatem
1541 3281 1594 3297 non
1613 3277 1722 3305 poneret
1737 3272 1864 3304 (ponitur
1877 3273 1919 3297 ed.
1931 3279 1955 3301 a,
1970 3272 2110 3304 imponunt
2124 3271 2164 3304 C),
2180 3271 2240 3304 quia
2254 3278 2345 3304 posset
2358 3272 2406 3297 im-

1340 3309 1420 3341 pediri
1440 3316 1487 3341 per
1506 3309 1632 3338 accidens,
1651 3313 1680 3332 ut
1699 3308 1794 3332 dictum
1814 3313 1862 3332 est.
1874 3317 1887 3331 2

1394 3345 1419 3376 κ)
1435 3344 1514 3376 quod.
1532 3357 1552 3362 —
1569 3343 1633 3376 quia
1652 3343 1698 3373 Ca,
1718 3347 1745 3368 et
1763 3343 1826 3375 quia
1845 3343 1898 3372 1³⁶5
1916 3343 1946 3367 B.
1956 3342 2092 3367 Albertus:
2114 3352 2126 3365 ε
2148 3343 2214 3368 Esse
2233 3348 2318 3368 autem
2334 3343 2406 3377 quod

1340 3385 1430 3404 natura
1450 3379 1579 3404 desiderat
1597 3383 1638 3403 est
1656 3386 1715 3403 esse
1737 3378 1861 3410 divinum,
1880 3383 1905 3403 et
1919 3377 1968 3402 hoc
1986 3386 2039 3402 non
2057 3382 2143 3411 potest
2161 3378 2187 3402 in
2206 3379 2328 3403 omnibus
2355 3380 2406 3403 exi-

1340 3420 1408 3439 stere
1434 3415 1589 3447 aequaliter,
1617 3414 1730 3446 ideoque
1753 3414 1880 3446 quaedam
1906 3413 2001 3438 distant
2024 3413 2147 3445 longe...
2166 3414 2294 3446 quaedam
2319 3419 2406 3439 autem

1340 3455 1400 3475 sunt
1418 3458 1500 3482 prope
1519 3450 1614 3482 ipsum.
1634 3454 1659 3474 et
1677 3450 1735 3474 ideo
1755 3449 1860 3474 Deus...
1879 3449 2018 3481 complevit
2038 3459 2051 3471 ι
2072 3454 2120 3474 etc.

1392 3484 1420 3518 λ)
1447 3485 1500 3509 iam
1521 3485 1614 3510 diu...
1639 3488 1665 3509 et
1684 3485 1820 3517 passione.
1837 3498 1857 3505 —
1879 3484 1929 3508 Pro
1952 3484 2128 3514 destitissent,
2153 3485 2291 3510 discissent
2314 3485 2354 3510 ed.
2374 3492 2404 3514 a,

1339 3521 1500 3545 discessisset
1513 3520 1547 3552 C;
1563 3528 1611 3552 pro
1621 3520 1776 3554 defecissent
1794 3520 1827 3544 ab
1839 3520 1951 3549 actione,
1968 3520 2106 3553 defecisset
2123 3521 2228 3545 actione
2245 3528 2277 3545 ea
2296 3521 2336 3545 ed.
2349 3528 2366 3544 a
2381 3525 2406 3544 et

1339 3556 1438 3580 omisso
1448 3563 1480 3580 ea
1493 3556 1525 3587 C3
1541 3556 1594 3580 iam
1608 3556 1654 3580 diu
1669 3555 1832 3580 destitissent
1845 3555 2083 3580 transmutationes
2103 3556 2249 3581 abinvicem
2270 3557 2310 3581 vel
2324 3556 2404 3581 etiam

1340 3591 1497 3625 defecissent
1514 3591 1631 3616 actiones
1650 3594 1676 3615 et
1689 3591 1830 3623 passiones
1849 3591 1900 3619 Pb‚·
1919 3591 2029 3623 legimus
2049 3599 2108 3616 cum
2127 3592 2156 3615 Β.
2167 3592 2282 3616 Alberto.

2436 2615 2447 2626 ⁸
2457 2616 2531 2636 motus
2539 2620 2587 2636 om.
2596 2615 2648 2636 cab.

2435 2655 2447 2666 ⁴
2460 2654 2531 2676 Num.
2546 2660 2595 2683 seq.
