2782 4134
97 687 107 696 ‘
121 686 192 708 Num.
207 692 255 714 seq.

95 1111 106 1122 ⁸
120 1109 201 1138 quoad
215 1109 280 1131 pcab.

95 1169 105 1180 ’¹
117 1169 231 1195 operatur
241 1167 293 1188 cab.

95 1268 106 1279 ⁶
126 1267 183 1294 Cap.
206 1274 235 1292 ιι,
255 1273 278 1288 n.
293 1273 306 1293 7

96 1301 156 1322 sqq.;
167 1295 191 1316 S.
199 1294 243 1315 Th.
254 1294 306 1315 lect.

96 1327 126 1348 xv,
142 1326 164 1342 n.
180 1326 192 1348 7
208 1326 243 1348 sq.

98 1533 107 1541 ·
122 1531 183 1552 idem
198 1537 245 1552 om.
256 1537 277 1552 A.

94 2016 103 2023 “
112 2013 143 2034 Et
151 2020 242 2041 semper
249 2020 305 2041 per-

93 2042 172 2062 manet
185 2040 250 2062 Pcab.

340 278 415 314 316

337 369 425 406 pars
453 355 664 392 secundum
684 353 883 391 materiam
913 354 1162 401 considerata,
1183 353 1251 389 sed
1276 352 1402 388 solum

339 409 551 446 secundum
580 407 759 457 speciem.

390 475 427 510 4.
458 462 607 499 Deinde
647 473 734 498 cum
773 459 882 496 dicit:
925 460 1078 507 Oportet
1109 463 1234 494 autem
1270 457 1399 494 intelli-

336 528 429 566 gere
457 523 544 563 etc.,
573 514 787 551 manifestat
815 512 1042 549 solutionem
1069 510 1305 559 propositam
1333 522 1403 559 per

339 569 523 618 exempla.
558 569 607 605 Et
642 567 767 615 primo
803 565 911 614 ponit
947 563 1307 609 manifestationem;
1344 575 1401 599 se-

338 622 464 659 cundo
503 620 666 658 ostendit
692 620 729 655 in
758 619 894 667 quibus
930 616 1098 665 partibus
1137 616 1236 653 dicta
1264 616 1401 653 solutio

338 676 383 713 sit
402 675 521 723 magis
540 673 751 719 manifesta,
771 670 840 707 ibi:
860 671 906 706 In
926 670 1228 706 anomoeomeris
1246 668 1266 690 ’¹‘
1290 677 1359 706 etc.
1375 690 1400 697 -

337 729 437 766 Dicit
465 740 553 775 ergo
590 725 715 775 primo
751 723 857 772 quod
894 729 1045 771 oportet
1077 722 1284 770 intelligere
1311 722 1402 759 illud

337 782 442 831 quod
470 781 612 818 dictum
633 786 688 814 est
715 777 763 814 de
788 788 899 812 carne
928 775 1139 812 secundum
1168 775 1337 824 speciem
1367 783 1403 812 et

337 834 549 872 secundum
591 830 815 877 materiam,
856 829 952 865 sicut
988 828 1018 865 si
1045 834 1058 849 ⁰
1090 829 1174 877 quis
1207 836 1402 865 mensuret

337 900 475 937 aquam
505 885 640 923 eadem
668 894 860 929 mensura,
881 882 930 918 ita
958 889 1089 919 tamen
1117 882 1224 930 quod
1249 894 1402 931 semper

337 941 382 978 sit
410 940 481 977 alia
509 946 545 975 et
572 937 643 974 alia
672 948 783 984 aqua,
803 943 896 984 puta
924 935 954 971 si
973 947 1018 971 ex
1045 947 1138 972 vase
1162 936 1276 984 pleno
1302 947 1402 983 aqua

320 987 504 1042 'guttatim
525 1003 624 1039 aqua
645 990 785 1036 effluat,
807 996 844 1025 et
862 988 1034 1036 guttatim
1055 1000 1208 1037 semper
1226 988 1402 1024 infunda-

335 1055 411 1083 tur:
442 1046 508 1082 erit
536 1044 637 1081 enim
666 1054 819 1091 semper
837 1042 940 1079 idem
965 1048 1151 1089 quantum
1172 1041 1219 1078 ad
1248 1053 1402 1077 mensu-

336 1112 417 1136 ram
442 1110 574 1148 aquae,
600 1108 679 1133 non
707 1103 837 1132 tamen
865 1102 1050 1143 quantum
1079 1095 1127 1131 ad
1154 1094 1174 1116 ²¹⁶
1203 1093 1402 1131 materiam

335 1165 469 1201 aquae.
492 1151 554 1188 Sic
582 1157 709 1187 autem
740 1155 983 1197 comparatur
1010 1147 1030 1169 ‘³‘
1059 1147 1203 1196 species
1241 1148 1289 1184 ad
1318 1159 1399 1184 ma-

334 1206 483 1252 teriam,
510 1204 605 1241 sicut
633 1214 813 1239 mensura
841 1201 890 1238 ad
918 1208 1193 1248 mensuratum,
1219 1213 1266 1237 eo
1295 1202 1400 1249 quod

335 1260 455 1296 forma
475 1265 530 1294 est
549 1256 635 1294 finis
655 1254 848 1302 materiae,
868 1261 911 1291 ut
930 1254 1064 1291 dicitur
1088 1254 1128 1291 in
1154 1255 1186 1290 11
1211 1255 1360 1303 Pitysic.
1381 1253 1402 1276 '¹‘

335 1312 396 1349 Sic
417 1323 505 1359 ergo
526 1316 543 1332 π
564 1316 714 1359 oportet
741 1307 946 1355 intelligere
971 1307 1078 1356 quod
1107 1307 1252 1356 species
1279 1307 1401 1344 carnis

332 1371 556 1414 permaneat
583 1362 735 1410 eadem,
764 1369 948 1410 tanquam
983 1372 1164 1397 mensura
1196 1361 1400 1410 quaedam;

333 1431 411 1455 non
425 1425 555 1454 tamen
575 1427 728 1464 semper
754 1421 979 1464 permaneat
1007 1413 1144 1451 eadem
1173 1414 1332 1451 materia
1362 1414 1400 1451 in

333 1484 408 1521 qua
435 1471 517 1508 talis
550 1469 695 1519 species
723 1467 936 1517 suscipitur.
966 1468 1035 1504 Est
1063 1469 1177 1504 etiam
1205 1467 1325 1504 simile
1353 1468 1400 1505 de

331 1525 472 1571 fluvio,
503 1523 568 1572 qui
606 1534 758 1571 semper
795 1527 925 1558 manet
955 1520 1059 1557 idern
1087 1520 1107 1542 *
1135 1527 1320 1569 quantum
1349 1521 1398 1558 ad

332 1578 499 1627 speciem
518 1576 644 1622 fluvii;
665 1574 868 1612 materialis
887 1581 1016 1610 tamen
1040 1586 1141 1623 aqua
1164 1586 1318 1623 semper
1346 1581 1402 1611 est

332 1632 404 1668 alia
424 1639 460 1668 et
487 1630 570 1667 alia.
592 1629 722 1666 Simile
743 1635 799 1665 est
819 1627 932 1664 etiam
951 1627 990 1663 in
1009 1627 1107 1675 igne,
1129 1626 1236 1664 cuius
1255 1627 1400 1676 species

334 1692 369 1722 et
389 1685 510 1732 figura
534 1695 687 1731 semper
710 1688 851 1728 manet,
877 1679 962 1717 licet
980 1680 1079 1728 ligna
1101 1680 1140 1717 in
1161 1680 1299 1729 quibus
1318 1692 1399 1717 ma-

331 1737 506 1775 terialiter
533 1735 628 1784 ignis
656 1735 773 1782 ardet,
796 1741 1081 1780 consumantur,
1103 1741 1140 1770 et
1162 1733 1300 1771 iterum
1329 1733 1400 1770 alia

333 1797 574 1840 apponantur
599 1795 625 1826 Ρ.
649 1789 755 1826 Idem
780 1787 893 1824 etiam
914 1794 1071 1836 apparet
1088 1786 1126 1823 in
1144 1788 1290 1836 populo
1311 1787 1400 1824 civi-

332 1845 436 1891 tatis,
467 1843 531 1892 qui
560 1854 713 1891 semper
745 1848 875 1878 manet
911 1840 1015 1877 idem
1053 1840 1267 1878 secundum
1309 1840 1399 1878 illud

333 1897 438 1947 quod
467 1903 522 1933 est
549 1895 707 1945 speciei,
747 1893 926 1942 quamvis
954 1893 1156 1930 hominum
1191 1905 1236 1930 ex
1264 1893 1400 1943 quibus

334 1950 569 1988 constituitur
586 1949 764 1998 populus,
786 1947 943 1996 quidam
959 1946 1172 1983 moriantur
1191 1954 1228 1983 et
1241 1946 1399 1996 quidam

334 2003 549 2041 succedant.
572 2003 622 2039 Et
649 2001 702 2038 sic
730 2013 884 2053 semper
912 2007 1042 2036 manet
1068 1999 1088 2021 ’¹‘
1115 1999 1152 2037 id
1181 1999 1287 2049 quod
1314 2013 1399 2049 per-

331 2058 423 2094 tinet
450 2056 499 2093 ad
518 2055 685 2104 speciem
715 2054 847 2101 carnis,
868 2053 952 2090 licet
979 2052 1138 2090 materia
1156 2053 1195 2090 in
1223 2066 1299 2102 qua
1317 2054 1399 2090 talis

332 2110 476 2160 species
503 2109 691 2156 fundatur,
712 2107 895 2157 paulatim
920 2113 1168 2143 consumatur
1187 2119 1257 2156 per
1284 2107 1398 2144 actio-

331 2176 422 2201 nem
451 2162 604 2210 caloris,
636 2169 672 2198 et
699 2161 770 2198 alia
798 2161 845 2198 de
884 2172 989 2198 novo
1018 2159 1199 2197 adveniat
1224 2172 1295 2209 per
1330 2173 1398 2197 nu-

332 2217 563 2254 trimentum.

387 2269 447 2306 Sic
467 2281 556 2317 ergo
586 2268 741 2317 quando
771 2266 927 2316 aliquod
945 2278 1084 2315 corpus
1109 2274 1278 2315 augetur,
1308 2279 1398 2315 aug-

333 2330 522 2360 mentatur
550 2322 705 2371 quidem
733 2320 891 2358 materia
929 2320 1068 2357 carnis:
1105 2320 1195 2368 quia
1222 2321 1307 2369 plus
1335 2333 1398 2369 ge-

333 2384 485 2413 neratur
511 2388 580 2425 per
615 2374 909 2420 nutrimentum,
943 2385 1061 2420 quam
1090 2374 1270 2422 perdatur
1288 2380 1302 2394 '
1330 2386 1399 2423 per

333 2429 522 2466 actionem
550 2428 705 2474 caloris3
735 2435 771 2464 et
794 2427 855 2474 ita,
875 2426 1120 2476 multiplicata
1149 2427 1319 2475 materia,
1338 2427 1398 2464 vis

333 2481 625 2530 augmentativa,
647 2493 745 2529 quae
773 2480 935 2529 pertinet
963 2479 1012 2516 ad
1032 2479 1211 2528 speciem,
1233 2480 1399 2517 extendit

332 2534 662 2584 proportionaliter
676 2541 794 2570 totam
810 2533 1009 2570 materiam
1024 2532 1062 2569 in
1077 2533 1264 2569 maiorem
1280 2545 1398 2581 quan-

332 2588 489 2625 titatem.
520 2588 611 2624 Non
630 2594 759 2623 tamen
779 2586 829 2623 ita
858 2593 1124 2634 augmentatur
1143 2585 1299 2622 materia
1319 2598 1398 2622 car-

333 2641 401 2688 nis,
422 2640 528 2690 quod
548 2640 698 2677 cuilibet
725 2639 820 2688 parti
848 2639 1028 2676 materiae
1057 2638 1198 2688 aliquid
1217 2639 1396 2676 addatur:

334 2694 422 2743 quia
445 2706 569 2743 neque
603 2692 794 2741 quaelibet
825 2704 913 2741 pars
946 2691 1126 2729 materiae
1160 2699 1300 2739 manet,
1330 2693 1397 2730 sed

334 2747 525 2795 quaedam
542 2746 684 2793 defluit,
702 2753 928 2794 consumpta
948 2745 1087 2781 scilicet
1104 2757 1174 2794 per
1189 2746 1354 2782 calorem
1369 2752 1395 2794 τ,

335 2807 370 2837 et
398 2799 590 2848 quaedam
619 2798 794 2846 advenit,
825 2798 992 2835 restituta
1021 2798 1158 2835 scilicet
1184 2811 1254 2847 per
1282 2799 1397 2836 nutri—

334 2860 518 2890 mentum.
555 2853 604 2889 Et
642 2852 691 2889 ita
725 2864 803 2889 non
838 2859 988 2900 oportet
1015 2863 1140 2900 neque
1169 2852 1395 2900 incorporeo

334 2906 479 2954 augeri,
509 2917 636 2954 neque
674 2905 751 2942 duo
791 2917 951 2954 corpora
989 2917 1071 2941 esse
1109 2905 1241 2954 simul,
1271 2918 1396 2955 neque

387 3093 411 3124 ο)
431 3092 498 3117 sicut
516 3091 547 3116 si.
560 3105 579 3110 —
592 3091 660 3116 sicut
678 3099 731 3116 om.
752 3091 841 3120 PCab;
860 3091 891 3116 cf.
912 3096 1017 3116 textum.
1029 3105 1048 3110 —
1063 3091 1125 3115 Post
1145 3098 1277 3121 mensura,
1298 3092 1320 3116 A
1339 3099 1398 3125 pro-

334 3127 464 3160 sequitur:
490 3127 528 3151 ita
552 3126 623 3159 quod
644 3133 747 3158 semper
771 3126 806 3151 sit
825 3126 861 3151 ibi
878 3127 933 3152 alia
951 3129 978 3151 et
996 3126 1051 3151 alia
1068 3133 1152 3159 aqua,
1174 3130 1243 3159 puta
1261 3126 1284 3152 si
1302 3134 1319 3151 a
1338 3134 1400 3152 vase

329 3163 410 3194 pleno
424 3169 494 3194 aqua
506 3162 633 3195 guttatim
644 3162 732 3195 effluat
743 3165 770 3186 et
780 3162 907 3194 guttatim
922 3162 1173 3196 supereffundatur,
1185 3162 1220 3188 ibi
1230 3162 1282 3187 erit
1294 3169 1399 3195 semper

335 3198 412 3223 idem.

387 3233 416 3265 π)
437 3233 482 3257 Sic
499 3240 572 3266 ergo.
586 3246 604 3251 -
618 3232 650 3257 Si
667 3239 732 3265 ergo
752 3233 782 3264 A,
802 3232 848 3257 Sic
866 3233 935 3258 enim
949 3232 1039 3262 PCaIm
1053 3233 1099 3258 sed
1114 3234 1186 3266 quod
1206 3233 1330 3266 sequitur,
1346 3242 1398 3258 non

335 3273 373 3292 est
392 3268 508 3300 probatio
527 3268 747 3301 praecedentium,
767 3268 813 3292 sed
832 3269 964 3293 conclusio
983 3276 1013 3292 ex
1033 3269 1078 3294 eis.

387 3303 411 3336 ρ)
432 3303 523 3328 licet...
537 3306 734 3332 consumantur.
748 3306 774 3328 et
790 3303 885 3328 iterum
905 3304 959 3329 alia
975 3307 1156 3336 apponantur.
1174 3318 1193 3324 -
1210 3304 1289 3329 sed...
1304 3311 1397 3330 consu-

336 3341 444 3363 muntur
463 3341 488 3363 et
506 3339 561 3363 alia
579 3342 752 3370 apponuntur
771 3338 864 3368 PCab5
882 3339 937 3364 alia
955 3347 1008 3364 om.
1023 3340 1053 3365 A.

389 3373 414 3405 σ)
431 3373 492 3404 plus
504 3377 681 3406 generatur...
692 3374 833 3406 perdatur.
846 3388 864 3393 —
874 3375 956 3406 plura
970 3378 1165 3407 generantur...
1179 3375 1323 3407 depereant
1335 3376 1366 3400 A.
1380 3389 1399 3394 —

336 3408 386 3432 Pro
405 3412 430 3432 et
449 3408 494 3437 ita,
514 3412 539 3433 et
554 3409 579 3433 in
594 3410 630 3438 A;
650 3417 696 3441 pro
715 3409 838 3434 extendit
852 3411 1101 3442 proportionaliter,
1121 3411 1229 3436 excedit
1242 3411 1397 3444 proportio·

337 3443 459 3468 nabiliter
478 3443 566 3473 PCab,
588 3443 619 3469 cf.
638 3449 690 3469 not.
705 3452 730 3478 φ.

390 3479 413 3510 τ)
433 3478 480 3503 sed
497 3479 660 3511 quaedam.
673 3480 796 3504 calorem.
815 3494 833 3499 -
851 3480 979 3513 siquidem
1004 3481 1094 3516 defluit
1109 3489 1161 3514 per
1178 3482 1308 3507 actionem
1328 3482 1397 3507 calo-

337 3513 375 3538 ris
389 3514 419 3538 A.
438 3527 456 3532 —
474 3514 596 3538 restituta
609 3522 661 3539 orn.
677 3515 705 3543 C,
720 3515 779 3547 quia
793 3522 809 3539 a
823 3515 882 3548 legit
896 3517 1056 3542 resistentia.
1068 3530 1088 3536 —
1102 3517 1152 3542 Pro
1166 3517 1201 3542 Et
1216 3517 1253 3542 ita
1305 3518 1398 3546 simul,

338 3549 374 3573 Et
393 3548 430 3573 ita
450 3556 500 3573 non
521 3552 624 3580 oportet
649 3549 831 3582 incorpoream
857 3558 912 3576 esse
937 3559 1019 3584 neque
1037 3559 1091 3577 esse
1116 3559 1271 3584 corpoream
1291 3553 1399 3578 omnino

336 3583 415 3608 simul
428 3583 455 3613 Ρ,
470 3584 505 3608 Et
522 3584 560 3608 ita
574 3591 624 3608 non
640 3588 744 3616 oportet
764 3585 788 3609 in
809 3593 923 3617 corpora
938 3587 1111 3619 (incorporea
1131 3595 1186 3612 esse
1205 3588 1244 3613 ed.
1265 3588 1297 3619 b)
1318 3595 1399 3621 neque

337 3626 392 3643 esse
409 3626 522 3650 corpora
537 3619 677 3650 (corporea
692 3620 731 3644 ed.
745 3620 776 3652 b)
795 3621 902 3646 omnino
917 3622 996 3646 simul
1009 3622 1066 3647 edd.
1081 3630 1097 3647 a
1109 3623 1131 3652 b,
1154 3623 1189 3648 Et
1202 3623 1239 3647 ita
1255 3630 1306 3647 non
1320 3631 1398 3655 opor-

338 3656 374 3678 tet
393 3661 447 3679 esse
466 3654 518 3678 duo
543 3662 657 3686 corpora
683 3655 708 3679 in
728 3655 817 3679 eodem
844 3656 900 3681 loco
920 3663 1002 3688 neque
1020 3664 1075 3682 esse
1100 3657 1256 3690 incorporea
1276 3659 1304 3683 C.
1324 3659 1398 3683 Patet

842 276 914 312 DE
943 245 1331 312 GENERATIONE
1360 275 1431 311 ET
1462 274 1845 311 CORRUPTIONE
1875 275 1969 311 LIB.
2001 275 2015 311 Ι

1459 365 1596 401 corpus
1625 353 1730 402 quod
1759 360 1919 401 augetur
1943 365 2026 390 esse
2044 365 2226 390 vacuum.
2257 353 2359 401 Quia
2387 354 2417 391 si
2446 367 2526 392 non

1456 407 1542 454 plus
1557 411 1571 426 ⁰
1590 406 1656 443 fuit
1670 406 1708 443 id
1723 407 1829 455 quod
1848 406 2052 443 restituitur
2071 418 2140 455 per
2155 406 2389 455 alimentum,
2406 420 2524 456 quarn

1457 458 1495 495 id
1528 459 1635 507 quod
1676 459 1745 496 fuit
1775 471 1845 508 per
1877 460 2044 496 calorem
2077 467 2371 508 consumptum,
2405 460 2525 498 virtus

1457 512 1646 559 naturalis,
1681 525 1779 561 quae
1806 513 1968 562 pertinet
1996 512 2045 549 ad
2074 512 2264 561 speciem,
2303 513 2461 550 restituit
2487 513 2525 551 id

1457 565 1564 613 quod
1593 566 1758 612 advenit,
1778 565 1817 602 in
1842 566 1970 603 locum
2000 566 2080 602 eius
2108 565 2215 614 quod
2242 566 2363 614 periit.
2395 565 2435 603 Si
2459 578 2526 603 au-

1457 626 1535 655 tem
1570 619 1681 655 fuerit
1713 619 1797 668 plus
1835 619 1940 668 quod
1969 632 2015 656 ex
2037 619 2057 640 ’¹‘
2085 619 2266 655 alimento
2301 627 2525 667 generatum

1458 679 1528 720 est,
1562 672 1682 709 virtus
1710 672 1889 709 naturalis
1918 672 2083 710 extendit
2110 671 2202 709 illud
2221 677 2236 702 Ψ
2268 672 2307 709 in
2336 672 2526 710 maiorem

1457 725 1706 773 quantitatem
1739 725 1951 763 secundum
1983 725 2149 774 aliquam
2178 725 2472 772 dimensionem,
2489 733 2527 762 et

1456 778 1507 815 ita
1545 786 1707 827 occupat
1739 779 1927 815 maiorem
1960 780 2101 816 locum.
2142 779 2220 816 Sed
2253 778 2343 827 quia
2379 778 2526 827 species

1457 844 1610 880 semper
1642 839 1784 879 manet,
1814 844 1972 868 necesse
2001 839 2057 868 est
2085 832 2210 869 dicere
2239 832 2345 881 quod
2374 831 2527 868 cuilibet

1455 885 1552 934 parti
1581 885 1728 922 formae
1748 885 1811 922 vel
1832 884 1972 933 speciei
1990 885 2324 934 proportionaliter
2340 885 2361 907 ’¹‘
2385 883 2524 934 aliquid

1457 937 1630 985 advenit,
1670 945 1706 974 et
1738 938 1929 986 quaelibet
1965 946 2157 986 augeatur.
2194 939 2332 987 Neque
2369 946 2527 988 propter

1455 992 1530 1028 hoc
1559 990 1728 1039 sequitur
1761 992 2031 1039 duo'corpora
2064 1003 2147 1028 esse
2181 991 2219 1028 in
2247 992 2387 1029 eodem
2414 992 2524 1029 loco:

1456 1044 1545 1093 quia
1564 1044 1712 1081 formae
1741 1051 1778 1080 et
1796 1043 1936 1092 speciei
1961 1056 2040 1080 non
2069 1044 2228 1081 debetur
2246 1045 2353 1085 locus
2377 1044 2448 1082 nisi
2467 1057 2525 1082 ra-

1455 1098 1559 1134 tione
1579 1098 1760 1134 materiae
1781 1097 1819 1134 in
1839 1109 1916 1146 qua
1935 1097 2245 1146 fundatunquae
2266 1105 2322 1134 est
2334 1098 2490 1147 proprie
2503 1097 2525 1120 ²*

1456 1151 1670 1188 subiectum
1699 1150 1915 1199 quantitatis
1948 1149 2194 1188 dimensivae.

1510 1204 1551 1241 Si
1579 1211 1708 1241 autem
1736 1203 1961 1251 intelligatur
1989 1215 2077 1240 caro
2106 1202 2320 1240 secundum
2341 1203 2524 1253 speciem,

1456 1270 1556 1307 quae
1594 1265 1649 1294 est
1676 1264 1854 1305 generata
1891 1268 1938 1293 ex
1974 1256 2134 1293 humido
2163 1256 2339 1293 seminali
2365 1255 2404 1304 *,
2435 1268 2524 1294 caro

1456 1318 1584 1348 autem
1623 1311 1834 1348 secundum
1867 1309 2088 1357 materiam,
2121 1321 2221 1358 quae
2259 1317 2316 1347 est
2347 1317 2526 1358 generata

1457 1377 1502 1401 ex
1535 1363 1695 1401 humido
1730 1363 2007 1411 nutrimentali,
2045 1370 2087 1400 ut
2123 1363 2340 1400 Alexander
2374 1363 2523 1412 posuit3

1454 1418 1607 1455 videtur
1625 1418 1700 1454 hoc
1717 1417 1882 1454 verbum
1906 1416 2127 1464 Aristotelis,
2148 1416 2287 1453 scilicet
2309 1416 2416 1466 quod
2434 1428 2524 1454 caro

1457 1471 1671 1508 secundum
1700 1470 1900 1507 materiam
1930 1469 2063 1507 defluit
2089 1469 2110 1492 *
2138 1477 2175 1507 et
2202 1469 2403 1517 adveniat,
2441 1482 2522 1508 non
2551 1485 2560 1495 ·

1456 1532 1584 1562 autem
1618 1536 1706 1561 caro
1741 1523 1954 1560 secundum
1983 1522 2169 1572 speciem,
2208 1522 2330 1571 magis
2359 1535 2440 1560 esse
2469 1522 2525 1561 di·

1457 1585 1558 1615 ctum
1586 1576 1831 1627 probabiliter
1858 1589 1976 1625 quam
2011 1576 2225 1613 secundum
2253 1575 2420 1625 aliquam
2458 1588 2524 1614 ne·

1457 1631 1660 1668 cessariam
1703 1630 1903 1667 rationem.
1948 1630 2048 1666 Cum
2093 1629 2196 1667 enirn
2224 1634 2242 1655 κ
2279 1641 2436 1667 necesse
2477 1629 2525 1667 sit

1454 1693 1660 1733 utrumque
1688 1683 1893 1720 humidum
1921 1682 1960 1720 in
1988 1695 2106 1719 unam
2133 1694 2303 1720 massam
2332 1682 2522 1732 coniungi,

1456 1739 1504 1775 ad
1533 1736 1812 1787 perficiendum
1848 1735 2096 1786 quantitatem
2133 1735 2248 1773 totius
2286 1735 2454 1785 corporis
2487 1743 2525 1774 et

1456 1791 1631 1828 omnium
1658 1789 1824 1839 partium
1854 1789 1946 1836 eius,
1967 1801 2046 1826 non
2073 1796 2199 1837 potest
2227 1801 2274 1826 ex
2301 1789 2524 1827 necessitate

1455 1844 1610 1893 probari
1643 1843 1748 1892 quod
1787 1843 1890 1880 calor
1918 1842 1968 1879 ita
1996 1849 2197 1879 consumat
2224 1854 2366 1890 unum,
2405 1843 2522 1880 altero

1455 1904 1702 1947 permanente
1741 1907 1905 1945 semper.
1949 1895 2042 1932 Non
2084 1902 2140 1932 est
2177 1902 2305 1933 autem
2344 1895 2522 1934 credibile

1456 1950 1561 2000 quod
1589 1950 1809 1987 Aristoteles
1843 1948 1882 1986 in
1909 1948 1972 1986 tali
2001 1961 2040 1986 re
2069 1947 2210 1998 aliquid
2235 1948 2315 1986 sine
2343 1948 2524 1986 ratione*¹
2547 1963 2559 1976 ·

1454 2003 1667 2041 necessaria
1696 2002 1867 2050 dixisset,
1900 2009 1943 2039 ut
1970 2003 2163 2039 Averroes
2192 2001 2281 2039 dicit
2307 2001 2347 2039 in
2375 2002 2524 2052 exposi-

1453 2057 1556 2095 tione
1585 2056 1698 2094 huius
1727 2055 1800 2093 loci
1827 2055 1861 2093 ⁴¹.

1511 2112 1544 2148 5.
1573 2110 1723 2148 Deinde
1757 2121 1845 2146 cum
1884 2107 1999 2146 dicit:
2032 2109 2079 2145 In
2112 2109 2414 2146 anomoeomens
2437 2116 2521 2157 etc„

1454 2163 1618 2201 ostendit
1645 2163 1683 2200 in
1721 2162 1859 2212 quibus
1887 2161 2057 2210 partibus
2084 2161 2278 2211 praedicta
2311 2161 2449 2200 solutio
2477 2161 2525 2200 sit
2579 2199 2583 2202 .

1453 2216 1574 2265 magis
1601 2215 1812 2253 manifesta.
1843 2215 1892 2252 Et
1920 2214 2009 2252 dicit
2037 2215 2142 2263 quod
2180 2215 2218 2253 id
2246 2215 2353 2264 quod
2381 2215 2523 2254 dictum

1454 2277 1520 2318 est,
1537 2270 1657 2318 magis
1679 2276 1734 2306 est
1748 2268 1993 2306 manifestum
2011 2267 2028 2296 Ψ
2047 2268 2085 2305 in
2100 2269 2412 2316 anomoeomerzls,
2427 2268 2525 2307 idest

1453 2323 1491 2360 in
1519 2322 1703 2360 membris
1731 2321 1970 2360 dissimilium
1996 2321 2173 2371 partium,
2202 2329 2296 2371 puta
2323 2321 2362 2359 in
2390 2333 2522 2370 manu,

1453 2389 1571 2426 quarn
1603 2376 1782 2413 videmus
1813 2374 2145 2424 proportionaliter
2177 2375 2328 2423 augeri:
2362 2387 2524 2425 propor-

1452 2429 1681 2466 tionabiliter
1700 2429 1802 2466 enim
1821 2428 1842 2451 ²¹²
1861 2435 2020 2476 augetur
2046 2435 2125 2465 tota
2153 2440 2291 2466 manus
2311 2435 2348 2465 et
2366 2428 2525 2478 quilibet

1453 2482 1600 2531 digitus,
1622 2490 1658 2519 et
1686 2481 1798 2518 etiarn
1827 2481 1985 2530 quilibet
2021 2481 2211 2519 articulus.
2242 2482 2292 2518 Et
2317 2481 2394 2518 hoc
2419 2481 2520 2530 ideo,

1453 2535 1542 2584 quia
1570 2534 1690 2583 magis
1709 2534 1910 2571 manifesta
1929 2541 1984 2570 est
2012 2533 2198 2571 distinctio
2218 2533 2359 2584 speciei
2386 2540 2424 2571 et
2441 2546 2523 2572 ma-

1453 2588 1567 2625 teriae
1596 2588 1634 2624 in
1663 2587 1885 2624 huiusmodi
1914 2587 2111 2634 membris,
2132 2599 2250 2636 quam
2279 2587 2318 2624 in
2347 2598 2460 2624 carne
2486 2594 2525 2625 et

1454 2654 1540 2678 osse
1561 2649 1598 2678 et
1617 2641 1697 2678 aliis
1718 2641 1903 2677 membris
1922 2640 2120 2678 similibus.
2143 2641 2298 2688 Quanto
2320 2639 2422 2678 enim
2435 2647 2525 2679 sunt

1451 2694 1725 2743 propinquiora
1743 2694 1822 2741 toti,
1837 2701 1942 2731 tanto
1957 2693 2104 2742 plenius
2124 2694 2310 2743 recipiunt
2323 2693 2524 2743 perfectio-

1451 2760 1541 2784 nem
1570 2748 1729 2794 formae,
1760 2759 1858 2795 quae
1887 2747 2142 2796 principaliter
2169 2754 2226 2784 est
2253 2754 2359 2784 actus
2386 2747 2522 2785 totius:

1451 2801 1554 2838 unde
1569 2808 1605 2838 et
1624 2800 1866 2849 operationes
1882 2800 2033 2837 animae
2049 2800 2170 2848 magis
2194 2800 2418 2838 manifestae
2437 2808 2524 2839 sunt

1451 2854 1489 2891 in
1509 2854 1693 2891 membris
1709 2853 1947 2891 dissimilium
1968 2853 2143 2903 partium,
2160 2865 2278 2902 quam
2299 2853 2480 2891 similium
2491 2860 2520 2891 ⁸.

1454 2908 1503 2944 Et
1531 2907 1618 2944 ideo
1648 2907 1733 2944 licet
1759 2915 1847 2956 post
1875 2915 2058 2954 mortem,
2086 2919 2156 2957 per
2183 2918 2300 2956 quam
2329 2913 2525 2956 separatur

1455 3093 1526 3125 quod
1545 3092 1594 3117 hoc
1613 3092 1639 3118 in
1659 3093 1717 3118 loeo
1736 3093 1915 3118 manifestetur
1935 3093 2070 3126 quomodo
2089 3101 2135 3126 per
2154 3094 2418 3120 solutionem'dntam
2437 3094 2523 3122 uelu-

1455 3129 1550 3152 duntur
1569 3129 1612 3153 illa
1630 3129 1677 3153 tria
1696 3129 1909 3160 inconvenientia,
1929 3129 1960 3154 de
1980 3129 2074 3162 quibus
2093 3137 2172 3162 supra
2192 3138 2218 3155 n.
2235 3137 2256 3155 ι.

1507 3164 1533 3196 υ)
1547 3164 1571 3188 si
1583 3171 1634 3189 non
1646 3164 1747 3196 plus.—
1757 3171 1808 3189 non
1823 3164 1910 3189 minus
1919 3164 1947 3194 P,
1961 3164 1985 3189 si
1997 3172 2050 3190 om.
2064 3165 2140 3189 etiam
2154 3165 2242 3190 ACab.
2251 3178 2270 3186 -—
2280 3164 2347 3190 lnfra
2357 3170 2416 3198 post
2428 3165 2524 3197 virtus,

1454 3199 1523 3223 enim
1536 3199 1633 3224 caloris
1653 3199 1711 3224 add.
1726 3199 1810 3225 PCab.
1830 3200 1919 3225 Lectio
1938 3200 2060 3233 adoptata
2079 3200 2246 3226 manifestum
2264 3205 2305 3226 est
2323 3201 2396 3234 quod
2415 3201 2447 3227 ab
2466 3201 2525 3236 ipso

1455 3240 1573 3259 contextu
1594 3235 1738 3268 requiritur.

1507 3269 1536 3303 φ)
1556 3270 1680 3295 extendit
1699 3270 1773 3295 illud.
1786 3284 1806 3290 —
1819 3270 1928 3296 excedit
1946 3270 1975 3296 id
1993 3271 2041 3296 Ca.
2060 3271 2080 3296 C
2099 3272 2183 3305 pergit
2202 3271 2227 3296 in
2248 3271 2346 3297 maiori
2364 3271 2525 3305 quantitate.

1506 3305 1536 3340 χ)
1554 3306 1618 3330 Cum
1633 3306 1712 3331 enim.
1724 3319 1742 3324 -
1759 3306 1824 3331 Cum
1840 3313 1891 3331 non
1905 3306 1964 3331 edd.
1978 3312 2004 3331 et
2017 3307 2106 3338 codd.;
2126 3307 2172 3332 sed
2191 3314 2286 3332 sensus
2301 3315 2354 3334 non
2366 3307 2461 3340 patitur
2474 3306 2524 3332 hoc

1454 3341 1512 3365 loco
1525 3341 1676 3373 particulam
1691 3347 1844 3374 negantem3
1858 3341 1890 3366 cf.
1901 3350 1926 3367 n.
1938 3349 1951 3366 2
1963 3342 2036 3374 quod
2047 3342 2152 3375 quidem
2201 3342 2328 3368 admixto
2341 3342 2393 3368 sibi
2404 3341 2522 3368 secundo

1453 3376 1571 3401 humido.
1591 3376 1703 3401 Aliunde
1722 3382 1791 3410 patet
1810 3385 1862 3402 non
1882 3384 1941 3402 esse
1961 3377 2101 3402 admodum
2115 3376 2217 3403 difficile
2236 3377 2403 3411 scriptoribus
2422 3382 2524 3402 mutare

1453 3412 1522 3436 enim
1542 3412 1567 3436 in
1582 3419 1672 3437 ›1on.—
1685 3412 1736 3436 Pro
1748 3412 1882 3445 coniungi,
1902 3412 2017 3446 adiungi
2036 3412 2127 3442 reatu
2142 3413 2180 3438 Ca
2198 3418 2323 3446 pergunt:
2338 3413 2376 3438 ad
2385 3413 2524 3447 perficien-

1453 3447 1515 3472 dam
1532 3450 1615 3472 totum
1630 3448 1724 3479 (totam
1740 3448 1771 3481 C)
1787 3448 1963 3481 quantitatem
1982 3448 2073 3474 totius.
2084 3462 2104 3468 -
2118 3448 2169 3474 Pro
2188 3456 2239 3473 non
2254 3452 2353 3481 potest,
2374 3455 2420 3474 nec
2434 3450 2525 3481 potest

1454 3482 1530 3507 PCab
1537 3490 1546 3511 ,ν
1559 3490 1607 3515 pro
1620 3484 1695 3508 calor
1709 3483 1782 3508 ita...
1791 3485 1967 3516 permanente
1980 3490 2092 3516 semper,
2105 3483 2181 3509 calor
2189 3486 2330 3509 consumat
2342 3491 2423 3509 unum
2438 3482 2524 3509 humi-

1453 3518 1515 3543 dum
1527 3519 1613 3543 altero
1628 3522 1832 3550 super-manente
1845 3519 1960 3551 (semper
1973 3522 2096 3544 manente
2103 3518 2132 3550 9)
2145 3519 2167 3544 A
2175 3526 2182 3550 ;
2198 3519 2242 3551 qui
2257 3519 2343 3544 statim
2357 3526 2410 3544 om.
2423 3521 2522 3544 autem.

1507 3552 1535 3587 ψ)
1556 3554 1584 3578 ia
1603 3554 1706 3586 quod...
1722 3553 1932 3588 manifestum.-
1945 3554 2031 3587 magis
2050 3558 2089 3579 est
2108 3561 2198 3579 verum
2218 3554 2290 3587 quod
2313 3554 2413 3580 dictum·
2433 3556 2473 3579 est
2489 3554 2522 3578 Α.

1453 3589 1654 3614 Homoteleuton
1673 3589 1821 3614 ostendit...
1837 3589 2047 3614 anomoeomeris
2066 3596 2120 3614 om.
2135 3589 2182 3615 Ca.

1505 3624 1537 3655 ω)
1558 3624 1583 3648 in
1604 3624 1727 3649 membris
1777 3624 1913 3649 similium.
1930 3636 1950 3644 ·-
1968 3623 2139 3649 dissimilibus
2157 3624 2197 3649 ed.
2211 3631 2241 3653 a,
2261 3624 2288 3649 in
2308 3623 2479 3650 dissimilibus
2493 3623 2522 3655 C,

1454 3659 1479 3683 in
1501 3659 1671 3684 dissimilibus
1692 3660 1814 3684 membris
1833 3667 1911 3692 quam
1933 3659 1959 3684 in
1974 3659 2100 3692 partibus
2118 3659 2248 3685 similibus
2267 3658 2311 3684 Pb.

2553 630 2646 653 'dem

2553 889 2766 938 ;εεεενενε..νννν

2551 1102 2561 1111 ·
2572 1101 2674 1130 proprie
2683 1107 2731 1124 om.
2741 1109 2764 1125 Α.

2551 1265 2765 1314 ἑῖειὸεωκκαιὶκ

2573 1970 2648 1988 caula
2661 1971 2684 1988 Δ.

2549 2066 2560 2077 ·
2576 2065 2669 2088 libr-u.

2549 2423 2752 2464 'amram-
