2554 4062
199 356 309 383 XXVIII

326 426 374 466 In
408 436 430 462 e
462 419 587 461 istola
619 411 926 468 nuncupatoria
958 410 1063 450 haec
1085 408 1304 462 leguntur:
1346 421 1360 440 «
1385 404 1535 444 Frater
1563 399 1787 456 Eugenius
1810 399 1968 467 Brutus
1992 397 2189 466 Venetus
2213 394 2391 437 Ordinis

203 492 238 532 P
262 435 505 529 aedicatgrii
536 491 680 521 sacrae
703 473 972 528 Theologiae
994 470 1212 526 professor
1245 465 1476 522 magnifico
1502 462 1880 516 eruditissimoque
1902 473 1997 500 v1ro
2027 459 2224 529 Domino
2248 459 2390 513 Aloy-

205 504 270 593 3ἰῖ)
302 551 427 590 Bono
461 542 628 600 patritio
662 540 832 580 Veneto
867 536 911 576 S.
935 536 980 575 P.
1001 534 1101 573 D....
1133 531 1218 584 (lin.
1243 529 1310 583 13)
1334 528 1447 569 Nam
1482 539 1580 567 cum
1603 525 1733 580 paulo
1768 530 1869 579 post
1893 523 2158 564 Octavlanus
2182 521 2389 593 Scotus...

236 611 430 654 btulisset
462 605 563 647 mihi
597 602 683 644 divi
712 601 907 641 Thomae
937 592 1268 636 commentarios
1301 591 1343 631 in
1367 590 1501 630 libros
1535 588 1610 643 qui
1642 587 1696 628 de
1725 586 2013 640 Generationev
2041 588 2086 626 et
2108 584 2392 640 Corruptwne

206 628 491 716 ibscribuntur
546 670 802 721 rogaretque
835 666 880 700 ut
914 671 1038 698 eos...
1063 653 1339 710 castigandos
1383 651 1668 706 susciperem,
1704 649 1934 704 permisi
1960 648 2050 703 (19)
2085 648 2251 689 Verum
2286 647 2390 718 dum

208 750 261 778 ne
295 734 428 775 otium
462 702 692 785 aggredior
725 723 801 778 (dii
834 718 1110 773 immortales)
1146 716 1414 758 exanimatus
1448 727 1557 755 sum.
1593 714 1698 754 Erat
1731 712 1844 753 enim
1875 711 1988 775 liber
2019 711 2132 752 adeo
2166 710 2392 781 squahdus

207 805 250 839 et
263 750 461 837 gincultus
504 798 550 832 ut
591 789 859 841 desperarem
899 796 998 823 eum
1031 781 1073 822 in
1105 780 1251 821 vultus
1285 778 1450 834 priores
1490 789 1712 831 reparare;
1747 774 1897 815 nullibi
1939 774 2153 815 sententia
2195 780 2389 830 integra,

207 859 340 901 verba
372 853 647 908 transposita,
683 849 724 888 in
759 845 961 887 omnibus
995 843 1116 898 quod
1149 843 1298 883 tollere
1323 846 1364 881 et
1397 839 1556 880 addere
1590 850 1763 893 posses:
1799 843 1846 878 ut
1879 851 1967 878 non
1991 837 2151 878 librum·
2182 836 2261 878 sed
2295 835 2391 877 libri

208 920 415 976 quasdam
449 918 600 957 breves
639 910 858 966 portiones
894 913 1008 948 esset
1042 905 1212 954 videre;
1248 910 1290 944 et
1322 902 1443 957 quod
1477 901 1664 942 deterius
1699 906 1789 948 est,
1824 899 2087 954 exemplaria
2118 906 2293 970 nostrae
2326 899 2393 940 bi-

208 982 444 1025 bliothecae
462 981 649 1018 truncata
681 971 828 1026 reperi,
854 966 1142 1016 monstruosa,
1166 966 1344 1021 indigna
1377 965 1486 1005 visa.
1524 963 1641 1016 Quid
1674 962 1887 1003 facerem?
1921 963 2079 1017 Neque
2112 975 2183 1003 me
2217 967 2391 1017 incepto

211 1045 413 1086 desistere
446 1039 648 1082 licebat...
674 1034 764 1089 (24)
787 1034 992 1088 Longum
1027 1030 1139 1071 enirn
1173 1028 1274 1069 mihi
1307 1027 1537 1067 videbatur
1559 1031 1785 1080 expectare
1820 1025 1894 1079 qui
1918 1025 2028 1066 hanc
2057 1025 2394 1066 mendositatem

209 1105 454 1148 melioribus
493 1098 690 1154 auspiciis
731 1100 966 1142 excuteret,
1002 1106 1099 1133 cum
1141 1104 1217 1146 per
1255 1095 1319 1130 tot
1351 1101 1490 1129 annos
1534 1100 1664 1128 nemo
1698 1087 1846 1136 fuerit,
1883 1088 1956 1142 qui
2000 1087 2098 1128 huic
2138 1086 2395 1129 absurditati

209 1171 456 1210 occurreret.
490 1160 757 1203 Decennium
788 1157 900 1198 enim
923 1157 1080 1196 factum
1103 1159 1168 1194 est
1200 1158 1433 1208 postquam
1467 1150 1535 1191 hic
1568 1149 1685 1197 liber,
1710 1150 1871 1204 Papiae
1905 1150 2139 1199 mendose,
2172 1150 2394 1192 somnicu-

209 1231 300 1272 lose
343 1234 384 1269 et
414 1225 583 1267 indocte
627 1223 881 1276 impressus,
915 1219 970 1259 ab
1006 1216 1208 1258 omnibus
1242 1214 1404 1268 ubique
1436 1211 1716 1268 negligitur...
1752 1211 1844 1266 (40)
1878 1213 2029 1267 Itaque
2062 1213 2251 1268 perlecta
2284 1212 2395 1254 anti-

209 1293 367 1347 quitate
392 1301 486 1329 cum
520 1285 661 1327 multis
694 1282 926 1325 sudoribus
949 1281 1079 1321 finem
1113 1284 1306 1334 optatum
1341 1275 1582 1331 tetigimus;
1618 1274 1784 1331 collatis
1817 1274 1861 1314 in
1894 1275 2091 1330 margine
2124 1276 2317 1316 textibus
2351 1280 2394 1316 et

210 1351 471 1398 commentis,
490 1355 536 1389 ut
568 1345 874 1388 recentioribus
908 1343 1131 1398 placerem,
1152 1340 1414 1395 reliquisque
1444 1337 1726 1379 emendandis
1754 1336 1901 1378 limam
1933 1337 2130 1392 apposui,
2156 1343 2396 1379 extremam

209 1415 384 1457 domino
418 1413 586 1453 favente
619 1421 792 1450 manum
826 1406 1065 1447 additurus:
1102 1403 1228 1458 cupio
1262 1409 1406 1443 tamen
1445 1401 1488 1441 in
1521 1401 1605 1441 hoc
1638 1399 1753 1441 vinci
1787 1399 1842 1440 ab
1882 1399 2112 1441 omnibus:
2148 1398 2394 1441 dummodo

210 1483 354 1519 noster
387 1472 621 1529 Angelicus
661 1471 814 1511 doctor
846 1482 927 1509 suo
960 1468 1125 1508 honore
1160 1466 1355 1506 donetur.
1391 1464 1521 1505 Hunc
1548 1476 1654 1519 ergo
1689 1462 1845 1504 librum
1880 1463 1938 1503 mi
1971 1462 2130 1517 Aloysi
2163 1463 2206 1504 in
2241 1475 2397 1504 manus

209 1539 378 1587 sumito,
413 1551 438 1578 a
470 1548 556 1590 quo
590 1539 763 1589 propter
797 1532 886 1572 eius
921 1529 1251 1571 mendositatem
1284 1527 1402 1582 prius
1435 1525 1754 1567 avertebaris..
1779 1538 1869 1580 quo
1904 1525 1953 1566 fit
1984 1531 2032 1566 ut
2063 1526 2174 1567 hanc
2208 1525 2397 1582 castiga-

211 1602 372 1642 tionem
414 1598 559 1654 paucis
604 1596 756 1636 diebus
799 1593 1064 1635 lucubratam
1105 1591 1165 1632 tui
1200 1603 1329 1631 causa
1361 1588 1691 1630 acceleraverim
1725 1607 1738 1624 ι
1780 1594 1858 1629 etc.

332 1663 399 1703 Ex
431 1658 738 1716 posterioribus
773 1656 1032 1697 editionibus
1067 1654 1257 1702 citamus,
1283 1652 1383 1707 quia
1417 1665 1514 1692 cum
1549 1664 1601 1692 ea
1623 1651 1722 1692 facit
1754 1652 1801 1700 P,
1825 1651 1966 1692 solam
1988 1651 2203 1693 Venetam
2233 1668 2248 1688 ι
2281 1650 2399 1707 apud

209 1724 414 1766 haeredes
447 1724 590 1763 Lucae
624 1719 802 1762 Antonii
835 1720 1006 1759 Iunctae
1040 1717 1171 1758 Anno
1217 1715 1396 1756 Domini
1430 1714 1581 1755 MDLI
1614 1714 1768 1756 Mense
1811 1714 1975 1770 Aprili,
2019 1733 2034 1751 »
2076 1727 2178 1756 cura
2217 1713 2398 1756 Romuli

212 1787 334 1828 Fabii
368 1784 599 1826 Florentini
635 1783 698 1837 (cs.
722 1782 821 1822 Vol.
846 1782 894 1829 II,
929 1780 1063 1821 Praef.
1098 1793 1194 1835 pag.
1219 1778 1323 1833 xw).
1358 1778 1480 1818 Haec
1503 1777 1731 1832 praefatur:
1773 1794 1788 1814 ‹
1813 1777 1950 1819 Fratri
1973 1777 2110 1819 Paulo
2135 1775 2401 1820 Ferrariensi

211 1848 436 1904 Regularis
455 1845 766 1888 Observantiae
788 1858 820 1885 s.
840 1842 1057 1884 Dominici
1074 1841 1187 1883 Patri
1212 1840 1500 1882 eruditissimo
1518 1840 1733 1881 Romulus
1750 1840 1915 1882 Fabius
1934 1840 2211 1882 Florentinus
2230 1840 2275 1883 S.
2292 1841 2399 1883 D.

212 1909 544 1953 Accuratissima
576 1907 730 1948 deinde
764 1907 817 1947 D.
842 1906 1037 1946 Thomae
1071 1918 1199 1959 super
1233 1903 1412 1945 eosdem
1446 1903 1580 1944 libros
1615 1903 1936 1952 commentaria,
1961 1917 2074 1959 quae
2108 1903 2328 1945 erroribus
2349 1915 2400 1945 ac

213 1973 379 2015 mendis
421 1984 556 2027 paene
599 1969 770 2010 infinitis
813 1968 1004 2022 undique
1047 1967 1310 2008 scatentibus
1357 1979 1446 2007 non
1495 1966 1587 2007 sine
1628 1966 1816 2007 maxima
1857 1966 1962 2007 tanti
1996 1966 2076 2008 viri
2117 1972 2159 2008 et
2192 1965 2401 2008 Doctoris

213 2035 363 2076 iniuria
396 2032 648 2075 circumferri
682 2030 973 2079 animadverti,
1009 2029 1334 2086 diligentissime
1367 2035 1458 2070 tum
1493 2028 1714 2084 castigavi.
1738 2035 1830 2070 tum
1865 2029 2096 2086 integritati
2130 2029 2324 2085 plurimis
2357 2028 2402 2071 in

214 2098 318 2139 locis
361 2109 412 2137 ea
450 2095 627 2136 reddere
670 2094 793 2134 nixus
836 2106 986 2134 sum...
1011 2092 1124 2133 Huic
1168 2105 1346 2147 quoque
1384 2092 1603 2146 praeclaro
1644 2092 1951 2148 Philosophiae
1994 2092 2161 2134 muneri
2209 2092 2402 2134 libellum

215 2159 431 2214 quendam
465 2158 517 2199 de
550 2158 872 2198 Elementorum
905 2155 1113 2196 Mixtione
1147 2168 1200 2196 ex
1234 2155 1451 2209 opusculis
1486 2154 1575 2195 divi
1602 2155 1800 2195 Thomae
1835 2161 2083 2210 excerptum
2117 2155 2278 2205 addidi,
2303 2167 2402 2197 cum

214 2222 354 2277 ipsum
387 2220 441 2261 ad
475 2220 582 2261 hanc
623 2225 814 2273 spectare
852 2217 1072 2258 materiam
1119 2217 1402 2258 certissimum
1436 2217 1511 2266 sit;
1546 2230 1646 2258 nam
1681 2230 1733 2258 ex
1767 2217 1840 2258 illo
1874 2218 2045 2272 plenam
2080 2224 2123 2260 et
2155 2219 2403 2260 absolutam

216 2284 349 2325 sancti
382 2283 577 2323 Thomae
611 2282 653 2322 in
686 2282 767 2322 hoc
801 2293 932 2335 opere
965 2279 1019 2320 de
1052 2279 1286 2320 Mixtorum
1319 2292 1369 2320 ac
1403 2279 1672 2334 Simplicium
1707 2278 1916 2327 mixtione
1950 2286 1994 2321 et
2025 2281 2280 2323 alteratione
2302 2293 2403 2325 sen-

215 2345 389 2386 tentiam
422 2357 638 2399 quemque
669 2343 787 2384 facile
821 2342 993 2396 assequi
1026 2355 1157 2396 posse
1191 2355 1278 2382 non
1312 2341 1463 2382 dubito
1490 2358 1504 2379 »
1545 2347 1621 2382 etc.

338 2407 494 2447 Mirum
526 2419 628 2447 sane
661 2405 780 2459 quod
814 2404 974 2445 Fabius
1009 2404 1264 2459 opusculum
1297 2404 1350 2444 de
1381 2404 1596 2445 Mixtione
1616 2404 1943 2446 Elementorum
1983 2404 2297 2448 commentario
2325 2406 2404 2449 ad·

217 2468 404 2510 dendum
437 2468 607 2516 censuit,
634 2481 729 2508 cum
763 2473 900 2508 totum
933 2472 1140 2521 quantum
1175 2473 1239 2507 est
1271 2466 1356 2507 iam
1390 2466 1595 2508 insertum
1629 2467 1754 2509 suerit
1784 2467 1969 2509 lectione
2001 2480 2110 2510 xxxv
2142 2469 2239 2511 libri
2279 2469 2404 2526 primi

215 2544 291 2586 per
321 2531 516 2586 ignotum
555 2535 772 2571 auctorem
805 2529 934 2584 partis
973 2528 1268 2584 supposititiae
1303 2528 1375 2583 (cf.
1415 2543 1545 2584 supra
1576 2530 1652 2585 V).
1689 2529 1918 2572 Credimus
1953 2543 2060 2587 ergo
2094 2531 2281 2574 Fabium
2315 2545 2405 2575 non

216 2593 318 2634 satis
350 2598 507 2633 attente
541 2592 891 2633 commentarium
925 2591 1100 2647 legisse,
1136 2591 1255 2646 quod
1290 2591 1417 2632 etiam
1451 2593 1583 2633 multa
1617 2593 1775 2634 menda
1808 2593 2012 2648 probant,
2049 2606 2162 2649 quae
2195 2608 2250 2637 ex
2283 2601 2405 2638 ante-

217 2654 399 2696 rioribus
432 2654 690 2695 editionibus
724 2653 903 2695 retinuit.
927 2654 1029 2694 Non
1063 2653 1202 2695 differt
1224 2654 1405 2695 multum
1427 2655 1483 2695 ab
1519 2654 1707 2697 editione
1730 2655 1767 2705 b,
1787 2655 2002 2711 quidquid
2036 2656 2151 2698 dicat
2181 2657 2236 2699 de
2266 2675 2282 2695 ‹
2313 2658 2402 2701 dili·

219 2716 468 2772 gentissima
500 2715 798 2757 emendatione
832 2722 874 2757 et
896 2716 1135 2772 integritate
1168 2716 1359 2771 plurimis
1382 2716 1423 2758 in
1458 2718 1564 2758 locis
1588 2718 1900 2760 commentario
1935 2718 2114 2762 reddita.
2146 2739 2159 2756 »
2191 2719 2404 2764 Codicem

219 2778 464 2820 adhibuisse
488 2791 574 2819 non
607 2778 786 2828 videtur,
805 2778 882 2819 sed
906 2779 1191 2820 correctiones
1225 2792 1248 2820 e
1281 2779 1456 2834 proprio
1482 2780 1658 2836 ingenio
1693 2781 1868 2823 eruisse.
1888 2781 2072 2823 -Editio
2091 2782 2221 2825 etiam
2254 2784 2405 2841 Euge-

220 2840 277 2881 nii
316 2840 432 2881 Bruti
466 2841 719 2895 Papiensem
753 2855 830 2895 pro
864 2841 1142 2882 fundamento
1173 2841 1324 2882 habet:
1360 2842 1415 2883 ab
1451 2856 1501 2883 ea
1535 2843 1649 2885 enim
1675 2857 1763 2885 non
1797 2844 1959 2886 recedit
1991 2844 2072 2886 nisi
2105 2845 2181 2887 ubi
2215 2845 2407 2889 absurda

221 2908 305 2951 est;
339 2902 416 2943 sed
439 2916 516 2943 nec
548 2916 716 2957 semper
738 2903 810 2943 ubi
834 2903 1112 2953 absurda'est,
1137 2904 1269 2945 immo
1304 2905 1475 2959 saepius
1501 2924 1514 2941 ‹
1541 2906 1764 2956 mendose,
1790 2907 2086 2949 somniculose
2109 2913 2152 2949 et
2183 2907 2359 2951 indocte
2384 2927 2400 2947 ›

221 2977 316 3005 cum
351 2977 401 3005 ea
432 2965 544 3020 legit.
580 2965 697 3006 Bruti
732 2979 836 3022 ergo
877 2983 891 3002 «ι
917 2966 1140 3022 castigatio
1174 2967 1321 3021 paucis
1364 2967 1518 3009 diebus
1551 2969 1775 3010 lucubrata
1809 2987 1823 3006 »
1865 2969 2102 3011 editionem
2144 2970 2406 3026 Papiensem

219 3026 409 3080 respicit:
444 3026 562 3081 quod
596 3033 738 3068 autem
771 3028 826 3068 ad
869 3029 1169 3086 corrigendum
1211 3047 1225 3065 σε
1257 3029 1553 3084 antiquitatem
1598 3032 1849 3088 perlegerit,
1884 3050 1898 3070 ι
1938 3032 2128 3088 probant
2170 3046 2250 3088 pro
2285 3040 2405 3090 parte

221 3089 509 3129 commentarii
542 3089 782 3130 authentica
815 3091 982 3140 multae,
1008 3105 1116 3146 quas
1139 3105 1236 3133 cum
1260 3092 1302 3133 A
1334 3093 1404 3133 vel
1428 3093 1463 3134 B
1487 3106 1742 3135 communes
1774 3094 1917 3144 habet,
1942 3094 2150 3136 lectiones
2186 3095 2405 3151 (Prooem.

221 3163 272 3199 η;
304 3162 333 3190 11
352 3152 409 3199 θθ;
442 3152 934 3206 111Z(supe7ficietenus),
957 3156 975 3192 θ
995 3157 1064 3206 (ut
1092 3155 1154 3195 ita
1186 3155 1246 3195 sit
1273 3154 1443 3205 dicere),
1473 3172 1512 3207 p,
1549 3171 1571 3195 τ
1601 3155 1822 3209 (αόοίίίιζς),
1853 3171 1916 3207 υυ;
1950 3170 2008 3206 1v,
2041 3174 2076 3207 α,
2108 3173 2144 3208 ι,
2182 3172 2214 3209 ι·,
2244 3175 2262 3199 ο
2295 3166 2338 3202 et
2363 3174 2406 3213 p:

222 3222 302 3259 vn,
329 3209 349 3249 δ
373 3212 808 3267 (manzfistavz'mus),·
840 3228 931 3265 vm,
961 3217 1001 3265 ζ,
1031 3232 1055 3267 η
1080 3217 1336 3269 (inducendo
1369 3218 1613 3273 exempla),
1649 3233 1717 3271 γγ;
1740 3231 1782 3268 x,
1813 3234 1852 3270 ν;
1876 3232 1934 3270 x1,
1955 3219 1976 3260 δ
1996 3227 2038 3262 et
2065 3235 2103 3271 ες
2132 3235 2221 3270 xm,
2245 3237 2270 3273 η
2297 3228 2340 3264 et
2363 3222 2407 3273 ξς

223 3286 292 3321 xv,
322 3289 358 3324 γ,
388 3289 398 3311 ι
432 3280 472 3314 et
498 3275 558 3328 ψ);
591 3289 667 3330 pro
702 3283 818 3331 parte
853 3284 994 3320 autern
1035 3279 1328 3335 supposititia,
1365 3293 1453 3321 non
1487 3294 1650 3335 paucae
1693 3282 2020 3325 emendationes
2062 3284 2320 3339 desumptae
2354 3298 2409 3327 ex

225 3332 527 3377 commentario
561 3337 602 3377 b.
627 3338 790 3380 Alberti
824 3340 971 3396 Magni
1007 3341 1091 3395 (lib.
1116 3342 1145 3391 I,
1180 3355 1283 3392 xxn,
1306 3343 1350 3393 β;
1384 3354 1503 3392 xxlv,
1527 3358 1572 3393 ας
1597 3344 1667 3386 lib.
1692 3345 1741 3395 ΙΙ,
1765 3358 1790 3395 1,
1818 3360 1862 3398 γ;
1891 3358 1919 3387 11
1941 3361 1988 3396 ας
2022 3361 2064 3396 ν,
2091 3346 2132 3396 δ;
2156 3360 2229 3395 vn,
2257 3347 2278 3391 ζ
2305 3347 2413 3400 (κε’-π’

225 3398 602 3450 σοηὲνεὲαίὼηιζς);
633 3412 688 3448 1x,
718 3415 758 3452 γ;
786 3414 827 3450 Χ,
856 3419 895 3454 γ,
926 3404 963 3449 ζ.
995 3419 1018 3453 η
1040 3410 1082 3445 et
1110 3418 1157 3456 μς
1182 3417 1239 3455 x1,
1269 3404 1324 3461 δ).
1345 3405 1457 3447 Cum
1481 3419 1586 3463 ergo
1611 3408 1768 3449 Brutus
1792 3409 1847 3450 ad
1871 3409 1911 3450 b.
1931 3409 2160 3451 Albertum
2185 3410 2410 3453 recurrerit

225 3462 272 3496 ut
304 3458 499 3500 meliores
532 3460 734 3503 lectiones
769 3464 997 3514 obtineret,
1033 3466 1130 3508 licet
1163 3481 1369 3522 quaerere
1407 3483 1460 3510 an
1505 3476 1606 3524 post
1638 3483 1727 3511 xv11
1774 3471 2005 3513 lectionem
2049 3473 2408 3515 commentarium

226 3520 539 3573 supposititium
579 3535 674 3563 esse
708 3527 939 3580 cognovit?
972 3529 1133 3570 Nullibi
1168 3530 1344 3584 quidem
1388 3531 1568 3573 dubium
1609 3533 1820 3588 expressit
1858 3533 1912 3575 de
1952 3533 2295 3577 authenticitate:
2330 3536 2409 3577 sed

227 3579 393 3622 difficile
425 3582 513 3624 fieri
546 3585 737 3638 potuisse
771 3588 991 3639 credimus,
1016 3597 1062 3631 ut
1083 3591 1211 3633 toties
1246 3593 1286 3634 b.
1312 3594 1539 3636 Albertum
1573 3595 1735 3644 adiens,
1772 3595 2143 3645 convenientiam,
2178 3610 2233 3639 ne
2267 3597 2408 3640 dicam

226 3641 498 3694 identitatem,
534 3649 901 3691 commentationis
935 3665 1021 3694 non
1054 3654 1434 3706 animadverteret;
1469 3658 1720 3712 praesertim
1751 3670 1849 3698 cum
1889 3674 1904 3694 ‹
1929 3659 2190 3714 exemplaria
2213 3673 2319 3702 suae
2343 3660 2410 3702 bi-

227 3703 463 3746 bliothecae
496 3713 685 3750 truncata
718 3713 964 3765 reperiebat,
989 3733 1001 3750 »
1043 3729 1096 3756 ex
1129 3730 1217 3771 quo
1242 3718 1465 3760 dubitandi
1501 3720 1554 3761 de
1589 3719 1833 3775 integritate
1867 3720 2001 3775 ipsius
2025 3723 2322 3764 commentarii
2345 3723 2407 3765 sa-

228 3765 349 3807 cilem
384 3769 652 3811 occasionem
686 3785 852 3814 sumere
886 3777 1033 3829 potuit.
