2782 4134
310 305 388 340 214

1007 290 1078 326 DE
1108 287 1284 325 CAELO
1313 287 1384 323 ET
1413 284 1608 322 MUNDO
1638 283 1733 320 LIB.
1764 284 1795 320 11

875 503 1174 561 LECTIO
1211 501 1930 579 VIGESIMAQUINTA

709 659 843 691 RATIO
868 658 1040 696 QUIETIS
1063 657 1238 688 TERRAE
1262 656 1355 688 NON
1378 656 1458 687 EST
1483 656 1606 694 QUOD
1631 655 1849 687 SIMILITER
1872 655 1921 686 SE
1946 654 2094 685 HABET

1100 715 1158 745 AD
1184 714 1343 746 OMNEM
1367 713 1494 745 CAELI
1518 714 1698 744 PARTEM

308 847 370 878 εἰσὶ
395 840 433 876 δέ
457 856 544 881 τινες
570 846 599 875 οἳ
622 838 681 874 διά
701 841 764 877 τήν
784 839 978 884 ὁμοιότητά
997 851 1096 884 φασιν
1115 840 1226 885 αὑτήν
1244 838 1369 883 μένειν,

374 888 482 931 ὥσπερ
505 889 570 919 τῶν
598 887 745 931 ἀρχαίων
772 880 1054 930 Ἀναξίμανδρος·
1076 885 1205 929 μᾶλλον
1226 884 1285 928 μὲν
1305 884 1369 930 γάρ

375 933 468 965 οὐθέν
496 933 561 964 ἄνω
580 930 600 967 ἦ
618 932 714 963 κάτω
740 928 760 966 ἦ
786 931 830 968 εἰς
856 931 904 962 τά
929 929 1063 975 πλάγια
1088 928 1246 973 φέρεσθαι
1271 940 1370 973 προσ-

374 977 446 1013 ῆκει
471 976 512 1009 τὸ
541 976 594 1007 ἐπὶ
620 977 682 1008 τοῦ
714 974 817 1019 μέσου
849 970 1021 1018 ἱδρυμένον
1053 976 1112 1005 καὶ
1145 974 1264 1016 ὁμοίως
1291 973 1370 1017 πρὸς

374 1022 422 1053 τά
452 1021 585 1066 ἔσχατα
620 1019 715 1066 ἔχον·
751 1018 824 1063 ἅμα
859 1015 887 1051 δ’
918 1014 1089 1052 ἀδύνατον
1120 1018 1164 1055 εἰς
1195 1018 1369 1050 τάναντία

373 1067 540 1098 ποιεῖσθαι
564 1064 628 1101 τήν
653 1068 797 1101 κίνησιν·
824 1062 904 1096 ὥστ’
934 1062 969 1104 ἐξ
997 1062 1146 1108 ἀνάγκης
1171 1061 1293 1106 μένειν.

306 1110 416 1146 Τοῦτο
445 1107 482 1141 δὲ
506 1108 647 1155 λέγεται
675 1108 807 1152 κομψῶς
840 1107 921 1152 μέν,
949 1108 1008 1140 οὐκ.
1039 1105 1167 1144 ἀληθῶς
1193 1102 1248 1139 δέ·
1274 1106 1371 1138 κατα

371 1155 434 1198 γάρ
461 1155 584 1187 τοῦτον
603 1153 663 1186 τὸν
680 1153 782 1200 λόγον
802 1153 988 1198 ἀναγκαῖον
1012 1151 1117 1192 ἅπαν,
1138 1151 1154 1184 ὃ
1173 1163 1206 1183 τι
1227 1150 1265 1183 ἂν
1285 1150 1369 1193 τεθῇ

372 1201 426 1234 ἐπὶ
451 1199 512 1231 τοῦ
537 1197 654 1242 μέσου,
676 1198 808 1242 μένειν,
835 1196 922 1229 ὥστε
946 1199 1004 1228 καὶ
1030 1196 1070 1229 τό
1097 1197 1161 1241 πῦρ
1187 1194 1369 1240 ἧρεμησει·

372 1245 414 1279 τὸ
438 1244 501 1289 γάρ
526 1242 697 1287 εἰρημένον
723 1240 782 1274 οὐκ.
806 1237 890 1273 ἴδιόν
917 1241 991 1273 ἐστι
1017 1241 1079 1278 τῆς
1103 1242 1179 1287 γῆς.

297 1290 407 1323 Ἀλλά
430 1288 494 1332 μὴν
521 1285 590 1321 οὐδ’
618 1288 823 1333 ἀναγκαῖον·
851 1285 888 1318 οὗ
913 1286 977 1332 γάρ
1003 1285 1104 1329 μόνον
1129 1288 1289 1330 φαίνεται
1314 1283 1372 1328 μέ-

371 1345 474 1367 νουσα
503 1331 558 1365 ἐπὶ
590 1332 652 1364 τοῦ
678 1331 802 1376 μέσου,
831 1329 921 1362 ἀλλά
951 1332 1009 1362 καὶ
1034 1330 1196 1382 φερομένη
1223 1329 1303 1373 πρὸς
1329 1329 1371 1361 τὸ

370 1378 483 1423 μέσον.
508 1376 614 1410 Ὅπου
634 1377 700 1422 γάρ
719 1377 833 1409 ὁτιοῦν
852 1374 989 1420 φέρεται
1006 1386 1102 1419 μέρος
1123 1375 1246 1415 αὐτῆς,
1268 1374 1373 1420 ἀναγ-

369 1426 465 1455 καῖον
493 1420 644 1454 ἐνταῦθα
669 1419 823 1466 φέρεσθαι
851 1422 908 1451 καὶ
935 1419 998 1456 τήν
1026 1418 1124 1457 ὅλην·
1154 1420 1191 1451 οὗ
1216 1415 1253 1451 δέ
1278 1417 1370 1463 φέρε-

371 1479 431 1500 ται
461 1467 557 1500 κατοὶ
587 1465 704 1510 φύσιν,
730 1466 788 1497 καὶ
813 1464 904 1507 μένει
940 1461 1099 1496 ἐνταυθοῖ
1129 1464 1226 1496 κατά
1258 1462 1367 1507 φύσιν.

369 1512 437 1543 Οὐκ
457 1511 521 1556 ἄρα
541 1507 600 1543 διοὶ
621 1510 661 1543 τό
680 1511 800 1555 ὁμοίως
818 1509 906 1554 ἔχειν
926 1508 1005 1563 πρὸς
1025 1509 1072 1541 τοὶ
1089 1509 1242 1554 ἔσχατα·
1263 1508 1369 1540 τοῦτο

371 1556 429 1600 μὲν
455 1555 519 1602 γάρ
546 1557 630 1587 πᾶσι
654 1554 779 1595 κοινόν,
799 1554 841 1585 τὸ
859 1549 895 1584 δὲ
916 1552 1072 1598 φέρεσθαι
1098 1553 1177 1598 πρὸς
1203 1553 1243 1585 τὸ
1269 1552 1369 1597 μέσον

369 1596 454 1632 ἴδιον
481 1601 543 1637 τῆς
567 1601 642 1646 γῆς.

292 1646 450 1678 Ἀτοπον
475 1639 513 1676 δὲ
536 1646 594 1676 καὶ
621 1643 726 1676 τοῦτο
751 1642 810 1687 μὲν
836 1642 964 1684 ζητεῖν,
983 1636 1042 1681 διοὶ
1066 1643 1100 1672 τί
1126 1652 1211 1674 ποτε
1236 1639 1327 1685 μένει
1350 1642 1370 1677 ἠ

370 1690 415 1736 γῆ
441 1690 496 1722 ἐπὶ
521 1690 583 1721 τοῦ
609 1688 725 1732 μέσου,
752 1687 793 1719 τό
819 1683 855 1718 δὲ
882 1687 946 1730 πῦρ
971 1685 1017 1729 μή
1043 1685 1158 1727 ζητεῖν
1183 1681 1242 1718 &ab
1262 1688 1295 1719 τί
1315 1686 1369 1718 ἐπὶ

371 1734 434 1766 τοῦ
466 1732 629 1778 ἐσχάτου.
667 1732 705 1763 Εἰ
730 1732 789 1775 μὲν
822 1731 886 1777 γάρ
919 1729 1059 1770 κάκείνῳ
1091 1729 1186 1774 φύσει
1219 1730 1327 1768 τόπος
1354 1731 1370 1762 ὀ

373 1778 534 1824 ἔσχατος,
553 1773 657 1814 δῆλον
685 1775 737 1809 ὅτι
760 1777 946 1821 ἀναγκαῖον
964 1771 1056 1805 εἶναί
1078 1786 1156 1806 τινα
1181 1776 1239 1807 καὶ
1259 1776 1303 1817 τῇ
1325 1775 1370 1820 γῇ

395 1823 464 1855 ύσει
490 1822 614 1855 τόπον·
642 1821 670 1852 εἰ
694 1816 732 1853 δὲ
756 1820 804 1874 μή
830 1819 946 1862 ταύτῃ
972 1818 1071 1856 οὗτος
1097 1820 1113 1850 ὁ
1140 1818 1260 1861 τόπος,
1282 1819 1373 1852 ἀλλά

370 1833 430 1900 διά
453 1867 517 1903 την
545 1865 695 1912 ἀνάγκην
722 1877 813 1910 μενει
839 1864 902 1901 τήν
928 1865 992 1900 τῆς
1018 1862 1238 1905 ὁμοιότητος,
1260 1863 1370 1909 ὥσπερ

372 1914 387 1945 ὁ
413 1914 487 1954 περὶ
512 1911 574 1949 τῆς
600 1910 713 1955 τριχός
738 1909 839 1955 λόγος
865 1910 927 1946 τῆς
951 1909 1091 1952 ἰσχυρῶς
1109 1908 1167 1952 μὲν
1195 1910 1314 1952 ὁμοίως
1333 1904 1370 1941 δέ

371 1956 487 1999 πάντῃ
512 1955 726 1999 τεινομένης,
756 1953 809 1987 ὅτι
835 1954 873 1986 ού
905 1949 1198 1998 διαρραγήσεται,
1223 1956 1281 1985 καὶ
1307 1955 1369 1987 τοῦ

371 2002 551 2038 πεινῶντος
581 2002 639 2032 καὶ
664 1995 826 2042 διψῶντος
858 1995 987 2042 σφόδρα
1012 1997 1071 2040 μὲν
1099 1998 1218 2042 ὁμοίως
1243 1994 1280 2031 δέ
1310 2000 1369 2030 καὶ

370 2047 437 2078 τῶν
464 2040 633 2089 ἐδωδίμων
664 2047 722 2076 καὶ
748 2044 861 2075 ποτῶν
886 2046 957 2075 ἴσον
986 2040 1177 2087 ἀπέχοντος
1204 2043 1278 2085 (καὶ
1304 2043 1368 2090 γάρ

371 2091 496 2123 τοῦτον
523 2091 655 2134 ἠρεμεῖν
684 2089 912 2134 ἀναγκαῖον),
939 2087 1110 2130 ζητητέον
1145 2087 1263 2126 αὐτοῖς
1294 2090 1367 2131 περὶ

371 2135 432 2172 τῆς
458 2136 521 2167 τοῦ
546 2134 647 2179 πυρὸς
672 2134 775 2178 μονῆς
801 2132 856 2165 ἐπὶ
883 2134 949 2165 τῶν
975 2131 1145 2175 ἐσχάτων.

302 2180 372 2212 Θαυ
402 2179 509 2211 αστόν
533 2174 571 2211 δέ
595 2181 652 2210 καὶ
678 2178 719 2211 τό
744 2178 818 2221 περὶ
843 2177 900 2221 μέν
927 2177 990 2214 τῆς
1015 2177 1118 2217 μονῆς
1143 2177 1271 2218 ζητεῖν,
1296 2179 1369 2221 περὶ

392 2224 406 2257 ὲ
431 2225 493 2262 τῆς
518 2224 618 2268 φορᾶς
646 2223 758 2256 αὐτῶν
784 2221 830 2265 μη
856 2223 984 2264 ζητεῖν,
1009 2218 1070 2254 διά
1094 2222 1156 2253 τίν·
1184 2221 1300 2253 αἰτίαν
1327 2222 1369 2254 τό

367 2270 427 2314 μέν
455 2269 522 2301 ἅνω
547 2267 750 2313 φέρεται’τὸ
774 2262 803 2299 δ’
827 2264 880 2299 ἐπὶ
908 2266 948 2299 τὸ
974 2266 1075 2310 μέσον
1101 2260 1242 2308 μηδενός
1265 2266 1368 2309 ἐμπο-

370 2311 534 2357 δίζοντος.

295 2360 405 2393 Ἀλλά,
429 2357 494 2402 μην
521 2351 591 2389 οὐδ’
621 2354 741 2393 ἀληθές
767 2356 841 2388 ἐστι
867 2354 907 2387 ‘td
931 2355 1126 2401 λεγόμενον.
1160 2354 1264 2387 Κατά
1288 2366 1370 2398 συμ-

314 2406 315 2409 ’
369 2402 510 2445 βεβηκός
535 2400 652 2445 μέντοι
677 2400 772 2433 τοῦτ’
804 2399 947 2441 ἀληθές,
973 2401 1014 2437 ώς
1041 2400 1228 2445 ἀναγκαῖον
1258 2398 1367 2443 μένειν

370 2450 425 2481 ἐπὶ
451 2448 513 2480 τοῦ
539 2445 640 2491 μέσου
667 2446 734 2477 πᾶν
762 2445 784 2486 ᾦ
810 2445 911 2489 μηθὲν
937 2445 1067 2487 μᾶλλον
1099 2439 1196 2487 δεῦρο
1223 2443 1244 2480 ἦ
1269 2439 1366 2489 δεῦρο

367 2491 529 2526 κινεῖσθαι
555 2489 729 2535 προσήκει.
760 2490 869 2521 Ἀλλά
893 2484 953 2522 διά
976 2501 1014 2534 γε
1039 2489 1165 2522 τοῦτον
1187 2488 1246 2520 τόν
1263 2488 1366 2534 λόγον

370 2539 407 2570 οὐ
433 2539 523 2580 μενεῖ
555 2535 644 2568 ἀλλά
675 2533 916 2575 κινηθήσεται,
950 2535 988 2566 οὗ
1019 2533 1136 2577 μέντοι
1170 2531 1246 2564 ὅλον
1279 2533 1367 2565 ἀλλά

369 2577 629 2623 διεσπασμένον.
663 2580 700 2609 'O
724 2579 789 2623 γάρ
816 2578 920 2615 αὐτὸς
949 2577 1087 2622 ἁρμόσει
1110 2575 1210 2622 λόγος
1236 2578 1294 2609 καὶ
1312 2578 1367 2609 ἐπὶ

370 2627 432 2659 τοῦ
458 2624 576 2668 πυρός·
605 2622 735 2669 ἀνάγκη
761 2622 825 2668 γάρ
851 2623 946 2655 τεθέν
973 2623 1082 2666 μένειν
1110 2622 1229 2664 ὁμοίως
1257 2619 1367 2667 ὥσπερ

369 2670 434 2707 τήν
459 2670 541 2715 γῆν·
570 2668 689 2712 ὁμοίως
720 2667 784 2711 γάρ
818 2665 883 2707 ἐ’ξει
914 2668 994 2710 πρὸς
1026 2667 1093 2698 τῶν
1126 2667 1268 2709 σημείων
1302 2667 1367 2699 τῶν

371 2713 525 2759 ἐσχάτων
553 2713 685 2744 ὁτιοῦν·
715 2713 786 2745 ἀλλ’
809 2710 894 2755 ὅμως
921 2711 1119 2748 οἰσθήσεται
1146 2709 1295 2742 ἀπὸτοῦ
1313 2710 1370 2754 μέ-

370 2771 441 2799 σου,
461 2757 570 2800 ὥσπερ
594 2758 653 2789 καὶ
674 2759 831 2801 φαίνεται
849 2756 1040 2801 φερόμενον,
1062 2753 1100 2787 ἂν
1119 2754 1167 2797 μή
1186 2766 1219 2786 τι
1238 2754 1366 2798 κωλύῃ,

370 2803 450 2846 πρὸς
475 2802 516 2835 τὸ
541 2801 706 2847 ἔσχατον·
737 2801 824 2837 πλην
850 2800 914 2845 οὐχ
948 2800 1024 2833 ὅλον
1058 2799 1138 2839 προς
1164 2799 1196 2830 ἓν
1229 2803 1366 2844 σημεῖον

372 2848 497 2891 (τοῦτο
521 2846 585 2893 γάρ
613 2846 801 2891 ἀναγκαῖον
826 2844 926 2889 μόνον
951 2844 1145 2888 συμβαίνειν
1171 2844 1207 2875 ἐκ
1233 2845 1294 2877 τοῦ
1312 2844 1368 2876 λό-

369 2904 429 2938 γου
456 2891 518 2923 τοῦ
549 2892 621 2935 περὶ
655 2891 716 2928 τῆς
751 2889 973 2934 ὁμοιότητος)
1002 2887 1092 2922 ἀλλά
1124 2887 1164 2920 τὸ
1199 2888 1366 2933 ἀνάλογον

369 2935 482 2981 μόριον
509 2935 588 2979 πρὸς
615 2934 656 2966 τὸ
683 2933 850 2978 ἀνάλογον
869 2935 930 2966 τοῦ
953 2933 1116 2979 ἐσχάτου,
1135 2931 1223 2979 λέγω
1244 2929 1272 2964 δ’
1298 2935 1366 2966 οἷον

370 2981 410 3014 τό
437 2979 608 3024 τέταρτον
634 2978 729 3024 μέρος
756 2979 837 3021 πρὸς
863 2978 903 3012 τό
925 2979 1095 3022 τέταρτον
1114 2975 1211 3030 μέρος
1231 2979 1292 3010 τοῦ
1311 2991 1369 3012 πε-

369 3024 557 3070 ριέχοντος·
586 3024 679 3077 owe?
711 3025 775 3070 γάρ
807 3023 935 3070 στιγμή
968 3024 1036 3055 τῶν
1061 3033 1228 3065 σωματων
1262 3022 1378 3057 ἐστίν.4

361 3069 486 3112 “Qu-nep
511 3064 548 3101 δὲ
573 3067 635 3101 κᾶν
661 3080 697 3100 εκ
722 3068 872 3114 μεγάλου
898 3066 1048 3100 συνέλθοι
1073 3066 1300 3109 πυκνούμενον
1322 3068 1366 3106 εἷς

369 3113 506 3152 ἐλάττω
538 3112 666 3154 τόπον,
696 3112 785 3144 οὕτω
817 3112 880 3144 κᾶν
907 3112 941 3154 ἐξ
972 3110 1158 3148 ἐλάττονος
1188 3111 1232 3149 εἰς
1265 3113 1366 3157 μείζω

369 3159 555 3202 μανότερον
580 3157 798 3203 γιγνόμενον·
825 3155 912 3190 ὥστε
943 3155 1006 3190 κᾶν
1033 3157 1052 3193 ἠ
1078 3155 1124 3202 γῆ
1150 3157 1275 3188 τοῦτον
1306 3157 1366 3189 τόν

370 3202 495 3246 τρόπον
515 3200 655 3234 ἐκινεῖτο
676 3200 745 3235 ἀπό
764 3203 826 3233 τοῦ
844 3201 947 3245 μέσου
965 3198 1024 3233 διά
1040 3213 1077 3247 γε
1094 3199 1155 3233 τᾶν
1173 3201 1235 3238 τῆς
1255 3201 1368 3245 ὁμοιό-

372 3259 474 3285 τητος
498 3245 612 3293 λόγον,
640 3247 668 3278 εἰ
692 3246 738 3290 μή
765 3246 859 3291 φύσει
884 3247 946 3284 τῆς
971 3247 1035 3293 γῆς
1061 3244 1160 3281 οὗτος
1187 3245 1293 3284 τόπος
1312 3244 1366 3285 ἦν.

297 3288 382 3323 Ὅσα
408 3291 466 3334 μὲν
495 3289 550 3323 οὖν
583 3291 746 3337 τυγχάνει
779 3293 852 3335 περ(
878 3304 915 3324 τε
948 3292 1010 3324 τοῦ
1042 3289 1223 3334 σχήματος
1257 3291 1366 3329 αὐτῆς

371 3335 681 3380 ύπολαμβανόμενα
706 3337 763 3367 καὶ
790 3338 862 3379 περὶ
890 3335 1000 3368 τόπου
1025 3336 1084 3366 καὶ
1109 3335 1212 3378 μονῆς
1236 3337 1295 3367 καὶΙ
1319 3347 1369 3368 κι-

371 3379 513 3420 νήσεως,
539 3375 658 3424 σχεδὸν
685 3380 785 3412 ταῦτ’
814 3380 917 3412 ἐστίν.

359 3475 505 3502 Smops1s.
524 3492 556 3496 —
579 3485 601 3503 x.
624 3476 731 3509 Quinta
753 3476 856 3503 solutio
878 3477 1063 3505 dubitationis
1085 3477 1120 3505 de
1142 3477 1234 3514 quiete
1257 3482 1366 3505 terrae.

306 3514 432 3548 Quidam
454 3514 551 3542 dicunt
578 3521 682 3542 terram
705 3515 733 3542 in
756 3515 851 3543 medio
878 3516 1038 3552 quiescere,
1061 3526 1096 3545 eo
1125 3518 1205 3554 quod
1226 3517 1303 3545 nulla
1324 3524 1366 3545 est

305 3554 378 3582 ratio
393 3560 424 3581 ut
439 3554 474 3581 ad
490 3555 563 3582 hanc
585 3554 674 3590 magis
696 3564 782 3591 quarn
798 3556 834 3582 ad
850 3555 925 3583 illam
943 3556 1011 3584 caeli
1032 3563 1141 3592 partem
1164 3563 1322 3591 moveatur,
1338 3563 1365 3585 ct

306 3593 483 3630 impossibile
498 3600 540 3621 est
561 3594 597 3621 ad
619 3594 761 3622 contraria
783 3594 867 3622 simul
883 3595 1001 3623 moveri.
1016 3612 1035 3615 —
1051 3604 1077 3623 2.
1093 3597 1275 3632 Improbatur
1290 3597 1363 3625 ratio

305 3633 451 3669 praedicta
472 3640 595 3670 quatuor
617 3633 783 3661 rationibus.
806 3634 912 3662 Primo.
929 3635 1003 3669 Quia
1018 3634 1046 3662 in
1063 3636 1159 3663 medio
1174 3636 1253 3672 poni,
1270 3643 1364 3673 potest

1426 841 1443 859 *
1461 841 1543 871 Sunt
1565 847 1673 871 autem
1696 841 1846 881 quidam,
1877 841 1933 881 qui
1957 847 2087 881 propter
2117 840 2358 871 similitudinem
2389 841 2498 873 dicunt

1492 885 1597 925 ipsam
1620 895 1764 923 manere,
1794 885 1875 915 sicut
1898 885 2104 926 antiquorum
2128 885 2373 917 Anaximander.
2396 886 2497 927 Magis

1494 929 1626 969 quidem
1649 929 1735 959 enim
1758 929 1836 959 nihil
1859 939 1987 960 sursum
2006 937 2061 961 aut
2080 930 2231 961 deorsum
2255 938 2310 962 aut
2332 931 2365 961 in
2389 930 2497 971 plagas

1495 973 1566 1003 ferri
1584 973 1732 1003 convenit
1756 973 1845 1014 quod
1863 973 1896 1003 in
1913 973 2020 1004 medio
2041 981 2087 1005 est
2111 975 2314 1013 collocatum,
2339 982 2369 1006 et
2388 975 2496 1006 simili-

1494 1024 1541 1048 ter
1556 1017 1595 1047 ad
1619 1025 1755 1048 extrema
1773 1027 1806 1048 se
1821 1017 1951 1048 habens.
1977 1017 2080 1048 Simul
2103 1026 2211 1050 autem
2235 1019 2433 1060 impossibile
2457 1020 2496 1050 ad

1495 1061 1689 1092 contrarium
1705 1062 1806 1092 facere
1824 1069 1963 1093 motum.
1981 1062 2089 1099 Quare
2104 1073 2141 1093 ex
2157 1064 2341 1095 necessitate
2356 1074 2494 1096 manere.

1427 1104 1442 1121 *
1461 1106 1534 1136 Hoc
1553 1113 1660 1136 autem
1684 1106 1798 1136 dicitur
1822 1106 2068 1146 persuasibiliter
2088 1107 2230 1148 quidem,
2254 1118 2320 1139 non
2346 1118 2418 1139 vere
2441 1119 2496 1140 au-

1494 1157 1569 1181 tem.
1587 1150 1773 1181 Secundum
1797 1150 1884 1181 enim
1899 1150 1980 1181 hanc
1996 1151 2153 1182 rationem
2168 1153 2382 1192 necessarium
2398 1163 2495 1184 omne

1494 1195 1724 1236 quodcumque
1748 1202 1886 1235 ponatur
1901 1195 1933 1225 in
1949 1195 2067 1234 medio,
2092 1204 2234 1227 manere:
2252 1207 2350 1238 quare
2367 1203 2398 1228 et
2415 1197 2497 1238 ignis

1493 1239 1643 1280 quiescet.
1662 1240 1760 1278 Quod
1777 1239 1862 1270 enim
1876 1239 1997 1270 dictum
2014 1246 2070 1277 est,
2088 1250 2154 1270 non
2170 1241 2338 1281 proprium
2354 1241 2388 1272 in
2403 1248 2495 1273 terra.

1426 1282 1442 1299 *
1459 1284 1519 1315 Sed
1544 1291 1575 1314 et
1598 1294 1663 1315 non
1687 1284 1909 1315 necessarium.
1934 1284 2009 1314 Non
2038 1284 2123 1315 enim
2153 1285 2261 1316 solum
2283 1285 2408 1316 videtur
2430 1296 2497 1317 ma—

1494 1339 1588 1367 nenS,
1613 1329 1668 1359 sed
1692 1336 1723 1359 et
1745 1329 1807 1359 lata
1828 1329 1868 1359 ad
1891 1329 2049 1359 medium:
2074 1339 2141 1370 quo
2165 1329 2251 1359 enim
2274 1339 2498 1372 quaecumque

1494 1373 1592 1404 fertur
1614 1373 1767 1415 particula
1790 1373 1906 1414 ipsius,
1930 1383 2057 1404 necesse
2081 1380 2128 1404 est
2151 1373 2223 1404 ferri
2247 1381 2278 1405 et
2296 1382 2409 1406 totam.
2433 1374 2498 1407 Ubi

1494 1424 1602 1448 autern
1625 1418 1723 1449 fertur
1746 1418 1924 1449 secundum
1947 1425 2109 1457 naturam,
2134 1425 2165 1449 et
2187 1425 2295 1450 manet
2317 1419 2362 1450 ibi
2385 1430 2497 1451 secun-

1495 1462 1574 1493 dum
1597 1469 1753 1493 naturam.
1785 1463 1860 1493 Non
1883 1462 1979 1502 igitur
2002 1470 2132 1503 propter
2155 1462 2298 1494 similiter
2325 1474 2358 1495 se
2381 1464 2498 1496 habere

1495 1507 1534 1537 ad
1558 1513 1711 1538 extrema:
1746 1507 1807 1537 hoc
1840 1506 1970 1547 quidem
2004 1507 2088 1537 enim
2119 1507 2270 1538 omnibus
2301 1518 2497 1550 commune,

1494 1551 1567 1581 ferri
1590 1558 1698 1582 autem
1721 1552 1761 1581 ad
1784 1551 1928 1582 medium
1950 1551 2119 1592 proprium
2141 1558 2250 1583 terrae.

1427 1645 1443 1662 *
1459 1647 1689 1678 Inconveniens
1703 1653 1811 1678 autem
1826 1654 1857 1678 et
1870 1646 1932 1678 hoc
1948 1647 2080 1688 quidem
2096 1657 2256 1688 quaerere,
2272 1654 2403 1689 propter
2418 1648 2497 1690 quid

1494 1698 1621 1722 maneat
1637 1698 1717 1722 terra
1732 1691 1765 1722 in
1782 1691 1905 1730 medio,
1928 1692 2011 1731 ignis
2034 1698 2142 1723 autem
2165 1702 2232 1723 non
2256 1703 2406 1734 quaerere
2421 1703 2497 1734 pro-

1494 1743 1564 1776 pter
1586 1735 1663 1777 quid
1686 1736 1719 1766 in
1745 1743 1895 1767 extremo.
1924 1735 1956 1767 Si
1987 1736 2120 1777 quidem
2142 1737 2228 1767 enim
2258 1744 2290 1768 et
2317 1737 2363 1768 illi
2385 1745 2498 1770 natura

1493 1781 1584 1811 locus
1604 1787 1772 1819 extremus,
1796 1781 1902 1820 palam
1917 1780 1993 1821 quia
2009 1780 2221 1811 necessarium
2244 1789 2291 1813 est
2313 1792 2380 1812 esse
2397 1792 2496 1824 quen—

1494 1825 1569 1855 dam
1593 1832 1623 1855 et
1645 1831 1743 1855 terrae
1773 1831 1885 1855 natura
1907 1825 2028 1855 locum.
2058 1825 2091 1856 Si
2115 1832 2222 1856 autem
2251 1835 2318 1856 non
2341 1825 2416 1858 huic
2438 1827 2498 1858 iste

1493 1869 1595 1907 locus,
1619 1869 1674 1899 sed
1698 1876 1828 1909 propter
1851 1869 2069 1900 necessitatem
2092 1876 2200 1900 manet
2216 1880 2287 1900 eam
2310 1880 2392 1911 quae
2411 1870 2498 1902 simi-

1493 1913 1636 1944 litudinis
1656 1912 1947 1955 (quemadmodum
1970 1914 2026 1954 qui
2046 1914 2085 1944 de
2101 1913 2219 1945 trichos
2233 1924 2351 1953 sermo,
2376 1914 2498 1946 fortiter

1493 1958 1636 1998 quidem,
1662 1958 1804 1989 similiter
1821 1965 1930 1989 autem
1946 1958 2088 1999 undique
2112 1966 2230 1997 tensae,
2254 1959 2411 2000 quoniam
2429 1969 2498 1992 non

1493 2003 1704 2044 discerpetur;
1729 2010 1759 2034 et
1783 2003 1939 2034 esuriente
1963 2010 1994 2034 et
2017 2003 2140 2034 sitiente
2164 2003 2255 2034 valde
2279 2003 2432 2046 quidem,
2455 2004 2496 2036 si-

1493 2047 1608 2078 militer
1631 2054 1749 2086 autem,
1770 2054 1800 2078 et
1816 2048 1855 2078 ab
1872 2047 2032 2078 esibilibus
2057 2054 2087 2078 et
2110 2047 2303 2088 potabilibus
2326 2048 2498 2090 aequaliter

1493 2092 1644 2131 distante;
1661 2092 1779 2123 etenim
1795 2092 1880 2123 hunc
1903 2091 2064 2133 quiescere
2088 2090 2326 2136 necessarium),
2343 2103 2497 2135 quaeren-

1493 2137 1572 2167 dum
1595 2136 1671 2177 ipsis
1695 2137 1734 2167 de
1757 2136 1838 2176 ignis
1862 2136 2027 2167 mansione
2050 2136 2083 2167 in
2107 2137 2264 2168 extremis.

1426 2181 1567 2212 Mirabile
1592 2188 1699 2212 autem
1727 2188 1758 2212 et
1781 2181 1819 2211 de
1843 2181 2009 2212 mansione
2033 2181 2165 2222 quidem
2193 2191 2362 2223 quaerere,
2391 2182 2431 2213 de
2452 2182 2497 2214 la-

1492 2226 1579 2256 tione
1612 2232 1720 2257 autem
1752 2225 1898 2266 ipsorum
1930 2236 1997 2256 non
2031 2233 2202 2267 quaerere3
2236 2234 2366 2267 propter
2397 2237 2498 2268 quam

1493 2280 1619 2301 causam
1655 2270 1717 2300 hoc
1751 2270 1882 2311 quidem
1915 2281 2043 2301 sursum
2078 2270 2194 2310 fertur,
2229 2271 2292 2302 hoc
2324 2278 2434 2303 autem
2455 2271 2498 2303 ad

1492 2313 1648 2353 medium,
1672 2315 1763 2345 nullo
1787 2313 1990 2355 impediente.

1425 2357 1440 2374 *
1455 2359 1516 2390 Sed
1532 2359 1635 2390 adhuc
1653 2369 1756 2400 neque
1775 2369 1887 2390 verum
1903 2359 1992 2400 quod
2007 2359 2131 2390 dicitur.
2147 2359 2333 2391 Secundum
2351 2360 2496 2392 accidens

1491 2410 1597 2434 tamen
1620 2403 1682 2434 hoc
1705 2413 1829 2442 verum,
1854 2404 1929 2444 quia
1953 2403 2165 2434 necessarium
2189 2414 2316 2435 manere
2337 2404 2370 2435 in
2386 2405 2495 2436 medio

1490 2458 1606 2486 omne,
1630 2447 1681 2478 cui
1710 2447 1789 2478 nihil
1818 2447 1917 2487 magis
1946 2447 2009 2478 huc
2039 2457 2138 2488 quam
2161 2447 2237 2479 illuc
2267 2448 2388 2479 moveri
2419 2458 2495 2480 con—

1490 2492 1583 2523 venit.
1609 2492 1671 2523 Sed
1694 2498 1824 2532 propter
1846 2492 1927 2523 hanc
1950 2491 2107 2523 rationem
2127 2501 2194 2522 non
2210 2499 2328 2530 manet,
2353 2493 2409 2524 sed
2423 2503 2494 2524 mo-

1490 2536 1630 2575 vebitur;
1646 2546 1713 2566 non
1729 2543 1836 2566 tamen
1852 2543 1969 2574 totum,
1986 2536 2040 2567 sed
2057 2535 2229 2567 divulsum.
2240 2534 2255 2551 *
2269 2537 2392 2568 Eadem
2407 2537 2494 2569 enim

1490 2581 1569 2611 ratio
1593 2580 1739 2619 congruit
1762 2587 1792 2611 et
1814 2580 1846 2610 in
1861 2580 1944 2620 igne.
1968 2581 2102 2611 Necesse
2127 2580 2212 2611 enim
2233 2581 2340 2621 posito
2365 2591 2493 2614 manere

1490 2624 1632 2655 similiter
1648 2624 1924 2665 quemadmodum
1949 2631 2082 2656 terram:
2108 2625 2251 2656 similiter
2274 2625 2360 2656 enim
2384 2637 2417 2657 se
2438 2626 2492 2658 ha-

1490 2669 1575 2700 bebit
1591 2669 1630 2699 ad
1643 2669 1808 2709 signorum
1828 2675 2042 2699 extremorum
2059 2669 2298 2710 quodcumque.
2312 2670 2374 2701 Sed
2385 2677 2493 2702 tamen

1490 2713 1606 2744 feretur
1622 2724 1639 2744 a
1655 2713 1773 2752 medio,
1791 2714 2066 2754 quemadmodum
2082 2721 2112 2744 et
2132 2713 2257 2745 videtur
2273 2714 2366 2753 latus,
2383 2715 2409 2746 si
2425 2725 2492 2747 non

1490 2758 1610 2798 aliquid
1627 2757 1802 2798 prohibeat,
1819 2758 1858 2788 ad
1876 2765 2063 2789 extremum.
2077 2758 2293 2789 Veruntamen
2307 2769 2374 2790 non
2386 2766 2493 2791 totum

1491 2802 1530 2832 ad
1554 2813 1657 2833 unum
1681 2802 1808 2842 signum
1832 2800 1909 2845 (hoc
1933 2802 2019 2833 enim
2043 2803 2256 2834 necessarium
2280 2804 2388 2835 solum
2413 2804 2492 2836 acci-

1491 2847 1562 2877 dere
1587 2857 1624 2877 ex
1647 2847 1768 2877 ratione
1792 2857 1828 2877 ea
1852 2857 1933 2887 quae
1957 2847 1995 2878 de
2020 2846 2253 2890 similitudine),
2277 2848 2332 2878 sed
2357 2858 2492 2889 propor—

1490 2891 1609 2922 tionata
1622 2891 1773 2931 particula
1787 2891 1826 2921 ad
1836 2891 2117 2932 proportionatum
2129 2891 2275 2931 extremi;
2288 2892 2360 2923 dico
2371 2900 2491 2934 autem,

1491 2943 1578 2976 puta,
1603 2942 1714 2976 quarta
1738 2945 1808 2976 pars
1825 2936 1864 2966 ad
1888 2943 2034 2977 quartam
2057 2936 2248 2968 continentis
2272 2944 2412 2977 partem:
2437 2947 2491 2969 ne-

1490 2991 1552 3021 que
1577 2980 1661 3010 enim
1686 2988 1843 3020 punctum
1867 2991 1983 3021 corpus
2000 2987 2055 3012 est.
2081 2981 2367 3019 Quemadmodum
2383 2989 2492 3014 autem

1490 3032 1520 3056 et
1537 3025 1561 3055 si
1578 3035 1615 3055 ex
1632 3035 1748 3064 magno
1773 3025 1940 3056 conveniat
1963 3026 2130 3057 densatum
2146 3025 2178 3056 in
2194 3025 2353 3057 minorem
2369 3026 2490 3069 locum,

1489 3070 1532 3100 sic
1553 3069 1663 3110 utique
1688 3079 1724 3099 ex
1748 3079 1846 3109 parvo
1870 3070 1902 3100 in
1927 3069 2082 3101 maiorem
2105 3070 2204 3101 rarius
2228 3070 2358 3102 facturn.
2383 3071 2491 3110 Quare

1490 3114 1599 3155 utique
1624 3120 1654 3144 et
1674 3121 1754 3144 terra
1777 3114 1838 3144 hoc
1863 3114 1962 3144 modo
1987 3122 2169 3146 moveretur
2184 3125 2202 3146 a
2219 3115 2337 3154 medio,
2361 3122 2492 3158 propter

1490 3158 1702 3189 similitudinis
1726 3158 1898 3197 rationem,
1923 3158 1948 3189 si
1971 3169 2037 3190 non
2062 3166 2174 3191 natura
2197 3166 2295 3191 terrae
2318 3160 2376 3191 iste
2398 3160 2491 3192 locus

1489 3210 1579 3234 esset.

1423 3293 1653 3332 Quaecumque
1673 3291 1803 3332 quidem
1827 3291 1922 3332 igitur
1938 3291 2074 3323 existunt
2091 3292 2129 3323 de
2145 3291 2246 3333 figura
2260 3292 2360 3334 ipsius
2384 3291 2487 3334 suspi-

1489 3343 1566 3374 cata,
1585 3343 1614 3367 et
1630 3336 1668 3366 de
1685 3335 1774 3375 locis,
1793 3343 1822 3367 et
1839 3335 2004 3367 mansione
2021 3343 2052 3367 et
2071 3343 2174 3375 motu,
2191 3337 2254 3368 fere
2274 3337 2351 3368 haec
2368 3343 2451 3368 sunt.

1421 3485 1483 3505 esse
1505 3486 1660 3505 commune
1683 3483 1710 3505 et
1731 3483 1823 3506 terrae
1845 3483 1872 3506 et
1893 3477 1971 3512 aliis;
1991 3477 2020 3505 in
2040 3476 2137 3506 medio
2158 3483 2255 3505 autem
2278 3476 2424 3514 quiescere
2446 3483 2490 3505 est

1420 3517 1570 3553 proprium
1592 3523 1693 3545 terrae.
1710 3534 1727 3538 -
1745 3517 1769 3545 3.
1786 3518 1930 3546 Secundo.
1953 3517 2029 3552 Quia
2051 3516 2194 3545 invenitur
2211 3517 2267 3545 alia
2288 3517 2361 3545 ratio
2383 3525 2489 3545 conve-

1420 3557 1564 3592 nientior,
1586 3567 1619 3585 ex
1645 3564 1735 3585 terrae
1761 3564 1863 3586 natura
1889 3558 2050 3594 desumpta.
2079 3558 2201 3585 Terram
2223 3557 2301 3585 enim
2322 3555 2489 3585 naturaliter

1419 3598 1455 3625 ad
1478 3597 1606 3625 medium
1628 3597 1707 3631 ferri,
1730 3604 1843 3625 constat
1864 3607 1897 3625 cx
1912 3603 1994 3625 motu
2009 3596 2133 3633 partium
2149 3596 2225 3631 eius;
2241 3596 2280 3624 ibi
2295 3602 2391 3624 autem
2407 3595 2487 3632 quie-

1419 3637 1471 3665 scit
1493 3637 1667 3671 naturaliter,
1687 3636 1736 3664 ubi
1759 3637 1925 3665 naturaliter
1939 3637 2035 3664 fertur.
2052 3653 2068 3658 -
2083 3646 2111 3671 4.
2126 3635 2236 3664 Tertio.
2252 3633 2431 3664 Insufficiens
2445 3641 2488 3663 est

2525 848 2535 858 ·
2549 847 2605 875 Seq.
2620 853 2672 875 cap.
2682 853 2726 870 xm

2525 877 2547 896 et
2561 877 2617 896 text.
2631 880 2672 902 9ο.

2523 1115 2533 1124 ·
2548 1113 2616 1136 Text.
2631 1119 2666 1142 9¹·

2524 1291 2535 1303 “
2549 1290 2619 1314 Text.
2632 1297 2670 1320 9²·

2522 1654 2533 1665 ·
2548 1653 2618 1676 Text.
2633 1659 2670 1684 93.

2522 2365 2534 2377 ·
2547 2364 2617 2388 Text.
2630 2371 2670 2394 94.

2521 2539 2532 2551 “
2545 2537 2613 2561 Text.
2629 2544 2665 2567 95.
