2782 4134
12 693 38 715 εί
49 691 103 714 add.
117 697 140 713 a.

1079 288 1190 325 cAP.
1222 287 1290 335 ιν,

222 365 408 416 principio
436 365 532 403 illius
552 366 767 412 materiae):
789 366 943 414 quando
964 366 1120 415 inquam
1140 367 1214 403 hoc
1235 367 1289 414 fit,

223 426 313 456 tunc
331 425 492 456 vocatur
510 430 635 468 aeges,
656 418 753 455 idest
781 431 894 467 capra
912 417 936 455 θ.
968 419 1045 455 Sed
1065 420 1219 468 quando
1249 420 1291 456 fit

223 471 392 509 incensio
420 471 636 520 praedictae
669 471 849 508 materiae
878 471 957 508 sine
986 472 1178 521 praedicta
1205 485 1290 521 pas-

224 524 348 571 sione,
378 525 476 562 idest
503 524 583 561 sine
612 523 893 571 scintillatione,
924 536 970 560 eo
999 524 1106 573 quod
1133 525 1292 562 materia

223 584 302 614 tota
331 577 548 615 accenditur
575 577 706 623 simul,
736 583 826 613 tunc
853 583 1014 613 vocatur
1040 577 1165 623 dalus,
1195 577 1292 614 idest

223 630 316 667 titio.
348 630 426 667 Sed
454 630 609 679 quando
639 629 824 666 exhalatio
854 641 932 666 non
960 629 1071 666 fuerit
1099 630 1288 677 continua,

225 683 292 720 sed
307 682 328 705 ²¹⁸
355 683 533 731 frequens
562 690 599 719 et
622 682 791 731 dispersa
809 694 879 731 per
897 682 1070 719 modicas
1097 690 1222 731 partes
1255 691 1291 719 et

225 735 352 773 multis
381 735 518 782 modis,
539 743 617 772 tam
637 735 849 772 secundum
873 733 1152 783 longitudinem
1173 747 1290 784 quam

225 788 437 826 secundum
474 788 732 834 latitudinem,
770 799 888 836 quam
927 788 1040 825 etiam
1078 788 1290 825 secundum

223 841 542 891 profunditatem,
580 848 670 877 tunc
702 841 801 878 fiunt
837 841 960 878 sidera
988 853 1086 889 quae
1113 848 1293 889 putantur

223 895 372 932 volare:
403 906 450 931 eo
479 893 584 943 quod
612 893 674 931 illa
701 893 859 931 materia
885 893 958 930 cito
988 894 1234 940 consumitur,
1257 901 1292 930 et

225 947 362 985 desinit
395 959 478 984 esse
515 946 568 983 ibi
602 946 669 983 ubi
695 946 800 996 prius
828 959 990 984 accensa
1026 948 1167 994 fuerat,
1197 947 1292 984 sicut

225 999 361 1038 accidit
389 999 438 1037 de
465 1006 614 1049 stuppa,
644 999 675 1036 si
702 999 899 1037 modicum
929 1000 976 1037 de
1006 1012 1051 1037 ea
1078 1012 1148 1049 per
1174 1000 1293 1047 longi-

223 1052 395 1102 tudinem
433 1052 657 1101 disponatur
694 1061 730 1089 et
761 1053 1010 1090 accendatur:
1047 1053 1160 1090 currit
1189 1053 1292 1090 enim

225 1105 454 1153 combustio,
476 1113 512 1142 et
539 1105 692 1143 videtur
719 1106 850 1143 similis
878 1118 961 1143 esse
986 1106 1107 1143 motui
1135 1105 1292 1142 alicuius

179 1286 182 1287 γ
227 1250 540 1299 sweyffiffifu‘r‘aeges,
556 1263 625 1289 idest
642 1270 735 1296 capra.
752 1277 772 1282 -
788 1266 920 1288 vocantur
937 1270 1024 1296 aeges,
1038 1263 1107 1288 idest
1122 1270 1221 1295 caprae
1240 1263 1294 1292 Pa,-

223 1299 257 1326 ἄ.
269 1303 368 1326 textum
387 1297 443 1334 (ubi
460 1300 486 1324 in
504 1299 625 1324 versione
639 1299 719 1324 codex
734 1298 822 1324 Ottob.
840 1298 906 1331 1587
919 1306 967 1331 pro
981 1305 1060 1332 aeges
1073 1297 1151 1323 habet
1163 1304 1207 1327 ex,
1221 1299 1292 1331 quod

223 1334 360 1368 dori-igitur
377 1335 404 1359 in
418 1333 482 1369 ις’).
495 1349 515 1354 -
527 1335 584 1360 Lin.
599 1342 656 1367 seq.
670 1342 718 1367 pro
732 1333 898 1366 praedictae,
919 1333 981 1359 talis
998 1334 1031 1358 A.

235 1388 239 1389 γ
266 1370 301 1406 4ι)
315 1373 343 1396 et
361 1370 459 1396 desinit
476 1377 567 1395 esse...
581 1370 662 1403 ignei.
678 1373 743 1395 -·et
761 1369 859 1395 desinit
882 1376 939 1394 esse
957 1369 1002 1394 ubi
1015 1369 1108 1401 primo
1125 1369 1290 1398 accenditur,

222 1405 282 1434 alhs
291 1408 375 1439 parte
392 1406 508 1432 materia
525 1412 649 1436 accensa,
668 1405 737 1430 sicut
754 1404 853 1431 accidit
869 1404 894 1430 si
917 1404 1049 1430 modicum
1068 1404 1102 1429 de
1119 1406 1224 1436 stuppa,
1240 1411 1292 1436 per

223 1441 419 1476 longitudinem
438 1441 576 1473 disposita,
588 1439 760 1469 accenditur,-
778 1439 886 1465 videtur
903 1439 973 1464 enim
992 1439 1137 1465 combustio
1157 1439 1219 1464 talis
1237 1446 1293 1464 esse

223 1476 319 1505 sintn'lis
336 1477 422 1502 motui
438 1476 552 1502 alicuius
563 1475 684 1509 corporis
698 1475 772 1508 ignei
784 1475 839 1500 ΑΒ.
852 1488 870 1494 —-
883 1475 934 1500 Pro
948 1474 1106 1507 plurimum,
1117 1475 1247 1506 populum
1263 1475 1291 1506 P,

223 1509 294 1544 simle
308 1511 499 1545 interpretando
512 1510 695 1545 compendium
705 1510 781 1543 pl'm,
796 1510 867 1544 quod
880 1509 959 1535 habet
973 1510 1015 1535 ed.
1028 1517 1058 1539 a,
1079 1509 1112 1534 cf.
1127 1515 1181 1535 not.
1197 1508 1225 1542 β;
1241 1517 1292 1542 pa-

225 1550 287 1574 n'tm
305 1547 346 1573 ed.
365 1546 441 1572 1561.

278 1581 305 1617 ιι)
324 1582 521 1608 mediocriter...
535 1581 643 1607 titiones
654 1585 681 1607 et
693 1587 801 1613 caprae.
814 1595 834 1600 —
847 1581 946 1606 Sensus
961 1580 1113 1606 manifestus
1133 1585 1182 1610 est,
1196 1588 1291 1613 nempe

224 1618 388 1649 mediocriter
410 1617 506 1643 habent
524 1617 557 1642 de
575 1617 681 1642 materia
700 1617 753 1642 duo
767 1617 810 1641 illa
825 1621 941 1642 meteora
959 1624 1027 1650 quae
1044 1621 1170 1641 vocantur
1187 1616 1291 1641 titiones

224 1657 252 1687 et
268 1660 375 1687 ωριτες
394 1651 490 1678 locutio
507 1657 596 1678 tamen
614 1656 723 1685 apparet
746 1651 834 1685 aliquo
854 1652 934 1676 modo
953 1651 1111 1677 defectuosa.
1129 1651 1182 1676 Sed
1206 1659 1292 1684 neque

224 1689 251 1715 in
268 1689 365 1719 noctiis
382 1687 515 1719 codicibus
533 1695 620 1720 neque
637 1687 664 1712 in
683 1687 758 1712 editis
777 1687 911 1721 potuimus
930 1687 1027 1720 aliquid
1045 1687 1160 1712 invenire
1179 1694 1232 1720 quo
1250 1686 1291 1711 hic

1319 287 1471 325 LECT.
1499 288 1551 325 v1
2332 288 2406 334 343

1346 366 1516 415 corporis
1543 366 1643 414 ignei
1665 373 1684 403 ⁸.
1715 366 1778 404 Sic
1805 366 1914 414 igitur
1939 373 2043 415 patet
2070 366 2175 414 quod
2202 365 2407 414 plurimum

1344 420 1459 456 habet
1488 419 1535 456 de
1569 419 1727 456 materia
1759 419 1917 456 flamma
1951 431 2132 465 accensa;
2168 418 2409 455 mediocriter

1345 476 1516 521 [propter
1543 472 1650 520 quod
1677 476 1877 518 vocantur]
1906 472 2055 508 titiones
2082 479 2118 508 et
2137 477 2316 520 caprae⁸3
2338 471 2408 508 mi-

1345 525 1494 562 nimum
1522 533 1651 573 autem
1670 526 1798 562 stellae
1823 525 2085 572 discurrentes,
2107 532 2143 561 et
2160 531 2316 573 propter
2333 525 2409 561 hoc

1345 577 1579 626 frequentius
1604 586 1799 628 apparent.

1399 632 1435 667 6.
1466 631 1543 667 Sed
1571 632 1662 679 quia
1689 631 1813 668 sidera
1840 630 2008 667 volantia
2026 631 2168 667 habent
2187 629 2300 666 aliam
2321 641 2409 665 cau-

1346 695 1428 719 sam
1457 696 1548 720 suae
1576 684 1843 731 generationis,
1874 684 1960 721 ideo
1989 683 2179 731 subiungit
2211 683 2316 731 quod
2345 681 2409 718 ali-

1346 735 1500 784 quando
1521 736 1705 773 exhalatio
1726 745 1855 774 exusta
1874 749 1896 773 a
1915 743 2023 773 motu
2044 736 2132 773 solis
2146 735 2159 757 ²
2178 742 2331 783 generat
2347 747 2408 780 ea;

1345 788 1551 836 aliquando
1580 797 1726 836 autem,
1755 789 1954 838 inspissato
1983 801 2070 826 aere
2098 796 2254 838 propter
2281 788 2408 836 frigus,

1346 841 1436 878 illud
1465 841 1570 889 quod
1590 849 1645 878 est
1663 841 1714 878 ibi
1734 842 1912 889 calidum,
1933 842 2175 891 inspissatum
2205 841 2411 878 extruditur

1346 893 1500 930 inferius
1538 901 1574 931 et
1611 902 1805 943 separatur
1840 908 1862 932 a
1890 895 2045 943 frigido;
2084 902 2121 931 et
2152 901 2307 944 propter
2334 894 2410 930 hoc

1347 947 1438 984 illud
1475 946 1718 996 inspissaturn
1754 947 1911 995 ignitur,
1951 955 1988 984 et
2019 947 2170 985 videtur
2206 947 2312 984 stella
2349 958 2410 983 ca-

1347 998 1452 1037 dens.
1491 1000 1652 1048 Propter
1684 1001 1788 1048 quod
1822 1008 1858 1037 et
1890 1008 2018 1038 motus
2055 1000 2222 1039 siderum
2260 1000 2313 1041 sic
2351 1011 2411 1036 ca-

1347 1053 1518 1090 dentium
1542 1058 1563 1080 l¹
1590 1065 1669 1090 non
1697 1053 1922 1091 assimilatur
1951 1053 2155 1101 exustioni,
2192 1053 2260 1090 sed
2288 1052 2410 1100 magis

1346 1105 1579 1154 proiectioni.

1345 1263 1418 1288 locus
1440 1263 1583 1296 aliqualiter
1605 1263 1784 1289 illustraretur.
1804 1263 1871 1293 ideo,
1892 1264 1913 1288 si
1936 1265 1967 1288 ad
1991 1265 2150 1289 coniecturas
2174 1264 2312 1297 confugere
2335 1264 2411 1294 libet,

1346 1298 1393 1323 dici
1413 1300 1500 1331 potest
1517 1299 1559 1323 vel
1578 1299 1650 1332 quod
1675 1299 1861 1332 supprimenda
1879 1304 1940 1324 sunt
1958 1304 2081 1332 tanquam
2101 1299 2225 1328 addititia,
2245 1299 2324 1324 verba
2338 1303 2411 1332 ‘quae

1344 1333 1370 1358 in
1390 1333 1576 1358 commentario
1601 1334 1668 1359 inter
1688 1334 1823 1359 uncinulas
1850 1335 1990 1359 clausimus
1997 1343 2004 1366 ;
2023 1335 2064 1360 vel
2084 1335 2155 1367 quod
2173 1335 2283 1360 verbum
2306 1335 2411 1367 aliquod

1344 1376 1391 1401 per
1403 1369 1564 1394 oscitantiam
1577 1369 1775 1394 amanuensium
1789 1370 1879 1394 excidit
1891 1374 1951 1402 post
1963 1370 2147 1400 »καίοι-νίκη
2165 1371 2207 1395 vel
2219 1370 2325 1396 tandem
2338 1370 2409 1402 quod

1345 1404 1412 1429 forte
1431 1410 1551 1437 corrupte
1570 1405 1693 1437 scriptum
1713 1410 1754 1430 est
1767 1408 1884 1437 propter
1896 1405 1968 1438 quod
1986 1406 2044 1430 loco
2056 1405 2199 1438 passiones
2216 1412 2292 1438 quae.
2310 1405 2411 1430 Verum

1345 1440 1378 1464 de
1395 1439 1444 1464 hac
1462 1447 1491 1465 re
1509 1444 1535 1464 et
1553 1440 1681 1465 similibus
1700 1440 1715 1464 ii
1735 1441 1821 1465 solum
1844 1445 1900 1465 tuto
1919 1440 2031 1465 iudicare
2053 1446 2187 1473 poterunt,
2207 1440 2302 1473 quibus
2321 1440 2411 1465 datum

1344 1475 1392 1500 erit
1410 1476 1498 1508 plures
1518 1479 1544 1500 et
1562 1476 1675 1500 melioris
1695 1481 1770 1501 notae
1789 1475 1891 1500 codices
1910 1477 1942 1500 ad
1965 1483 2058 1500 manus
2076 1476 2180 1501 habere.
2198 1490 2216 1494 -
2234 1475 2298 1500 Post
2316 1475 2410 1500 lineam

1344 1518 1392 1543 pro
1402 1511 1583 1543 frequentius,
1595 1512 1755 1544 frequenter
1773 1511 1819 1536 Pa.

1397 1544 1426 1579 λ)
1446 1546 1518 1578 quod
1535 1546 1716 1579 aliquando...
1729 1546 1801 1571 soIis.
1814 1560 1833 1565 -
1846 1546 1917 1578 quod
1930 1546 2069 1572 exhalatio
2083 1549 2181 1572 exusta
2199 1553 2217 1571 a
2234 1546 2288 1571 sole
2306 1546 2358 1575 Pa,
2378 1546 2410 1571 cf.

1345 1586 1456 1611 textum3
1475 1588 1522 1613 pro
1540 1585 1647 1611 exusta,
1660 1581 1760 1607 adusta
1774 1582 1805 1607 Α.
1818 1595 1837 1601 -
1851 1582 1915 1606 Post
1929 1582 1993 1607 duas
2006 1582 2087 1607 lineas
2100 1590 2148 1614 pro
2167 1589 2186 1606 a
2197 1581 2313 1615 frigido,
2327 1582 2361 1606 ab
2379 1589 2410 1607 eo

1357 1616 1383 1641 ri
1403 1616 1448 1641 ido
1467 1616 1513 1641 Pa.

1338 1617 1360 1650 s
1382 1624 1428 1686 gp)
1441 1651 1560 1677 siderum
1573 1652 1611 1677 sic
1624 1651 1786 1677 cadentium.
1800 1666 1819 1671 —
1832 1652 1950 1678 siderum
1965 1652 2117 1677 cadentiiaem
2132 1652 2179 1677 Pa.
2199 1652 2272 1682 Quae
2286 1657 2410 1685 pergunt:

1346 1694 1397 1712 non
1416 1687 1582 1712 assimilatur
1600 1687 1777 1716 exhibitioni,
1796 1687 1844 1723 sed
1858 1688 2019 1720 proiectioni
2032 1688 2125 1720 potius
2130 1696 2140 1718 ,·
2159 1687 2190 1713 cf.
2209 1691 2315 1722 textum.
