2782 4134
135 903 145 912 “
159 902 231 923 etiam
249 907 297 922 om.
311 907 347 922 An.

225 1698 244 1724 Χ.

130 1807 141 1818 ⁸
155 1807 270 1828 violentes
283 1814 320 1829 ΑΒ.

131 1860 141 1871 “
157 1860 269 1882 inclusum
283 1867 320 1881 ΑΒ.

132 1966 142 1976 '¹
157 1965 221 1987 nulla
235 1972 272 1987 AB.

133 2073 142 2081 ¹
158 2071 193 2093 Cf.
209 2077 272 2094 num.
282 2078 301 2093 ¹.¹.

130 2444 139 2453 ·
156 2443 226 2466 Num.
242 2449 291 2471 seq.

230 2492 248 2527 ψ

133 2554 142 2562 ““
157 2552 228 2574 Num.
243 2558 272 2581 13.

133 2601 144 2612 “
159 2601 195 2623 cf.
211 2607 275 2623 num.
290 2608 310 2630 3.

133 2713 143 2723 ·
159 2713 298 2741 congelatur
310 2719 346 2735 ΑΒ.

381 286 454 333 372

378 376 465 401 mus
493 364 598 412 quod
628 363 793 400 calidum
823 371 860 400 et
888 362 1064 410 frigidum
1094 374 1162 398 sua
1183 361 1445 398 contrarietate

378 417 622 454 circumstant
646 429 686 453 se
706 416 872 453 invicem
897 423 933 452 et
957 422 1168 463 aggregant.
1199 416 1248 451 Et
1271 415 1345 450 hoc
1366 426 1445 450 ma-

377 470 554 507 nifestum
580 478 635 507 est
661 470 700 506 in
719 478 827 506 terra.
859 470 963 505 Nam
991 469 1030 504 in
1049 475 1156 504 aestu
1179 467 1356 503 interiora
1376 474 1446 503 ter-

377 536 442 560 rae
456 530 471 544 ²
486 531 573 560 sunt
597 523 740 570 frigida,
761 530 916 571 propter
934 523 1009 558 hoc
1029 521 1133 569 quod
1155 520 1321 557 caliditas
1346 519 1444 556 aeris

376 577 614 624 frigiditatem
648 583 769 612 terrae
805 575 1036 619 circumstat;
1065 573 1168 610 unde
1198 580 1446 620 congregatur

376 630 543 667 interius.
574 631 606 666 E
628 641 813 666 converso
834 635 962 664 autem
988 634 1163 675 tempore
1184 626 1332 674 frigoris
1351 626 1445 663 inte-

377 683 476 719 riora
503 690 623 719 terrae
652 689 738 718 sunt
764 680 894 727 calida,
915 687 1072 729 propter
1100 680 1175 716 hoc
1194 679 1301 728 quod
1329 679 1444 728 frigus

377 736 568 773 concludit
604 735 758 771 interius
788 734 953 770 calorem
989 733 1054 782 qui
1084 740 1162 769 erat
1189 733 1227 769 in
1256 740 1364 770 terra.
1396 734 1445 770 Et

376 789 464 826 inde
485 796 539 825 est
558 789 662 836 quod
687 799 786 836 aqua
806 786 968 823 fontium
988 786 1027 823 in
1047 793 1189 823 aestate
1218 793 1274 823 est
1298 786 1442 834 frigida,

377 850 413 878 et
441 843 478 879 in
506 842 631 878 hieme
661 839 791 876 calida.
827 840 877 876 Et
908 840 983 876 hoc
1017 847 1167 888 oportet
1192 847 1326 888 putare
1360 839 1444 876 fieri

376 895 489 932 etiam
513 895 532 916 '¹‘
560 895 598 931 in
626 892 811 942 superiori
839 893 939 930 loco.
974 893 1085 930 Unde
1114 892 1153 929 in
1180 900 1354 941 tempore
1384 905 1444 929 ca-

374 949 451 986 lido
481 947 678 995 frigidum,
719 945 980 982 contrarietate
1020 945 1130 983 calidi
1168 945 1443 982 circumstantis

374 1002 573 1046 inclusum,
595 999 860 1036 vehementius
886 1007 1082 1048 operatur:
1112 999 1214 1036 unde
1235 998 1441 1047 aliquando

374 1054 486 1092 valde
516 1054 587 1090 cito
618 1065 663 1088 ex
691 1053 794 1089 nube
823 1052 910 1089 facit
929 1064 1081 1101 aquam.
1116 1053 1165 1089 Et
1183 1059 1340 1100 propter
1366 1052 1442 1088 hoc

374 1108 493 1144 multo
514 1106 678 1143 maiores
697 1113 822 1153 guttae
846 1106 944 1142 fiunt
962 1105 1001 1142 in
1021 1105 1149 1142 calidis
1169 1105 1303 1142 diebus
1323 1117 1441 1153 quam

374 1161 411 1197 in
440 1160 586 1206 hieme,
624 1166 660 1196 et
692 1171 815 1208 aquae
853 1158 1006 1207 pluviae
1041 1159 1138 1195 fiunt
1173 1158 1387 1195 labroterae
1405 1163 1440 1204 ¹²,

372 1213 468 1250 idest
480 1212 742 1250 violentiores:
764 1224 862 1260 quae
883 1211 1041 1260 quidem
1061 1211 1284 1259 magnitudo
1306 1219 1342 1248 et
1360 1211 1441 1248 vio-

372 1267 485 1303 lentia
519 1266 694 1302 accidunt
727 1278 772 1302 ex
807 1277 853 1302 eo
881 1265 988 1314 quod
1021 1265 1130 1313 quasi
1163 1264 1288 1301 subito
1327 1264 1440 1302 simul

372 1327 449 1356 tota
478 1319 673 1356 descendit
700 1318 842 1367 pluvia,
866 1317 971 1367 quod
999 1318 1135 1355 accidit
1162 1325 1318 1367 propter
1346 1318 1441 1355 cele-

372 1373 519 1409 ritatem
540 1371 822 1420 congelationis.
853 1372 903 1408 Et
921 1371 975 1408 sic
995 1371 1224 1408 contrarium
1250 1371 1387 1409 accidit
1406 1371 1441 1408 ei

372 1427 476 1475 quod
505 1425 596 1463 dixit
622 1427 882 1473 Anaxagoras.
916 1424 1079 1461 Dicebat
1107 1424 1209 1461 enim
1234 1429 1249 1454 Ρ
1276 1425 1352 1462 hoc
1380 1437 1440 1461 ac-

372 1479 518 1525 cidere,
548 1479 705 1527 quando
733 1490 858 1527 vapor
887 1490 932 1514 ex
960 1490 1039 1526 quo
1068 1486 1270 1526 generatur
1295 1477 1439 1527 pluvia,

371 1532 539 1569 ascendit
557 1533 596 1569 in
615 1544 745 1569 aerem
763 1531 876 1569 valde
896 1531 1091 1579 frigidum:
1121 1532 1190 1568 sed
1218 1543 1289 1568 nos
1309 1543 1330 1568 e
1351 1543 1441 1568 con-

369 1598 483 1623 verso
514 1585 675 1623 dicimus
704 1585 809 1634 quod
837 1586 912 1622 hoc
941 1584 1087 1631 accidit,
1109 1597 1199 1621 cum
1223 1596 1348 1634 vapor
1375 1584 1439 1621 de-

371 1639 516 1676 scendit
535 1638 573 1676 in
592 1651 721 1675 aerem
747 1638 934 1683 calidum3
964 1645 1001 1674 et
1018 1645 1122 1675 tanto
1143 1637 1276 1686 magis,
1296 1645 1439 1687 quanto

371 1693 409 1729 in
438 1692 559 1740 magis
588 1692 752 1729 calidum
770 1696 799 1728 χ.
830 1691 893 1728 Sic
922 1691 1032 1739 igitur
1060 1703 1105 1727 ex
1134 1691 1256 1728 calido
1278 1691 1439 1728 circum-

371 1753 490 1783 stante
510 1745 688 1793 frigidum
718 1752 754 1781 et
783 1751 1036 1792 congregante
1064 1744 1204 1793 ipsum,
1234 1744 1332 1781 fiunt
1360 1756 1440 1781 ma-

370 1811 467 1847 gnae
495 1806 620 1847 guttae
648 1798 868 1847 pluviarum
903 1806 938 1834 et
965 1797 1156 1834 violentae
1181 1797 1212 1834 *.
1244 1797 1322 1834 Sed
1351 1810 1440 1834 cum

370 1852 546 1900 frigidum
567 1852 687 1899 magis
709 1859 958 1899 congregatur
981 1851 1204 1887 conclusum
1222 1850 1243 1872 ’Β
1271 1851 1319 1887 ab
1340 1858 1439 1888 exte-

371 1906 459 1943 riori
479 1905 614 1953 calido,
631 1917 709 1942 non
729 1905 855 1942 solum
875 1903 1000 1941 subito
1018 1903 1301 1941 condensantur
1319 1904 1441 1941 nubes

371 1959 409 1996 in
437 1971 588 2008 aquam,
610 1958 678 1995 sed
705 1957 861 1995 ulterius
880 1957 900 1979 *
928 1969 1028 2006 aqua
1057 1958 1278 2005 congelatur
1306 1969 1351 1994 ex
1375 1970 1442 1994 ve-

371 2012 540 2049 hementi
568 2011 706 2049 virtute
735 2011 855 2059 frigidi
884 2010 1035 2057 inclusi,
1065 2018 1102 2047 et
1130 2010 1183 2047 sic
1211 2011 1254 2047 fit
1281 2010 1439 2058 grando.

372 2065 483 2103 Unde
511 2072 615 2114 patet
643 2065 780 2102 solutio
817 2064 964 2123 primae
998 2063 1227 2101 difficultatis
1254 2063 1293 2101 *τ
1322 2076 1440 2114 quare

372 2118 512 2155 scilicet
539 2130 638 2177 aqua
658 2117 903 2166 congelatur
895 2130 933 2154 m
952 2117 1177 2166 grandinem
1206 2117 1327 2166 magis
1346 2125 1441 2155 tem-

370 2184 466 2221 pore
495 2172 646 2208 aestatis
674 2183 792 2220 quam
820 2170 968 2208 hiemis.

431 2238 443 2262 1
458 2238 488 2262 1.
518 2224 669 2262 Deinde
699 2237 786 2261 curn
807 2224 911 2262 dicit:
935 2223 1085 2260 Accidit
1106 2229 1231 2261 autem
1255 2224 1328 2260 hoc
1356 2231 1440 2272 etc„

371 2278 484 2316 solvit
511 2278 719 2315 secundam
758 2277 1030 2315 difficultatem
1066 2278 1115 2314 Et
1143 2276 1242 2314 circa
1269 2277 1345 2314 hoc
1372 2276 1442 2314 tria

371 2332 474 2369 facit:
496 2331 622 2380 primo
643 2331 756 2368 solvit
775 2330 1057 2377 difficultatem3
1088 2330 1257 2367 secundo
1277 2330 1443 2379 assignat

372 2385 559 2422 rationem
590 2385 638 2422 de
666 2392 839 2434 tempore
867 2383 1121 2432 generationis
1145 2383 1348 2432 grandinis,
1370 2383 1440 2421 ibi:

371 2439 505 2476 ildinus
532 2443 658 2475 autem
696 2443 834 2475 aestate
860 2437 881 2459 ’⁸‘
910 2444 999 2484 etc.;
1027 2437 1137 2477 tertio
1173 2436 1283 2485 ponit
1319 2437 1442 2486 quod-

373 2492 462 2529 dam
481 2492 682 2529 conferens
701 2491 749 2529 ad
770 2491 999 2528 celeritatem
1029 2489 1283 2538 generationis
1297 2489 1313 2518 Ψ
1332 2502 1441 2538 gran·

373 2545 482 2592 dinis,
511 2545 582 2582 ibi:
617 2546 775 2593 Confert
800 2549 925 2581 autem
954 2543 974 2565 '¹‘
1003 2550 1072 2580 etc.

426 2598 514 2635 Fuit
527 2605 655 2635 autern
672 2597 839 2634 secunda
851 2596 1051 2634 difficultas
1060 2595 1080 2618 ²¹²
1092 2607 1136 2632 ex
1151 2595 1227 2632 hoc
1241 2594 1348 2644 quod
1362 2607 1442 2632 non

373 2651 574 2688 videbatur
592 2663 706 2699 posse
726 2650 807 2687 dari
826 2657 978 2698 tempus
994 2649 1032 2685 in
1051 2661 1129 2697 quo
1149 2648 1322 2697 superius
1342 2661 1442 2697 aqua

375 2703 663 2751 congelaretur*
678 2703 716 2740 in
731 2703 971 2751 grandinem3
988 2701 1078 2750 quia
1093 2701 1216 2738 statim
1232 2701 1325 2738 dum
1340 2713 1441 2750 aqua

373 2765 584 2806 generatur,
606 2756 721 2803 cadit;
744 2764 779 2793 et
794 2764 1000 2805 antequam
1020 2762 1233 2803 generetur,
1251 2755 1439 2803 congelari

373 2823 452 2848 non
479 2818 615 2860 potest.
635 2810 698 2847 Ad
726 2809 954 2846 solvendam
983 2808 1093 2857 igitur
1114 2809 1214 2845 hanc
1243 2807 1441 2845 difficulta-

373 2872 462 2911 tem,
480 2863 569 2902 dicit
582 2863 688 2912 quod
702 2862 896 2911 generatio
912 2861 1102 2910 grandinis
1123 2861 1268 2909 accidit,
1285 2861 1440 2910 quando

375 2925 430 2954 est
455 2916 629 2954 velocior
660 2928 783 2965 aquae
818 2915 1046 2963 congelatio,
1076 2922 1233 2963 propter
1259 2914 1439 2951 virtutem

426 3040 452 3074 τ)
473 3040 603 3065 interiora
622 3042 719 3064 terrae.
737 3053 756 3058 —
775 3038 905 3072 inferiora
931 3041 1021 3063 terrae
1039 3039 1092 3063 AB.
1111 3051 1130 3057 —
1149 3038 1227 3063 lidem
1247 3045 1295 3070 pro
1318 3038 1442 3062 caliditas

373 3077 444 3102 aeris
457 3076 641 3110 frigiditatem
662 3078 751 3100 terrae
769 3074 933 3103 circumstat,
953 3074 1070 3099 calidum
1089 3073 1161 3098 aeris
1172 3073 1276 3107 frigidi
1290 3076 1379 3098 terrae
1391 3073 1443 3098 cir-

374 3115 497 3137 cumstat.

428 3147 453 3179 υ)
473 3147 630 3172 labroterae.
647 3158 668 3167 ·-
685 3145 790 3170 labroce
809 3145 849 3170 ed.
862 3152 892 3174 a,
913 3145 984 3177 quod
997 3145 1038 3170 ed.
1056 3143 1131 3177 1561,
1146 3151 1258 3177 quacum
1271 3143 1331 3169 facit
1343 3143 1371 3175 P,
1387 3151 1442 3168 cm·-

374 3182 432 3214 rigit
451 3183 476 3207 in
494 3182 670 3207 1ubricae.1n
688 3181 808 3206 versione
827 3181 886 3205 edd.
904 3188 958 3205 om.
979 3184 1006 3206 et
1024 3187 1111 3213 aquae
1134 3181 1299 3209 labroterae5
1324 3179 1382 3204 loco
1401 3187 1442 3204 se-

376 3218 478 3250 quentis
497 3218 659 3247 labroterae,
680 3217 720 3241 ed.
734 3224 751 3240 a
770 3216 847 3241 habet
866 3216 980 3246 labroce
1000 3216 1059 3241 edd.
1075 3216 1094 3240 Ρ
1114 3221 1140 3241 et
1162 3214 1224 3241 1561
1247 3215 1374 3240 lubricae
1393 3214 1443 3239 Ubi

376 3252 480 3277 inferius
500 3254 524 3277 in
543 3253 664 3277 versione
682 3260 731 3276 vox
750 3252 841 3276 eadem
860 3251 975 3281 recurrit,
995 3252 1128 3276 lambroce
1142 3251 1220 3276 habet
1234 3251 1274 3276 ed.
1287 3257 1312 3280 a,
1327 3250 1445 3275 lubricae

376 3288 468 3312 iterum
488 3288 546 3313 edd.
566 3288 585 3312 P
606 3293 631 3312 et
654 3286 727 3312 1561.
745 3300 764 3306 —
783 3287 842 3311 Mox
860 3294 908 3320 pro
932 3287 1069 3317 accidunt,
1096 3287 1196 3312 accidit
1213 3286 1267 3316 Pa,·
1290 3293 1338 3319 pro
1356 3285 1443 3310 subito

377 3323 455 3348 simul
473 3326 538 3352 tota,
559 3326 616 3348 tota
634 3323 712 3348 simul
731 3322 777 3351 Pa,
798 3326 854 3347 toto
872 3322 951 3347 simul
970 3326 1027 3347 tota
1046 3323 1076 3347 Β.

431 3358 458 3391 φ)
479 3358 552 3383 dixit
570 3359 762 3391 Anaxagoras.
783 3358 895 3383 Dicebat
913 3358 992 3383 enim.
1010 3370 1030 3378 -
1046 3359 1232 3392 Anaxagoras
1257 3357 1370 3383 dicebat
1394 3356 1443 3382 Vo-

379 3393 447 3418 lebat
465 3394 534 3418 enim
554 3394 600 3419 Pa.

431 3429 459 3463 γ)
474 3432 499 3453 et
514 3432 616 3453 tanto..
618 3429 797 3454 ,caliduma—
811 3430 866 3454 Hoc
880 3428 1076 3453 homoteleuton
1091 3437 1145 3454 om.
1160 3429 1212 3458 Pa5
1228 3429 1274 3454 sed
1290 3436 1321 3454 eo
1334 3428 1443 3460 omisso,

379 3471 431 3487 non
451 3464 589 3496 explicatur
607 3472 650 3488 και
670 3460 783 3497 μάλιστα
805 3461 866 3489 ὅταν
886 3460 1011 3497 μάλιστα.

433 3497 460 3531 ψ)
480 3499 616 3532 conserens
634 3499 671 3523 ad
689 3499 849 3524 celeritatem
869 3500 1059 3531 generationis.
1077 3513 1096 3519 -
1114 3499 1278 3524 coadiuvans
1297 3499 1335 3524 ad
1352 3499 1444 3525 celeri-

380 3536 460 3558 tatem
479 3534 670 3566 congelationis
689 3535 775 3559 ΑΒ.-
789 3534 838 3558 Pro
858 3534 921 3559 Fuit
938 3538 1028 3560 autem
1047 3535 1170 3565 secunda,
1191 3535 1266 3560 Haec
1284 3538 1374 3560 autem
1387 3535 1445 3568 suit

379 3569 494 3594 secunda
513 3569 542 3593 Β.

432 3604 464 3636 ω)
481 3604 594 3637 frigoris
612 3604 777 3637 congregati.
794 3618 813 3625 ·-
826 3604 943 3638 frigoris
961 3605 1140 3638 aggregantis
1159 3606 1197 3630 Pa
1203 3612 1212 3634 ‚·
1231 3605 1263 3630 cf.
1282 3605 1443 3638 superiorem

381 3647 528 3664 numerum.
546 3653 564 3658 --
583 3639 639 3664 Lin.
653 3647 709 3671 seq.
728 3647 776 3672 pro
795 3640 918 3668 ostendit,
940 3640 1006 3665 dicit
1024 3641 1083 3670 ΑΒ;
1107 3641 1172 3666 Cum
1191 3641 1260 3665 enim
1279 3648 1334 3666 om.
1348 3641 1377 3666 B.

1094 282 1684 321 METEOROLOGICORUM
1713 282 1807 319 LIB.
1839 283 1854 318 1

1502 361 1650 408 frigoris
1679 361 1895 409 congregati
1909 368 1939 408 ω,
1971 373 2086 410 quam
2114 368 2242 398 motus
2271 374 2394 411 aquae
2418 363 2570 411 pluviae

1502 414 1695 451 deorsum.
1717 415 1768 451 Et
1781 415 1887 464 quod
1905 415 1981 451 hoc
2000 414 2047 451 sit
2064 414 2255 463 possibile,
2275 415 2451 453 ostendit.
2469 417 2571 454 Curn

1502 467 1605 504 enim
1636 468 1762 505 omnis
1789 475 1918 505 motus
1945 467 2076 505 localis
2105 468 2150 504 sit
2174 468 2213 505 in
2240 475 2428 517 tempore,
2448 469 2570 507 mani-

1501 520 1640 557 festum
1670 529 1725 558 est
1752 521 1859 570 quod
1886 521 1926 558 in
1954 521 2081 570 aliquo
2112 521 2361 558 determinato
2393 529 2570 571 tempore

1501 585 1602 621 aqua
1638 574 1791 623 pluviae
1829 574 1945 611 fertur
1982 575 2181 620 deorsum3
2218 574 2399 623 contingit
2440 583 2570 613 autem

1502 627 1607 675 quod
1627 627 1666 664 in
1685 627 1825 664 minori
1853 635 2026 676 tempore
2056 627 2251 675 frigiditas,
2275 635 2432 677 propter
2460 641 2570 666 suam

1499 681 1798 728 vehementiam,
1812 682 1986 729 congelat
2001 693 2143 729 aquam
2157 687 2205 727 Μ,
2223 693 2340 730 quarn
2356 681 2403 718 sit
2417 688 2570 731 tempus

1501 733 1708 771 descensus
1738 734 1835 780 eius;
1855 734 1960 771 unde
1989 734 2080 771 nihil
2098 734 2278 783 prohibet
2305 734 2336 771 si
2356 735 2568 782 congelatio

1499 786 1567 823 fiat
1601 787 1640 824 in
1678 787 1818 824 minori
1854 795 2030 836 tempore
2064 800 2182 836 quam
2219 795 2348 824 motus
2386 788 2569 826 deorsum

1500 852 1634 888 aquae,
1655 840 1686 877 si
1715 840 1892 888 frigidum
1911 841 2043 878 existat
2067 841 2200 878 fortius
2220 848 2257 878 et
2274 841 2499 878 vehemens.
2520 842 2571 879 Et

1498 892 1587 929 hinc
1617 901 1672 929 est
1700 893 1807 942 quod
1836 901 1979 942 quanto
2016 894 2268 943 propinquius
2297 893 2409 931 nobis
2436 894 2480 931 fit
2507 906 2569 942 ge-

1499 945 1644 982 neratio
1675 958 1797 995 aquae
1824 947 1889 983 vel
1917 947 2130 995 grandinis,
2158 955 2264 985 tanto
2293 947 2415 996 magis
2443 948 2568 986 subito

1499 1000 1730 1046 congeletur,
1752 999 1875 1037 calido
1897 1000 2078 1037 existente
2098 1001 2243 1038 fortiori
2261 1013 2383 1050 prope
2411 1008 2566 1048 terram,

1499 1058 1535 1088 et
1562 1052 1828 1089 vehementius
1867 1054 2076 1102 expellente
2106 1061 2143 1090 et
2179 1054 2432 1091 concludente
2469 1054 2567 1103 frigi-

1498 1104 1604 1142 dum.
1625 1106 1675 1142 Et
1693 1105 1782 1142 ideo
1807 1113 1959 1154 oportet
1977 1106 2083 1155 quod
2103 1114 2140 1143 et
2159 1119 2281 1156 aquae
2299 1107 2455 1156 pluviae
2473 1107 2570 1146 fiant

1496 1158 1754 1206 violentiores,
1776 1166 1813 1195 et
1831 1166 1910 1196 tam
1930 1167 2056 1207 guttae
2077 1160 2298 1208 pluviarum
2318 1172 2437 1209 quam
2457 1172 2568 1208 gran·

1497 1211 1631 1248 dinum
1659 1211 1732 1249 sint
1749 1212 1927 1260 maiores,
1948 1220 2106 1272 propter
2123 1213 2199 1250 hoc
2226 1214 2334 1262 quod
2352 1226 2423 1263 per
2441 1213 2568 1251 minus

1497 1265 1662 1313 spatium
1691 1266 1878 1312 feruntur,
1909 1273 1945 1303 et
1976 1266 2102 1303 minus
2131 1278 2177 1303 ex
2205 1266 2260 1304 eis
2288 1266 2308 1289 ’¹‘
2337 1266 2567 1305 dissolvitur.
2595 1277 2606 1288 ⁶

1497 1319 1586 1355 Illae
1606 1326 1734 1355 autern
1755 1326 1881 1367 guttae
1901 1332 2001 1368 quae
2022 1320 2163 1357 cadunt
2180 1331 2356 1368 magnae,
2376 1332 2457 1358 non
2481 1327 2570 1359 sunt

1497 1372 1664 1419 crebrae,
1676 1379 1834 1421 propter
1849 1373 2012 1410 eandem
2029 1385 2201 1410 causam:
2218 1373 2308 1423 quia
2323 1373 2426 1411 enim
2441 1373 2567 1412 subito

1497 1432 1533 1461 et
1561 1425 1674 1462 simul
1704 1426 1950 1474 congelantur
1977 1426 2015 1464 in
2044 1438 2222 1474 magna8‚
2251 1439 2331 1465 non
2358 1426 2398 1464 in
2425 1427 2567 1465 multas

1494 1486 1622 1527 partes
1650 1478 1880 1527 dividuntur,
1909 1487 1946 1517 et
1972 1479 2097 1516 subito
2119 1479 2234 1517 etiam
2258 1480 2416 1527 cadunt;
2436 1479 2568 1541 sicque

1496 1539 1659 1622 mateqa
1695 1532 1850 1581 pluviae
1881 1540 1917 1570 et
1943 1532 2136 1581 grandinis
2178 1545 2258 1571 non
2298 1540 2378 1571 tam
2417 1533 2568 1609 spissim

1497 1585 1596 1622 cadit
1631 1584 1649 1613 β

1556 1650 1613 1675 12.
1631 1638 1780 1675 Deinde
1801 1651 1891 1676 cum
1911 1638 2016 1676 dicit:
2035 1639 2170 1676 Mnus
2187 1645 2314 1676 autem
2329 1644 2473 1677 aestate
2482 1644 2553 1678 etc.
2543 1667 2566 1688 .,

1497 1691 1661 1740 assignat
1689 1691 1877 1729 rationem
1903 1691 1950 1729 de
1979 1699 2154 1752 tempore
2173 1691 2428 1740 generationis
2456 1705 2568 1754 gran-

1497 1745 1594 1782 dinis
1613 1745 1644 1782 ²¹².
1675 1746 1724 1782 Et
1743 1744 1831 1783 dicit
1858 1745 1964 1794 quod
1993 1745 2120 1782 minus
2149 1745 2291 1783 cadunt
2308 1745 2539 1794 grandines'
2529 1758 2569 1784 in
2595 1751 2606 1761 '

1497 1805 1637 1835 aestate
1667 1810 1786 1846 quam
1814 1798 1854 1835 in
1880 1810 1973 1835 vere
1999 1806 2035 1835 et
2061 1798 2101 1835 in
2128 1807 2328 1847 autumno,
2349 1799 2419 1837 sed
2445 1799 2567 1848 magis

1496 1863 1614 1900 quarn
1647 1851 1685 1888 in
1717 1851 1858 1888 hieme.
1898 1847 1990 1889 Ideo
2024 1859 2155 1889 autem
2191 1851 2320 1889 minus
2355 1852 2395 1889 in
2427 1855 2569 1891 aestate

1497 1916 1614 1952 quam
1643 1904 1682 1941 in
1709 1916 1802 1942 vere
1840 1912 1876 1941 et
1903 1912 2112 1952 autumno,
2148 1905 2239 1954 quia
2275 1904 2315 1942 in
2342 1912 2486 1943 aestate
2514 1913 2571 1945 est

1496 1957 1632 1995 siccior
1660 1970 1743 2005 aer;
1772 1957 1811 1994 in
1837 1969 1930 2008 vere
1958 1965 2088 1995 autem
2109 1965 2166 1995 est
2183 1957 2310 1996 adhuc
2327 1957 2512 1997 humidus
2524 1963 2568 2007 ²⁷,

1496 2019 1653 2060 propter
1689 2011 1858 2048 hiemem
1892 2011 2209 2060 praecedentem,
2245 2019 2282 2048 et
2315 2011 2354 2049 in
2381 2019 2568 2051 autumno

1496 2064 1574 2101 iam
1602 2064 1732 2113 incipit
1758 2064 1981 2102 humectari.
2012 2065 2062 2102 Et
2089 2064 2142 2102 sic
2169 2064 2210 2102 in
2236 2071 2379 2102 aestate
2405 2077 2486 2104 non
2513 2071 2572 2103 est

1495 2125 1599 2155 tanta
1618 2117 1777 2155 materia
1795 2129 1987 2167 vaporum
2014 2117 2266 2156 humidorum
2290 2118 2339 2156 ad
2358 2117 2569 2166 generatio*—

1497 2183 1586 2208 nem
1615 2170 1820 2219 grandinis,
1841 2171 1938 2208 sicut
1965 2171 2005 2208 in
2030 2183 2124 2208 vere
2149 2178 2187 2208 et
2204 2171 2243 2209 in
2262 2178 2463 2220 autumno,
2482 2171 2570 2210 lieet

1497 2224 1543 2261 sit
1571 2224 1695 2262 maior
1724 2225 1838 2261 calor.
1874 2225 1918 2262 In
1943 2223 2073 2262 hieme
2100 2232 2252 2273 autem,
2287 2224 2374 2262 licet
2400 2224 2572 2263 abundet

1497 2277 1668 2325 materia,
1690 2277 1818 2315 deficit
1835 2285 1966 2315 tamen
1986 2278 2090 2315 calor
2109 2277 2175 2327 qui
2193 2277 2239 2316 sit
2258 2285 2396 2327 potens
2417 2278 2570 2317 conchl-

1497 2331 1588 2368 dere
1617 2330 1795 2379 frigidum
1824 2331 1874 2368 ad
1902 2331 2190 2380 generationem
2222 2331 2428 2380 grandinis.
2456 2331 2571 2370 Fiunt

1498 2384 1611 2421 etiam
1640 2384 1843 2432 grandines
1865 2391 2041 2444 tempore
2070 2384 2333 2422 maturationis
2360 2385 2567 2434 fructuum,

1496 2437 1594 2474 idest
1621 2437 1661 2474 in
1689 2437 1767 2474 fine
1802 2437 1973 2485 aestatis,
2001 2445 2159 2486 propter
2196 2438 2360 2476 eandem
2389 2449 2567 2476 causam.

1496 2491 1586 2549 quia
1614 2497 1704 2527 tunc
1733 2490 1838 2527 calor
1859 2490 1987 2528 adhuc
2003 2490 2119 2539 viget,
2141 2498 2177 2528 et
2200 2490 2314 2528 etiam
2334 2503 2400 2528 aer
2417 2490 2496 2528 iam
2513 2489 2568 2528 in-

1497 2543 1587 2592 cipit
1613 2542 1826 2580 humectari
1845 2540 1885 2580 ⁸⁶.
1912 2566 1931 2573 κ

1557 2597 1613 2633 13.
1650 2595 1800 2633 Deinde
1835 2607 1924 2632 cum
1962 2595 2074 2633 dicit.
2119 2597 2276 2646 Confert
2310 2601 2436 2634 autem
2475 2603 2567 2646 etc„

1496 2648 1585 2698 quia
1601 2649 1862 2686 difficultatem
1877 2649 2050 2698 superius
2070 2657 2217 2687 motam
2234 2650 2401 2688 solverat
2413 2657 2570 2700 propter

1495 2702 1739 2739 velocitatem
1767 2702 2021 2751 generationis
2045 2702 2254 2751 grandinis,
2285 2703 2568 2752 contingentem

1497 2767 1540 2792 ex
1569 2755 1816 2793 vehementia
1844 2755 1990 2804 frigoris
2008 2755 2049 2803 ²¹⁸,
2079 2755 2188 2805 ponit
2216 2755 2278 2794 hic
2306 2756 2505 2806 quoddam
2527 2755 2570 2781 ¹*
2595 2764 2610 2781 ’-

1497 2808 1598 2846 aliud
1628 2809 1828 2846 conferens
1855 2810 1904 2846 ad
1934 2809 2164 2847 celeritatem
2195 2809 2372 2848 eandem.
2402 2810 2460 2848 Et>
2479 2809 2570 2848 dicit
2628 2833 2635 2840 ·

1497 2861 1604 2910 quod
1618 2867 1642 2883 “
1661 2862 1807 2899 confert
1826 2862 1875 2899 ad
1897 2862 2126 2900 celeritatem
2154 2862 2569 2913 coagulationis,‘quod

1497 2927 1598 2962 aqua
1626 2915 1694 2952 fuit
1713 2916 2000 2964 praecalefacta,
2031 2915 2234 2954 adiuvante
2262 2915 2422 2954 materia
2447 2926 2568 2966 vapo-

1499 3038 1602 3099 ωέἱῖ).
1613 3038 2571 3109 ‘tte-³3&0223523·.;55?⁸;{⁸ss212t?‘:..Etxffissaeffa‘ssxssss’fiz

1499 3109 1525 3134 in
1546 3109 1644 3134 minori
1658 3113 1776 3142 tempore
1789 3117 1868 3142 quam
1884 3113 1971 3135 motus
1984 3110 2108 3135 deorsum
2127 3110 2190 3143 quin
2210 3117 2281 3143 aqua
2295 3110 2415 3136 existens
2427 3111 2570 3145 congelata

1498 3145 1618 3170 elevatur
1635 3148 1662 3170 et
1680 3148 1781 3178 quanto
1795 3145 1975 3178 propinquius
1993 3145 2113 3179 nobisfit
2123 3145 2263 3179 generatio
2274 3152 2362 3178 aquae
2373 3146 2416 3172 vel
2426 3145 2570 3180 mulinis

1498 3183 1524 3205 et
1543 3180 1581 3212 (et
1593 3188 1647 3205 om.
1663 3181 1695 3213 B)
1705 3184 1821 3213 propter
1834 3181 1883 3206 hoc
1897 3181 1986 3214 magis
1997 3181 2084 3207 subito
2096 3181 2255 3214 congelatur
2267 3181 2357 3207 calido
2366 3187 2458 3214 prope
2466 3184 2570 3208 ten-a-

1498 3216 1631 3241 existente
1642 3217 1759 3250 fortiori
1777 3220 1804 3242 et
1824 3216 2002 3245 vehementius
2020 3217 2170 3249 expellente
2188 3219 2216 3242 et
2232 3217 2406 3242 concludent«
2423 3216 2570 3251 (frig-idm

1499 3251 1556 3276 add.
1573 3252 1604 3284 B)
1624 3254 1729 3283 oportet
1747 3252 1827 3284 quod.
1846 3252 1935 3276 Lectio
1949 3253 2041 3284 utique
2055 3257 2183 3284 corrupta.
2199 3252 2246 3276 sed
2260 3259 2329 3285 quae
2342 3251 2410 3277 forte
2422 3252 2519 3278 indie-t
2531 3252 2570 3278 Ιο-

1499 3287 1615 3318 gendum
1634 3294 1708 3318 esse,
1726 3287 1796 3312 iuxta
1815 3287 1925 3312 litteram
1945 3293 2044 3317 textus.
2063 3287 2112 3312 hoc
2131 3287 2172 3313 vel
2192 3285 2271 3312 simili
2296 3286 2391 3312 modo·
2414 3287 2486 3313 unde
2503 3287 2571 3314 nihil

1496 3322 1632 3354 prohibet,
1652 3323 1676 3347 si
1693 3323 1843 3356 congelatio
1854 3323 1911 3355 flat
1929 3323 1955 3347 in
1976 3323 2075 3349 minori
2093 3326 2212 3364 tempore
2229 3330 2310 3355 quam
2329 3325 2418 3348 motus
2435 3323 2569 3355 deumne,

1499 3357 1562 3390 quin
1581 3365 1653 3390 aqua
1671 3358 1791 3383 existens
1809 3358 1913 3384 elevata
1931 3359 2100 3392 congeletur,
2119 3358 2143 3384 si
2155 3357 2292 3392 frigidum
2307 3363 2356 3383 etc.

1553 3391 1595 3426 ββ)
1615 3394 1641 3418 in
1662 3401 1801 3427 magnas..
1803 3393 1939 3419 .cadit.-—
1919 3394 1978 3419 -in
1994 3401 2108 3427 magnas
2119 3396 2224 3426 partes
2233 3393 2393 3419 dividuntur
2409 3397 2438 3420 et
2455 3394 2570 3420 mm

1494 3429 1605 3461 pluviae
1614 3431 1640 3454 et
1649 3429 1793 3462 grandinis
1806 3429 1930 3462 (spatium
1939 3437 2052 3454 vacuum
2067 3434 2168 3461 septem
2179 3428 2280 3462 litteris)
2290 3429 2396 3461 spissim
2404 3429 2508 3455 cadunt
2515 3429 2569 3457 AB.

1552 3465 1595 3498 γγ)
1617 3465 1680 3490 Ideo
1702 3468 1819 3490 autem..
1821 3465 1975 3490 .humidus.
1992 3477 2012 3485 —-
2027 3465 2090 3490 Ideo
2107 3467 2197 3490 autem
2220 3464 2308 3489 minus
2332 3464 2360 3490 in
2381 3467 2484 3490 aestate
2505 3464 2570 3498 quia

1499 3503 1587 3525 aestas
1606 3503 1646 3525 est
1664 3500 1766 3529 siccior,
1787 3500 1813 3525 in
1834 3507 1896 3526 vere
1912 3503 2003 3525 autem
2022 3503 2063 3526 est
2079 3499 2168 3526 adhuc
2185 3499 2325 3525 humidum
2344 3500 2391 3525 Pa.

1553 3534 1592 3567 δό)
1612 3535 1676 3567 quia
1701 3538 1764 3560 tunc
1787 3536 1898 3561 calor...
1912 3535 2070 3561 humectari.
2086 3547 2107 3556 ·-
2124 3534 2188 3568 quia
2211 3535 2311 3561 scilieet
2335 3534 2392 3561 iam
2409 3534 2491 3567 (qnia
2513 3534 2568 3560 Iam

1499 3570 1579 3595 etiam
1599 3571 1638 3603 A>
1658 3578 1695 3595 ex
1714 3574 1776 3596 tunc
1794 3578 1843 3596 aer
1861 3571 1955 3603 incipit
1973 3570 2123 3597 humectari
2140 3570 2195 3595 AB.

1553 3605 1588 3638 εε)
1609 3606 1644 3631 Et
1658 3605 1723 3631 dicit
1735 3606 1815 3638 quod.
1826 3618 1845 3626 -
1859 3609 1884 3631 et
1897 3606 1968 3638 quod
1979 3606 2033 3631 ΑΒ.
2046 3619 2065 3624 -
2078 3606 2158 3631 Iidem
2173 3612 2221 3638 pro
2233 3605 2380 3630 adiuvante
2393 3605 2508 3630 materia
2522 3612 2568 3630 να-

1496 3648 1597 3673 porosa
1620 3641 1800 3670 caliditatem,
1820 3641 1858 3666 ad
1876 3641 1964 3666 minus
1983 3641 2097 3666 materia
2115 3647 2248 3673 vaporata
2266 3643 2294 3666 et
2311 3640 2372 3666 ideo
2388 3639 2569 3671 caliditatem,-

2684 693 2721 710 ατ
