2782 4134
1044 240 1114 276 DE
1143 235 1316 274 CAELO
1346 234 1416 271 ET
1444 229 1638 269 MUNDO
1669 228 1762 264 LIB.
1794 227 1808 262 I

1449 311 1519 346 bus
1547 307 1698 357 proprie
1719 313 1775 342 est
1793 309 2052 351 augmentum.
2084 301 2139 336 Ita
2159 299 2272 335 etiam
2293 305 2349 335 est
2377 299 2425 335 de
2447 298 2520 336 ele·
2577 315 2579 318 -

1449 361 1603 399 mentis:
1628 371 1724 408 quae
1745 357 1900 406 quidem
1929 353 2141 391 secundum
2161 351 2520 390 transmutationem

1449 413 1555 451 calidi
1584 421 1619 449 et
1647 411 1763 459 frigidi
1792 409 1973 446 rarefiunt
2000 414 2036 443 et
2065 405 2361 453 condensantur,
2391 413 2427 443 et
2449 418 2521 456 per

1449 476 1685 514 consequens
1723 468 2021 500 transmutantur
2053 459 2091 495 in
2128 458 2317 495 maiorem
2351 460 2415 496 vel
2449 460 2519 497 mi-

1448 531 1581 557 norem
1611 516 1877 567 quantitatem,
1908 513 2013 563 quod
2042 520 2099 549 est
2127 512 2423 561 quodammodo
2452 525 2519 550 au-

1448 573 1525 621 geri
1587 579 1621 608 et
1642 569 1819 608 deminui.
1842 567 1902 605 Sic
1921 567 2029 615 igitur
2046 573 2151 615 patet
2179 565 2302 615 quod,
2328 566 2359 603 si
2379 578 2519 616 corpus
2547 575 2557 584 ·

1449 626 1552 676 quod
1573 623 1795 661 circulariter
1813 628 2003 666 movetur,
2020 631 2100 656 non
2119 619 2291 657 subiacet
2309 628 2517 669 augmento

1447 680 1508 717 vel
1537 679 1792 724 decremento,
1822 673 1927 724 quod
1953 673 2067 710 etiarn
2096 685 2176 710 non
2205 673 2400 711 subiaceat
2427 675 2518 712 alte-

1448 732 1590 770 rationi.

1501 785 1640 823 Ultimo
1661 790 1788 820 autem
1807 779 2036 830 epilogando
2057 780 2249 817 concludit
2272 780 2518 819 manifestum

1448 851 1530 876 esse
1559 850 1603 874 ex
1632 836 1755 882 dictis,
1785 835 1815 872 si
1844 833 1927 884 quis
1954 832 2047 870 velit
2080 833 2263 872 assentire
2280 835 2301 856 *
2326 835 2521 884 prioribus

1448 889 1846 935 demonstrationibus,
1876 899 1955 924 non
1983 893 2166 936 proterve
2195 889 2516 938 contradicendo,

1446 944 1551 994 quod
1570 955 1705 992 corpus
1717 942 1900 991 primum,
1921 940 2028 990 quod
2047 940 2189 978 scilicet
2207 950 2389 980 movetur
2407 950 2519 981 motu

1443 999 1567 1048 primo
1588 1005 1624 1034 et
1642 996 1822 1047 perfecto,
1842 994 1939 1031 idest
1955 993 2138 1043 circulari,
2155 1002 2211 1041 east
2225 995 2517 1046 sempiternum,

1445 1051 1551 1101 quasi
1578 1063 1657 1088 non
1685 1048 1884 1086 subiacens
1921 1047 2154 1096 generationi
2187 1056 2224 1086 et
2261 1050 2517 1099 corruptioni;

1445 1117 1569 1154 neque
1598 1103 1711 1140 etiam
1739 1103 1855 1139 habet
1873 1109 2125 1150 augmentum
2145 1114 2271 1152 neque
2291 1102 2518 1142 decremen-

1444 1167 1542 1205 tum;
1563 1165 1598 1195 et
1615 1159 1634 1179 ‘³‘
1650 1169 1727 1194 non
1742 1155 1911 1193 subiacet
1926 1155 2122 1204 senectuti,
2143 1168 2270 1205 neque
2290 1157 2515 1207 alterationi,

1444 1224 1567 1262 neque
1595 1209 1770 1261 passioni.

1499 1267 1533 1303 3.
1564 1267 1692 1302 Potest
1710 1270 1838 1300 autem
1857 1263 1877 1284 ’¹'
1896 1261 2010 1300 obiici
2036 1269 2169 1301 contra
2186 1263 2287 1301 hanc
2305 1264 2518 1303 Aristotelis
2544 1269 2555 1280 ·

1444 1319 1629 1357 rationem
1650 1317 1857 1367 dupliciter.
1878 1316 2011 1354 Primo
2032 1316 2191 1366 quidem
2212 1325 2345 1356 contra
2362 1314 2516 1358 con‘clu-

1444 1373 1603 1410 sionem.
1632 1371 1790 1409 Videtur
1818 1370 1924 1408 enim
1957 1383 2041 1408 esse
2073 1370 2212 1408 falsum
2241 1367 2519 1424 quodveoi-,pus

1445 1428 1602 1464 caeleste
1636 1438 1713 1463 non
1748 1425 1956 1462 alteretur-2,
1981 1424 2183 1462 manifeste
2216 1425 2323 1464 enim
2361 1434 2520 1477 apparet

1443 1481 1571 1518 lunam
1599 1492 1621 1517 a
1649 1479 1729 1516 sole
1758 1477 1984 1526 illuminari,
2016 1486 2053 1516 et
2079 1490 2149 1528 per
2175 1479 2359 1517 umbram
2393 1483 2519 1519 terrae

1445 1533 1649 1571 obscurari.
1675 1554 1698 1560 -
1723 1531 1942 1570 Dicendum
1971 1538 2028 1570 est
2063 1539 2193 1570 autem
2235 1533 2344 1584 quod
2376 1533 2520 1585 duplex

1445 1596 1500 1625 est
1514 1586 1691 1625 alteratio.
1709 1586 1794 1624 Una
1811 1585 1969 1636 quidem
1983 1585 2150 1636 passiva,
2166 1587 2382 1627 secundum
2397 1599 2518 1639 quam

1446 1641 1495 1678 ita
1514 1640 1653 1690 aliquid
1672 1639 1856 1688 adiicitur,
1877 1640 1985 1689 quod
2005 1640 2119 1678 etiam
2145 1639 2287 1691 aliquid
2306 1641 2409 1680 aliud
2428 1641 2519 1680 abii·

1445 1695 1538 1732 citur
1556 1700 1591 1742 '3
1621 1694 1716 1732 sicut
1748 1706 1837 1731 cum
1865 1693 2009 1744 aliquid
2037 1695 2218 1732 alteratur
2245 1695 2294 1733 de
2322 1695 2453 1734 calido
2477 1694 2518 1734 ln
2645 1704 2663 1732 τ

1442 1748 1630 1798 frigidum,
1651 1747 1786 1785 amittit
1805 1747 1972 1785 calorem
1992 1754 2030 1785 et
2049 1747 2182 1798 recipit
2197 1748 2461 1798 frigiditatem:
2482 1756 2520 1787 et

1442 1803 1555 1840 talem
1585 1801 1859 1850 alterationem,
1889 1812 1991 1851 quae
2009 1801 2054 1839 fit
2071 1802 2286 1840 secundum
2304 1802 2518 1853 passiones,

1440 1855 1597 1895 intendit
1624 1855 1685 1893 hic
1708 1854 1967 1905 Philosophus
1987 1854 2187 1894 excludere
2207 1869 2231 1895 a
2250 1868 2414 1907 corpore
2428 1863 2519 1899 flcae-

1441 1909 1532 1948 lesti.
1554 1910 1621 1948 Est
1639 1916 1768 1947 autem
1787 1908 1861 1947 alia
1880 1909 1900 1930 *
1921 1909 2092 1948 alteratio
2113 1909 2334 1960 perfectiva,
2353 1919 2455 1961 quae
2474 1910 2520 1950 fit

1441 1964 1651 2001 secundum
1681 1963 1785 2013 quod
1814 1962 1956 2014 aliquid
1976 1963 2026 2001 ab
2045 1963 2122 2001 alio
2141 1964 2340 2014 perficitur
2365 1965 2516 2016 absque

563 333 775 375 „ostquam
809 320 1060 369 Philosophus
1095 314 1265 372 ostendit·
1291 312 1395 361 quod

562 382 592 427 17²1
604 390 738 426 corpus
772 375 943 424 quintum
981 383 1057 417 non
1096 376 1149 410 est
1185 367 1394 403 subiectum

529 428 829 479 Wgenerationi
858 435 893 463 et
913 422 1154 472 corruptioni,
1179 420 1240 456 hic
1270 425 1393 454 osten-

411 514 434 521 «
495 518 501 530 „
551 472 588 515 511*5
604 484 655 522 dit
673 482 776 531 quod
791 493 867 518 non
887 487 942 515 est
960 477 1169 514 subiectum
1188 477 1390 519 augmento

351 548 387 577 et
406 536 662 577 deminutioni.
680 537 727 572 Et
742 534 853 571 utitur
867 531 926 568 tali
946 530 1098 567 ratione.
1113 527 1239 563 Omne
1256 535 1392 583 corpus

350 590 622 640 augmentabile
653 596 707 625 est
734 593 913 636 quantum
942 583 989 619 ad
1017 579 1155 629 aliquid
1184 578 1393 637 subiectum

349 643 575 694 generationi
596 649 630 679 et
650 637 885 688 corruptioni.
915 635 975 672 Ad
1004 633 1107 670 cuius
1128 631 1393 688 manifestati-o-

349 711 438 735 nem
464 695 640 746 proponit
675 693 776 743 quod
805 702 917 727 omne
946 699 1082 736 corpus
1117 683 1393 732 augmentabile

211 766 227 782 α
350 758 504 798 augetur
527 761 594 798 per
621 745 892 795 appositionem
920 740 1074 778 alicuius
1103 735 1353 795 connaturalis
1368 741 1393 794 ,α

350 802 595 846 advenientis;
622 799 723 848 quod
747 797 910 846 quidem,
933 806 1019 831 cum
1042 792 1145 841 prius
1169 797 1266 827 esset
1290 790 1392 826 dism-

349 856 447 903 mile,
464 856 600 892 factum
626 859 679 889 est
700 850 817 888 simile
841 861 908 898 per
931 845 1197 884 resolutionem
1217 843 1255 880 in
1269 843 1288 863 a
1302 854 1392 901 ‘pro-

348 910 468 959 priam
500 906 712 951 materiam,
746 914 863 952 quae,
899 899 1068 949 deposita
1102 899 1224 935 forma
1253 908 1390 955 priori,

349 963 508 999 formam
544 957 706 1007 corporis
740 953 1006 1003 augmentandi
1042 950 1262 999 assumpsit;
1298 955 1392 985 Sicut

346 1014 465 1064 panis,
494 1013 674 1049 resolutus
693 1010 730 1046 in
749 1007 960 1054 materiam,
982 1005 1114 1053 accipit
1132 1004 1294 1040 formam
1314 1013 1390 1037 car-

347 1068 419 1115 nis,
441 1073 476 1103 et
493 1066 541 1102 ita
558 1076 625 1113 per
642 1061 871 1100 additionem
896 1060 944 1097 ad
970 1070 1120 1095 carnem
1139 1054 1388 1106 praeexisten-

347 1128 422 1157 tem
436 1121 455 1140 *
478 1118 560 1155 facit
578 1122 832 1164 augmentum.
852 1114 961 1151 Unde
981 1111 1207 1159 ubicumque
1229 1116 1283 1146 est
1302 1120 1388 1155 aug-

347 1180 525 1217 mentum,
541 1170 592 1207 ibi
606 1175 753 1218 oportet
767 1168 870 1216 quod
885 1166 930 1203 sit
943 1164 1132 1213 generatio
1148 1171 1184 1200 et
1199 1162 1388 1210 corruptio

351 1226 389 1262 in
413 1223 558 1272 aliquid.
590 1220 746 1270 Corpori
775 1227 901 1257 autem
930 1218 1075 1255 caelesti
1105 1229 1182 1254 non
1216 1223 1271 1252 est
1299 1215 1388 1252 dare

346 1277 482 1327 aliquid
502 1288 546 1312 ex
565 1287 639 1325 quo
668 1274 713 1311 sit
738 1280 972 1321 generatum,
1001 1278 1041 1307 ut
1069 1277 1261 1307 ostensum
1282 1276 1336 1305 est
1356 1268 1386 1304 *.

345 1332 442 1378 Ergo
475 1341 553 1366 non
586 1335 710 1377 potest
747 1339 827 1364 esse
864 1323 1139 1373 augmentabile
1176 1323 1237 1360 vel
1272 1321 1388 1359 demi-

345 1383 479 1421 nuibile
510 1383 539 1418 *.

396 1448 430 1473 2.
455 1434 599 1472 Deinde
629 1446 715 1470 cum
744 1432 850 1470 dicit:
871 1432 911 1468 Si
937 1436 1059 1467 autem
1079 1436 1132 1467 est
1159 1437 1244 1475 etc.,
1266 1436 1389 1466 osten-

345 1489 395 1526 dit
413 1488 515 1537 quod
543 1499 618 1524 non
638 1487 682 1523 sit
701 1485 908 1523 subiectum
937 1483 1153 1521 alterationi.
1174 1484 1307 1519 Posset
1326 1494 1389 1518 au—

343 1551 418 1579 tern
445 1543 463 1562 ᾧ
489 1540 608 1578 videri
635 1539 742 1576 alicui
775 1538 878 1587 quod
906 1537 1030 1575 brevis
1065 1537 1129 1575 via
1166 1535 1389 1573 removendi

343 1594 595 1632 alterationem
624 1605 645 1630 a
673 1604 829 1642 corpore
858 1590 1017 1638 caelesti,
1048 1597 1144 1627 esset
1170 1601 1238 1639 per
1259 1601 1389 1626 remo-

342 1648 482 1685 tionem
521 1645 808 1683 contrarietatis:
839 1644 931 1681 sicut
973 1643 1074 1681 enim
1110 1643 1298 1692 generatio
1337 1650 1391 1679 est

344 1713 386 1738 ex
415 1699 621 1746 contrariis,
650 1699 699 1735 ita
731 1706 767 1735 et
797 1697 972 1735 alteratio.
1003 1696 1078 1734 Sed
1115 1696 1389 1734 advertendum

342 1753 443 1803 quod
461 1752 674 1789 Aristoteles
694 1751 854 1788 removit
870 1752 889 1772 ’¹‘
904 1750 1199 1787 contrarietatem
1221 1762 1243 1786 a
1258 1750 1388 1798 quinto

342 1818 496 1855 corpore
534 1805 765 1842 removendo
803 1805 850 1841 ab
888 1816 933 1840 eo
972 1803 1269 1840 contrarietatem
1306 1815 1388 1840 mo-

341 1867 419 1896 tus:
447 1858 610 1896 alteratio
639 1865 765 1895 autem
791 1857 939 1895 videtur
966 1857 1047 1894 fieri
1074 1869 1152 1894 non
1180 1857 1303 1894 solum
1331 1869 1385 1894 se-

341 1913 505 1949 cundum
539 1911 833 1948 contrarietatem
867 1910 924 1948 cui
961 1911 1188 1960 respondent
1217 1910 1387 1948 contrarii

204 1971 219 2005 β
340 1973 464 2002 motus
492 1965 642 2011 locales,
675 1976 771 2012 quae
800 1971 854 2001 est
880 1964 1001 2012 gravis
1030 1971 1065 2000 et
1092 1963 1183 2001 levis
1209 1962 1227 1992 Ρ
1255 1971 1291 2001 et
1324 1976 1387 2000 eo-

2544 841 2742 867 'comme‘

113 868 125 879 ⁴*
139 867 172 889 ad
184 871 277 889 CDEFGH.

114 1132 123 1141 ·
144 1130 276 1151 existentem
294 1135 318 1155 P,

113 1163 160 1178 om.
175 1162 204 1177 si.

113 1294 122 1303 ²
141 1292 201 1313 Lect.
216 1290 317 1319 praeced.

112 1325 135 1340 n.
150 1324 170 1340 2.

110 1397 119 1405 ·
130 1396 166 1418 vel
175 1394 318 1418 deminuibile

111 1429 158 1445 om.
166 1429 187 1444 Α.

110 1556 120 1566 *
128 1556 202 1580 tamen
209 1561 230 1581 P,
241 1559 286 1575 om.
294 1558 315 1574 c.

111 1764 120 1773 ²
134 1763 190 1785 Ibid.

2546 1917 2687 1942 'fluerat-

106 2023 164 2045 *ad
175 2030 196 2046 Δ·
340 2031 423 2055 rum
456 2030 550 2066 quae
587 2024 851 2066 assequuntur;
886 2017 952 2054 sed
985 2017 1095 2054 etiarn
1128 2017 1336 2055 secundum
1367 2019 1386 2039 ’ὅ
1441 2018 1591 2055 alterius
1629 2017 1864 2065 abiectione,
1903 2017 2059 2066 qualem
2100 2018 2367 2056 alterationem
2406 2018 2519 2070 ponit

340 2071 409 2108 alia
437 2070 616 2108 contraria
653 2083 748 2119 quae
776 2070 823 2108 ad
851 2071 924 2107 hoc
956 2083 1033 2108 non
1064 2071 1266 2120 pertinent,
1296 2079 1386 2121 puta
1440 2071 1694 2121 Philosophus
1722 2071 1760 2108 iri
1790 2072 1822 2109 11
1851 2071 1898 2108 de
1923 2071 2067 2110 Anima
2085 2072 2106 2093 *³
2134 2071 2250 2110 etiam
2278 2071 2317 2110 in
2344 2072 2517 2123 potentia
2543 2073 2743 2127 §.fg-‘223⁶‘

339 2124 546 2162 secundum
574 2124 702 2161 album
737 2131 772 2161 et
798 2123 964 2173 nigrum:
995 2132 1030 2162 et
1056 2124 1141 2162 ideo
1177 2123 1289 2162 utitur
1316 2124 1385 2162 alia
1440 2124 1634 2163 sensitiva:
1656 2132 1692 2162 et
1710 2125 1825 2162 talem
1844 2125 2111 2164 alterationem
2131 2124 2222 2165 nihil
2235 2119 2516 2176 prohibet‘esse

339 2177 419 2224 via,
447 2189 543 2225 quae
579 2177 733 2214 sumitur
767 2189 810 2214 ex
837 2185 942 2226 parte
974 2177 1174 2226 augmenti.
1203 2199 1227 2206 -
1256 2179 1304 2215 Et
1332 2178 1384 2215 di-
1438 2178 1476 2217 in
1505 2178 1728 2228 corporibus
1758 2178 2005 2227 caelestibus,
2035 2191 2203 2229 quorum
2233 2181 2434 2230 quaedam·
2456 2193 2515 2220 re·

339 2230 385 2266 cit
420 2230 522 2278 quod
559 2230 724 2267 eiusdem
761 2230 909 2267 rationis
950 2239 1004 2268 est
1043 2231 1238 2268 aestimare
1280 2234 1382 2281 quod
1438 2232 1579 2282 cipiunt
1605 2232 1764 2270 virtutes
1791 2233 1840 2270 ab
1869 2232 1951 2270 aliis
1980 2232 2196 2272 secundum
2226 2232 2515 2274 coniunctiones

339 2295 473 2332 corpus
506 2284 660 2320 caeleste
688 2295 764 2320 non
796 2283 839 2320 sit
866 2285 1070 2333 alterabile,
1105 2293 1140 2322 et
1173 2285 1276 2334 quod
1305 2298 1383 2323 non
1438 2294 1473 2324 et
1499 2286 1628 2324 varios
1656 2294 1843 2336 aspectus,
1873 2287 2020 2337 absque
2047 2287 2124 2325 hoc
2143 2289 2250 2338 quod
2270 2287 2514 2340 aliquod'eo·

337 2336 381 2372 sit
407 2336 677 2384 augmentabile
709 2349 775 2373 seu
807 2338 1052 2386 corruptibile.
1084 2338 1182 2385 Quia
1216 2339 1381 2377 alteratio
1437 2353 1521 2378 rum
1547 2341 1743 2390 propriam
1772 2340 1953 2379 virtutem
1982 2340 2140 2379 amittat.
2427 2350 2430 2355 ”
2493 2349 2517 2382 ”,

339 2396 393 2425 est
419 2397 543 2449 motus
571 2389 779 2449 secundum
807 2390 1033 2440 qualitatem,
1053 2399 1093 2429 ut
1112 2391 1251 2430 dictum
1273 2400 1327 2430 est
1345 2392 1382 2430 in
1489 2406 1526 2442 4.
1558 2394 1736 2432 Secundo
1763 2393 1936 2432 obiicitur
1955 2402 2088 2433 contra
2106 2406 2336 2446 processum
2357 2392 2512 2442 rationis

108 2444 189 2492 3¹04&
201 2451 310 2501 {bg-33
337 2441 372 2478 V
388 2443 533 2490 Physzc.
553 2443 573 2463 '¹‘
599 2443 774 2480 Alteratio
803 2452 939 2491 autem,
968 2453 1009 2482 ut
1036 2445 1074 2482 in
1091 2445 1161 2483 Vll
1179 2446 1326 2494 Physic.
1340 2446 1381 2468 ²⁸*
1436 2446 1497 2484 hic
1514 2447 1706 2485 inductae:
1728 2460 1807 2486 non
1827 2448 1930 2487 enim
1947 2447 2103 2487 videtur
2115 2461 2201 2487 esse
2214 2461 2354 2488 verum
2369 2449 2513 2500 *quod
2538 2451 2605 2500 210„
2619 2483 2672 2502 ue.
2683 2482 2735 2504 a..

107 2503 311 2551 ⁹³54pn1ussn.
337 2502 529 2554 ostensum
549 2503 622 2555 cst,
651 2496 800 2545 proprie
828 2497 870 2534 fit
897 2498 1105 2558 secundum
1133 2499 1279 2536 tertiam
1299 2512 1381 2549 spe-
1437 2513 1701 2551 quaecumque
1721 2503 1938 2550 alterantur,
1958 2510 2211 2552 augmentum
2230 2510 2268 2541 et
2287 2504 2511 2543 decremen-
2620 2539 2625 2544 .

107 2550 228 2579 ἐστ-νεα-
340 2559 433 2584 ciem
462 2549 651 2597 qualitatis,
680 2561 777 2598 quae
807 2558 860 2586 est
888 2563 1010 2599 passio
1036 2559 1071 2588 et
1089 2552 1269 2600 passibilis
1293 2564 1382 2602 qua·
1436 2562 1517 2592 tum
1538 2556 1752 2606 suscipiant.
1769 2559 2033 2605 Augmentum
2048 2556 2151 2595 enim
2167 2563 2205 2594 et
2217 2556 2511 2596 decrementum

339 2599 436 2637 litas:
475 2601 646 2649 quamvis
678 2602 777 2639 enim
809 2603 954 2641 habitus
987 2612 1022 2641 et
1055 2604 1241 2654 dispositio
1272 2608 1382 2656 perti—

786 2655 793 2662 ·
849 2656 856 2663 .
1435 2608 1478 2646 fit
1505 2621 1574 2658 per
1601 2610 1834 2648 additionem
1863 2610 2021 2648 alicuius
2056 2611 2163 2662 quod
2193 2618 2250 2649 est
2278 2622 2511 2653 conversum

341 2661 453 2697 neant
479 2653 527 2691 ad
553 2666 670 2702 genus
698 2656 896 2704 qualitatiS,
925 2670 1004 2695 non
1030 2665 1157 2696 tamen
1185 2669 1384 2699 causantur

1436 2661 1474 2699 in
1502 2662 1748 2702 substantiam
1783 2663 1864 2703 eius
1898 2664 2004 2716 quod
2033 2672 2208 2714 augetur,
2238 2670 2280 2702 ut
2308 2664 2444 2705 dicitur
2470 2664 2512 2703 in

339 2705 418 2764 sine
445 2708 748 2766 transmutatione
768 2722 863 2758 quae
882 2710 924 2747 fit
943 2713 1148 2750 secundum
1173 2713 1381 2762 passiones;
1436 2715 1531 2753 libro
1551 2717 1596 2754 de
1618 2718 1793 2756 Generat.
1814 2718 1835 2740 '⁹‘
1860 2725 1897 2756 et
1919 2718 1960 2757 in
1980 2719 2013 2756 11
2033 2718 2080 2757 de
2096 2718 2240 2757 Anima
2261 2718 2317 2766 *';
2339 2726 2376 2758 et
2393 2718 2525 2760 etiam,
2539 2724 2549 2734 “
2563 2723 2652 2752 ΗΜ.
2666 2729 2720 2754 οφ·

341 2765 431 2817 sicut
463 2768 596 2819 sanitas
617 2769 659 2820 'et
686 2762 841 2810 languor
866 2765 1092 2812 proveniunt
1125 2778 1169 2803 ex
1197 2774 1383 2806 transmu-
1436 2770 1510 2807 hoc
1538 2783 1651 2820 supra
1681 2773 1701 2794 *
1730 2771 1873 2810 dictum
1903 2779 1970 2811 est.
2001 2772 2075 2811 Hic
2103 2780 2233 2811 autem
2262 2780 2392 2811 motus
2419 2784 2511 2822 aug·
2539 2751 2701 2815 &258²

340 2818 476 2848 tatione
511 2813 625 2861 trigidi
657 2822 693 2851 et
725 2815 848 2876 calidi,
877 2818 1021 2855 humidi
1053 2826 1088 2855 et
1119 2819 1213 2857 sicci.
1244 2821 1383 2859 Omnia
1437 2823 1552 2861 menti
1569 2822 1581 2846 ὃ
1601 2837 1678 2862 non
1699 2834 1754 2863 est
1773 2825 1844 2863 nisi
1873 2826 1911 2864 in
1931 2826 2160 2864 animalibus
2181 2834 2217 2864 et
2234 2826 2390 2876 plantis:
2419 2838 2512 2864 nam
2539 2803 2739 2881 §.ffffi'ssm

340 2872 464 2901 autem
494 2878 651 2926 corpora
678 2870 857 2906 naturalia
884 2883 979 2919 quae
1007 2878 1300 2912 transmutantur
1326 2886 1381 2913 se·
1437 2888 1481 2914 ea
1509 2889 1606 2927 quae
1627 2879 1807 2917 rarefiunt
1836 2886 1873 2917 et
1901 2881 2196 2928 condensantur,
2217 2892 2297 2918 non
2326 2887 2514 2930 augentur
2590 2864 2672 2913 ἰδῃ

341 2917 504 2955 cundum
524 2931 737 2980 paSSionem
756 2923 816 2959 vel
836 2923 1048 2972 passibilem
1067 2926 1293 2976 qualitatem,
1313 2941 1382 2978 per
1437 2942 1482 2967 ex
1510 2931 1637 2980 aliquo
1665 2933 1808 2981 addito,
1828 2940 1871 2972 ut
1889 2934 2074 2984 probatur
2101 2933 2141 2973 in
2161 2933 2214 2972 IV
2235 2933 2387 2984 Hiysic.
2410 2934 2430 2956 *
2451 2933 2513 2980 ῐὶῖᾴ
2541 2944 2551 2954 ·
2565 2942 2626 2993 (ξι-ζ
2639 2948 2664 2966 ¹¹

340 2982 572 3020 consequens
603 2973 776 3012 videntur
806 2976 947 3014 habere
979 2988 1222 3026 augmentum
1256 2990 1292 3019 et
1320 2983 1382 3020 de·
1438 2985 1721 3024 convenienter.
1742 2987 1853 3036 igitur
1879 2987 2033 3026 videtur
2069 2987 2132 3026 hic
2159 2987 2382 3027 Aristoteles
2410 2983 2512 3027 attriv
2539 2969 2744 3020 isin-‘¹⁸²³'

342 3032 591 3072 crementum3
621 3027 713 3064 sicut
738 3036 839 3077 patet
859 3030 905 3068 de
927 3032 1144 3081 corporibus
1168 3034 1382 3074 animalium

559 3078 565 3085 ·
924 3083 931 3090 .
1189 3087 1196 3094 ι
1250 3088 1257 3094 1
1437 3037 1551 3075 buere
1590 3048 1738 3078 motum
1778 3042 1974 3091 augmenti
2004 3053 2084 3080 non
2122 3042 2248 3080 solum
2283 3042 2513 3084 animalibus

343 3082 378 3112 et
405 3076 450 3113 de
477 3079 639 3126 partibus
667 3093 810 3130 eorum,
833 3090 868 3120 et
887 3091 997 3122 etiam
1019 3085 1064 3123 de
1084 3087 1228 3136 plantiS‚
1248 3101 1286 3126 in
1305 3089 1383 3138 qui·

1438 3098 1474 3128 et
1499 3092 1635 3141 plantis
1664 3103 1701 3132 et
1727 3094 1899 3145 partibus
1929 3108 2078 3145 eorum,
2103 3095 2171 3135 sed
2201 3095 2315 3135 etiam
2345 3096 2512 3141 elemen-

1017 3182 1810 3199 Ἢ

395 3232 422 3265 α)
440 3235 626 3260 connaturalis.
639 3237 703 3262 -lta
722 3238 778 3270 PA3
798 3241 927 3267 naturalis
945 3243 979 3273 F.
999 3251 1052 3270 om.
1067 3245 1103 3276 G,
1124 3247 1269 3273 materialis
1288 3254 1334 3274 cet.

365 3302 370 3307 ¹
396 3266 421 3300 β)
440 3275 505 3300 quae
523 3273 560 3294 est
578 3271 668 3304 gravis
686 3275 711 3297 et
729 3273 798 3299 lev1's.
811 3276 875 3301 —Ita
894 3278 976 3309 codd„
995 3279 1129 3306 referendo
1149 3281 1211 3308 haec
1229 3283 1260 3308 ad
1279 3287 1385 3310 contra-

345 3304 477 3333 rietatem;
494 3304 514 3328 P
528 3305 635 3337 legendo
653 3307 697 3339 qul
714 3312 774 3334 sunt
791 3312 880 3343 gravis
898 3317 924 3338 et
941 3314 1011 3344 Ievis,
1031 3316 1111 3341 refert
1128 3317 1159 3342 ud
1178 3321 1264 3344 motus
1282 3320 1385 3347 locales.

1440 3253 1582 3278 secundum
1601 3256 1775 3282 mutationem
1795 3256 1821 3282 in
1838 3256 2003 3290 privationis
2022 3256 2219 3291 dispositiones,
2232 3255 2300 3282 idest
2318 3254 2344 3281 lu
2363 3254 2512 3290 dispositio-

1439 3294 1486 3311 nes
1505 3290 1642 3315 contrarias
1662 3291 1757 3324 quibus
1781 3292 1914 3325 privantur
1932 3298 2040 3326 propter
2064 3292 2249 3326 dispositione·
2267 3291 2342 3325 prius
2361 3290 2514 3324 existentes,

381 3338 422 3378 J)
432 3339 586 3365 adiicitur...
599 3341 757 3382 abiicitur.—
770 3346 934 3374 addicitur...
947 3350 1070 3376 abiicitur
1079 3353 1196 3378 ABDGH
1215 3354 1353 3381 addicitur

345 3372 465 3412 obiicitur
479 3374 539 3404 Eri,
554 3377 675 3408 recipit...
685 3379 808 3419 abiicitur
822 3382 856 3412 C;
876 3385 993 3410 correctis
1012 3373 1218 3420 corruptionibiis
1231 3392 1337 3416 resultat
1349 3392 1385 3417 le-

345 3412 394 3448 ctio
412 3413 505 3438 nostra.
524 3418 589 3451 quae
601 3420 738 3453 'perspicue
753 3416 867 3448 exprimit
881 3421 1030 3446 sententiam
1050 3431 1070 3447 s.
1085 3423 1202 3453 'rhomae
1217 3425 1283 3451 circa
1296 3427 1385 3452 distin-

345 3445 621 3513 ssffie‘ssissssess‘iiljffi'i
636 3450 879 3512 ἕὲζέῗέἷίῗᾜὲἓ
891 3461 967 3514 ‘³⁰:¹¹¹‘
986 3457 1129 3525 Dum-“⁰¹‘'
1142 3460 1175 3485 “⁹
1188 3461 1284 3494 ὠμά
1297 3463 1386 3496 ‘⁶⁶³¹'³¹

344 3512 370 3536 id
388 3514 457 3546 quod
476 3519 515 3539 est
532 3516 557 3539 in
575 3518 684 3549 potentia
702 3520 733 3544 ad
746 3521 847 3553 aliquid.
863 3496 1290 3556 riciepitpiiiuficixiimm'dsecunqum
1305 3506 1384 3539 quarn

345 3546 390 3571 abs
411 3556 443 3573 ue
466 3548 514 3574 hoc
557 3552 608 3576 uod
627 3553 658 3577 ali
678 3554 720 3578 uid
739 3555 776 3579 ab‘
802 3556 807 3561 ”
1083 3537 1135 3562 quo
1167 3537 1220 3556 emt
1234 3541 1259 3557 m
1273 3538 1385 3575 pooenn‘a

345 3555 452 3608 cendum
471 3590 511 3609 est
527 3558 584 3611 e‘slse
603 3561 677 3612 duosq
685 3557 955 3621 m0d0;1{;agi:gtiglc¹fi.sl:
969 3561 1166 3629 zuoiiimlixiixs’
1179 3568 1331 3629 ἒῐῖἓταίῐὲηίἒ
1342 3569 1386 3630 {sii

1440 3323 1499 3355 quia
1517 3331 1598 3350 unum
1623 3327 1810 3353 contrariorum
1835 3333 1876 3353 est
1900 3328 2010 3361 privatio
2035 3329 2155 3360 alten-iim
2173 3328 2239 3353 ulter
2261 3334 2326 3352 vero
2350 3327 2512 3354 alterationis

1439 3359 1534 3384 modus
1553 3366 1592 3386 est
1610 3363 1752 3388 secundum
1773 3364 1947 3389 mutationem
1968 3364 1995 3390 in
2014 3364 2135 3390 habitum
2149 3366 2177 3389 et
2188 3365 2324 3393 natm-am,
2338 3363 2405 3389 idest
2417 3371 2512 3390 seeun-

1439 3393 1501 3419 dum
1521 3397 1590 3428 quod
1609 3398 1766 3430 recipiuntur
1784 3399 1863 3432 aliqui
1882 3399 1986 3426 habitus
2005 3404 2031 3426 et
2049 3399 2157 3430 formu,
2170 3406 2239 3432 quae
2257 3403 2320 3424 sunt
2338 3398 2512 3433 perfectione

1439 3434 1551 3470 naturae,
1571 3432 1670 3466 absque
1688 3441 1720 3459 eo
1739 3435 1811 3467 quod
1830 3435 1928 3469 aliquid
1947 3435 2080 3462 nbiicintur
2091 3444 2116 3461 »-
2134 3434 2177 3460 De
2193 3434 2292 3460 Anima
2310 3434 2345 3465 11.
2365 3434 2424 3461 lect·
2438 3442 2472 3462 n·
2491 3434 2512 3461 P

1441 3465 1501 3505 legit
1518 3466 1674 3494 abiicitur...
1687 3469 1808 3495 additur.
1827 3485 1846 3490 -
1863 3471 1963 3496 Eadem
1982 3475 2044 3505 pont
2061 3477 2141 3496 unm
2160 3470 2204 3496 lin.
2218 3478 2267 3504 pro
2284 3470 2430 3498 secundum
2445 3477 2512 3504 pao-

1438 3507 1536 3530 ³¹⁰nes‚
1550 3510 1602 3535 per
1616 3505 1765 3536 passiones.

1491 3535 1515 3569 ὃ)
1531 3541 1616 3563 motus
1628 3541 1774 3573 augmenti.
1785 3554 1804 3562 —
1817 3541 1911 3567 modus
1924 3541 2067 3576 augmenti
2079 3541 2155 3567 codd.
2164 3541 2243 3567 —Pro
2258 3549 2311 3568 non
2326 3544 2366 3568 est
2380 3541 2441 3574 nisi,
2457 3548 2509 3568 non

1432 3571 1467 3604 fit
1486 3572 1538 3598 nisi
1551 3574 1585 3604 A,
1607 3582 1658 3600 non
1679 3576 1731 3601 nisi
1745 3576 1869 3609 CDEFG,
1885 3577 1938 3603 nisi
1947 3577 1965 3609 Ι,
1979 3584 2032 3602 om.
2047 3577 2082 3610 133
2095 3577 2116 3602 C
2131 3581 2192 3611 post
2201 3577 2306 3611 plantis
2320 3577 2390 3604 addit
2409 3577 2510 3612 repert-

1438 3610 1490 3632 tur.
1502 3622 1522 3627 -
1535 3609 1591 3634 Lin.
1605 3617 1661 3643 seq.
1675 3619 1723 3643 pro
1741 3613 1880 3646 rarqfiunt,
1900 3615 2042 3639 rarescunt
2059 3613 2135 3638 codd·
