<?xml version="1.0" encoding="UTF-8"?>
<!DOCTYPE html PUBLIC "-//W3C//DTD XHTML 1.0 Transitional//EN"
    "http://www.w3.org/TR/xhtml1/DTD/xhtml1-transitional.dtd">
<html xmlns="http://www.w3.org/1999/xhtml" xml:lang="en" lang="en">
 <head>
  <title>
</title>
<meta http-equiv="Content-Type" content="text/html;charset=utf-8" />
  <meta name='ocr-system' content='tesseract 3.04.00' />
  <meta name='ocr-capabilities' content='ocr_page ocr_carea ocr_par ocr_line ocrx_word'/>
</head>
<body>
  <div class='ocr_page' id='page_1' title='image "./operaomniaiussui03thom/operaomniaiussui03thom_0295.png"; bbox 0 0 2782 4134; ppageno 0'>
   <div class='ocr_carea' id='block_1_1' title="bbox 0 1111 10 1256">
    <p class='ocr_par' dir='ltr' id='par_1_1' title="bbox 0 1111 10 1256">
     <span class='ocr_line' id='line_1_1' title="bbox 0 1111 10 1256; textangle 90"><span class='ocrx_word' id='word_1_1' title='bbox 0 1210 10 1256; x_wconf 57' lang='grc' dir='ltr'>μ.-</span> <span class='ocrx_word' id='word_1_2' title='bbox 0 1111 7 1196; x_wconf 48' lang='grc' dir='ltr'>ψὴν-</span> 
     </span>
    </p>
   </div>
   <div class='ocr_carea' id='block_1_2' title="bbox 0 1257 13 1356">
    <p class='ocr_par' dir='ltr' id='par_1_2' title="bbox 0 1257 13 1356">
     <span class='ocr_line' id='line_1_2' title="bbox 0 1257 13 1356; textangle 90"><span class='ocrx_word' id='word_1_3' title='bbox 0 1257 13 1356; x_wconf 54' lang='grc' dir='ltr'>»τμη-ως</span> 
     </span>
    </p>
   </div>
   <div class='ocr_carea' id='block_1_3' title="bbox 0 1357 11 1493">
    <p class='ocr_par' dir='ltr' id='par_1_3' title="bbox 0 1357 11 1493">
     <span class='ocr_line' id='line_1_3' title="bbox 0 1357 11 1493; baseline 0 2641"><span class='ocrx_word' id='word_1_4' title='bbox 0 1357 11 1493; x_wconf 95' lang='lat' dir='ltr'> </span> 
     </span>
    </p>
   </div>
   <div class='ocr_carea' id='block_1_4' title="bbox 0 1893 29 3615">
    <p class='ocr_par' dir='ltr' id='par_1_4' title="bbox 0 1893 29 3615">
     <span class='ocr_line' id='line_1_4' title="bbox 0 1893 29 3615; baseline 0 -612"><span class='ocrx_word' id='word_1_5' title='bbox 0 1893 29 3615; x_wconf 95' lang='lat' dir='ltr'>   </span> 
     </span>
    </p>
   </div>
   <div class='ocr_carea' id='block_1_5' title="bbox 7 1234 15 1245">
    <p class='ocr_par' dir='ltr' id='par_1_5' title="bbox 7 1234 15 1245">
     <span class='ocr_line' id='line_1_5' title="bbox 7 1234 15 1245; baseline 0 -5"><span class='ocrx_word' id='word_1_6' title='bbox 7 1234 15 1245; x_wconf 44' lang='lat' dir='ltr'>p</span> 
     </span>
    </p>
   </div>
   <div class='ocr_carea' id='block_1_6' title="bbox 59 1211 248 1260">
    <p class='ocr_par' dir='ltr' id='par_1_6' title="bbox 59 1211 248 1260">
     <span class='ocr_line' id='line_1_6' title="bbox 59 1211 248 1234; baseline 0 0"><span class='ocrx_word' id='word_1_7' title='bbox 59 1211 131 1234; x_wconf 62' lang='lat' dir='ltr'>ettam</span> <span class='ocrx_word' id='word_1_8' title='bbox 140 1211 194 1234; x_wconf 75' lang='lat' dir='ltr'>add.</span> <span class='ocrx_word' id='word_1_9' title='bbox 202 1217 248 1234; x_wconf 71' lang='lat' dir='ltr'>uc</span> 
     </span>
     <span class='ocr_line' id='line_1_7' title="bbox 70 1238 123 1260; baseline 0 0"><span class='ocrx_word' id='word_1_10' title='bbox 70 1238 123 1260; x_wconf 70' lang='lat' dir='ltr'>Par.</span> 
     </span>
    </p>
   </div>
   <div class='ocr_carea' id='block_1_7' title="bbox 30 1212 58 1261">
    <p class='ocr_par' dir='ltr' id='par_1_7' title="bbox 30 1212 58 1261">
     <span class='ocr_line' id='line_1_8' title="bbox 30 1212 58 1261; textangle 90"><span class='ocrx_word' id='word_1_11' title='bbox 30 1212 58 1261; x_wconf 47' lang='grc' dir='ltr'>βό</span> 
     </span>
    </p>
   </div>
   <div class='ocr_carea' id='block_1_8' title="bbox 1126 280 1600 328">
    <p class='ocr_par' dir='ltr' id='par_1_8' title="bbox 1126 280 1600 328">
     <span class='ocr_line' id='line_1_9' title="bbox 1126 280 1600 328; baseline -0.002 -10"><span class='ocrx_word' id='word_1_12' title='bbox 1126 282 1237 318; x_wconf 92' lang='lat' dir='ltr'>CAP.</span> <span class='ocrx_word' id='word_1_13' title='bbox 1269 282 1318 328; x_wconf 84' lang='grc' dir='ltr'>ΙΙ,</span> <span class='ocrx_word' id='word_1_14' title='bbox 1348 280 1500 318; x_wconf 92' lang='lat' dir='ltr'>LECT.</span> <span class='ocrx_word' id='word_1_15' title='bbox 1530 281 1600 317; x_wconf 91' lang='lat' dir='ltr'>VII</span> 
     </span>
    </p>
   </div>
   <div class='ocr_carea' id='block_1_9' title="bbox 270 359 1346 1258">
    <p class='ocr_par' dir='ltr' id='par_1_9' title="bbox 270 359 1346 1258">
     <span class='ocr_line' id='line_1_10' title="bbox 271 359 1339 409; baseline -0.002 -11"><span class='ocrx_word' id='word_1_16' title='bbox 271 367 336 398; x_wconf 89' lang='lat' dir='ltr'>aut</span> <span class='ocrx_word' id='word_1_17' title='bbox 353 360 556 398; x_wconf 89' lang='lat' dir='ltr'>violentus.</span> <span class='ocrx_word' id='word_1_18' title='bbox 578 360 656 398; x_wconf 89' lang='lat' dir='ltr'>Sed</span> <span class='ocrx_word' id='word_1_19' title='bbox 679 372 751 397; x_wconf 90' lang='lat' dir='ltr'>nec</span> <span class='ocrx_word' id='word_1_20' title='bbox 773 372 843 409; x_wconf 92' lang='lat' dir='ltr'>per</span> <span class='ocrx_word' id='word_1_21' title='bbox 860 359 1081 397; x_wconf 89' lang='lat' dir='ltr'>violentiam</span> <span class='ocrx_word' id='word_1_22' title='bbox 1099 360 1248 397; x_wconf 89' lang='lat' dir='ltr'>moveri</span> <span class='ocrx_word' id='word_1_23' title='bbox 1270 372 1339 409; x_wconf 93' lang='lat' dir='ltr'>po-</span> 
     </span>
     <span class='ocr_line' id='line_1_11' title="bbox 270 412 1342 462; baseline -0.001 -12"><span class='ocrx_word' id='word_1_24' title='bbox 270 413 372 450; x_wconf 90' lang='lat' dir='ltr'>terit:</span> <span class='ocrx_word' id='word_1_25' title='bbox 399 414 488 462; x_wconf 91' lang='lat' dir='ltr'>quia</span> <span class='ocrx_word' id='word_1_26' title='bbox 507 413 538 450; x_wconf 92' lang='lat' dir='ltr'>si</span> <span class='ocrx_word' id='word_1_27' title='bbox 556 421 760 450; x_wconf 90' lang='lat' dir='ltr'>moveatur</span> <span class='ocrx_word' id='word_1_28' title='bbox 772 425 841 462; x_wconf 90' lang='lat' dir='ltr'>per</span> <span class='ocrx_word' id='word_1_29' title='bbox 858 412 1092 460; x_wconf 83' lang='lat' dir='ltr'>violentiam,</span> <span class='ocrx_word' id='word_1_30' title='bbox 1110 425 1265 450; x_wconf 93' lang='lat' dir='ltr'>necesse</span> <span class='ocrx_word' id='word_1_31' title='bbox 1286 421 1342 450; x_wconf 91' lang='lat' dir='ltr'>est</span> 
     </span>
     <span class='ocr_line' id='line_1_12' title="bbox 271 465 1340 516; baseline -0.001 -13"><span class='ocrx_word' id='word_1_32' title='bbox 271 466 377 516; x_wconf 92' lang='lat' dir='ltr'>quod</span> <span class='ocrx_word' id='word_1_33' title='bbox 396 467 442 503; x_wconf 92' lang='lat' dir='ltr'>sit</span> <span class='ocrx_word' id='word_1_34' title='bbox 460 474 589 503; x_wconf 92' lang='lat' dir='ltr'>motus</span> <span class='ocrx_word' id='word_1_35' title='bbox 608 467 783 514; x_wconf 85' lang='lat' dir='ltr'>infinitus,</span> <span class='ocrx_word' id='word_1_36' title='bbox 803 465 900 502; x_wconf 91' lang='lat' dir='ltr'>idest</span> <span class='ocrx_word' id='word_1_37' title='bbox 927 465 1094 502; x_wconf 88' lang='lat' dir='ltr'>infinitae</span> <span class='ocrx_word' id='word_1_38' title='bbox 1113 466 1340 512; x_wconf 90' lang='lat' dir='ltr'>velocitatis;</span> 
     </span>
     <span class='ocr_line' id='line_1_13' title="bbox 272 518 1341 568; baseline -0.001 -12"><span class='ocrx_word' id='word_1_39' title='bbox 272 519 378 568; x_wconf 93' lang='lat' dir='ltr'>quod</span> <span class='ocrx_word' id='word_1_40' title='bbox 398 526 454 556; x_wconf 91' lang='lat' dir='ltr'>est</span> <span class='ocrx_word' id='word_1_41' title='bbox 471 519 717 568; x_wconf 90' lang='lat' dir='ltr'>impossibile.</span> <span class='ocrx_word' id='word_1_42' title='bbox 739 519 788 555; x_wconf 86' lang='lat' dir='ltr'>Et</span> <span class='ocrx_word' id='word_1_43' title='bbox 820 518 925 566; x_wconf 92' lang='lat' dir='ltr'>quod</span> <span class='ocrx_word' id='word_1_44' title='bbox 948 519 1023 554; x_wconf 90' lang='lat' dir='ltr'>hoc</span> <span class='ocrx_word' id='word_1_45' title='bbox 1042 527 1234 566; x_wconf 86' lang='lat' dir='ltr'>sequatur,</span> <span class='ocrx_word' id='word_1_46' title='bbox 1255 531 1341 567; x_wconf 90' lang='lat' dir='ltr'>pro-</span> 
     </span>
     <span class='ocr_line' id='line_1_14' title="bbox 271 570 1340 621; baseline -0.002 -12"><span class='ocrx_word' id='word_1_47' title='bbox 271 573 348 619; x_wconf 88' lang='lat' dir='ltr'>bat,</span> <span class='ocrx_word' id='word_1_48' title='bbox 367 572 578 621; x_wconf 87' lang='lat' dir='ltr'>praemisso</span> <span class='ocrx_word' id='word_1_49' title='bbox 597 573 673 608; x_wconf 91' lang='lat' dir='ltr'>hoc</span> <span class='ocrx_word' id='word_1_50' title='bbox 686 571 884 621; x_wconf 77' lang='lat' dir='ltr'>principio,</span> <span class='ocrx_word' id='word_1_51' title='bbox 905 570 1010 619; x_wconf 93' lang='lat' dir='ltr'>quod</span> <span class='ocrx_word' id='word_1_52' title='bbox 1026 571 1056 608; x_wconf 92' lang='lat' dir='ltr'>si</span> <span class='ocrx_word' id='word_1_53' title='bbox 1071 571 1197 619; x_wconf 90' lang='lat' dir='ltr'>aliqua</span> <span class='ocrx_word' id='word_1_54' title='bbox 1211 572 1340 617; x_wconf 79' lang='lat' dir='ltr'>virtus,</span> 
     </span>
     <span class='ocr_line' id='line_1_15' title="bbox 272 623 1342 672; baseline -0.002 -10"><span class='ocrx_word' id='word_1_55' title='bbox 272 625 370 663; x_wconf 91' lang='lat' dir='ltr'>idest</span> <span class='ocrx_word' id='word_1_56' title='bbox 391 625 584 672; x_wconf 88' lang='lat' dir='ltr'>violentia,</span> <span class='ocrx_word' id='word_1_57' title='bbox 607 625 654 661; x_wconf 89' lang='lat' dir='ltr'>sit</span> <span class='ocrx_word' id='word_1_58' title='bbox 670 636 833 661; x_wconf 89' lang='lat' dir='ltr'>movens</span> <span class='ocrx_word' id='word_1_59' title='bbox 861 623 1015 672; x_wconf 84' lang='lat' dir='ltr'>aliquod</span> <span class='ocrx_word' id='word_1_60' title='bbox 1035 636 1185 672; x_wconf 83' lang='lat' dir='ltr'>corpus,</span> <span class='ocrx_word' id='word_1_61' title='bbox 1215 624 1342 660; x_wconf 89' lang='lat' dir='ltr'>minus</span> 
     </span>
     <span class='ocr_line' id='line_1_16' title="bbox 274 676 1343 723; baseline -0.003 -8"><span class='ocrx_word' id='word_1_62' title='bbox 274 686 310 715; x_wconf 89' lang='lat' dir='ltr'>et</span> <span class='ocrx_word' id='word_1_63' title='bbox 328 678 449 715; x_wconf 91' lang='lat' dir='ltr'>levius</span> <span class='ocrx_word' id='word_1_64' title='bbox 468 682 483 704; x_wconf 83' lang='lat'>⁷</span> <span class='ocrx_word' id='word_1_65' title='bbox 503 679 551 715; x_wconf 91' lang='lat' dir='ltr'>ab</span> <span class='ocrx_word' id='word_1_66' title='bbox 571 677 708 714; x_wconf 87' lang='lat' dir='ltr'>eadem</span> <span class='ocrx_word' id='word_1_67' title='bbox 726 677 882 723; x_wconf 78' lang='lat' dir='ltr'>virtute,</span> <span class='ocrx_word' id='word_1_68' title='bbox 911 677 1008 713; x_wconf 92' lang='lat' dir='ltr'>idest</span> <span class='ocrx_word' id='word_1_69' title='bbox 1026 677 1074 713; x_wconf 90' lang='lat' dir='ltr'>ab</span> <span class='ocrx_word' id='word_1_70' title='bbox 1096 677 1232 713; x_wconf 89' lang='lat' dir='ltr'>eadem</span> <span class='ocrx_word' id='word_1_71' title='bbox 1261 676 1343 713; x_wconf 88' lang='lat' dir='ltr'>vio—</span> 
     </span>
     <span class='ocr_line' id='line_1_17' title="bbox 273 729 1342 778; baseline -0.002 -11"><span class='ocrx_word' id='word_1_72' title='bbox 273 731 404 777; x_wconf 91' lang='lat' dir='ltr'>lentia,</span> <span class='ocrx_word' id='word_1_73' title='bbox 427 730 534 778; x_wconf 82' lang='lat' dir='ltr'>plus,</span> <span class='ocrx_word' id='word_1_74' title='bbox 564 730 662 767; x_wconf 89' lang='lat' dir='ltr'>idest</span> <span class='ocrx_word' id='word_1_75' title='bbox 687 730 876 777; x_wconf 84' lang='lat' dir='ltr'>velocius,</span> <span class='ocrx_word' id='word_1_76' title='bbox 905 730 1124 767; x_wconf 89' lang='lat' dir='ltr'>movebitur</span> <span class='ocrx_word' id='word_1_77' title='bbox 1150 729 1189 766; x_wconf 93' lang='lat' dir='ltr'>in</span> <span class='ocrx_word' id='word_1_78' title='bbox 1216 736 1342 775; x_wconf 85' lang='lat' dir='ltr'>motu,</span> 
     </span>
     <span class='ocr_line' id='line_1_18' title="bbox 273 780 1344 832; baseline -0.003 -12"><span class='ocrx_word' id='word_1_79' title='bbox 273 783 413 820; x_wconf 91' lang='lat' dir='ltr'>scilicet</span> <span class='ocrx_word' id='word_1_80' title='bbox 440 795 592 820; x_wconf 90' lang='lat' dir='ltr'>sursum</span> <span class='ocrx_word' id='word_1_81' title='bbox 621 780 654 819; x_wconf 71' lang='lat'>⁶:</span> <span class='ocrx_word' id='word_1_82' title='bbox 688 795 779 819; x_wconf 89' lang='lat' dir='ltr'>nam</span> <span class='ocrx_word' id='word_1_83' title='bbox 810 795 948 832; x_wconf 90' lang='lat' dir='ltr'>corpus</span> <span class='ocrx_word' id='word_1_84' title='bbox 976 783 1099 819; x_wconf 90' lang='lat' dir='ltr'>maius</span> <span class='ocrx_word' id='word_1_85' title='bbox 1129 790 1165 819; x_wconf 93' lang='grc' dir='ltr'>θῖ</span> <span class='ocrx_word' id='word_1_86' title='bbox 1192 781 1344 830; x_wconf 88' lang='lat' dir='ltr'>gravius</span> 
     </span>
     <span class='ocr_line' id='line_1_19' title="bbox 272 835 1344 884; baseline -0.003 -11"><span class='ocrx_word' id='word_1_87' title='bbox 272 836 394 884; x_wconf 89' lang='lat' dir='ltr'>magis</span> <span class='ocrx_word' id='word_1_88' title='bbox 412 835 615 873; x_wconf 88' lang='lat' dir='ltr'>violentiae</span> <span class='ocrx_word' id='word_1_89' title='bbox 635 835 790 872; x_wconf 88' lang='lat' dir='ltr'><strong>resistet.</strong></span> <span class='ocrx_word' id='word_1_90' title='bbox 822 836 878 873; x_wconf 90' lang='lat' dir='ltr'>Sit</span> <span class='ocrx_word' id='word_1_91' title='bbox 901 836 1010 884; x_wconf 89' lang='lat' dir='ltr'>igitur</span> <span class='ocrx_word' id='word_1_92' title='bbox 1038 837 1073 872; x_wconf 93' lang='lat' dir='ltr'><strong>A</strong></span> <span class='ocrx_word' id='word_1_93' title='bbox 1098 847 1236 884; x_wconf 89' lang='lat' dir='ltr'>corpus</span> <span class='ocrx_word' id='word_1_94' title='bbox 1265 847 1344 871; x_wconf 93' lang='lat' dir='ltr'>non</span> 
     </span>
     <span class='ocr_line' id='line_1_20' title="bbox 273 889 1345 938; baseline -0.002 -12"><span class='ocrx_word' id='word_1_95' title='bbox 273 889 420 926; x_wconf 89' lang='lat' dir='ltr'>habens</span> <span class='ocrx_word' id='word_1_96' title='bbox 449 889 685 937; x_wconf 87' lang='lat' dir='ltr'>gravitatem,</span> <span class='ocrx_word' id='word_1_97' title='bbox 706 889 811 938; x_wconf 93' lang='lat' dir='ltr'>quod</span> <span class='ocrx_word' id='word_1_98' title='bbox 833 889 1021 926; x_wconf 91' lang='lat' dir='ltr'>violenter</span> <span class='ocrx_word' id='word_1_99' title='bbox 1044 895 1247 925; x_wconf 84' lang='lat' dir='ltr'>moveatur</span> <span class='ocrx_word' id='word_1_100' title='bbox 1265 900 1345 924; x_wconf 92' lang='lat' dir='ltr'>sur-</span> 
     </span>
     <span class='ocr_line' id='line_1_21' title="bbox 274 941 1344 991; baseline -0.001 -13"><span class='ocrx_word' id='word_1_101' title='bbox 274 954 360 979; x_wconf 89' lang='lat' dir='ltr'>sum</span> <span class='ocrx_word' id='word_1_102' title='bbox 377 954 447 991; x_wconf 90' lang='lat' dir='ltr'>per</span> <span class='ocrx_word' id='word_1_103' title='bbox 463 941 766 989; x_wconf 87' lang='lat' dir='ltr'>magnitudinem</span> <span class='ocrx_word' id='word_1_104' title='bbox 785 954 882 991; x_wconf 92' lang='lat' dir='ltr'>quae</span> <span class='ocrx_word' id='word_1_105' title='bbox 903 950 959 979; x_wconf 92' lang='lat' dir='ltr'>est</span> <span class='ocrx_word' id='word_1_106' title='bbox 979 943 1066 988; x_wconf 84' lang='lat' dir='ltr'>GE3</span> <span class='ocrx_word' id='word_1_107' title='bbox 1096 941 1197 978; x_wconf 92' lang='lat' dir='ltr'>aliud</span> <span class='ocrx_word' id='word_1_108' title='bbox 1216 949 1344 978; x_wconf 93' lang='lat' dir='ltr'>autem</span> 
     </span>
     <span class='ocr_line' id='line_1_22' title="bbox 274 994 1346 1044; baseline -0.002 -12"><span class='ocrx_word' id='word_1_109' title='bbox 274 1007 413 1044; x_wconf 91' lang='lat' dir='ltr'>corpus</span> <span class='ocrx_word' id='word_1_110' title='bbox 433 995 479 1032; x_wconf 91' lang='lat' dir='ltr'>sit</span> <span class='ocrx_word' id='word_1_111' title='bbox 502 996 553 1042; x_wconf 90' lang='grc' dir='ltr'>Β,</span> <span class='ocrx_word' id='word_1_112' title='bbox 580 995 804 1043; x_wconf 89' lang='lat' dir='ltr'>gravitatem</span> <span class='ocrx_word' id='word_1_113' title='bbox 824 996 981 1042; x_wconf 89' lang='lat' dir='ltr'>habens,</span> <span class='ocrx_word' id='word_1_114' title='bbox 1007 995 1113 1044; x_wconf 90' lang='lat' dir='ltr'>quod</span> <span class='ocrx_word' id='word_1_115' title='bbox 1132 995 1180 1031; x_wconf 88' lang='lat' dir='ltr'>ab</span> <span class='ocrx_word' id='word_1_116' title='bbox 1210 994 1346 1031; x_wconf 88' lang='lat' dir='ltr'>eadem</span> 
     </span>
     <span class='ocr_line' id='line_1_23' title="bbox 273 1047 1344 1097; baseline -0.002 -12"><span class='ocrx_word' id='word_1_117' title='bbox 273 1048 411 1085; x_wconf 89' lang='lat' dir='ltr'>virtute</span> <span class='ocrx_word' id='word_1_118' title='bbox 432 1048 471 1085; x_wconf 94' lang='lat' dir='ltr'>in</span> <span class='ocrx_word' id='word_1_119' title='bbox 497 1047 647 1096; x_wconf 87' lang='lat' dir='ltr'>aequali</span> <span class='ocrx_word' id='word_1_120' title='bbox 675 1056 848 1097; x_wconf 92' lang='lat' dir='ltr'>tempore</span> <span class='ocrx_word' id='word_1_121' title='bbox 875 1056 1078 1086; x_wconf 90' lang='lat' dir='ltr'>moveatur</span> <span class='ocrx_word' id='word_1_122' title='bbox 1104 1060 1172 1097; x_wconf 90' lang='lat' dir='ltr'>per</span> <span class='ocrx_word' id='word_1_123' title='bbox 1200 1047 1344 1095; x_wconf 91' lang='lat' dir='ltr'>magni-</span> 
     </span>
     <span class='ocr_line' id='line_1_24' title="bbox 273 1101 1344 1150; baseline -0.001 -12"><span class='ocrx_word' id='word_1_124' title='bbox 273 1101 446 1139; x_wconf 87' lang='lat' dir='ltr'>tudinem</span> <span class='ocrx_word' id='word_1_125' title='bbox 481 1113 581 1150; x_wconf 84' lang='lat' dir='ltr'>quae</span> <span class='ocrx_word' id='word_1_126' title='bbox 616 1109 672 1138; x_wconf 88' lang='lat' dir='ltr'>est</span> <span class='ocrx_word' id='word_1_127' title='bbox 708 1103 801 1149; x_wconf 89' lang='lat' dir='ltr'>GD,</span> <span class='ocrx_word' id='word_1_128' title='bbox 838 1102 1029 1139; x_wconf 87' lang='lat' dir='ltr'>minorem</span> <span class='ocrx_word' id='word_1_129' title='bbox 1062 1102 1193 1149; x_wconf 85' lang='lat' dir='ltr'>utique</span> <span class='ocrx_word' id='word_1_130' title='bbox 1226 1112 1344 1148; x_wconf 88' lang='lat' dir='ltr'>quarn</span> 
     </span>
     <span class='ocr_line' id='line_1_25' title="bbox 275 1153 1345 1202; baseline -0.002 -10"><span class='ocrx_word' id='word_1_131' title='bbox 275 1155 357 1192; x_wconf 90' lang='lat' dir='ltr'>GE.</span> <span class='ocrx_word' id='word_1_132' title='bbox 385 1154 490 1191; x_wconf 89' lang='lat' dir='ltr'>Sicut</span> <span class='ocrx_word' id='word_1_133' title='bbox 512 1154 665 1202; x_wconf 89' lang='lat' dir='ltr'>gravius</span> <span class='ocrx_word' id='word_1_134' title='bbox 693 1155 820 1192; x_wconf 90' lang='lat' dir='ltr'>minus</span> <span class='ocrx_word' id='word_1_135' title='bbox 845 1163 1024 1193; x_wconf 90' lang='lat' dir='ltr'>movetur</span> <span class='ocrx_word' id='word_1_136' title='bbox 1048 1155 1096 1192; x_wconf 90' lang='lat' dir='ltr'>ab</span> <span class='ocrx_word' id='word_1_137' title='bbox 1117 1154 1252 1191; x_wconf 91' lang='lat' dir='ltr'>eadem</span> <span class='ocrx_word' id='word_1_138' title='bbox 1270 1153 1345 1191; x_wconf 92' lang='lat' dir='ltr'>vir-</span> 
     </span>
     <span class='ocr_line' id='line_1_26' title="bbox 274 1207 1346 1258; baseline -0.001 -14"><span class='ocrx_word' id='word_1_139' title='bbox 274 1214 367 1256; x_wconf 65' lang='lat' dir='ltr'>tute,</span> <span class='ocrx_word' id='word_1_140' title='bbox 385 1207 465 1252; x_wconf 73' lang='lat' dir='ltr'>ita*</span> <span class='ocrx_word' id='word_1_141' title='bbox 484 1220 601 1255; x_wconf 88' lang='lat' dir='ltr'>grave</span> <span class='ocrx_word' id='word_1_142' title='bbox 619 1207 746 1245; x_wconf 91' lang='lat' dir='ltr'>minus</span> <span class='ocrx_word' id='word_1_143' title='bbox 765 1221 882 1258; x_wconf 89' lang='lat' dir='ltr'>quam</span> <span class='ocrx_word' id='word_1_144' title='bbox 901 1221 980 1245; x_wconf 92' lang='lat' dir='ltr'>non</span> <span class='ocrx_word' id='word_1_145' title='bbox 996 1221 1124 1256; x_wconf 90' lang='lat' dir='ltr'>grave.</span> <span class='ocrx_word' id='word_1_146' title='bbox 1145 1207 1346 1245; x_wconf 91' lang='lat' dir='ltr'>Dividatur</span> 
     </span>
    </p>
   </div>
   <div class='ocr_carea' id='block_1_10' title="bbox 228 1261 1345 1310">
    <p class='ocr_par' dir='ltr' id='par_1_10' title="bbox 228 1261 1345 1310">
     <span class='ocr_line' id='line_1_27' title="bbox 228 1261 1345 1310; baseline -0.001 -13"><span class='ocrx_word' id='word_1_147' title='bbox 228 1270 240 1271; x_wconf 56' lang='grc'><em>’</em></span> <span class='ocrx_word' id='word_1_148' title='bbox 275 1273 366 1309; x_wconf 89' lang='lat' dir='ltr'>ergo</span> <span class='ocrx_word' id='word_1_149' title='bbox 387 1273 526 1309; x_wconf 92' lang='lat' dir='ltr'>corpus</span> <span class='ocrx_word' id='word_1_150' title='bbox 546 1261 589 1308; x_wconf 88' lang='lat' dir='ltr'>B,</span> <span class='ocrx_word' id='word_1_151' title='bbox 606 1261 752 1298; x_wconf 89' lang='lat' dir='ltr'>habens</span> <span class='ocrx_word' id='word_1_152' title='bbox 772 1262 1007 1310; x_wconf 83' lang='lat' dir='ltr'>gravitatem,</span> <span class='ocrx_word' id='word_1_153' title='bbox 1025 1261 1237 1298; x_wconf 91' lang='lat' dir='ltr'>secundum</span> <span class='ocrx_word' id='word_1_154' title='bbox 1256 1272 1345 1309; x_wconf 91' lang='lat' dir='ltr'>pro-</span> 
     </span>
    </p>
   </div>
   <div class='ocr_carea' id='block_1_11' title="bbox 14 1375 247 1411">
    <p class='ocr_par' dir='ltr' id='par_1_11' title="bbox 14 1375 247 1411">
     <span class='ocr_line' id='line_1_28' title="bbox 14 1375 247 1411; baseline 0.004 -13"><span class='ocrx_word' id='word_1_155' title='bbox 14 1410 17 1411; x_wconf 15' lang='grc' dir='ltr'><em>γ</em></span> <span class='ocrx_word' id='word_1_156' title='bbox 31 1375 247 1404; x_wconf 40' lang='lat' dir='ltr'>*visumst-ec.</span> 
     </span>
    </p>
   </div>
   <div class='ocr_carea' id='block_1_12' title="bbox 35 2226 249 2276">
    <p class='ocr_par' dir='ltr' id='par_1_12' title="bbox 35 2226 249 2276">
     <span class='ocr_line' id='line_1_29' title="bbox 35 2226 249 2276; baseline 0 -27"><span class='ocrx_word' id='word_1_157' title='bbox 35 2227 118 2276; x_wconf 53' lang='grc' dir='ltr'>ἑακοΐο</span> <span class='ocrx_word' id='word_1_158' title='bbox 127 2232 152 2255; x_wconf 77' lang='grc' dir='ltr'>Δ,</span> <span class='ocrx_word' id='word_1_159' title='bbox 163 2226 188 2249; x_wconf 78' lang='lat' dir='ltr'>in</span> <span class='ocrx_word' id='word_1_160' title='bbox 198 2229 249 2249; x_wconf 82' lang='lat' dir='ltr'>toto</span> 
     </span>
    </p>
   </div>
   <div class='ocr_carea' id='block_1_13' title="bbox 34 2491 208 2515">
    <p class='ocr_par' dir='ltr' id='par_1_13' title="bbox 34 2491 208 2515">
     <span class='ocr_line' id='line_1_30' title="bbox 34 2491 208 2515; baseline 0.006 -1"><span class='ocrx_word' id='word_1_161' title='bbox 34 2491 47 2504; x_wconf 79' lang='lat'><strong><em>⁴</em></strong></span> <span class='ocrx_word' id='word_1_162' title='bbox 60 2497 107 2514; x_wconf 76' lang='lat' dir='ltr'>non</span> <span class='ocrx_word' id='word_1_163' title='bbox 122 2498 171 2515; x_wconf 88' lang='lat' dir='ltr'>om.</span> <span class='ocrx_word' id='word_1_164' title='bbox 185 2499 208 2515; x_wconf 76' lang='lat' dir='ltr'>P.</span> 
     </span>
    </p>
   </div>
   <div class='ocr_carea' id='block_1_14' title="bbox 22 3021 252 3058">
    <p class='ocr_par' dir='ltr' id='par_1_14' title="bbox 22 3021 252 3058">
     <span class='ocr_line' id='line_1_31' title="bbox 22 3021 252 3058; baseline 0.004 -15"><span class='ocrx_word' id='word_1_165' title='bbox 22 3054 23 3058; x_wconf 17' lang='grc' dir='ltr'><strong>Ἰ</strong></span> <span class='ocrx_word' id='word_1_166' title='bbox 39 3021 52 3031; x_wconf 80' lang='lat'><em>&#39;</em></span> <span class='ocrx_word' id='word_1_167' title='bbox 69 3021 178 3049; x_wconf 67' lang='lat' dir='ltr'>cuper-ine</span> <span class='ocrx_word' id='word_1_168' title='bbox 185 3022 252 3052; x_wconf 70' lang='lat' dir='ltr'>fecit</span> 
     </span>
    </p>
   </div>
   <div class='ocr_carea' id='block_1_15' title="bbox 273 1313 1348 2265">
    <p class='ocr_par' dir='ltr' id='par_1_15' title="bbox 273 1313 1348 2265">
     <span class='ocr_line' id='line_1_32' title="bbox 273 1313 1345 1363; baseline -0.001 -13"><span class='ocrx_word' id='word_1_169' title='bbox 273 1313 492 1363; x_wconf 88' lang='lat' dir='ltr'>portionem</span> <span class='ocrx_word' id='word_1_170' title='bbox 519 1326 618 1362; x_wconf 89' lang='lat' dir='ltr'>quae</span> <span class='ocrx_word' id='word_1_171' title='bbox 640 1323 696 1351; x_wconf 92' lang='lat' dir='ltr'>est</span> <span class='ocrx_word' id='word_1_172' title='bbox 715 1315 984 1362; x_wconf 87' lang='lat' dir='ltr'>magnitudinis</span> <span class='ocrx_word' id='word_1_173' title='bbox 1004 1315 1074 1352; x_wconf 92' lang='lat' dir='ltr'>GE</span> <span class='ocrx_word' id='word_1_174' title='bbox 1095 1314 1144 1351; x_wconf 91' lang='lat' dir='ltr'>ad</span> <span class='ocrx_word' id='word_1_175' title='bbox 1164 1315 1247 1351; x_wconf 94' lang='lat' dir='ltr'>GD.</span> <span class='ocrx_word' id='word_1_176' title='bbox 1279 1314 1345 1350; x_wconf 91' lang='lat' dir='ltr'>Se-</span> 
     </span>
     <span class='ocr_line' id='line_1_33' title="bbox 275 1367 1346 1417; baseline -0.001 -13"><span class='ocrx_word' id='word_1_177' title='bbox 275 1374 412 1416; x_wconf 90' lang='lat' dir='ltr'>quetur</span> <span class='ocrx_word' id='word_1_178' title='bbox 432 1379 535 1415; x_wconf 86' lang='lat' dir='ltr'>erg0,</span> <span class='ocrx_word' id='word_1_179' title='bbox 557 1367 651 1404; x_wconf 92' lang='lat' dir='ltr'>sicut</span> <span class='ocrx_word' id='word_1_180' title='bbox 667 1375 703 1404; x_wconf 90' lang='lat' dir='ltr'>et</span> <span class='ocrx_word' id='word_1_181' title='bbox 715 1367 820 1417; x_wconf 92' lang='lat' dir='ltr'>prius</span> <span class='ocrx_word' id='word_1_182' title='bbox 833 1369 864 1414; x_wconf 52' lang='grc' dir='ltr'>ξ</span> <span class='ocrx_word' id='word_1_183' title='bbox 886 1367 991 1416; x_wconf 93' lang='lat' dir='ltr'>quod</span> <span class='ocrx_word' id='word_1_184' title='bbox 1005 1367 1044 1404; x_wconf 91' lang='lat' dir='ltr'>id</span> <span class='ocrx_word' id='word_1_185' title='bbox 1058 1367 1165 1416; x_wconf 92' lang='lat' dir='ltr'>quod</span> <span class='ocrx_word' id='word_1_186' title='bbox 1180 1367 1346 1403; x_wconf 87' lang='lat' dir='ltr'>aufertur</span> 
     </span>
     <span class='ocr_line' id='line_1_34' title="bbox 274 1419 1343 1470; baseline -0.001 -13"><span class='ocrx_word' id='word_1_187' title='bbox 274 1432 345 1469; x_wconf 90' lang='lat' dir='ltr'>per</span> <span class='ocrx_word' id='word_1_188' title='bbox 374 1419 602 1457; x_wconf 89' lang='lat' dir='ltr'>divisionem</span> <span class='ocrx_word' id='word_1_189' title='bbox 623 1432 646 1457; x_wconf 88' lang='lat' dir='ltr'>a</span> <span class='ocrx_word' id='word_1_190' title='bbox 666 1433 827 1470; x_wconf 89' lang='lat' dir='ltr'>corpore</span> <span class='ocrx_word' id='word_1_191' title='bbox 855 1422 886 1457; x_wconf 93' lang='lat' dir='ltr'>B</span> <span class='ocrx_word' id='word_1_192' title='bbox 915 1421 1139 1469; x_wconf 88' lang='lat' dir='ltr'>gravitatem</span> <span class='ocrx_word' id='word_1_193' title='bbox 1166 1420 1343 1465; x_wconf 77' lang='lat' dir='ltr'>habente,</span> 
     </span>
     <span class='ocr_line' id='line_1_35' title="bbox 275 1472 1345 1522; baseline -0.001 -12"><span class='ocrx_word' id='word_1_194' title='bbox 275 1473 418 1510; x_wconf 87' lang='lat' dir='ltr'>feratur</span> <span class='ocrx_word' id='word_1_195' title='bbox 435 1486 505 1522; x_wconf 91' lang='lat' dir='ltr'>per</span> <span class='ocrx_word' id='word_1_196' title='bbox 523 1474 825 1521; x_wconf 87' lang='lat' dir='ltr'>magnitudinem</span> <span class='ocrx_word' id='word_1_197' title='bbox 845 1472 914 1511; x_wconf 88' lang='lat' dir='ltr'>GE</span> <span class='ocrx_word' id='word_1_198' title='bbox 935 1474 973 1511; x_wconf 90' lang='lat' dir='ltr'>in</span> <span class='ocrx_word' id='word_1_199' title='bbox 992 1473 1140 1522; x_wconf 91' lang='lat' dir='ltr'>aequali</span> <span class='ocrx_word' id='word_1_200' title='bbox 1158 1480 1345 1521; x_wconf 80' lang='lat' dir='ltr'>ternpore,</span> 
     </span>
     <span class='ocr_line' id='line_1_36' title="bbox 275 1524 1347 1575; baseline -0.001 -12"><span class='ocrx_word' id='word_1_201' title='bbox 275 1526 315 1564; x_wconf 91' lang='lat' dir='ltr'>in</span> <span class='ocrx_word' id='word_1_202' title='bbox 341 1524 420 1575; x_wconf 85' lang='lat' dir='ltr'>quo</span> <span class='ocrx_word' id='word_1_203' title='bbox 449 1527 641 1563; x_wconf 84' lang='lat' dir='ltr'>fetabatur</span> <span class='ocrx_word' id='word_1_204' title='bbox 672 1538 742 1575; x_wconf 89' lang='lat' dir='ltr'>per</span> <span class='ocrx_word' id='word_1_205' title='bbox 776 1526 899 1575; x_wconf 90' lang='lat' dir='ltr'>ipsam</span> <span class='ocrx_word' id='word_1_206' title='bbox 935 1539 1074 1575; x_wconf 90' lang='lat' dir='ltr'>corpus</span> <span class='ocrx_word' id='word_1_207' title='bbox 1101 1528 1136 1563; x_wconf 95' lang='lat' dir='ltr'><strong>A</strong></span> <span class='ocrx_word' id='word_1_208' title='bbox 1169 1539 1248 1563; x_wconf 91' lang='lat' dir='ltr'>non</span> <span class='ocrx_word' id='word_1_209' title='bbox 1282 1527 1347 1562; x_wconf 89' lang='lat' dir='ltr'>ha-</span> 
     </span>
     <span class='ocr_line' id='line_1_37' title="bbox 275 1579 1346 1628; baseline 0 -12"><span class='ocrx_word' id='word_1_210' title='bbox 275 1580 372 1616; x_wconf 92' lang='lat' dir='ltr'>bens</span> <span class='ocrx_word' id='word_1_211' title='bbox 390 1579 630 1627; x_wconf 89' lang='lat' dir='ltr'>gravitatem:</span> <span class='ocrx_word' id='word_1_212' title='bbox 648 1579 738 1627; x_wconf 89' lang='lat' dir='ltr'>quia</span> <span class='ocrx_word' id='word_1_213' title='bbox 758 1580 778 1601; x_wconf 81' lang='grc'><strong>*</strong></span> <span class='ocrx_word' id='word_1_214' title='bbox 796 1587 920 1616; x_wconf 89' lang='lat' dir='ltr'>totum</span> <span class='ocrx_word' id='word_1_215' title='bbox 941 1592 1078 1628; x_wconf 92' lang='lat' dir='ltr'>corpus</span> <span class='ocrx_word' id='word_1_216' title='bbox 1097 1581 1128 1616; x_wconf 92' lang='lat' dir='ltr'>B</span> <span class='ocrx_word' id='word_1_217' title='bbox 1149 1579 1187 1616; x_wconf 91' lang='lat' dir='ltr'>in</span> <span class='ocrx_word' id='word_1_218' title='bbox 1207 1579 1346 1616; x_wconf 91' lang='lat' dir='ltr'>eodem</span> 
     </span>
     <span class='ocr_line' id='line_1_38' title="bbox 275 1633 1347 1681; baseline 0 -12"><span class='ocrx_word' id='word_1_219' title='bbox 275 1640 450 1681; x_wconf 90' lang='lat' dir='ltr'>tempore</span> <span class='ocrx_word' id='word_1_220' title='bbox 477 1633 668 1669; x_wconf 86' lang='lat' dir='ltr'>ferebatur</span> <span class='ocrx_word' id='word_1_221' title='bbox 694 1644 764 1681; x_wconf 89' lang='lat' dir='ltr'>per</span> <span class='ocrx_word' id='word_1_222' title='bbox 792 1633 1092 1681; x_wconf 86' lang='lat' dir='ltr'>magnitudinem</span> <span class='ocrx_word' id='word_1_223' title='bbox 1123 1634 1216 1678; x_wconf 87' lang='lat' dir='ltr'>GD,</span> <span class='ocrx_word' id='word_1_224' title='bbox 1248 1644 1347 1681; x_wconf 89' lang='lat' dir='ltr'>quae</span> 
     </span>
     <span class='ocr_line' id='line_1_39' title="bbox 276 1685 1348 1735; baseline 0 -13"><span class='ocrx_word' id='word_1_225' title='bbox 276 1692 332 1722; x_wconf 91' lang='lat' dir='ltr'>est</span> <span class='ocrx_word' id='word_1_226' title='bbox 355 1685 494 1722; x_wconf 90' lang='lat' dir='ltr'>minor.</span> <span class='ocrx_word' id='word_1_227' title='bbox 525 1685 689 1734; x_wconf 85' lang='lat' dir='ltr'>Oportet</span> <span class='ocrx_word' id='word_1_228' title='bbox 719 1685 820 1723; x_wconf 87' lang='lat' dir='ltr'>enim</span> <span class='ocrx_word' id='word_1_229' title='bbox 855 1699 937 1723; x_wconf 91' lang='lat' dir='ltr'>esse</span> <span class='ocrx_word' id='word_1_230' title='bbox 969 1686 1260 1735; x_wconf 88' lang='lat' dir='ltr'>proportionem</span> <span class='ocrx_word' id='word_1_231' title='bbox 1280 1698 1348 1723; x_wconf 92' lang='lat' dir='ltr'>ve-</span> 
     </span>
     <span class='ocr_line' id='line_1_40' title="bbox 275 1738 1348 1787; baseline 0 -12"><span class='ocrx_word' id='word_1_232' title='bbox 275 1738 434 1775; x_wconf 85' lang='lat' dir='ltr'>locitatis</span> <span class='ocrx_word' id='word_1_233' title='bbox 457 1738 615 1775; x_wconf 89' lang='lat' dir='ltr'>minoris</span> <span class='ocrx_word' id='word_1_234' title='bbox 644 1739 913 1787; x_wconf 89' lang='lat' dir='ltr'>magnitudinis</span> <span class='ocrx_word' id='word_1_235' title='bbox 942 1739 990 1777; x_wconf 91' lang='lat' dir='ltr'>ad</span> <span class='ocrx_word' id='word_1_236' title='bbox 1019 1739 1223 1786; x_wconf 79' lang='lat' dir='ltr'>maiorem,</span> <span class='ocrx_word' id='word_1_237' title='bbox 1253 1739 1348 1776; x_wconf 90' lang='lat' dir='ltr'>sicut</span> 
     </span>
     <span class='ocr_line' id='line_1_41' title="bbox 275 1791 1347 1841; baseline 0 -13"><span class='ocrx_word' id='word_1_238' title='bbox 275 1803 316 1828; x_wconf 93' lang='lat' dir='ltr'>se</span> <span class='ocrx_word' id='word_1_239' title='bbox 335 1791 451 1828; x_wconf 90' lang='lat' dir='ltr'>habet</span> <span class='ocrx_word' id='word_1_240' title='bbox 470 1791 596 1828; x_wconf 88' lang='lat' dir='ltr'>maius</span> <span class='ocrx_word' id='word_1_241' title='bbox 616 1804 756 1840; x_wconf 91' lang='lat' dir='ltr'>corpus</span> <span class='ocrx_word' id='word_1_242' title='bbox 781 1793 831 1829; x_wconf 90' lang='lat' dir='ltr'>ad</span> <span class='ocrx_word' id='word_1_243' title='bbox 849 1792 993 1839; x_wconf 89' lang='lat' dir='ltr'>minus;</span> <span class='ocrx_word' id='word_1_244' title='bbox 1014 1793 1064 1830; x_wconf 89' lang='lat' dir='ltr'>ita</span> <span class='ocrx_word' id='word_1_245' title='bbox 1083 1793 1223 1829; x_wconf 91' lang='lat' dir='ltr'>scilicet</span> <span class='ocrx_word' id='word_1_246' title='bbox 1242 1792 1347 1841; x_wconf 91' lang='lat' dir='ltr'>quod</span> 
     </span>
     <span class='ocr_line' id='line_1_42' title="bbox 275 1843 1348 1895; baseline 0.001 -14"><span class='ocrx_word' id='word_1_247' title='bbox 275 1843 315 1881; x_wconf 91' lang='lat' dir='ltr'>in</span> <span class='ocrx_word' id='word_1_248' title='bbox 343 1844 483 1882; x_wconf 91' lang='lat' dir='ltr'>eodem</span> <span class='ocrx_word' id='word_1_249' title='bbox 516 1852 691 1894; x_wconf 91' lang='lat' dir='ltr'>tempore</span> <span class='ocrx_word' id='word_1_250' title='bbox 724 1845 848 1883; x_wconf 89' lang='lat' dir='ltr'>maius</span> <span class='ocrx_word' id='word_1_251' title='bbox 877 1858 1016 1895; x_wconf 92' lang='lat' dir='ltr'>corpus</span> <span class='ocrx_word' id='word_1_252' title='bbox 1049 1854 1252 1883; x_wconf 89' lang='lat' dir='ltr'>moveatur</span> <span class='ocrx_word' id='word_1_253' title='bbox 1278 1858 1348 1895; x_wconf 93' lang='lat' dir='ltr'>per</span> 
     </span>
     <span class='ocr_line' id='line_1_43' title="bbox 275 1897 1345 1948; baseline 0.002 -14"><span class='ocrx_word' id='word_1_254' title='bbox 275 1897 469 1934; x_wconf 89' lang='lat' dir='ltr'>minorem</span> <span class='ocrx_word' id='word_1_255' title='bbox 498 1898 813 1946; x_wconf 87' lang='lat' dir='ltr'>magnitudinem,</span> <span class='ocrx_word' id='word_1_256' title='bbox 845 1906 880 1935; x_wconf 92' lang='lat' dir='ltr'>et</span> <span class='ocrx_word' id='word_1_257' title='bbox 906 1899 1032 1936; x_wconf 89' lang='lat' dir='ltr'>minus</span> <span class='ocrx_word' id='word_1_258' title='bbox 1052 1911 1122 1948; x_wconf 92' lang='lat' dir='ltr'>per</span> <span class='ocrx_word' id='word_1_259' title='bbox 1139 1899 1345 1945; x_wconf 81' lang='lat' dir='ltr'>maiorem3</span> 
     </span>
     <span class='ocr_line' id='line_1_44' title="bbox 276 1950 1346 2000; baseline 0.002 -13"><span class='ocrx_word' id='word_1_260' title='bbox 276 1950 366 1999; x_wconf 90' lang='lat' dir='ltr'>quia</span> <span class='ocrx_word' id='word_1_261' title='bbox 403 1951 530 1988; x_wconf 87' lang='lat' dir='ltr'>minus</span> <span class='ocrx_word' id='word_1_262' title='bbox 569 1963 709 2000; x_wconf 91' lang='lat' dir='ltr'>corpus</span> <span class='ocrx_word' id='word_1_263' title='bbox 747 1952 795 1988; x_wconf 89' lang='lat' dir='ltr'>ab</span> <span class='ocrx_word' id='word_1_264' title='bbox 834 1952 971 1989; x_wconf 90' lang='lat' dir='ltr'>eadem</span> <span class='ocrx_word' id='word_1_265' title='bbox 998 1952 1138 1989; x_wconf 91' lang='lat' dir='ltr'>virtute</span> <span class='ocrx_word' id='word_1_266' title='bbox 1173 1952 1346 1989; x_wconf 90' lang='lat' dir='ltr'>velocius</span> 
     </span>
     <span class='ocr_line' id='line_1_45' title="bbox 276 2004 1346 2055; baseline 0.002 -15"><span class='ocrx_word' id='word_1_267' title='bbox 276 2012 466 2041; x_wconf 88' lang='lat' dir='ltr'>movetur.</span> <span class='ocrx_word' id='word_1_268' title='bbox 498 2005 687 2053; x_wconf 89' lang='lat' dir='ltr'>Sequetur</span> <span class='ocrx_word' id='word_1_269' title='bbox 715 2004 825 2052; x_wconf 90' lang='lat' dir='ltr'>igitur</span> <span class='ocrx_word' id='word_1_270' title='bbox 853 2005 960 2053; x_wconf 90' lang='lat' dir='ltr'>quod</span> <span class='ocrx_word' id='word_1_271' title='bbox 985 2018 1055 2055; x_wconf 92' lang='lat' dir='ltr'>per</span> <span class='ocrx_word' id='word_1_272' title='bbox 1083 2006 1241 2053; x_wconf 90' lang='lat' dir='ltr'>aequale</span> <span class='ocrx_word' id='word_1_273' title='bbox 1262 2018 1346 2055; x_wconf 91' lang='lat' dir='ltr'>spa-</span> 
     </span>
     <span class='ocr_line' id='line_1_46' title="bbox 275 2057 1346 2107; baseline 0.001 -13"><span class='ocrx_word' id='word_1_274' title='bbox 275 2057 370 2095; x_wconf 91' lang='lat' dir='ltr'>tium</span> <span class='ocrx_word' id='word_1_275' title='bbox 399 2058 541 2094; x_wconf 87' lang='lat' dir='ltr'>feratur</span> <span class='ocrx_word' id='word_1_276' title='bbox 569 2070 708 2106; x_wconf 89' lang='lat' dir='ltr'>corpus</span> <span class='ocrx_word' id='word_1_277' title='bbox 727 2070 810 2100; x_wconf 85' lang='lat' dir='ltr'>non</span> <span class='ocrx_word' id='word_1_278' title='bbox 827 2070 955 2106; x_wconf 85' lang='lat' dir='ltr'>grave,</span> <span class='ocrx_word' id='word_1_279' title='bbox 986 2066 1023 2095; x_wconf 93' lang='lat' dir='ltr'>et</span> <span class='ocrx_word' id='word_1_280' title='bbox 1043 2071 1180 2107; x_wconf 90' lang='lat' dir='ltr'>corpus</span> <span class='ocrx_word' id='word_1_281' title='bbox 1199 2059 1346 2096; x_wconf 88' lang='lat' dir='ltr'>habens</span> 
     </span>
     <span class='ocr_line' id='line_1_47' title="bbox 275 2110 1346 2161; baseline 0.002 -14"><span class='ocrx_word' id='word_1_282' title='bbox 275 2110 512 2158; x_wconf 87' lang='lat' dir='ltr'>gravitatem,</span> <span class='ocrx_word' id='word_1_283' title='bbox 533 2110 572 2147; x_wconf 92' lang='lat' dir='ltr'>in</span> <span class='ocrx_word' id='word_1_284' title='bbox 597 2111 736 2148; x_wconf 89' lang='lat' dir='ltr'>eodem</span> <span class='ocrx_word' id='word_1_285' title='bbox 764 2119 960 2160; x_wconf 83' lang='lat' dir='ltr'>tempore3</span> <span class='ocrx_word' id='word_1_286' title='bbox 991 2112 1096 2161; x_wconf 93' lang='lat' dir='ltr'>quod</span> <span class='ocrx_word' id='word_1_287' title='bbox 1125 2120 1181 2149; x_wconf 91' lang='lat' dir='ltr'>est</span> <span class='ocrx_word' id='word_1_288' title='bbox 1202 2112 1346 2160; x_wconf 91' lang='lat' dir='ltr'>impos-</span> 
     </span>
     <span class='ocr_line' id='line_1_48' title="bbox 276 2163 1345 2214; baseline 0.002 -14"><span class='ocrx_word' id='word_1_289' title='bbox 276 2163 394 2200; x_wconf 88' lang='lat' dir='ltr'>sibile.</span> <span class='ocrx_word' id='word_1_290' title='bbox 412 2163 698 2213; x_wconf 87' lang='lat' dir='ltr'>Quodcumque</span> <span class='ocrx_word' id='word_1_291' title='bbox 718 2172 846 2201; x_wconf 90' lang='lat' dir='ltr'>autem</span> <span class='ocrx_word' id='word_1_292' title='bbox 867 2177 1007 2214; x_wconf 91' lang='lat' dir='ltr'>corpus</span> <span class='ocrx_word' id='word_1_293' title='bbox 1021 2177 1138 2213; x_wconf 88' lang='lat' dir='ltr'>grave</span> <span class='ocrx_word' id='word_1_294' title='bbox 1152 2178 1345 2214; x_wconf 91' lang='lat' dir='ltr'>propona-</span> 
     </span>
     <span class='ocr_line' id='line_1_49' title="bbox 276 2218 1347 2265; baseline 0.003 -12"><span class='ocrx_word' id='word_1_295' title='bbox 276 2224 346 2263; x_wconf 85' lang='lat' dir='ltr'>tur,</span> <span class='ocrx_word' id='word_1_296' title='bbox 363 2224 718 2265; x_wconf 86' lang='lat' dir='ltr'>quantumcumque</span> <span class='ocrx_word' id='word_1_297' title='bbox 737 2218 920 2255; x_wconf 90' lang='lat' dir='ltr'>velociter</span> <span class='ocrx_word' id='word_1_298' title='bbox 943 2226 1146 2256; x_wconf 87' lang='lat' dir='ltr'>moveatur</span> <span class='ocrx_word' id='word_1_299' title='bbox 1163 2220 1194 2265; x_wconf 76' lang='lat'>*,</span> <span class='ocrx_word' id='word_1_300' title='bbox 1221 2220 1347 2256; x_wconf 88' lang='lat' dir='ltr'>adhuc</span> 
     </span>
    </p>
   </div>
   <div class='ocr_carea' id='block_1_16' title="bbox 239 2271 1346 2321">
    <p class='ocr_par' dir='ltr' id='par_1_16' title="bbox 239 2271 1346 2321">
     <span class='ocr_line' id='line_1_50' title="bbox 239 2271 1346 2321; baseline 0.003 -14"><span class='ocrx_word' id='word_1_301' title='bbox 239 2287 243 2291; x_wconf 64' lang='lat'>¹</span> <span class='ocrx_word' id='word_1_302' title='bbox 277 2282 416 2318; x_wconf 92' lang='lat' dir='ltr'>corpus</span> <span class='ocrx_word' id='word_1_303' title='bbox 443 2282 523 2307; x_wconf 92' lang='lat' dir='ltr'>non</span> <span class='ocrx_word' id='word_1_304' title='bbox 550 2282 666 2318; x_wconf 87' lang='lat' dir='ltr'>grave</span> <span class='ocrx_word' id='word_1_305' title='bbox 691 2271 910 2310; x_wconf 89' lang='lat' dir='ltr'>movebitur</span> <span class='ocrx_word' id='word_1_306' title='bbox 936 2272 976 2308; x_wconf 90' lang='lat' dir='ltr'>in</span> <span class='ocrx_word' id='word_1_307' title='bbox 1006 2272 1145 2309; x_wconf 89' lang='lat' dir='ltr'>eodem</span> <span class='ocrx_word' id='word_1_308' title='bbox 1173 2280 1346 2321; x_wconf 88' lang='lat' dir='ltr'>tempore</span> 
     </span>
    </p>
   </div>
   <div class='ocr_carea' id='block_1_17' title="bbox 275 2323 1348 3062">
    <p class='ocr_par' dir='ltr' id='par_1_17' title="bbox 275 2323 1347 2532">
     <span class='ocr_line' id='line_1_51' title="bbox 275 2323 1347 2375; baseline 0.004 -16"><span class='ocrx_word' id='word_1_309' title='bbox 275 2335 345 2372; x_wconf 88' lang='lat' dir='ltr'>per</span> <span class='ocrx_word' id='word_1_310' title='bbox 359 2323 482 2360; x_wconf 89' lang='lat' dir='ltr'>maius</span> <span class='ocrx_word' id='word_1_311' title='bbox 498 2323 675 2372; x_wconf 91' lang='lat' dir='ltr'>spatium.</span> <span class='ocrx_word' id='word_1_312' title='bbox 693 2324 756 2360; x_wconf 90' lang='lat' dir='ltr'>Sic</span> <span class='ocrx_word' id='word_1_313' title='bbox 770 2324 879 2372; x_wconf 90' lang='lat' dir='ltr'>igitur</span> <span class='ocrx_word' id='word_1_314' title='bbox 893 2333 1074 2373; x_wconf 89' lang='lat' dir='ltr'>sequetur</span> <span class='ocrx_word' id='word_1_315' title='bbox 1087 2325 1193 2374; x_wconf 94' lang='lat' dir='ltr'>quod</span> <span class='ocrx_word' id='word_1_316' title='bbox 1209 2338 1347 2375; x_wconf 92' lang='lat' dir='ltr'>corpus</span> 
     </span>
     <span class='ocr_line' id='line_1_52' title="bbox 276 2377 1347 2427; baseline 0.004 -15"><span class='ocrx_word' id='word_1_317' title='bbox 276 2389 356 2413; x_wconf 90' lang='lat' dir='ltr'>non</span> <span class='ocrx_word' id='word_1_318' title='bbox 375 2388 490 2424; x_wconf 89' lang='lat' dir='ltr'>grave</span> <span class='ocrx_word' id='word_1_319' title='bbox 511 2384 715 2414; x_wconf 84' lang='lat' dir='ltr'>moveatur</span> <span class='ocrx_word' id='word_1_320' title='bbox 728 2377 875 2415; x_wconf 90' lang='lat' dir='ltr'>infinita</span> <span class='ocrx_word' id='word_1_321' title='bbox 893 2378 1094 2415; x_wconf 90' lang='lat' dir='ltr'>velocitate</span> <span class='ocrx_word' id='word_1_322' title='bbox 1113 2391 1183 2427; x_wconf 91' lang='lat' dir='ltr'>per</span> <span class='ocrx_word' id='word_1_323' title='bbox 1201 2379 1347 2416; x_wconf 91' lang='lat' dir='ltr'>violen-</span> 
     </span>
     <span class='ocr_line' id='line_1_53' title="bbox 275 2429 1346 2478; baseline 0.004 -12"><span class='ocrx_word' id='word_1_324' title='bbox 275 2429 384 2476; x_wconf 89' lang='lat' dir='ltr'>tiam;</span> <span class='ocrx_word' id='word_1_325' title='bbox 414 2429 520 2478; x_wconf 91' lang='lat' dir='ltr'>quod</span> <span class='ocrx_word' id='word_1_326' title='bbox 540 2437 595 2467; x_wconf 90' lang='lat' dir='ltr'>est</span> <span class='ocrx_word' id='word_1_327' title='bbox 613 2430 858 2478; x_wconf 89' lang='lat' dir='ltr'>impossibile.</span> <span class='ocrx_word' id='word_1_328' title='bbox 883 2432 933 2468; x_wconf 93' lang='lat' dir='ltr'>Et</span> <span class='ocrx_word' id='word_1_329' title='bbox 952 2431 1088 2469; x_wconf 90' lang='lat' dir='ltr'>eadem</span> <span class='ocrx_word' id='word_1_330' title='bbox 1108 2432 1203 2469; x_wconf 90' lang='lat' dir='ltr'>ratio</span> <span class='ocrx_word' id='word_1_331' title='bbox 1225 2441 1280 2470; x_wconf 92' lang='lat' dir='ltr'>est</span> <span class='ocrx_word' id='word_1_332' title='bbox 1299 2433 1346 2470; x_wconf 91' lang='lat' dir='ltr'>de</span> 
     </span>
     <span class='ocr_line' id='line_1_54' title="bbox 277 2483 694 2532; baseline -0.002 -12"><span class='ocrx_word' id='word_1_333' title='bbox 277 2495 438 2532; x_wconf 91' lang='lat' dir='ltr'>corpore</span> <span class='ocrx_word' id='word_1_334' title='bbox 467 2495 545 2520; x_wconf 92' lang='lat' dir='ltr'>non</span> <span class='ocrx_word' id='word_1_335' title='bbox 570 2484 590 2504; x_wconf 54' lang='lat' dir='ltr'>²st</span> <span class='ocrx_word' id='word_1_336' title='bbox 608 2483 694 2520; x_wconf 90' lang='lat' dir='ltr'>levi.</span> 
     </span>
    </p>

    <p class='ocr_par' dir='ltr' id='par_1_18' title="bbox 275 2535 1348 2955">
     <span class='ocr_line' id='line_1_55' title="bbox 331 2535 1346 2585; baseline 0.004 -13"><span class='ocrx_word' id='word_1_337' title='bbox 331 2535 394 2573; x_wconf 89' lang='lat' dir='ltr'>Sic</span> <span class='ocrx_word' id='word_1_338' title='bbox 414 2548 504 2584; x_wconf 89' lang='lat' dir='ltr'>ergo</span> <span class='ocrx_word' id='word_1_339' title='bbox 524 2536 751 2585; x_wconf 86' lang='lat' dir='ltr'>epilogando</span> <span class='ocrx_word' id='word_1_340' title='bbox 773 2537 964 2575; x_wconf 92' lang='lat' dir='ltr'>concludit</span> <span class='ocrx_word' id='word_1_341' title='bbox 988 2538 1233 2575; x_wconf 87' lang='lat' dir='ltr'>manifestum</span> <span class='ocrx_word' id='word_1_342' title='bbox 1263 2552 1346 2576; x_wconf 89' lang='lat' dir='ltr'>esse</span> 
     </span>
     <span class='ocr_line' id='line_1_56' title="bbox 277 2589 1347 2639; baseline 0.003 -13"><span class='ocrx_word' id='word_1_343' title='bbox 277 2589 381 2638; x_wconf 92' lang='lat' dir='ltr'>quod</span> <span class='ocrx_word' id='word_1_344' title='bbox 401 2601 518 2627; x_wconf 90' lang='lat' dir='ltr'>omne</span> <span class='ocrx_word' id='word_1_345' title='bbox 539 2602 679 2638; x_wconf 90' lang='lat' dir='ltr'>corpus</span> <span class='ocrx_word' id='word_1_346' title='bbox 699 2590 804 2639; x_wconf 93' lang='lat' dir='ltr'>quod</span> <span class='ocrx_word' id='word_1_347' title='bbox 823 2591 1110 2628; x_wconf 87' lang='lat' dir='ltr'>determinatum</span> <span class='ocrx_word' id='word_1_348' title='bbox 1127 2599 1193 2638; x_wconf 87' lang='lat' dir='ltr'>est,</span> <span class='ocrx_word' id='word_1_349' title='bbox 1207 2592 1347 2629; x_wconf 91' lang='lat' dir='ltr'>scilicet</span> 
     </span>
     <span class='ocr_line' id='line_1_57' title="bbox 277 2642 1346 2692; baseline 0.003 -13"><span class='ocrx_word' id='word_1_350' title='bbox 277 2642 383 2691; x_wconf 93' lang='lat' dir='ltr'>quod</span> <span class='ocrx_word' id='word_1_351' title='bbox 409 2650 589 2680; x_wconf 90' lang='lat' dir='ltr'>movetur</span> <span class='ocrx_word' id='word_1_352' title='bbox 616 2650 725 2680; x_wconf 90' lang='lat' dir='ltr'>motu</span> <span class='ocrx_word' id='word_1_353' title='bbox 751 2651 867 2691; x_wconf 80' lang='lat' dir='ltr'>recto,</span> <span class='ocrx_word' id='word_1_354' title='bbox 896 2644 1013 2681; x_wconf 87' lang='lat' dir='ltr'>habet</span> <span class='ocrx_word' id='word_1_355' title='bbox 1031 2644 1255 2692; x_wconf 88' lang='lat' dir='ltr'>gravitatem</span> <span class='ocrx_word' id='word_1_356' title='bbox 1284 2647 1346 2683; x_wconf 93' lang='lat' dir='ltr'>vel</span> 
     </span>
     <span class='ocr_line' id='line_1_58' title="bbox 276 2695 1348 2746; baseline 0.004 -14"><span class='ocrx_word' id='word_1_357' title='bbox 276 2695 480 2733; x_wconf 89' lang='lat' dir='ltr'>levitatem.</span> <span class='ocrx_word' id='word_1_358' title='bbox 510 2696 657 2733; x_wconf 92' lang='lat' dir='ltr'>Dicitur</span> <span class='ocrx_word' id='word_1_359' title='bbox 691 2706 820 2734; x_wconf 88' lang='lat' dir='ltr'>autem</span> <span class='ocrx_word' id='word_1_360' title='bbox 854 2710 992 2746; x_wconf 91' lang='lat' dir='ltr'>corpus</span> <span class='ocrx_word' id='word_1_361' title='bbox 1028 2698 1134 2746; x_wconf 93' lang='lat' dir='ltr'>quod</span> <span class='ocrx_word' id='word_1_362' title='bbox 1167 2707 1348 2736; x_wconf 90' lang='lat' dir='ltr'>movetur</span> 
     </span>
     <span class='ocr_line' id='line_1_59' title="bbox 275 2749 1346 2798; baseline 0.003 -13"><span class='ocrx_word' id='word_1_363' title='bbox 275 2755 384 2785; x_wconf 90' lang='lat' dir='ltr'>motu</span> <span class='ocrx_word' id='word_1_364' title='bbox 412 2756 514 2786; x_wconf 91' lang='lat' dir='ltr'>recto</span> <span class='ocrx_word' id='word_1_365' title='bbox 543 2749 831 2786; x_wconf 85' lang='lat' dir='ltr'>determinatum</span> <span class='ocrx_word' id='word_1_366' title='bbox 850 2756 876 2795; x_wconf 82' lang='lat'>¹,</span> <span class='ocrx_word' id='word_1_367' title='bbox 897 2751 959 2787; x_wconf 91' lang='lat' dir='ltr'>vel</span> <span class='ocrx_word' id='word_1_368' title='bbox 980 2751 1069 2798; x_wconf 89' lang='lat' dir='ltr'>quia</span> <span class='ocrx_word' id='word_1_369' title='bbox 1088 2751 1149 2788; x_wconf 92' lang='lat' dir='ltr'>hic</span> <span class='ocrx_word' id='word_1_370' title='bbox 1169 2752 1346 2788; x_wconf 91' lang='lat' dir='ltr'>determi-</span> 
     </span>
     <span class='ocr_line' id='line_1_60' title="bbox 276 2801 1347 2853; baseline 0.004 -15"><span class='ocrx_word' id='word_1_371' title='bbox 276 2809 364 2838; x_wconf 90' lang='lat' dir='ltr'>nate</span> <span class='ocrx_word' id='word_1_372' title='bbox 379 2801 427 2839; x_wconf 90' lang='lat' dir='ltr'>de</span> <span class='ocrx_word' id='word_1_373' title='bbox 446 2801 529 2851; x_wconf 91' lang='lat' dir='ltr'>ipso</span> <span class='ocrx_word' id='word_1_374' title='bbox 550 2803 733 2851; x_wconf 90' lang='lat' dir='ltr'>loquitur;</span> <span class='ocrx_word' id='word_1_375' title='bbox 754 2803 817 2839; x_wconf 91' lang='lat' dir='ltr'>vel</span> <span class='ocrx_word' id='word_1_376' title='bbox 837 2803 926 2851; x_wconf 86' lang='lat' dir='ltr'>quia</span> <span class='ocrx_word' id='word_1_377' title='bbox 944 2804 1165 2841; x_wconf 90' lang='lat' dir='ltr'>huiusmodi</span> <span class='ocrx_word' id='word_1_378' title='bbox 1184 2817 1347 2853; x_wconf 91' lang='lat' dir='ltr'>corpora</span> 
     </span>
     <span class='ocr_line' id='line_1_61' title="bbox 276 2858 1346 2905; baseline 0.004 -14"><span class='ocrx_word' id='word_1_379' title='bbox 276 2862 484 2892; x_wconf 89' lang='lat' dir='ltr'>moventur</span> <span class='ocrx_word' id='word_1_380' title='bbox 511 2863 619 2892; x_wconf 89' lang='lat' dir='ltr'>motu</span> <span class='ocrx_word' id='word_1_381' title='bbox 649 2863 751 2893; x_wconf 87' lang='lat' dir='ltr'>recto</span> <span class='ocrx_word' id='word_1_382' title='bbox 771 2864 886 2904; x_wconf 91' lang='lat' dir='ltr'>prout</span> <span class='ocrx_word' id='word_1_383' title='bbox 913 2864 999 2893; x_wconf 91' lang='lat' dir='ltr'>sunt</span> <span class='ocrx_word' id='word_1_384' title='bbox 1022 2865 1216 2905; x_wconf 87' lang='lat' dir='ltr'>segregata</span> <span class='ocrx_word' id='word_1_385' title='bbox 1236 2866 1273 2895; x_wconf 89' lang='lat' dir='ltr'>et</span> <span class='ocrx_word' id='word_1_386' title='bbox 1292 2858 1346 2895; x_wconf 93' lang='lat' dir='ltr'>di-</span> 
     </span>
     <span class='ocr_line' id='line_1_62' title="bbox 275 2907 1052 2955; baseline 0.001 -10"><span class='ocrx_word' id='word_1_387' title='bbox 275 2907 376 2955; x_wconf 87' lang='lat' dir='ltr'>visa,</span> <span class='ocrx_word' id='word_1_388' title='bbox 407 2921 486 2945; x_wconf 92' lang='lat' dir='ltr'>non</span> <span class='ocrx_word' id='word_1_389' title='bbox 514 2917 643 2946; x_wconf 88' lang='lat' dir='ltr'>autern</span> <span class='ocrx_word' id='word_1_390' title='bbox 669 2909 882 2946; x_wconf 91' lang='lat' dir='ltr'>secundum</span> <span class='ocrx_word' id='word_1_391' title='bbox 902 2922 942 2946; x_wconf 88' lang='lat' dir='ltr'>se</span> <span class='ocrx_word' id='word_1_392' title='bbox 962 2917 1052 2947; x_wconf 89' lang='lat' dir='ltr'>tota.</span> 
     </span>
    </p>

    <p class='ocr_par' dir='ltr' id='par_1_19' title="bbox 277 2961 1347 3062">
     <span class='ocr_line' id='line_1_63' title="bbox 334 2961 1346 3012; baseline 0.003 -14"><span class='ocrx_word' id='word_1_393' title='bbox 334 2962 366 2998; x_wconf 89' lang='grc'>5.</span> <span class='ocrx_word' id='word_1_394' title='bbox 383 2961 533 2999; x_wconf 90' lang='lat' dir='ltr'>Deinde</span> <span class='ocrx_word' id='word_1_395' title='bbox 545 2975 633 2999; x_wconf 93' lang='lat' dir='ltr'>cum</span> <span class='ocrx_word' id='word_1_396' title='bbox 645 2962 749 2999; x_wconf 88' lang='lat' dir='ltr'>dicit:</span> <span class='ocrx_word' id='word_1_397' title='bbox 770 2963 958 3004; x_wconf 87' lang='lat' dir='ltr'>Quoniam</span> <span class='ocrx_word' id='word_1_398' title='bbox 969 2969 1094 3000; x_wconf 85' lang='lat' dir='ltr'>autem</span> <span class='ocrx_word' id='word_1_399' title='bbox 1110 2969 1248 3000; x_wconf 88' lang='lat' dir='ltr'>natura</span> <span class='ocrx_word' id='word_1_400' title='bbox 1264 2971 1346 3012; x_wconf 82' lang='lat' dir='ltr'>etc.⁷</span> 
     </span>
     <span class='ocr_line' id='line_1_64' title="bbox 277 3014 1347 3062; baseline 0.003 -11"><span class='ocrx_word' id='word_1_401' title='bbox 277 3014 367 3062; x_wconf 89' lang='lat' dir='ltr'>quia</span> <span class='ocrx_word' id='word_1_402' title='bbox 386 3015 526 3052; x_wconf 88' lang='lat' dir='ltr'>fecerat</span> <span class='ocrx_word' id='word_1_403' title='bbox 545 3017 565 3037; x_wconf 68' lang='lat'>‘¹⁵</span> <span class='ocrx_word' id='word_1_404' title='bbox 585 3016 823 3053; x_wconf 89' lang='lat' dir='ltr'>mentionem</span> <span class='ocrx_word' id='word_1_405' title='bbox 843 3016 890 3053; x_wconf 91' lang='lat' dir='ltr'>de</span> <span class='ocrx_word' id='word_1_406' title='bbox 905 3024 1015 3053; x_wconf 89' lang='lat' dir='ltr'>motu</span> <span class='ocrx_word' id='word_1_407' title='bbox 1030 3017 1190 3054; x_wconf 90' lang='lat' dir='ltr'>naturali</span> <span class='ocrx_word' id='word_1_408' title='bbox 1210 3025 1246 3054; x_wconf 90' lang='lat' dir='ltr'>et</span> <span class='ocrx_word' id='word_1_409' title='bbox 1265 3017 1347 3055; x_wconf 90' lang='lat' dir='ltr'>vio—</span> 
     </span>
    </p>
   </div>
   <div class='ocr_carea' id='block_1_18' title="bbox 276 3162 1346 3515">
    <p class='ocr_par' dir='ltr' id='par_1_20' title="bbox 276 3162 1344 3235">
     <span class='ocr_line' id='line_1_65' title="bbox 330 3162 1344 3198; baseline 0.004 -11"><span class='ocrx_word' id='word_1_410' title='bbox 330 3162 356 3196; x_wconf 91' lang='grc' dir='ltr'>γ)</span> <span class='ocrx_word' id='word_1_411' title='bbox 376 3163 464 3188; x_wconf 86' lang='lat' dir='ltr'>minus</span> <span class='ocrx_word' id='word_1_412' title='bbox 486 3167 513 3188; x_wconf 87' lang='lat' dir='ltr'>et</span> <span class='ocrx_word' id='word_1_413' title='bbox 535 3164 627 3189; x_wconf 84' lang='lat' dir='ltr'>levius.</span> <span class='ocrx_word' id='word_1_414' title='bbox 645 3178 664 3183; x_wconf 86' lang='lat'>-</span> <span class='ocrx_word' id='word_1_415' title='bbox 682 3165 717 3189; x_wconf 86' lang='lat' dir='ltr'>lta</span> <span class='ocrx_word' id='word_1_416' title='bbox 735 3166 758 3189; x_wconf 82' lang='lat' dir='ltr'>A</span> <span class='ocrx_word' id='word_1_417' title='bbox 765 3172 772 3195; x_wconf 88' lang='grc'><strong>;</strong></span> <span class='ocrx_word' id='word_1_418' title='bbox 799 3170 846 3190; x_wconf 84' lang='lat' dir='ltr'>cet.</span> <span class='ocrx_word' id='word_1_419' title='bbox 873 3171 1044 3198; x_wconf 86' lang='lat' dir='ltr'>corrumpunt</span> <span class='ocrx_word' id='word_1_420' title='bbox 1066 3170 1093 3191; x_wconf 84' lang='lat' dir='ltr'>et</span> <span class='ocrx_word' id='word_1_421' title='bbox 1117 3167 1142 3190; x_wconf 91' lang='lat' dir='ltr'>in</span> <span class='ocrx_word' id='word_1_422' title='bbox 1161 3167 1210 3191; x_wconf 80' lang='lat' dir='ltr'>vel.</span> <span class='ocrx_word' id='word_1_423' title='bbox 1228 3167 1248 3191; x_wconf 99' lang='lat' dir='ltr'>P</span> <span class='ocrx_word' id='word_1_424' title='bbox 1267 3167 1344 3191; x_wconf 88' lang='lat' dir='ltr'>habet</span> 
     </span>
     <span class='ocr_line' id='line_1_66' title="bbox 276 3198 1344 3235; baseline 0.005 -13"><span class='ocrx_word' id='word_1_425' title='bbox 276 3198 388 3231; x_wconf 82' lang='lat' dir='ltr'>gravius</span> <span class='ocrx_word' id='word_1_426' title='bbox 401 3199 442 3223; x_wconf 81' lang='lat' dir='ltr'>vel</span> <span class='ocrx_word' id='word_1_427' title='bbox 455 3199 545 3229; x_wconf 85' lang='lat' dir='ltr'>levius,</span> <span class='ocrx_word' id='word_1_428' title='bbox 561 3200 608 3224; x_wconf 86' lang='lat' dir='ltr'>sed</span> <span class='ocrx_word' id='word_1_429' title='bbox 619 3199 651 3224; x_wconf 91' lang='lat' dir='ltr'>cf.</span> <span class='ocrx_word' id='word_1_430' title='bbox 661 3205 759 3225; x_wconf 83' lang='lat' dir='ltr'>textum</span> <span class='ocrx_word' id='word_1_431' title='bbox 773 3206 798 3225; x_wconf 92' lang='lat' dir='ltr'>et</span> <span class='ocrx_word' id='word_1_432' title='bbox 812 3201 890 3233; x_wconf 88' lang='lat' dir='ltr'>paulo</span> <span class='ocrx_word' id='word_1_433' title='bbox 901 3201 965 3225; x_wconf 85' lang='lat' dir='ltr'>infra</span> <span class='ocrx_word' id='word_1_434' title='bbox 978 3209 1074 3233; x_wconf 81' lang='lat' dir='ltr'>corpus</span> <span class='ocrx_word' id='word_1_435' title='bbox 1085 3202 1171 3227; x_wconf 84' lang='lat' dir='ltr'>maius</span> <span class='ocrx_word' id='word_1_436' title='bbox 1186 3205 1212 3227; x_wconf 84' lang='lat' dir='ltr'>et</span> <span class='ocrx_word' id='word_1_437' title='bbox 1223 3202 1344 3235; x_wconf 83' lang='lat' dir='ltr'>gravius.</span> 
     </span>
    </p>

    <p class='ocr_par' dir='ltr' id='par_1_21' title="bbox 276 3232 1344 3410">
     <span class='ocr_line' id='line_1_67' title="bbox 330 3232 1344 3268; baseline 0.004 -10"><span class='ocrx_word' id='word_1_438' title='bbox 330 3232 354 3266; x_wconf 80' lang='grc' dir='ltr'>ὃ)</span> <span class='ocrx_word' id='word_1_439' title='bbox 369 3234 469 3259; x_wconf 82' lang='lat' dir='ltr'>scilicet</span> <span class='ocrx_word' id='word_1_440' title='bbox 479 3241 595 3259; x_wconf 82' lang='lat' dir='ltr'>sursum.</span> <span class='ocrx_word' id='word_1_441' title='bbox 608 3249 627 3253; x_wconf 98' lang='lat'>-</span> <span class='ocrx_word' id='word_1_442' title='bbox 640 3235 691 3259; x_wconf 87' lang='lat' dir='ltr'>Pro</span> <span class='ocrx_word' id='word_1_443' title='bbox 702 3243 817 3265; x_wconf 89' lang='lat' dir='ltr'>sursum,</span> <span class='ocrx_word' id='word_1_444' title='bbox 833 3237 956 3261; x_wconf 85' lang='lat' dir='ltr'>deorsum</span> <span class='ocrx_word' id='word_1_445' title='bbox 969 3237 989 3261; x_wconf 87' lang='lat' dir='ltr'>P</span> <span class='ocrx_word' id='word_1_446' title='bbox 1004 3242 1030 3261; x_wconf 86' lang='lat' dir='ltr'>et</span> <span class='ocrx_word' id='word_1_447' title='bbox 1048 3238 1122 3261; x_wconf 91' lang='lat' dir='ltr'>codd.</span> <span class='ocrx_word' id='word_1_448' title='bbox 1137 3245 1190 3262; x_wconf 83' lang='lat' dir='ltr'>exc.</span> <span class='ocrx_word' id='word_1_449' title='bbox 1206 3238 1257 3268; x_wconf 85' lang='lat' dir='ltr'>sG,</span> <span class='ocrx_word' id='word_1_450' title='bbox 1271 3239 1344 3262; x_wconf 90' lang='lat' dir='ltr'>cuius</span> 
     </span>
     <span class='ocr_line' id='line_1_68' title="bbox 276 3269 1344 3305; baseline 0.004 -12"><span class='ocrx_word' id='word_1_451' title='bbox 276 3269 414 3293; x_wconf 89' lang='lat' dir='ltr'>lectionem</span> <span class='ocrx_word' id='word_1_452' title='bbox 433 3269 588 3301; x_wconf 80' lang='lat' dir='ltr'>adoptamus</span> <span class='ocrx_word' id='word_1_453' title='bbox 612 3275 737 3303; x_wconf 85' lang='lat' dir='ltr'>tanquam</span> <span class='ocrx_word' id='word_1_454' title='bbox 757 3279 772 3295; x_wconf 93' lang='lat' dir='ltr'>a</span> <span class='ocrx_word' id='word_1_455' title='bbox 790 3277 909 3296; x_wconf 87' lang='lat' dir='ltr'>contextu</span> <span class='ocrx_word' id='word_1_456' title='bbox 929 3272 1090 3304; x_wconf 87' lang='lat' dir='ltr'>requisitam.</span> <span class='ocrx_word' id='word_1_457' title='bbox 1108 3287 1126 3290; x_wconf 94' lang='lat'>—</span> <span class='ocrx_word' id='word_1_458' title='bbox 1144 3273 1201 3297; x_wconf 89' lang='lat' dir='ltr'>Lin.</span> <span class='ocrx_word' id='word_1_459' title='bbox 1221 3280 1277 3305; x_wconf 87' lang='lat' dir='ltr'>seq.</span> <span class='ocrx_word' id='word_1_460' title='bbox 1296 3281 1344 3305; x_wconf 90' lang='lat' dir='ltr'>pro</span> 
     </span>
     <span class='ocr_line' id='line_1_69' title="bbox 276 3304 1344 3339; baseline 0.004 -11"><span class='ocrx_word' id='word_1_461' title='bbox 276 3304 364 3337; x_wconf 80' lang='lat' dir='ltr'>magis</span> <span class='ocrx_word' id='word_1_462' title='bbox 382 3305 523 3330; x_wconf 85' lang='lat' dir='ltr'>violentiae</span> <span class='ocrx_word' id='word_1_463' title='bbox 539 3306 657 3335; x_wconf 80' lang='lat' dir='ltr'>resistet,</span> <span class='ocrx_word' id='word_1_464' title='bbox 677 3307 764 3339; x_wconf 83' lang='lat' dir='ltr'>magis</span> <span class='ocrx_word' id='word_1_465' title='bbox 783 3307 912 3332; x_wconf 86' lang='lat' dir='ltr'>violenter</span> <span class='ocrx_word' id='word_1_466' title='bbox 932 3307 1031 3332; x_wconf 82' lang='lat' dir='ltr'>resistit</span> <span class='ocrx_word' id='word_1_467' title='bbox 1048 3308 1078 3332; x_wconf 91' lang='lat' dir='ltr'>P.</span> <span class='ocrx_word' id='word_1_468' title='bbox 1098 3308 1171 3337; x_wconf 86' lang='lat' dir='ltr'>Quae</span> <span class='ocrx_word' id='word_1_469' title='bbox 1192 3313 1344 3339; x_wconf 85' lang='lat' dir='ltr'>sequuntur,</span> 
     </span>
     <span class='ocr_line' id='line_1_70' title="bbox 278 3339 1343 3373; baseline 0.003 -9"><span class='ocrx_word' id='word_1_470' title='bbox 278 3339 321 3364; x_wconf 83' lang='lat' dir='ltr'>Sit</span> <span class='ocrx_word' id='word_1_471' title='bbox 339 3340 425 3372; x_wconf 79' lang='lat' dir='ltr'>igitur</span> <span class='ocrx_word' id='word_1_472' title='bbox 444 3345 491 3365; x_wconf 88' lang='lat' dir='ltr'>etc.</span> <span class='ocrx_word' id='word_1_473' title='bbox 511 3348 597 3373; x_wconf 89' lang='lat' dir='ltr'>usque</span> <span class='ocrx_word' id='word_1_474' title='bbox 616 3341 648 3365; x_wconf 86' lang='lat' dir='ltr'>ad</span> <span class='ocrx_word' id='word_1_475' title='bbox 671 3341 782 3373; x_wconf 77' lang='lat' dir='ltr'>Oportet</span> <span class='ocrx_word' id='word_1_476' title='bbox 799 3342 868 3367; x_wconf 85' lang='lat' dir='ltr'>enim</span> <span class='ocrx_word' id='word_1_477' title='bbox 888 3349 943 3367; x_wconf 84' lang='lat' dir='ltr'>esse</span> <span class='ocrx_word' id='word_1_478' title='bbox 963 3343 1068 3372; x_wconf 85' lang='lat' dir='ltr'>exclus.‚</span> <span class='ocrx_word' id='word_1_479' title='bbox 1088 3343 1242 3367; x_wconf 89' lang='lat' dir='ltr'>omittuntur</span> <span class='ocrx_word' id='word_1_480' title='bbox 1255 3344 1281 3367; x_wconf 89' lang='lat' dir='ltr'>in</span> <span class='ocrx_word' id='word_1_481' title='bbox 1293 3343 1343 3373; x_wconf 86' lang='lat' dir='ltr'>BF,</span> 
     </span>
     <span class='ocr_line' id='line_1_71' title="bbox 277 3375 1175 3410; baseline 0.004 -12"><span class='ocrx_word' id='word_1_482' title='bbox 277 3375 303 3398; x_wconf 82' lang='lat' dir='ltr'>in</span> <span class='ocrx_word' id='word_1_483' title='bbox 322 3375 381 3399; x_wconf 89' lang='lat' dir='ltr'>Par.</span> <span class='ocrx_word' id='word_1_484' title='bbox 398 3383 462 3399; x_wconf 89' lang='lat' dir='ltr'>vero</span> <span class='ocrx_word' id='word_1_485' title='bbox 481 3375 610 3402; x_wconf 88' lang='lat' dir='ltr'>adduntur</span> <span class='ocrx_word' id='word_1_486' title='bbox 628 3376 655 3400; x_wconf 89' lang='lat' dir='ltr'>in</span> <span class='ocrx_word' id='word_1_487' title='bbox 673 3378 789 3409; x_wconf 87' lang='lat' dir='ltr'>margine</span> <span class='ocrx_word' id='word_1_488' title='bbox 807 3385 854 3410; x_wconf 87' lang='lat' dir='ltr'>per</span> <span class='ocrx_word' id='word_1_489' title='bbox 873 3378 960 3409; x_wconf 90' lang='lat' dir='ltr'>ipsum</span> <span class='ocrx_word' id='word_1_490' title='bbox 979 3386 1175 3402; x_wconf 85' lang='lat' dir='ltr'>amanuensem.</span> 
     </span>
    </p>

    <p class='ocr_par' dir='ltr' id='par_1_22' title="bbox 276 3410 1346 3515">
     <span class='ocr_line' id='line_1_72' title="bbox 331 3410 1345 3444; baseline 0.003 -10"><span class='ocrx_word' id='word_1_491' title='bbox 331 3410 352 3442; x_wconf 89' lang='grc' dir='ltr'>ε)</span> <span class='ocrx_word' id='word_1_492' title='bbox 376 3410 475 3436; x_wconf 85' lang='lat' dir='ltr'>scilicet</span> <span class='ocrx_word' id='word_1_493' title='bbox 498 3412 570 3443; x_wconf 87' lang='lat' dir='ltr'>quod</span> <span class='ocrx_word' id='word_1_494' title='bbox 593 3415 746 3437; x_wconf 83' lang='lat' dir='ltr'>movetur...</span> <span class='ocrx_word' id='word_1_495' title='bbox 772 3413 987 3438; x_wconf 85' lang='lat' dir='ltr'>determinatum.</span> <span class='ocrx_word' id='word_1_496' title='bbox 1005 3427 1026 3432; x_wconf 86' lang='lat'>—</span> <span class='ocrx_word' id='word_1_497' title='bbox 1045 3413 1072 3437; x_wconf 95' lang='lat' dir='ltr'>In</span> <span class='ocrx_word' id='word_1_498' title='bbox 1098 3413 1145 3437; x_wconf 90' lang='lat' dir='ltr'>hac</span> <span class='ocrx_word' id='word_1_499' title='bbox 1170 3418 1241 3444; x_wconf 85' lang='lat' dir='ltr'>parte</span> <span class='ocrx_word' id='word_1_500' title='bbox 1263 3414 1286 3437; x_wconf 89' lang='lat' dir='ltr'>A</span> <span class='ocrx_word' id='word_1_501' title='bbox 1305 3421 1345 3437; x_wconf 89' lang='lat' dir='ltr'>re-</span> 
     </span>
     <span class='ocr_line' id='line_1_73' title="bbox 276 3445 1311 3480; baseline 0.003 -11"><span class='ocrx_word' id='word_1_502' title='bbox 276 3445 348 3477; x_wconf 82' lang='lat' dir='ltr'>petit,</span> <span class='ocrx_word' id='word_1_503' title='bbox 367 3450 393 3469; x_wconf 88' lang='lat' dir='ltr'>et</span> <span class='ocrx_word' id='word_1_504' title='bbox 411 3446 518 3478; x_wconf 87' lang='lat' dir='ltr'>BFGpE</span> <span class='ocrx_word' id='word_1_505' title='bbox 538 3454 597 3471; x_wconf 87' lang='lat' dir='ltr'>cum</span> <span class='ocrx_word' id='word_1_506' title='bbox 616 3447 674 3472; x_wconf 86' lang='lat' dir='ltr'>Par.</span> <span class='ocrx_word' id='word_1_507' title='bbox 693 3449 814 3472; x_wconf 85' lang='lat' dir='ltr'>omittunt</span> <span class='ocrx_word' id='word_1_508' title='bbox 835 3448 1032 3473; x_wconf 89' lang='lat' dir='ltr'>homoteleuton</span> <span class='ocrx_word' id='word_1_509' title='bbox 1050 3448 1128 3472; x_wconf 87' lang='lat' dir='ltr'>habet</span> <span class='ocrx_word' id='word_1_510' title='bbox 1149 3448 1346 3480; x_wconf 83' lang='lat' dir='ltr'>gravitatem...</span> 
     </span>
     <span class='ocr_line' id='line_1_74' title="bbox 277 3481 1346 3515; baseline 0.003 -11"><span class='ocrx_word' id='word_1_511' title='bbox 277 3483 350 3505; x_wconf 84' lang='lat' dir='ltr'>motu</span> <span class='ocrx_word' id='word_1_512' title='bbox 370 3484 442 3505; x_wconf 88' lang='lat' dir='ltr'>recto</span> <span class='ocrx_word' id='word_1_513' title='bbox 448 3488 458 3510; x_wconf 90' lang='lat'><em>;</em></span> <span class='ocrx_word' id='word_1_514' title='bbox 470 3481 489 3505; x_wconf 92' lang='lat' dir='ltr'>P</span> <span class='ocrx_word' id='word_1_515' title='bbox 507 3482 610 3514; x_wconf 86' lang='lat' dir='ltr'>corrigit</span> <span class='ocrx_word' id='word_1_516' title='bbox 627 3483 738 3515; x_wconf 83' lang='lat' dir='ltr'>legendo</span> <span class='ocrx_word' id='word_1_517' title='bbox 756 3483 855 3508; x_wconf 85' lang='lat' dir='ltr'>scilicet</span> <span class='ocrx_word' id='word_1_518' title='bbox 873 3484 945 3515; x_wconf 82' lang='lat' dir='ltr'>quod</span> <span class='ocrx_word' id='word_1_519' title='bbox 964 3486 1084 3508; x_wconf 84' lang='lat' dir='ltr'>movetur</span> <span class='ocrx_word' id='word_1_520' title='bbox 1103 3486 1175 3507; x_wconf 84' lang='lat' dir='ltr'>motu</span> <span class='ocrx_word' id='word_1_521' title='bbox 1195 3486 1280 3512; x_wconf 87' lang='lat' dir='ltr'>recto,</span> <span class='ocrx_word' id='word_1_522' title='bbox 1302 3490 1346 3507; x_wconf 92' lang='lat' dir='ltr'>ne-</span> 
     </span>
    </p>
   </div>
   <div class='ocr_carea' id='block_1_19' title="bbox 255 3515 1345 3549">
    <p class='ocr_par' dir='ltr' id='par_1_23' title="bbox 255 3515 1345 3549">
     <span class='ocr_line' id='line_1_75' title="bbox 255 3515 1345 3549; baseline 0.003 -10"><span class='ocrx_word' id='word_1_523' title='bbox 255 3525 260 3527; x_wconf 94' lang='lat'><em>·</em></span> <span class='ocrx_word' id='word_1_524' title='bbox 277 3515 392 3540; x_wconf 88' lang='lat' dir='ltr'>cessario</span> <span class='ocrx_word' id='word_1_525' title='bbox 411 3515 489 3540; x_wconf 81' lang='lat' dir='ltr'>habet</span> <span class='ocrx_word' id='word_1_526' title='bbox 506 3517 668 3549; x_wconf 76' lang='lat' dir='ltr'>gravitatem</span> <span class='ocrx_word' id='word_1_527' title='bbox 688 3519 729 3543; x_wconf 87' lang='lat' dir='ltr'>vel</span> <span class='ocrx_word' id='word_1_528' title='bbox 747 3519 891 3543; x_wconf 84' lang='lat' dir='ltr'>levitatem.</span> <span class='ocrx_word' id='word_1_529' title='bbox 908 3519 944 3542; x_wconf 89' lang='lat' dir='ltr'>Et</span> <span class='ocrx_word' id='word_1_530' title='bbox 959 3518 1025 3543; x_wconf 84' lang='lat' dir='ltr'>dicit</span> <span class='ocrx_word' id='word_1_531' title='bbox 1040 3521 1166 3543; x_wconf 84' lang='lat' dir='ltr'>notanter</span> <span class='ocrx_word' id='word_1_532' title='bbox 1184 3518 1345 3542; x_wconf 84' lang='lat' dir='ltr'>determina-</span> 
     </span>
    </p>
   </div>
   <div class='ocr_carea' id='block_1_20' title="bbox 278 3550 1344 3654">
    <p class='ocr_par' dir='ltr' id='par_1_24' title="bbox 278 3550 1344 3654">
     <span class='ocr_line' id='line_1_76' title="bbox 278 3550 1344 3585; baseline 0.002 -10"><span class='ocrx_word' id='word_1_533' title='bbox 278 3554 342 3575; x_wconf 88' lang='lat' dir='ltr'>tum.</span> <span class='ocrx_word' id='word_1_534' title='bbox 356 3565 375 3569; x_wconf 90' lang='lat'><em>-</em></span> <span class='ocrx_word' id='word_1_535' title='bbox 388 3550 468 3575; x_wconf 86' lang='lat' dir='ltr'>Linea</span> <span class='ocrx_word' id='word_1_536' title='bbox 483 3553 600 3584; x_wconf 89' lang='lat' dir='ltr'>sequenti</span> <span class='ocrx_word' id='word_1_537' title='bbox 619 3561 667 3585; x_wconf 91' lang='lat' dir='ltr'>pro</span> <span class='ocrx_word' id='word_1_538' title='bbox 686 3554 719 3578; x_wconf 88' lang='lat' dir='ltr'>de</span> <span class='ocrx_word' id='word_1_539' title='bbox 738 3554 802 3585; x_wconf 81' lang='lat' dir='ltr'>ipso,</span> <span class='ocrx_word' id='word_1_540' title='bbox 823 3554 856 3578; x_wconf 89' lang='lat' dir='ltr'>de</span> <span class='ocrx_word' id='word_1_541' title='bbox 875 3553 935 3585; x_wconf 80' lang='lat' dir='ltr'>ipsa</span> <span class='ocrx_word' id='word_1_542' title='bbox 954 3553 983 3577; x_wconf 89' lang='lat' dir='ltr'>P.</span> <span class='ocrx_word' id='word_1_543' title='bbox 996 3567 1015 3571; x_wconf 98' lang='lat'><em>-</em></span> <span class='ocrx_word' id='word_1_544' title='bbox 1028 3553 1078 3577; x_wconf 90' lang='lat' dir='ltr'>Pro</span> <span class='ocrx_word' id='word_1_545' title='bbox 1097 3556 1240 3585; x_wconf 80' lang='lat' dir='ltr'>segregata</span> <span class='ocrx_word' id='word_1_546' title='bbox 1259 3556 1285 3577; x_wconf 87' lang='lat' dir='ltr'>et</span> <span class='ocrx_word' id='word_1_547' title='bbox 1303 3553 1344 3577; x_wconf 83' lang='lat' dir='ltr'>di-</span> 
     </span>
     <span class='ocr_line' id='line_1_77' title="bbox 279 3586 748 3619; baseline 0.006 -9"><span class='ocrx_word' id='word_1_548' title='bbox 279 3586 344 3614; x_wconf 84' lang='lat' dir='ltr'>visa.</span> <span class='ocrx_word' id='word_1_549' title='bbox 363 3590 506 3619; x_wconf 83' lang='lat' dir='ltr'>segregata</span> <span class='ocrx_word' id='word_1_550' title='bbox 524 3590 551 3612; x_wconf 87' lang='lat' dir='ltr'>et</span> <span class='ocrx_word' id='word_1_551' title='bbox 569 3587 675 3613; x_wconf 82' lang='lat' dir='ltr'>diversa</span> <span class='ocrx_word' id='word_1_552' title='bbox 694 3589 748 3613; x_wconf 88' lang='lat' dir='ltr'>PG.</span> 
     </span>
     <span class='ocr_line' id='line_1_78' title="bbox 330 3620 1344 3654; baseline 0.001 -8"><span class='ocrx_word' id='word_1_553' title='bbox 330 3620 355 3653; x_wconf 87' lang='grc' dir='ltr'>ζ)</span> <span class='ocrx_word' id='word_1_554' title='bbox 375 3621 522 3647; x_wconf 82' lang='lat' dir='ltr'>violenta...</span> <span class='ocrx_word' id='word_1_555' title='bbox 538 3623 666 3648; x_wconf 81' lang='lat' dir='ltr'>naturali.</span> <span class='ocrx_word' id='word_1_556' title='bbox 678 3637 697 3642; x_wconf 97' lang='lat'>—</span> <span class='ocrx_word' id='word_1_557' title='bbox 709 3624 825 3649; x_wconf 86' lang='lat' dir='ltr'>violenta</span> <span class='ocrx_word' id='word_1_558' title='bbox 844 3623 1019 3648; x_wconf 81' lang='lat' dir='ltr'>adversentur</span> <span class='ocrx_word' id='word_1_559' title='bbox 1038 3623 1064 3647; x_wconf 86' lang='lat' dir='ltr'>in</span> <span class='ocrx_word' id='word_1_560' title='bbox 1085 3626 1157 3648; x_wconf 89' lang='lat' dir='ltr'>motu</span> <span class='ocrx_word' id='word_1_561' title='bbox 1177 3623 1297 3647; x_wconf 85' lang='lat' dir='ltr'>naturali</span> <span class='ocrx_word' id='word_1_562' title='bbox 1311 3622 1330 3646; x_wconf 90' lang='lat' dir='ltr'>P</span> <span class='ocrx_word' id='word_1_563' title='bbox 1337 3631 1344 3654; x_wconf 88' lang='lat'>;</span> 
     </span>
    </p>
   </div>
   <div class='ocr_carea' id='block_1_21' title="bbox 2385 281 2454 317">
    <p class='ocr_par' dir='ltr' id='par_1_25' title="bbox 2385 281 2454 317">
     <span class='ocr_line' id='line_1_79' title="bbox 2385 281 2454 317; baseline -0.014 0"><span class='ocrx_word' id='word_1_564' title='bbox 2385 281 2454 317; x_wconf 87' lang='lat'>251</span> 
     </span>
    </p>
   </div>
   <div class='ocr_carea' id='block_1_22' title="bbox 1392 359 2470 3066">
    <p class='ocr_par' dir='ltr' id='par_1_26' title="bbox 1392 359 2462 829">
     <span class='ocr_line' id='line_1_80' title="bbox 1392 359 2460 408; baseline 0 -12"><span class='ocrx_word' id='word_1_565' title='bbox 1392 360 1516 406; x_wconf 86' lang='lat' dir='ltr'>lento,</span> <span class='ocrx_word' id='word_1_566' title='bbox 1538 359 1600 396; x_wconf 94' lang='lat' dir='ltr'>hic</span> <span class='ocrx_word' id='word_1_567' title='bbox 1628 359 1792 396; x_wconf 87' lang='lat' dir='ltr'>ostendit</span> <span class='ocrx_word' id='word_1_568' title='bbox 1820 359 1979 407; x_wconf 88' lang='lat' dir='ltr'>qualiter</span> <span class='ocrx_word' id='word_1_569' title='bbox 2005 367 2164 408; x_wconf 91' lang='lat' dir='ltr'>uterque</span> <span class='ocrx_word' id='word_1_570' title='bbox 2194 366 2320 396; x_wconf 90' lang='lat' dir='ltr'>motus</span> <span class='ocrx_word' id='word_1_571' title='bbox 2347 360 2460 408; x_wconf 92' lang='lat' dir='ltr'>perfi-</span> 
     </span>
     <span class='ocr_line' id='line_1_81' title="bbox 1395 412 2462 461; baseline -0.001 -12"><span class='ocrx_word' id='word_1_572' title='bbox 1395 412 1513 450; x_wconf 88' lang='lat' dir='ltr'>ciatur</span> <span class='ocrx_word' id='word_1_573' title='bbox 1535 413 1566 449; x_wconf 76' lang='lat'>*.</span> <span class='ocrx_word' id='word_1_574' title='bbox 1597 413 1646 449; x_wconf 92' lang='lat' dir='ltr'>Et</span> <span class='ocrx_word' id='word_1_575' title='bbox 1675 412 1773 449; x_wconf 88' lang='lat' dir='ltr'>circa</span> <span class='ocrx_word' id='word_1_576' title='bbox 1800 413 1876 449; x_wconf 91' lang='lat' dir='ltr'>hoc</span> <span class='ocrx_word' id='word_1_577' title='bbox 1905 412 1981 449; x_wconf 92' lang='lat' dir='ltr'>duo</span> <span class='ocrx_word' id='word_1_578' title='bbox 2010 412 2114 449; x_wconf 87' lang='lat' dir='ltr'>facit:</span> <span class='ocrx_word' id='word_1_579' title='bbox 2144 412 2268 461; x_wconf 90' lang='lat' dir='ltr'>primo</span> <span class='ocrx_word' id='word_1_580' title='bbox 2299 412 2462 449; x_wconf 90' lang='lat' dir='ltr'>ostendit</span> 
     </span>
     <span class='ocr_line' id='line_1_82' title="bbox 1395 465 2460 511; baseline -0.001 -9"><span class='ocrx_word' id='word_1_581' title='bbox 1395 465 1648 503; x_wconf 86' lang='lat' dir='ltr'>differentiam</span> <span class='ocrx_word' id='word_1_582' title='bbox 1676 473 1804 503; x_wconf 91' lang='lat' dir='ltr'>motus</span> <span class='ocrx_word' id='word_1_583' title='bbox 1833 465 2012 502; x_wconf 92' lang='lat' dir='ltr'>naturalis</span> <span class='ocrx_word' id='word_1_584' title='bbox 2033 473 2069 502; x_wconf 93' lang='lat' dir='ltr'>et</span> <span class='ocrx_word' id='word_1_585' title='bbox 2096 465 2270 511; x_wconf 89' lang='lat' dir='ltr'>violenti;</span> <span class='ocrx_word' id='word_1_586' title='bbox 2291 465 2460 502; x_wconf 90' lang='lat' dir='ltr'>secundo</span> 
     </span>
     <span class='ocr_line' id='line_1_83' title="bbox 1396 518 2461 568; baseline 0.001 -14"><span class='ocrx_word' id='word_1_587' title='bbox 1396 519 1560 556; x_wconf 87' lang='lat' dir='ltr'>ostendit</span> <span class='ocrx_word' id='word_1_588' title='bbox 1598 519 1799 567; x_wconf 93' lang='lat' dir='ltr'>quomodo</span> <span class='ocrx_word' id='word_1_589' title='bbox 1838 526 1997 568; x_wconf 90' lang='lat' dir='ltr'>uterque</span> <span class='ocrx_word' id='word_1_590' title='bbox 2036 526 2164 555; x_wconf 91' lang='lat' dir='ltr'>motus</span> <span class='ocrx_word' id='word_1_591' title='bbox 2201 518 2392 555; x_wconf 89' lang='lat' dir='ltr'>invenitur</span> <span class='ocrx_word' id='word_1_592' title='bbox 2423 518 2461 555; x_wconf 88' lang='lat' dir='ltr'>in</span> 
     </span>
     <span class='ocr_line' id='line_1_84' title="bbox 1396 571 2461 620; baseline 0 -12"><span class='ocrx_word' id='word_1_593' title='bbox 1396 584 1499 618; x_wconf 83' lang='lat' dir='ltr'>aere,</span> <span class='ocrx_word' id='word_1_594' title='bbox 1529 571 1596 608; x_wconf 90' lang='lat' dir='ltr'>ibi:</span> <span class='ocrx_word' id='word_1_595' title='bbox 1626 572 1689 608; x_wconf 88' lang='lat' dir='ltr'>Ad</span> <span class='ocrx_word' id='word_1_596' title='bbox 1714 573 1827 609; x_wconf 90' lang='lat' dir='ltr'>ambo</span> <span class='ocrx_word' id='word_1_597' title='bbox 1856 578 1982 609; x_wconf 88' lang='lat' dir='ltr'>autem</span> <span class='ocrx_word' id='word_1_598' title='bbox 2005 573 2024 592; x_wconf 69' lang='lat'>²³⁴</span> <span class='ocrx_word' id='word_1_599' title='bbox 2053 579 2123 609; x_wconf 83' lang='lat' dir='ltr'>etc.</span> <span class='ocrx_word' id='word_1_600' title='bbox 2155 571 2266 608; x_wconf 89' lang='lat' dir='ltr'>Circa</span> <span class='ocrx_word' id='word_1_601' title='bbox 2292 571 2461 620; x_wconf 92' lang='lat' dir='ltr'>primum</span> 
     </span>
     <span class='ocr_line' id='line_1_85' title="bbox 1397 624 2461 672; baseline 0.001 -12"><span class='ocrx_word' id='word_1_602' title='bbox 1397 624 1475 660; x_wconf 91' lang='lat' dir='ltr'>duo</span> <span class='ocrx_word' id='word_1_603' title='bbox 1491 625 1592 661; x_wconf 87' lang='lat' dir='ltr'>facit:</span> <span class='ocrx_word' id='word_1_604' title='bbox 1613 624 1739 672; x_wconf 92' lang='lat' dir='ltr'>primo</span> <span class='ocrx_word' id='word_1_605' title='bbox 1765 625 1929 662; x_wconf 88' lang='lat' dir='ltr'>ostendit</span> <span class='ocrx_word' id='word_1_606' title='bbox 1956 624 2210 662; x_wconf 88' lang='lat' dir='ltr'>differentiam</span> <span class='ocrx_word' id='word_1_607' title='bbox 2238 632 2364 661; x_wconf 88' lang='lat' dir='ltr'>motus</span> <span class='ocrx_word' id='word_1_608' title='bbox 2396 637 2461 661; x_wconf 91' lang='lat' dir='ltr'>na-</span> 
     </span>
     <span class='ocr_line' id='line_1_86' title="bbox 1397 677 2460 725; baseline 0.002 -13"><span class='ocrx_word' id='word_1_609' title='bbox 1397 677 1524 713; x_wconf 91' lang='lat' dir='ltr'>turalis</span> <span class='ocrx_word' id='word_1_610' title='bbox 1559 685 1594 713; x_wconf 91' lang='lat' dir='ltr'>et</span> <span class='ocrx_word' id='word_1_611' title='bbox 1626 678 1807 724; x_wconf 89' lang='lat' dir='ltr'>violenti;</span> <span class='ocrx_word' id='word_1_612' title='bbox 1848 679 2018 715; x_wconf 91' lang='lat' dir='ltr'>secundo</span> <span class='ocrx_word' id='word_1_613' title='bbox 2059 677 2224 715; x_wconf 90' lang='lat' dir='ltr'>ostendit</span> <span class='ocrx_word' id='word_1_614' title='bbox 2261 678 2460 725; x_wconf 92' lang='lat' dir='ltr'>quomodo</span> 
     </span>
     <span class='ocr_line' id='line_1_87' title="bbox 1396 729 2460 776; baseline 0.003 -12"><span class='ocrx_word' id='word_1_615' title='bbox 1396 729 1564 766; x_wconf 87' lang='lat' dir='ltr'>violenta</span> <span class='ocrx_word' id='word_1_616' title='bbox 1592 730 1849 768; x_wconf 86' lang='lat' dir='ltr'>admiscentur</span> <span class='ocrx_word' id='word_1_617' title='bbox 1868 732 1983 768; x_wconf 90' lang='lat' dir='ltr'>etiam</span> <span class='ocrx_word' id='word_1_618' title='bbox 2002 731 2124 768; x_wconf 92' lang='lat' dir='ltr'>motui</span> <span class='ocrx_word' id='word_1_619' title='bbox 2152 731 2311 768; x_wconf 90' lang='lat' dir='ltr'>naturali</span> <span class='ocrx_word' id='word_1_620' title='bbox 2331 730 2362 776; x_wconf 61' lang='grc' dir='ltr'>ζ,</span> <span class='ocrx_word' id='word_1_621' title='bbox 2391 730 2460 767; x_wconf 88' lang='lat' dir='ltr'>ibi:</span> 
     </span>
     <span class='ocr_line' id='line_1_88' title="bbox 1397 782 1794 829; baseline 0.008 -12"><span class='ocrx_word' id='word_1_622' title='bbox 1397 782 1498 818; x_wconf 90' lang='lat' dir='ltr'>Eum</span> <span class='ocrx_word' id='word_1_623' title='bbox 1519 783 1667 829; x_wconf 86' lang='lat' dir='ltr'>quidem</span> <span class='ocrx_word' id='word_1_624' title='bbox 1689 784 1708 803; x_wconf 66' lang='lat'>’³⁴</span> <span class='ocrx_word' id='word_1_625' title='bbox 1725 791 1794 820; x_wconf 91' lang='lat' dir='ltr'>etc.</span> 
     </span>
    </p>

    <p class='ocr_par' dir='ltr' id='par_1_27' title="bbox 1398 834 2470 2309">
     <span class='ocr_line' id='line_1_89' title="bbox 1451 834 2462 877; baseline 0.002 -7"><span class='ocrx_word' id='word_1_626' title='bbox 1451 834 1641 871; x_wconf 87' lang='lat' dir='ltr'>Differunt</span> <span class='ocrx_word' id='word_1_627' title='bbox 1675 843 1803 877; x_wconf 83' lang='lat' dir='ltr'>autern</span> <span class='ocrx_word' id='word_1_628' title='bbox 1838 845 1965 874; x_wconf 88' lang='lat' dir='ltr'>motus</span> <span class='ocrx_word' id='word_1_629' title='bbox 2000 836 2178 874; x_wconf 89' lang='lat' dir='ltr'>naturalis</span> <span class='ocrx_word' id='word_1_630' title='bbox 2212 843 2248 873; x_wconf 89' lang='lat' dir='ltr'>et</span> <span class='ocrx_word' id='word_1_631' title='bbox 2273 836 2462 873; x_wconf 91' lang='lat' dir='ltr'>violentus</span> 
     </span>
     <span class='ocr_line' id='line_1_90' title="bbox 1398 887 2464 938; baseline 0.003 -15"><span class='ocrx_word' id='word_1_632' title='bbox 1398 887 1611 924; x_wconf 90' lang='lat' dir='ltr'>secundum</span> <span class='ocrx_word' id='word_1_633' title='bbox 1645 900 1713 924; x_wconf 90' lang='lat' dir='ltr'>sua</span> <span class='ocrx_word' id='word_1_634' title='bbox 1745 889 1949 938; x_wconf 89' lang='lat' dir='ltr'>principia;</span> <span class='ocrx_word' id='word_1_635' title='bbox 1985 898 2020 927; x_wconf 93' lang='lat' dir='ltr'>et</span> <span class='ocrx_word' id='word_1_636' title='bbox 2052 890 2138 928; x_wconf 94' lang='lat' dir='ltr'>ideo</span> <span class='ocrx_word' id='word_1_637' title='bbox 2172 890 2296 938; x_wconf 90' lang='lat' dir='ltr'>primo</span> <span class='ocrx_word' id='word_1_638' title='bbox 2331 890 2464 927; x_wconf 89' lang='lat' dir='ltr'>definit</span> 
     </span>
     <span class='ocr_line' id='line_1_91' title="bbox 1398 940 2464 992; baseline 0.003 -16"><span class='ocrx_word' id='word_1_639' title='bbox 1398 940 1582 989; x_wconf 85' lang='lat' dir='ltr'>principia</span> <span class='ocrx_word' id='word_1_640' title='bbox 1609 940 1804 989; x_wconf 91' lang='lat' dir='ltr'>utriusque</span> <span class='ocrx_word' id='word_1_641' title='bbox 1833 950 1971 979; x_wconf 89' lang='lat' dir='ltr'>motus.</span> <span class='ocrx_word' id='word_1_642' title='bbox 2002 944 2051 979; x_wconf 93' lang='lat' dir='ltr'>Et</span> <span class='ocrx_word' id='word_1_643' title='bbox 2080 943 2168 980; x_wconf 90' lang='lat' dir='ltr'>dicit</span> <span class='ocrx_word' id='word_1_644' title='bbox 2196 943 2301 992; x_wconf 92' lang='lat' dir='ltr'>quod</span> <span class='ocrx_word' id='word_1_645' title='bbox 2329 950 2464 979; x_wconf 91' lang='lat' dir='ltr'>natura</span> 
     </span>
     <span class='ocr_line' id='line_1_92' title="bbox 1400 993 2464 1045; baseline 0.003 -15"><span class='ocrx_word' id='word_1_646' title='bbox 1400 1001 1455 1030; x_wconf 90' lang='lat' dir='ltr'>est</span> <span class='ocrx_word' id='word_1_647' title='bbox 1482 993 1712 1043; x_wconf 90' lang='lat' dir='ltr'>principium</span> <span class='ocrx_word' id='word_1_648' title='bbox 1740 1003 1867 1031; x_wconf 93' lang='lat' dir='ltr'>motus</span> <span class='ocrx_word' id='word_1_649' title='bbox 1893 996 2052 1033; x_wconf 86' lang='lat' dir='ltr'>existens</span> <span class='ocrx_word' id='word_1_650' title='bbox 2075 996 2114 1033; x_wconf 93' lang='lat' dir='ltr'>in</span> <span class='ocrx_word' id='word_1_651' title='bbox 2135 1009 2180 1033; x_wconf 93' lang='lat' dir='ltr'>eo</span> <span class='ocrx_word' id='word_1_652' title='bbox 2202 996 2306 1045; x_wconf 91' lang='lat' dir='ltr'>quod</span> <span class='ocrx_word' id='word_1_653' title='bbox 2331 1008 2464 1032; x_wconf 88' lang='lat' dir='ltr'>move-</span> 
     </span>
     <span class='ocr_line' id='line_1_93' title="bbox 1399 1047 2463 1098; baseline 0.002 -15"><span class='ocrx_word' id='word_1_654' title='bbox 1399 1054 1469 1093; x_wconf 84' lang='lat' dir='ltr'>tur,</span> <span class='ocrx_word' id='word_1_655' title='bbox 1491 1054 1533 1083; x_wconf 93' lang='lat' dir='ltr'>ut</span> <span class='ocrx_word' id='word_1_656' title='bbox 1551 1047 1796 1084; x_wconf 88' lang='lat' dir='ltr'>manifestum</span> <span class='ocrx_word' id='word_1_657' title='bbox 1826 1056 1881 1084; x_wconf 90' lang='lat' dir='ltr'>est</span> <span class='ocrx_word' id='word_1_658' title='bbox 1905 1048 1943 1085; x_wconf 92' lang='lat' dir='ltr'>in</span> <span class='ocrx_word' id='word_1_659' title='bbox 1972 1050 2224 1098; x_wconf 72' lang='lat' dir='ltr'>11Physic.*:</span> <span class='ocrx_word' id='word_1_660' title='bbox 2253 1050 2371 1086; x_wconf 79' lang='lat' dir='ltr'>virtus</span> <span class='ocrx_word' id='word_1_661' title='bbox 2399 1049 2463 1086; x_wconf 60' lang='lat' dir='ltr'>Au-</span> 
     </span>
     <span class='ocr_line' id='line_1_94' title="bbox 1398 1100 2465 1151; baseline 0.003 -15"><span class='ocrx_word' id='word_1_662' title='bbox 1398 1108 1493 1146; x_wconf 82' lang='lat' dir='ltr'>tem,</span> <span class='ocrx_word' id='word_1_663' title='bbox 1521 1100 1618 1137; x_wconf 91' lang='lat' dir='ltr'>idest</span> <span class='ocrx_word' id='word_1_664' title='bbox 1644 1100 1815 1149; x_wconf 90' lang='lat' dir='ltr'>potentia</span> <span class='ocrx_word' id='word_1_665' title='bbox 1843 1113 2006 1138; x_wconf 86' lang='lat' dir='ltr'>movens</span> <span class='ocrx_word' id='word_1_666' title='bbox 2038 1115 2107 1151; x_wconf 91' lang='lat' dir='ltr'>per</span> <span class='ocrx_word' id='word_1_667' title='bbox 2138 1103 2378 1149; x_wconf 85' lang='lat' dir='ltr'>violentiam,</span> <span class='ocrx_word' id='word_1_668' title='bbox 2410 1110 2465 1139; x_wconf 92' lang='lat' dir='ltr'>est</span> 
     </span>
     <span class='ocr_line' id='line_1_95' title="bbox 1398 1149 2464 1204; baseline 0.004 -15"><span class='ocrx_word' id='word_1_669' title='bbox 1398 1149 1629 1202; x_wconf 90' lang='lat' dir='ltr'>principium</span> <span class='ocrx_word' id='word_1_670' title='bbox 1649 1161 1778 1190; x_wconf 91' lang='lat' dir='ltr'>motus</span> <span class='ocrx_word' id='word_1_671' title='bbox 1794 1154 1954 1191; x_wconf 87' lang='lat' dir='ltr'>existens</span> <span class='ocrx_word' id='word_1_672' title='bbox 1970 1155 2008 1191; x_wconf 91' lang='lat' dir='ltr'>in</span> <span class='ocrx_word' id='word_1_673' title='bbox 2023 1156 2109 1201; x_wconf 84' lang='lat' dir='ltr'>alio,</span> <span class='ocrx_word' id='word_1_674' title='bbox 2127 1155 2338 1192; x_wconf 89' lang='lat' dir='ltr'>secundum</span> <span class='ocrx_word' id='word_1_675' title='bbox 2359 1155 2464 1204; x_wconf 94' lang='lat' dir='ltr'>quod</span> 
     </span>
     <span class='ocr_line' id='line_1_96' title="bbox 1401 1206 2465 1258; baseline 0.003 -16"><span class='ocrx_word' id='word_1_676' title='bbox 1401 1214 1456 1243; x_wconf 93' lang='lat' dir='ltr'>est</span> <span class='ocrx_word' id='word_1_677' title='bbox 1485 1206 1598 1243; x_wconf 88' lang='lat' dir='ltr'>aliud.</span> <span class='ocrx_word' id='word_1_678' title='bbox 1629 1207 1748 1253; x_wconf 90' lang='lat' dir='ltr'>Quod</span> <span class='ocrx_word' id='word_1_679' title='bbox 1776 1207 1934 1254; x_wconf 91' lang='lat' dir='ltr'>quidem</span> <span class='ocrx_word' id='word_1_680' title='bbox 1963 1208 2051 1245; x_wconf 90' lang='lat' dir='ltr'>dicit</span> <span class='ocrx_word' id='word_1_681' title='bbox 2074 1209 2093 1229; x_wconf 85' lang='lat'><strong>*</strong></span> <span class='ocrx_word' id='word_1_682' title='bbox 2123 1209 2212 1256; x_wconf 91' lang='lat' dir='ltr'>quia</span> <span class='ocrx_word' id='word_1_683' title='bbox 2244 1216 2369 1257; x_wconf 89' lang='lat' dir='ltr'>potest</span> <span class='ocrx_word' id='word_1_684' title='bbox 2395 1221 2465 1258; x_wconf 91' lang='lat' dir='ltr'>per</span> 
     </span>
     <span class='ocr_line' id='line_1_97' title="bbox 1400 1259 2463 1309; baseline 0.004 -14"><span class='ocrx_word' id='word_1_685' title='bbox 1400 1259 1578 1296; x_wconf 90' lang='lat' dir='ltr'>accidens</span> <span class='ocrx_word' id='word_1_686' title='bbox 1596 1260 1824 1308; x_wconf 90' lang='lat' dir='ltr'>principium</span> <span class='ocrx_word' id='word_1_687' title='bbox 1843 1269 1971 1297; x_wconf 91' lang='lat' dir='ltr'>motus</span> <span class='ocrx_word' id='word_1_688' title='bbox 1985 1262 2141 1298; x_wconf 89' lang='lat' dir='ltr'>violenti</span> <span class='ocrx_word' id='word_1_689' title='bbox 2157 1275 2238 1298; x_wconf 91' lang='lat' dir='ltr'>esse</span> <span class='ocrx_word' id='word_1_690' title='bbox 2253 1262 2292 1298; x_wconf 91' lang='lat' dir='ltr'>in</span> <span class='ocrx_word' id='word_1_691' title='bbox 2308 1261 2447 1299; x_wconf 89' lang='lat' dir='ltr'>eodem</span> <span class='ocrx_word' id='word_1_692' title='bbox 2454 1291 2463 1309; x_wconf 84' lang='lat'>‚</span> 
     </span>
     <span class='ocr_line' id='line_1_98' title="bbox 1401 1313 2465 1362; baseline 0.004 -14"><span class='ocrx_word' id='word_1_693' title='bbox 1401 1324 1480 1349; x_wconf 90' lang='lat' dir='ltr'>non</span> <span class='ocrx_word' id='word_1_694' title='bbox 1498 1320 1626 1349; x_wconf 88' lang='lat' dir='ltr'>tamen</span> <span class='ocrx_word' id='word_1_695' title='bbox 1652 1313 1865 1350; x_wconf 89' lang='lat' dir='ltr'>secundum</span> <span class='ocrx_word' id='word_1_696' title='bbox 1894 1314 2000 1362; x_wconf 92' lang='lat' dir='ltr'>quod</span> <span class='ocrx_word' id='word_1_697' title='bbox 2029 1322 2084 1351; x_wconf 88' lang='lat' dir='ltr'>est</span> <span class='ocrx_word' id='word_1_698' title='bbox 2109 1315 2223 1361; x_wconf 88' lang='lat' dir='ltr'>idem,</span> <span class='ocrx_word' id='word_1_699' title='bbox 2245 1315 2311 1352; x_wconf 91' lang='lat' dir='ltr'>secl</span> <span class='ocrx_word' id='word_1_700' title='bbox 2332 1327 2465 1352; x_wconf 90' lang='lat' dir='ltr'>secun-</span> 
     </span>
     <span class='ocr_line' id='line_1_99' title="bbox 1402 1365 2467 1413; baseline 0.002 -11"><span class='ocrx_word' id='word_1_701' title='bbox 1402 1365 1495 1402; x_wconf 91' lang='lat' dir='ltr'>dum</span> <span class='ocrx_word' id='word_1_702' title='bbox 1524 1367 1631 1413; x_wconf 92' lang='lat' dir='ltr'>quod</span> <span class='ocrx_word' id='word_1_703' title='bbox 1660 1374 1715 1403; x_wconf 87' lang='lat' dir='ltr'>est</span> <span class='ocrx_word' id='word_1_704' title='bbox 1743 1366 1865 1412; x_wconf 88' lang='lat' dir='ltr'>aliud;</span> <span class='ocrx_word' id='word_1_705' title='bbox 1896 1367 1991 1404; x_wconf 90' lang='lat' dir='ltr'>sicut</span> <span class='ocrx_word' id='word_1_706' title='bbox 2020 1367 2133 1405; x_wconf 88' lang='lat' dir='ltr'>etiam</span> <span class='ocrx_word' id='word_1_707' title='bbox 2160 1368 2330 1405; x_wconf 91' lang='lat' dir='ltr'>medicus</span> <span class='ocrx_word' id='word_1_708' title='bbox 2360 1376 2467 1405; x_wconf 89' lang='lat' dir='ltr'>sanat</span> 
     </span>
     <span class='ocr_line' id='line_1_100' title="bbox 1401 1419 2464 1467; baseline 0.003 -12"><span class='ocrx_word' id='word_1_709' title='bbox 1401 1419 1570 1467; x_wconf 90' lang='lat' dir='ltr'>seipsum</span> <span class='ocrx_word' id='word_1_710' title='bbox 1591 1432 1670 1456; x_wconf 92' lang='lat' dir='ltr'>non</span> <span class='ocrx_word' id='word_1_711' title='bbox 1694 1419 1790 1456; x_wconf 91' lang='lat' dir='ltr'>sicut</span> <span class='ocrx_word' id='word_1_712' title='bbox 1818 1420 2025 1467; x_wconf 84' lang='lat' dir='ltr'>medicum,</span> <span class='ocrx_word' id='word_1_713' title='bbox 2054 1422 2121 1458; x_wconf 92' lang='lat' dir='ltr'>sed</span> <span class='ocrx_word' id='word_1_714' title='bbox 2142 1421 2236 1457; x_wconf 93' lang='lat' dir='ltr'>sicut</span> <span class='ocrx_word' id='word_1_715' title='bbox 2254 1421 2464 1459; x_wconf 91' lang='lat' dir='ltr'>infirmum.</span> 
     </span>
     <span class='ocr_line' id='line_1_101' title="bbox 1401 1473 2466 1522; baseline 0.003 -14"><span class='ocrx_word' id='word_1_716' title='bbox 1401 1473 1450 1509; x_wconf 89' lang='lat' dir='ltr'>Et</span> <span class='ocrx_word' id='word_1_717' title='bbox 1470 1484 1515 1508; x_wconf 83' lang='lat' dir='ltr'>ex</span> <span class='ocrx_word' id='word_1_718' title='bbox 1542 1473 1618 1509; x_wconf 93' lang='lat' dir='ltr'>hoc</span> <span class='ocrx_word' id='word_1_719' title='bbox 1645 1481 1749 1521; x_wconf 89' lang='lat' dir='ltr'>patet</span> <span class='ocrx_word' id='word_1_720' title='bbox 1776 1474 1881 1521; x_wconf 93' lang='lat' dir='ltr'>quod</span> <span class='ocrx_word' id='word_1_721' title='bbox 1910 1473 2065 1522; x_wconf 86' lang='lat' dir='ltr'>quidam</span> <span class='ocrx_word' id='word_1_722' title='bbox 2095 1481 2221 1510; x_wconf 88' lang='lat' dir='ltr'>motus</span> <span class='ocrx_word' id='word_1_723' title='bbox 2251 1482 2306 1511; x_wconf 89' lang='lat' dir='ltr'>est</span> <span class='ocrx_word' id='word_1_724' title='bbox 2334 1487 2466 1512; x_wconf 91' lang='lat' dir='ltr'>secun-</span> 
     </span>
     <span class='ocr_line' id='line_1_102' title="bbox 1402 1525 2464 1575; baseline 0.002 -13"><span class='ocrx_word' id='word_1_725' title='bbox 1402 1525 1495 1562; x_wconf 91' lang='lat' dir='ltr'>dum</span> <span class='ocrx_word' id='word_1_726' title='bbox 1515 1533 1703 1572; x_wconf 81' lang='lat' dir='ltr'>naturam,</span> <span class='ocrx_word' id='word_1_727' title='bbox 1721 1526 1879 1575; x_wconf 88' lang='lat' dir='ltr'>quidam</span> <span class='ocrx_word' id='word_1_728' title='bbox 1895 1534 2023 1564; x_wconf 89' lang='lat' dir='ltr'>autem</span> <span class='ocrx_word' id='word_1_729' title='bbox 2043 1535 2170 1563; x_wconf 91' lang='lat' dir='ltr'>motus</span> <span class='ocrx_word' id='word_1_730' title='bbox 2191 1534 2246 1564; x_wconf 89' lang='lat' dir='ltr'>est</span> <span class='ocrx_word' id='word_1_731' title='bbox 2263 1527 2464 1565; x_wconf 87' lang='lat' dir='ltr'>violentus.</span> 
     </span>
     <span class='ocr_line' id='line_1_103' title="bbox 1402 1579 2467 1629; baseline 0.002 -14"><span class='ocrx_word' id='word_1_732' title='bbox 1402 1579 1471 1615; x_wconf 87' lang='lat' dir='ltr'>Est</span> <span class='ocrx_word' id='word_1_733' title='bbox 1499 1579 1599 1615; x_wconf 91' lang='lat' dir='ltr'>enim</span> <span class='ocrx_word' id='word_1_734' title='bbox 1628 1587 1756 1616; x_wconf 89' lang='lat' dir='ltr'>motus</span> <span class='ocrx_word' id='word_1_735' title='bbox 1785 1581 1997 1617; x_wconf 88' lang='lat' dir='ltr'>secundum</span> <span class='ocrx_word' id='word_1_736' title='bbox 2027 1587 2211 1627; x_wconf 83' lang='lat' dir='ltr'>naturam,</span> <span class='ocrx_word' id='word_1_737' title='bbox 2242 1580 2347 1617; x_wconf 89' lang='lat' dir='ltr'>cuius</span> <span class='ocrx_word' id='word_1_738' title='bbox 2366 1581 2467 1629; x_wconf 92' lang='lat' dir='ltr'>prin-</span> 
     </span>
     <span class='ocr_line' id='line_1_104' title="bbox 1402 1631 2467 1682; baseline 0.003 -15"><span class='ocrx_word' id='word_1_739' title='bbox 1402 1631 1544 1680; x_wconf 91' lang='lat' dir='ltr'>cipium</span> <span class='ocrx_word' id='word_1_740' title='bbox 1580 1639 1636 1669; x_wconf 88' lang='lat' dir='ltr'>est</span> <span class='ocrx_word' id='word_1_741' title='bbox 1669 1632 1707 1669; x_wconf 94' lang='lat' dir='ltr'>in</span> <span class='ocrx_word' id='word_1_742' title='bbox 1740 1633 1824 1681; x_wconf 92' lang='lat' dir='ltr'>ipso</span> <span class='ocrx_word' id='word_1_743' title='bbox 1857 1633 1963 1682; x_wconf 92' lang='lat' dir='ltr'>quod</span> <span class='ocrx_word' id='word_1_744' title='bbox 1998 1641 2195 1670; x_wconf 88' lang='lat' dir='ltr'>movetur:</span> <span class='ocrx_word' id='word_1_745' title='bbox 2230 1646 2308 1670; x_wconf 93' lang='lat' dir='ltr'>non</span> <span class='ocrx_word' id='word_1_746' title='bbox 2341 1634 2467 1670; x_wconf 90' lang='lat' dir='ltr'>solum</span> 
     </span>
     <span class='ocr_line' id='line_1_105' title="bbox 1402 1685 2466 1735; baseline 0.002 -14"><span class='ocrx_word' id='word_1_747' title='bbox 1402 1692 1530 1722; x_wconf 90' lang='lat' dir='ltr'>autem</span> <span class='ocrx_word' id='word_1_748' title='bbox 1558 1685 1788 1734; x_wconf 89' lang='lat' dir='ltr'>principium</span> <span class='ocrx_word' id='word_1_749' title='bbox 1817 1687 1997 1733; x_wconf 80' lang='lat' dir='ltr'>activum,</span> <span class='ocrx_word' id='word_1_750' title='bbox 2028 1687 2094 1723; x_wconf 94' lang='lat' dir='ltr'>sed</span> <span class='ocrx_word' id='word_1_751' title='bbox 2124 1686 2236 1723; x_wconf 87' lang='lat' dir='ltr'>etiam</span> <span class='ocrx_word' id='word_1_752' title='bbox 2260 1686 2466 1735; x_wconf 88' lang='lat' dir='ltr'>passivum,</span> 
     </span>
     <span class='ocr_line' id='line_1_106' title="bbox 1402 1738 2468 1788; baseline 0.002 -13"><span class='ocrx_word' id='word_1_753' title='bbox 1402 1739 1508 1785; x_wconf 91' lang='lat' dir='ltr'>quod</span> <span class='ocrx_word' id='word_1_754' title='bbox 1539 1739 1558 1760; x_wconf 59' lang='lat'>³³</span> <span class='ocrx_word' id='word_1_755' title='bbox 1593 1738 1749 1788; x_wconf 91' lang='lat' dir='ltr'>quidem</span> <span class='ocrx_word' id='word_1_756' title='bbox 1784 1747 1840 1776; x_wconf 91' lang='lat' dir='ltr'>est</span> <span class='ocrx_word' id='word_1_757' title='bbox 1872 1740 2042 1788; x_wconf 90' lang='lat' dir='ltr'>potentia</span> <span class='ocrx_word' id='word_1_758' title='bbox 2073 1752 2142 1788; x_wconf 90' lang='lat' dir='ltr'>per</span> <span class='ocrx_word' id='word_1_759' title='bbox 2177 1752 2293 1788; x_wconf 90' lang='lat' dir='ltr'>quam</span> <span class='ocrx_word' id='word_1_760' title='bbox 2327 1740 2468 1788; x_wconf 87' lang='lat' dir='ltr'>aliquid</span> 
     </span>
     <span class='ocr_line' id='line_1_107' title="bbox 1403 1792 2469 1841; baseline 0.001 -13"><span class='ocrx_word' id='word_1_761' title='bbox 1403 1799 1458 1828; x_wconf 92' lang='lat' dir='ltr'>est</span> <span class='ocrx_word' id='word_1_762' title='bbox 1489 1792 1705 1829; x_wconf 85' lang='lat' dir='ltr'>naturaliter</span> <span class='ocrx_word' id='word_1_763' title='bbox 1729 1793 1987 1841; x_wconf 91' lang='lat' dir='ltr'>susceptivum</span> <span class='ocrx_word' id='word_1_764' title='bbox 2015 1793 2195 1829; x_wconf 92' lang='lat' dir='ltr'>motionis</span> <span class='ocrx_word' id='word_1_765' title='bbox 2228 1793 2388 1830; x_wconf 87' lang='lat' dir='ltr'>alterius.</span> <span class='ocrx_word' id='word_1_766' title='bbox 2420 1794 2469 1830; x_wconf 91' lang='lat' dir='ltr'>Et</span> 
     </span>
     <span class='ocr_line' id='line_1_108' title="bbox 1401 1844 2468 1895; baseline 0.002 -14"><span class='ocrx_word' id='word_1_767' title='bbox 1401 1844 1501 1892; x_wconf 81' lang='lat' dir='ltr'>ideo,</span> <span class='ocrx_word' id='word_1_768' title='bbox 1515 1858 1604 1883; x_wconf 92' lang='lat' dir='ltr'>cum</span> <span class='ocrx_word' id='word_1_769' title='bbox 1621 1858 1784 1894; x_wconf 92' lang='lat' dir='ltr'>corpora</span> <span class='ocrx_word' id='word_1_770' title='bbox 1798 1846 1976 1883; x_wconf 89' lang='lat' dir='ltr'>inferiora</span> <span class='ocrx_word' id='word_1_771' title='bbox 1989 1853 2195 1883; x_wconf 90' lang='lat' dir='ltr'>moventur</span> <span class='ocrx_word' id='word_1_772' title='bbox 2209 1858 2231 1882; x_wconf 91' lang='lat' dir='ltr'>a</span> <span class='ocrx_word' id='word_1_773' title='bbox 2247 1847 2468 1895; x_wconf 90' lang='lat' dir='ltr'>corporibus</span> 
     </span>
     <span class='ocr_line' id='line_1_109' title="bbox 1402 1898 2468 1947; baseline 0.002 -13"><span class='ocrx_word' id='word_1_774' title='bbox 1402 1898 1672 1946; x_wconf 84' lang='lat' dir='ltr'>superioribus,</span> <span class='ocrx_word' id='word_1_775' title='bbox 1703 1911 1782 1935; x_wconf 93' lang='lat' dir='ltr'>non</span> <span class='ocrx_word' id='word_1_776' title='bbox 1811 1907 1866 1936; x_wconf 87' lang='lat' dir='ltr'>est</span> <span class='ocrx_word' id='word_1_777' title='bbox 1895 1907 2022 1936; x_wconf 89' lang='lat' dir='ltr'>motus</span> <span class='ocrx_word' id='word_1_778' title='bbox 2050 1899 2250 1947; x_wconf 82' lang='lat' dir='ltr'>violentus,</span> <span class='ocrx_word' id='word_1_779' title='bbox 2271 1899 2337 1936; x_wconf 87' lang='lat' dir='ltr'>secl</span> <span class='ocrx_word' id='word_1_780' title='bbox 2361 1907 2468 1936; x_wconf 86' lang='lat' dir='ltr'>natu-</span> 
     </span>
     <span class='ocr_line' id='line_1_110' title="bbox 1402 1951 2467 2001; baseline 0.002 -13"><span class='ocrx_word' id='word_1_781' title='bbox 1402 1951 1510 1988; x_wconf 88' lang='lat' dir='ltr'>ralis:</span> <span class='ocrx_word' id='word_1_782' title='bbox 1531 1952 1619 2001; x_wconf 89' lang='lat' dir='ltr'>quia</span> <span class='ocrx_word' id='word_1_783' title='bbox 1646 1952 1685 1989; x_wconf 93' lang='lat' dir='ltr'>in</span> <span class='ocrx_word' id='word_1_784' title='bbox 1706 1953 1930 2001; x_wconf 87' lang='lat' dir='ltr'>corporibus</span> <span class='ocrx_word' id='word_1_785' title='bbox 1958 1953 2197 1990; x_wconf 86' lang='lat' dir='ltr'>inferioribus</span> <span class='ocrx_word' id='word_1_786' title='bbox 2217 1959 2272 1989; x_wconf 89' lang='lat' dir='ltr'>est</span> <span class='ocrx_word' id='word_1_787' title='bbox 2290 1953 2467 1990; x_wconf 91' lang='lat' dir='ltr'>naturalis</span> 
     </span>
     <span class='ocr_line' id='line_1_111' title="bbox 1402 2005 2468 2055; baseline 0.001 -14"><span class='ocrx_word' id='word_1_788' title='bbox 1402 2005 1571 2053; x_wconf 90' lang='lat' dir='ltr'>aptitudo</span> <span class='ocrx_word' id='word_1_789' title='bbox 1600 2013 1642 2042; x_wconf 92' lang='lat' dir='ltr'>ut</span> <span class='ocrx_word' id='word_1_790' title='bbox 1670 2013 1877 2053; x_wconf 90' lang='lat' dir='ltr'>sequantur</span> <span class='ocrx_word' id='word_1_791' title='bbox 1905 2006 2095 2043; x_wconf 90' lang='lat' dir='ltr'>motiones</span> <span class='ocrx_word' id='word_1_792' title='bbox 2124 2006 2363 2055; x_wconf 89' lang='lat' dir='ltr'>superiorum</span> <span class='ocrx_word' id='word_1_793' title='bbox 2388 2019 2468 2043; x_wconf 93' lang='lat' dir='ltr'>cor-</span> 
     </span>
     <span class='ocr_line' id='line_1_112' title="bbox 1400 2059 2468 2108; baseline 0.001 -14"><span class='ocrx_word' id='word_1_794' title='bbox 1400 2070 1553 2106; x_wconf 87' lang='lat' dir='ltr'>porum.</span> <span class='ocrx_word' id='word_1_795' title='bbox 1575 2060 1706 2095; x_wconf 92' lang='lat' dir='ltr'>Motus</span> <span class='ocrx_word' id='word_1_796' title='bbox 1726 2066 1854 2095; x_wconf 90' lang='lat' dir='ltr'>autem</span> <span class='ocrx_word' id='word_1_797' title='bbox 1869 2059 2058 2096; x_wconf 87' lang='lat' dir='ltr'>violentus</span> <span class='ocrx_word' id='word_1_798' title='bbox 2079 2067 2135 2096; x_wconf 88' lang='lat' dir='ltr'>est</span> <span class='ocrx_word' id='word_1_799' title='bbox 2149 2060 2303 2108; x_wconf 90' lang='lat' dir='ltr'>quando</span> <span class='ocrx_word' id='word_1_800' title='bbox 2323 2060 2468 2096; x_wconf 89' lang='lat' dir='ltr'>nullum</span> 
     </span>
     <span class='ocr_line' id='line_1_113' title="bbox 1400 2111 2467 2160; baseline 0.001 -12"><span class='ocrx_word' id='word_1_801' title='bbox 1400 2111 1630 2160; x_wconf 87' lang='lat' dir='ltr'>principium</span> <span class='ocrx_word' id='word_1_802' title='bbox 1650 2120 1778 2148; x_wconf 92' lang='lat' dir='ltr'>motus</span> <span class='ocrx_word' id='word_1_803' title='bbox 1799 2120 1854 2149; x_wconf 91' lang='lat' dir='ltr'>est</span> <span class='ocrx_word' id='word_1_804' title='bbox 1873 2113 1921 2149; x_wconf 88' lang='lat' dir='ltr'>ab</span> <span class='ocrx_word' id='word_1_805' title='bbox 1941 2112 2156 2159; x_wconf 78' lang='lat' dir='ltr'>intrinseco,</span> <span class='ocrx_word' id='word_1_806' title='bbox 2178 2113 2246 2149; x_wconf 91' lang='lat' dir='ltr'>sed</span> <span class='ocrx_word' id='word_1_807' title='bbox 2265 2113 2390 2149; x_wconf 93' lang='lat' dir='ltr'>solum</span> <span class='ocrx_word' id='word_1_808' title='bbox 2420 2113 2467 2149; x_wconf 87' lang='lat' dir='ltr'>ab</span> 
     </span>
     <span class='ocr_line' id='line_1_114' title="bbox 1402 2165 2468 2215; baseline 0.001 -14"><span class='ocrx_word' id='word_1_809' title='bbox 1402 2165 1611 2202; x_wconf 88' lang='lat' dir='ltr'>extrinseco</span> <span class='ocrx_word' id='word_1_810' title='bbox 1631 2171 1661 2211; x_wconf 74' lang='grc' dir='ltr'>η;</span> <span class='ocrx_word' id='word_1_811' title='bbox 1683 2165 1779 2202; x_wconf 92' lang='lat' dir='ltr'>sicut</span> <span class='ocrx_word' id='word_1_812' title='bbox 1794 2178 1882 2202; x_wconf 92' lang='lat' dir='ltr'>cum</span> <span class='ocrx_word' id='word_1_813' title='bbox 1897 2167 2018 2203; x_wconf 91' lang='lat' dir='ltr'>homo</span> <span class='ocrx_word' id='word_1_814' title='bbox 2038 2165 2186 2215; x_wconf 91' lang='lat' dir='ltr'>proiicit</span> <span class='ocrx_word' id='word_1_815' title='bbox 2201 2178 2338 2215; x_wconf 90' lang='lat' dir='ltr'>corpus</span> <span class='ocrx_word' id='word_1_816' title='bbox 2353 2178 2468 2213; x_wconf 89' lang='lat' dir='ltr'>grave</span> 
     </span>
     <span class='ocr_line' id='line_1_115' title="bbox 1402 2218 2470 2268; baseline 0.001 -14"><span class='ocrx_word' id='word_1_817' title='bbox 1402 2230 1574 2265; x_wconf 84' lang='lat' dir='ltr'>sursum,</span> <span class='ocrx_word' id='word_1_818' title='bbox 1614 2218 1652 2255; x_wconf 91' lang='lat' dir='ltr'>in</span> <span class='ocrx_word' id='word_1_819' title='bbox 1681 2231 1758 2268; x_wconf 89' lang='lat' dir='ltr'>quo</span> <span class='ocrx_word' id='word_1_820' title='bbox 1787 2219 1889 2255; x_wconf 88' lang='lat' dir='ltr'>nulla</span> <span class='ocrx_word' id='word_1_821' title='bbox 1918 2227 1974 2256; x_wconf 89' lang='lat' dir='ltr'>est</span> <span class='ocrx_word' id='word_1_822' title='bbox 2006 2219 2184 2256; x_wconf 86' lang='lat' dir='ltr'>naturalis</span> <span class='ocrx_word' id='word_1_823' title='bbox 2222 2219 2391 2268; x_wconf 85' lang='lat' dir='ltr'>aptitudo</span> <span class='ocrx_word' id='word_1_824' title='bbox 2420 2218 2470 2255; x_wconf 88' lang='lat' dir='ltr'>ad</span> 
     </span>
     <span class='ocr_line' id='line_1_116' title="bbox 1401 2272 1708 2309; baseline 0 -1"><span class='ocrx_word' id='word_1_825' title='bbox 1401 2272 1515 2308; x_wconf 90' lang='lat' dir='ltr'>talem</span> <span class='ocrx_word' id='word_1_826' title='bbox 1545 2279 1708 2309; x_wconf 90' lang='lat' dir='ltr'>motum.</span> 
     </span>
    </p>

    <p class='ocr_par' dir='ltr' id='par_1_28' title="bbox 1400 2325 2470 2948">
     <span class='ocr_line' id='line_1_117' title="bbox 1456 2325 2469 2374; baseline 0.001 -13"><span class='ocrx_word' id='word_1_827' title='bbox 1456 2325 1633 2362; x_wconf 91' lang='lat' dir='ltr'>Ostendit</span> <span class='ocrx_word' id='word_1_828' title='bbox 1653 2332 1782 2362; x_wconf 89' lang='lat' dir='ltr'>autem</span> <span class='ocrx_word' id='word_1_829' title='bbox 1808 2333 2084 2374; x_wconf 89' lang='lat' dir='ltr'>consequenter</span> <span class='ocrx_word' id='word_1_830' title='bbox 2102 2325 2300 2374; x_wconf 92' lang='lat' dir='ltr'>quomodo</span> <span class='ocrx_word' id='word_1_831' title='bbox 2325 2325 2469 2362; x_wconf 89' lang='lat' dir='ltr'>violen-</span> 
     </span>
     <span class='ocr_line' id='line_1_118' title="bbox 1401 2378 2468 2416; baseline 0 -2"><span class='ocrx_word' id='word_1_832' title='bbox 1401 2378 1452 2415; x_wconf 89' lang='lat' dir='ltr'>tia</span> <span class='ocrx_word' id='word_1_833' title='bbox 1480 2378 1735 2415; x_wconf 89' lang='lat' dir='ltr'>admisceatur</span> <span class='ocrx_word' id='word_1_834' title='bbox 1755 2380 1774 2399; x_wconf 70' lang='lat'>’²‘</span> <span class='ocrx_word' id='word_1_835' title='bbox 1795 2379 1916 2415; x_wconf 91' lang='lat' dir='ltr'>motui</span> <span class='ocrx_word' id='word_1_836' title='bbox 1935 2379 2105 2416; x_wconf 86' lang='lat' dir='ltr'>naturali.</span> <span class='ocrx_word' id='word_1_837' title='bbox 2133 2380 2234 2415; x_wconf 90' lang='lat' dir='ltr'>Eum</span> <span class='ocrx_word' id='word_1_838' title='bbox 2255 2378 2356 2415; x_wconf 90' lang='lat' dir='ltr'>enim</span> <span class='ocrx_word' id='word_1_839' title='bbox 2386 2390 2468 2414; x_wconf 90' lang='lat' dir='ltr'>mo-</span> 
     </span>
     <span class='ocr_line' id='line_1_119' title="bbox 1401 2431 2470 2481; baseline 0 -13"><span class='ocrx_word' id='word_1_840' title='bbox 1401 2439 1483 2468; x_wconf 89' lang='lat' dir='ltr'>tum</span> <span class='ocrx_word' id='word_1_841' title='bbox 1503 2431 1568 2480; x_wconf 92' lang='lat' dir='ltr'>qui</span> <span class='ocrx_word' id='word_1_842' title='bbox 1589 2439 1644 2468; x_wconf 91' lang='lat' dir='ltr'>est</span> <span class='ocrx_word' id='word_1_843' title='bbox 1660 2431 1770 2468; x_wconf 92' lang='lat' dir='ltr'>alicui</span> <span class='ocrx_word' id='word_1_844' title='bbox 1791 2431 1941 2481; x_wconf 87' lang='lat' dir='ltr'>corpori</span> <span class='ocrx_word' id='word_1_845' title='bbox 1961 2432 2151 2478; x_wconf 87' lang='lat' dir='ltr'>naturalis,</span> <span class='ocrx_word' id='word_1_846' title='bbox 2168 2432 2263 2468; x_wconf 88' lang='lat' dir='ltr'>sicut</span> <span class='ocrx_word' id='word_1_847' title='bbox 2281 2431 2394 2480; x_wconf 90' lang='lat' dir='ltr'>lapidi</span> <span class='ocrx_word' id='word_1_848' title='bbox 2415 2439 2470 2468; x_wconf 86' lang='lat' dir='ltr'>est</span> 
     </span>
     <span class='ocr_line' id='line_1_120' title="bbox 1402 2485 2469 2534; baseline 0 -13"><span class='ocrx_word' id='word_1_849' title='bbox 1402 2492 1530 2521; x_wconf 87' lang='lat' dir='ltr'>motus</span> <span class='ocrx_word' id='word_1_850' title='bbox 1559 2485 1738 2522; x_wconf 89' lang='lat' dir='ltr'>naturalis</span> <span class='ocrx_word' id='word_1_851' title='bbox 1768 2485 1964 2531; x_wconf 81' lang='lat' dir='ltr'>deorsum,</span> <span class='ocrx_word' id='word_1_852' title='bbox 1985 2485 2154 2534; x_wconf 90' lang='lat' dir='ltr'>potentia</span> <span class='ocrx_word' id='word_1_853' title='bbox 2173 2485 2358 2522; x_wconf 88' lang='lat' dir='ltr'>violenter</span> <span class='ocrx_word' id='word_1_854' title='bbox 2386 2497 2469 2521; x_wconf 92' lang='lat' dir='ltr'>mo—</span> 
     </span>
     <span class='ocr_line' id='line_1_121' title="bbox 1400 2538 2468 2587; baseline 0 -13"><span class='ocrx_word' id='word_1_855' title='bbox 1400 2550 1497 2575; x_wconf 90' lang='lat' dir='ltr'>vens</span> <span class='ocrx_word' id='word_1_856' title='bbox 1513 2538 1600 2574; x_wconf 90' lang='lat' dir='ltr'>facit</span> <span class='ocrx_word' id='word_1_857' title='bbox 1611 2538 1846 2587; x_wconf 91' lang='lat' dir='ltr'>quandoque</span> <span class='ocrx_word' id='word_1_858' title='bbox 1856 2539 2108 2576; x_wconf 83' lang='lat' dir='ltr'>velociorem:</span> <span class='ocrx_word' id='word_1_859' title='bbox 2126 2546 2162 2575; x_wconf 94' lang='lat' dir='ltr'>et</span> <span class='ocrx_word' id='word_1_860' title='bbox 2177 2538 2229 2575; x_wconf 88' lang='lat' dir='ltr'>sic</span> <span class='ocrx_word' id='word_1_861' title='bbox 2244 2538 2326 2575; x_wconf 91' lang='lat' dir='ltr'>talis</span> <span class='ocrx_word' id='word_1_862' title='bbox 2341 2545 2468 2574; x_wconf 91' lang='lat' dir='ltr'>motus</span> 
     </span>
     <span class='ocr_line' id='line_1_122' title="bbox 1401 2591 2470 2641; baseline -0.001 -13"><span class='ocrx_word' id='word_1_863' title='bbox 1401 2592 1694 2641; x_wconf 90' lang='lat' dir='ltr'>quodammodo</span> <span class='ocrx_word' id='word_1_864' title='bbox 1715 2599 1771 2628; x_wconf 91' lang='lat' dir='ltr'>est</span> <span class='ocrx_word' id='word_1_865' title='bbox 1790 2592 2038 2640; x_wconf 73' lang='lat' dir='ltr'>commixtus,</span> <span class='ocrx_word' id='word_1_866' title='bbox 2060 2592 2153 2629; x_wconf 88' lang='lat' dir='ltr'>dum</span> <span class='ocrx_word' id='word_1_867' title='bbox 2168 2591 2335 2640; x_wconf 90' lang='lat' dir='ltr'>speciem</span> <span class='ocrx_word' id='word_1_868' title='bbox 2354 2592 2470 2628; x_wconf 90' lang='lat' dir='ltr'>habet</span> 
     </span>
     <span class='ocr_line' id='line_1_123' title="bbox 1402 2645 2468 2693; baseline 0 -12"><span class='ocrx_word' id='word_1_869' title='bbox 1402 2657 1424 2681; x_wconf 90' lang='lat' dir='ltr'>a</span> <span class='ocrx_word' id='word_1_870' title='bbox 1443 2652 1588 2693; x_wconf 69' lang='lat' dir='ltr'>natura7</span> <span class='ocrx_word' id='word_1_871' title='bbox 1619 2645 1854 2682; x_wconf 89' lang='lat' dir='ltr'>additionem</span> <span class='ocrx_word' id='word_1_872' title='bbox 1883 2653 2012 2682; x_wconf 88' lang='lat' dir='ltr'>autem</span> <span class='ocrx_word' id='word_1_873' title='bbox 2040 2645 2248 2682; x_wconf 89' lang='lat' dir='ltr'>velocitatis</span> <span class='ocrx_word' id='word_1_874' title='bbox 2275 2657 2296 2681; x_wconf 93' lang='lat' dir='ltr'>a</span> <span class='ocrx_word' id='word_1_875' title='bbox 2321 2652 2468 2681; x_wconf 92' lang='lat' dir='ltr'>motore</span> 
     </span>
     <span class='ocr_line' id='line_1_124' title="bbox 1401 2697 2470 2746; baseline -0.002 -11"><span class='ocrx_word' id='word_1_876' title='bbox 1401 2697 1583 2735; x_wconf 88' lang='lat' dir='ltr'>violento.</span> <span class='ocrx_word' id='word_1_877' title='bbox 1616 2698 1692 2735; x_wconf 90' lang='lat' dir='ltr'>Sed</span> <span class='ocrx_word' id='word_1_878' title='bbox 1721 2706 1870 2735; x_wconf 89' lang='lat' dir='ltr'>motum</span> <span class='ocrx_word' id='word_1_879' title='bbox 1894 2698 2106 2735; x_wconf 89' lang='lat' dir='ltr'>violentum</span> <span class='ocrx_word' id='word_1_880' title='bbox 2135 2698 2296 2735; x_wconf 89' lang='lat' dir='ltr'>totaliter</span> <span class='ocrx_word' id='word_1_881' title='bbox 2322 2697 2470 2746; x_wconf 90' lang='lat' dir='ltr'>perficit</span> 
     </span>
     <span class='ocr_line' id='line_1_125' title="bbox 1401 2751 2469 2800; baseline -0.001 -13"><span class='ocrx_word' id='word_1_882' title='bbox 1401 2751 1483 2800; x_wconf 92' lang='lat' dir='ltr'>ipsa</span> <span class='ocrx_word' id='word_1_883' title='bbox 1510 2751 1709 2797; x_wconf 89' lang='lat' dir='ltr'>violentia,</span> <span class='ocrx_word' id='word_1_884' title='bbox 1739 2752 1828 2799; x_wconf 88' lang='lat' dir='ltr'>quia</span> <span class='ocrx_word' id='word_1_885' title='bbox 1857 2752 1920 2789; x_wconf 87' lang='lat' dir='ltr'>dat</span> <span class='ocrx_word' id='word_1_886' title='bbox 1949 2752 1983 2788; x_wconf 90' lang='lat' dir='ltr'>ei</span> <span class='ocrx_word' id='word_1_887' title='bbox 2012 2760 2047 2788; x_wconf 92' lang='lat' dir='ltr'>et</span> <span class='ocrx_word' id='word_1_888' title='bbox 2075 2752 2241 2800; x_wconf 90' lang='lat' dir='ltr'>speciem</span> <span class='ocrx_word' id='word_1_889' title='bbox 2276 2758 2403 2787; x_wconf 90' lang='lat' dir='ltr'>motus</span> <span class='ocrx_word' id='word_1_890' title='bbox 2434 2757 2469 2786; x_wconf 90' lang='lat' dir='ltr'>et</span> 
     </span>
     <span class='ocr_line' id='line_1_126' title="bbox 1402 2803 2467 2853; baseline -0.001 -12"><span class='ocrx_word' id='word_1_891' title='bbox 1402 2817 1623 2841; x_wconf 91' lang='lat' dir='ltr'>mensuram</span> <span class='ocrx_word' id='word_1_892' title='bbox 1651 2805 1861 2842; x_wconf 90' lang='lat' dir='ltr'>velocitatis</span> <span class='ocrx_word' id='word_1_893' title='bbox 1885 2803 1912 2841; x_wconf 78' lang='lat'>⁰:</span> <span class='ocrx_word' id='word_1_894' title='bbox 1942 2817 2188 2853; x_wconf 91' lang='lat' dir='ltr'>quocumque</span> <span class='ocrx_word' id='word_1_895' title='bbox 2218 2804 2319 2840; x_wconf 90' lang='lat' dir='ltr'>enim</span> <span class='ocrx_word' id='word_1_896' title='bbox 2349 2803 2467 2840; x_wconf 89' lang='lat' dir='ltr'>modo</span> 
     </span>
     <span class='ocr_line' id='line_1_127' title="bbox 1403 2858 2467 2906; baseline -0.001 -12"><span class='ocrx_word' id='word_1_897' title='bbox 1403 2865 1501 2894; x_wconf 91' lang='lat' dir='ltr'>esset</span> <span class='ocrx_word' id='word_1_898' title='bbox 1528 2858 1580 2894; x_wconf 91' lang='lat' dir='ltr'>ibi</span> <span class='ocrx_word' id='word_1_899' title='bbox 1609 2858 1751 2906; x_wconf 90' lang='lat' dir='ltr'>aliquid</span> <span class='ocrx_word' id='word_1_900' title='bbox 1780 2871 1802 2894; x_wconf 90' lang='lat' dir='ltr'>a</span> <span class='ocrx_word' id='word_1_901' title='bbox 1829 2866 1974 2905; x_wconf 83' lang='lat' dir='ltr'>natura,</span> <span class='ocrx_word' id='word_1_902' title='bbox 2003 2871 2082 2895; x_wconf 90' lang='lat' dir='ltr'>non</span> <span class='ocrx_word' id='word_1_903' title='bbox 2112 2865 2208 2895; x_wconf 92' lang='lat' dir='ltr'>esset</span> <span class='ocrx_word' id='word_1_904' title='bbox 2225 2864 2375 2906; x_wconf 87' lang='lat' dir='ltr'>praeter</span> <span class='ocrx_word' id='word_1_905' title='bbox 2402 2869 2467 2893; x_wconf 90' lang='lat' dir='ltr'>na-</span> 
     </span>
     <span class='ocr_line' id='line_1_128' title="bbox 1402 2919 1539 2948; baseline -0.007 0"><span class='ocrx_word' id='word_1_906' title='bbox 1402 2919 1539 2948; x_wconf 88' lang='lat' dir='ltr'>turam.</span> 
     </span>
    </p>

    <p class='ocr_par' dir='ltr' id='par_1_29' title="bbox 1402 2963 2466 3066">
     <span class='ocr_line' id='line_1_129' title="bbox 1457 2963 2465 3010; baseline -0.002 -10"><span class='ocrx_word' id='word_1_907' title='bbox 1457 2965 1492 3001; x_wconf 84' lang='lat'>6.</span> <span class='ocrx_word' id='word_1_908' title='bbox 1505 2963 1654 3000; x_wconf 88' lang='lat' dir='ltr'>Deinde</span> <span class='ocrx_word' id='word_1_909' title='bbox 1672 2976 1759 3000; x_wconf 91' lang='lat' dir='ltr'>cum</span> <span class='ocrx_word' id='word_1_910' title='bbox 1777 2964 1880 3000; x_wconf 90' lang='lat' dir='ltr'>dicit:</span> <span class='ocrx_word' id='word_1_911' title='bbox 1897 2964 1960 3000; x_wconf 85' lang='lat' dir='ltr'>Ad</span> <span class='ocrx_word' id='word_1_912' title='bbox 1973 2964 2084 3000; x_wconf 82' lang='lat' dir='ltr'>ambo</span> <span class='ocrx_word' id='word_1_913' title='bbox 2105 2969 2228 2999; x_wconf 85' lang='lat' dir='ltr'>autem</span> <span class='ocrx_word' id='word_1_914' title='bbox 2245 2969 2324 3010; x_wconf 75' lang='lat' dir='ltr'>etc.²</span> <span class='ocrx_word' id='word_1_915' title='bbox 2342 2970 2465 2999; x_wconf 89' lang='lat' dir='ltr'>osten-</span> 
     </span>
     <span class='ocr_line' id='line_1_130' title="bbox 1402 3015 2466 3066; baseline -0.003 -12"><span class='ocrx_word' id='word_1_916' title='bbox 1402 3017 1455 3054; x_wconf 94' lang='lat' dir='ltr'>dit</span> <span class='ocrx_word' id='word_1_917' title='bbox 1482 3017 1682 3066; x_wconf 90' lang='lat' dir='ltr'>quomodo</span> <span class='ocrx_word' id='word_1_918' title='bbox 1713 3029 1777 3053; x_wconf 91' lang='lat' dir='ltr'>aer</span> <span class='ocrx_word' id='word_1_919' title='bbox 1807 3016 1971 3054; x_wconf 86' lang='lat' dir='ltr'>deservit</span> <span class='ocrx_word' id='word_1_920' title='bbox 1997 3016 2147 3064; x_wconf 91' lang='lat' dir='ltr'>utrique</span> <span class='ocrx_word' id='word_1_921' title='bbox 2166 3016 2299 3052; x_wconf 88' lang='lat' dir='ltr'>motui.</span> <span class='ocrx_word' id='word_1_922' title='bbox 2326 3017 2375 3052; x_wconf 89' lang='lat' dir='ltr'>Et</span> <span class='ocrx_word' id='word_1_923' title='bbox 2392 3015 2466 3064; x_wconf 92' lang='lat' dir='ltr'>pri-</span> 
     </span>
    </p>
   </div>
   <div class='ocr_carea' id='block_1_23' title="bbox 1398 3164 2466 3655">
    <p class='ocr_par' dir='ltr' id='par_1_30' title="bbox 1399 3164 2466 3227">
     <span class='ocr_line' id='line_1_131' title="bbox 1399 3164 2466 3199; baseline -0.001 -8"><span class='ocrx_word' id='word_1_924' title='bbox 1399 3175 1447 3199; x_wconf 89' lang='lat' dir='ltr'>pro</span> <span class='ocrx_word' id='word_1_925' title='bbox 1466 3167 1583 3191; x_wconf 85' lang='lat' dir='ltr'>violenta</span> <span class='ocrx_word' id='word_1_926' title='bbox 1602 3167 1791 3194; x_wconf 85' lang='lat' dir='ltr'>admiscentur,</span> <span class='ocrx_word' id='word_1_927' title='bbox 1812 3165 1915 3190; x_wconf 81' lang='lat' dir='ltr'>violena</span> <span class='ocrx_word' id='word_1_928' title='bbox 1930 3165 2074 3196; x_wconf 84' lang='lat' dir='ltr'>(violentia</span> <span class='ocrx_word' id='word_1_929' title='bbox 2081 3165 2109 3196; x_wconf 72' lang='lat'>9)</span> <span class='ocrx_word' id='word_1_930' title='bbox 2127 3164 2291 3189; x_wconf 82' lang='lat' dir='ltr'>admiscetur</span> <span class='ocrx_word' id='word_1_931' title='bbox 2309 3165 2339 3195; x_wconf 83' lang='grc' dir='ltr'>Α,</span> <span class='ocrx_word' id='word_1_932' title='bbox 2355 3165 2386 3190; x_wconf 88' lang='lat' dir='ltr'>cf.</span> <span class='ocrx_word' id='word_1_933' title='bbox 2402 3165 2466 3190; x_wconf 84' lang='lat' dir='ltr'>infra</span> 
     </span>
     <span class='ocr_line' id='line_1_132' title="bbox 1403 3202 1982 3227; baseline -0.003 -1"><span class='ocrx_word' id='word_1_934' title='bbox 1403 3202 1526 3227; x_wconf 87' lang='lat' dir='ltr'>Ostendit</span> <span class='ocrx_word' id='word_1_935' title='bbox 1545 3204 1633 3226; x_wconf 85' lang='lat' dir='ltr'>autem</span> <span class='ocrx_word' id='word_1_936' title='bbox 1653 3207 1701 3225; x_wconf 87' lang='lat' dir='ltr'>etc.</span> <span class='ocrx_word' id='word_1_937' title='bbox 1977 3208 1982 3212; x_wconf 92' lang='lat'>·</span> 
     </span>
    </p>

    <p class='ocr_par' dir='ltr' id='par_1_31' title="bbox 1399 3235 2465 3338">
     <span class='ocr_line' id='line_1_133' title="bbox 1453 3235 2465 3269; baseline 0 -8"><span class='ocrx_word' id='word_1_938' title='bbox 1453 3237 1480 3268; x_wconf 88' lang='grc' dir='ltr'>η)</span> <span class='ocrx_word' id='word_1_939' title='bbox 1500 3237 1607 3269; x_wconf 83' lang='lat' dir='ltr'>quando</span> <span class='ocrx_word' id='word_1_940' title='bbox 1626 3237 1762 3260; x_wconf 86' lang='lat' dir='ltr'>nullum...</span> <span class='ocrx_word' id='word_1_941' title='bbox 1781 3236 1940 3260; x_wconf 86' lang='lat' dir='ltr'>extrinseco.</span> <span class='ocrx_word' id='word_1_942' title='bbox 1952 3249 1971 3254; x_wconf 95' lang='lat'><em>-</em></span> <span class='ocrx_word' id='word_1_943' title='bbox 1989 3235 2024 3260; x_wconf 86' lang='lat' dir='ltr'>Ita</span> <span class='ocrx_word' id='word_1_944' title='bbox 2043 3236 2078 3266; x_wconf 85' lang='lat' dir='ltr'>A;</span> <span class='ocrx_word' id='word_1_945' title='bbox 2098 3235 2157 3260; x_wconf 89' lang='lat' dir='ltr'>Par.</span> <span class='ocrx_word' id='word_1_946' title='bbox 2176 3243 2228 3259; x_wconf 92' lang='lat' dir='ltr'>om.</span> <span class='ocrx_word' id='word_1_947' title='bbox 2254 3235 2301 3260; x_wconf 82' lang='lat' dir='ltr'>sed</span> <span class='ocrx_word' id='word_1_948' title='bbox 2324 3236 2409 3260; x_wconf 84' lang='lat' dir='ltr'>solum</span> <span class='ocrx_word' id='word_1_949' title='bbox 2432 3237 2465 3261; x_wconf 86' lang='lat' dir='ltr'>ab</span> 
     </span>
     <span class='ocr_line' id='line_1_134' title="bbox 1400 3271 2465 3304; baseline 0 -8"><span class='ocrx_word' id='word_1_950' title='bbox 1400 3273 1552 3297; x_wconf 86' lang='lat' dir='ltr'>extrinseco</span> <span class='ocrx_word' id='word_1_951' title='bbox 1558 3280 1564 3302; x_wconf 88' lang='lat'>;</span> <span class='ocrx_word' id='word_1_952' title='bbox 1585 3277 1633 3296; x_wconf 87' lang='lat' dir='ltr'>cet.</span> <span class='ocrx_word' id='word_1_953' title='bbox 1646 3279 1699 3295; x_wconf 91' lang='lat' dir='ltr'>om.</span> <span class='ocrx_word' id='word_1_954' title='bbox 1715 3271 1857 3295; x_wconf 83' lang='lat' dir='ltr'>intrinseco</span> <span class='ocrx_word' id='word_1_955' title='bbox 1871 3271 1919 3295; x_wconf 84' lang='lat' dir='ltr'>sed</span> <span class='ocrx_word' id='word_1_956' title='bbox 1936 3271 2021 3295; x_wconf 88' lang='lat' dir='ltr'>solum</span> <span class='ocrx_word' id='word_1_957' title='bbox 2040 3271 2073 3295; x_wconf 85' lang='lat' dir='ltr'>ab</span> <span class='ocrx_word' id='word_1_958' title='bbox 2078 3277 2087 3299; x_wconf 87' lang='lat'><em>;</em></span> <span class='ocrx_word' id='word_1_959' title='bbox 2100 3271 2119 3294; x_wconf 88' lang='lat' dir='ltr'>P</span> <span class='ocrx_word' id='word_1_960' title='bbox 2133 3271 2256 3303; x_wconf 49' lang='lat' dir='ltr'>corrigit:</span> <span class='ocrx_word' id='word_1_961' title='bbox 2266 3271 2373 3303; x_wconf 79' lang='lat' dir='ltr'>quando</span> <span class='ocrx_word' id='word_1_962' title='bbox 2387 3272 2465 3304; x_wconf 79' lang='lat' dir='ltr'>prin-</span> 
     </span>
     <span class='ocr_line' id='line_1_135' title="bbox 1399 3306 1891 3338; baseline -0.004 -6"><span class='ocrx_word' id='word_1_963' title='bbox 1399 3307 1496 3338; x_wconf 78' lang='lat' dir='ltr'>cipium</span> <span class='ocrx_word' id='word_1_964' title='bbox 1517 3310 1603 3331; x_wconf 86' lang='lat' dir='ltr'>motus</span> <span class='ocrx_word' id='word_1_965' title='bbox 1622 3310 1661 3330; x_wconf 83' lang='lat' dir='ltr'>est</span> <span class='ocrx_word' id='word_1_966' title='bbox 1679 3307 1712 3330; x_wconf 85' lang='lat' dir='ltr'>ab</span> <span class='ocrx_word' id='word_1_967' title='bbox 1731 3306 1891 3330; x_wconf 83' lang='lat' dir='ltr'>extrinseco.</span> 
     </span>
    </p>

    <p class='ocr_par' dir='ltr' id='par_1_32' title="bbox 1398 3340 2466 3655">
     <span class='ocr_line' id='line_1_136' title="bbox 1453 3340 2465 3373; baseline 0.001 -8"><span class='ocrx_word' id='word_1_968' title='bbox 1453 3340 1476 3373; x_wconf 82' lang='grc' dir='ltr'>θ)</span> <span class='ocrx_word' id='word_1_969' title='bbox 1499 3342 1566 3366; x_wconf 85' lang='lat' dir='ltr'>Eum</span> <span class='ocrx_word' id='word_1_970' title='bbox 1586 3342 1655 3366; x_wconf 83' lang='lat' dir='ltr'>enim</span> <span class='ocrx_word' id='word_1_971' title='bbox 1673 3344 1807 3365; x_wconf 86' lang='lat' dir='ltr'>motum...</span> <span class='ocrx_word' id='word_1_972' title='bbox 1820 3348 1970 3365; x_wconf 85' lang='lat' dir='ltr'>mensuram</span> <span class='ocrx_word' id='word_1_973' title='bbox 1987 3341 2143 3365; x_wconf 80' lang='lat' dir='ltr'>velocitatis.</span> <span class='ocrx_word' id='word_1_974' title='bbox 2155 3355 2174 3359; x_wconf 98' lang='lat'><em>-</em></span> <span class='ocrx_word' id='word_1_975' title='bbox 2187 3341 2269 3366; x_wconf 90' lang='lat' dir='ltr'>Codd.</span> <span class='ocrx_word' id='word_1_976' title='bbox 2284 3349 2337 3366; x_wconf 86' lang='lat' dir='ltr'>exc.</span> <span class='ocrx_word' id='word_1_977' title='bbox 2351 3342 2374 3366; x_wconf 88' lang='lat' dir='ltr'>A</span> <span class='ocrx_word' id='word_1_978' title='bbox 2389 3342 2465 3366; x_wconf 89' lang='lat' dir='ltr'>omit-</span> 
     </span>
     <span class='ocr_line' id='line_1_137' title="bbox 1400 3376 2465 3405; baseline 0.001 -4"><span class='ocrx_word' id='word_1_979' title='bbox 1400 3382 1457 3401; x_wconf 88' lang='lat' dir='ltr'>tunt</span> <span class='ocrx_word' id='word_1_980' title='bbox 1476 3384 1492 3401; x_wconf 89' lang='lat' dir='ltr'>a</span> <span class='ocrx_word' id='word_1_981' title='bbox 1512 3379 1613 3401; x_wconf 83' lang='lat' dir='ltr'>motor-e</span> <span class='ocrx_word' id='word_1_982' title='bbox 1632 3377 1779 3400; x_wconf 82' lang='lat' dir='ltr'>violento...</span> <span class='ocrx_word' id='word_1_983' title='bbox 1799 3383 1950 3400; x_wconf 87' lang='lat' dir='ltr'>mensuram</span> <span class='ocrx_word' id='word_1_984' title='bbox 1970 3376 2130 3405; x_wconf 80' lang='lat' dir='ltr'>velocitatis,</span> <span class='ocrx_word' id='word_1_985' title='bbox 2151 3376 2185 3400; x_wconf 89' lang='lat' dir='ltr'>ita</span> <span class='ocrx_word' id='word_1_986' title='bbox 2198 3381 2226 3400; x_wconf 87' lang='lat' dir='ltr'>ut</span> <span class='ocrx_word' id='word_1_987' title='bbox 2240 3384 2347 3401; x_wconf 87' lang='lat' dir='ltr'>sensum</span> <span class='ocrx_word' id='word_1_988' title='bbox 2366 3378 2465 3402; x_wconf 79' lang='lat' dir='ltr'>tollant.</span> 
     </span>
     <span class='ocr_line' id='line_1_138' title="bbox 1399 3411 2466 3444; baseline 0.002 -9"><span class='ocrx_word' id='word_1_989' title='bbox 1399 3413 1456 3444; x_wconf 87' lang='lat' dir='ltr'>Ipse</span> <span class='ocrx_word' id='word_1_990' title='bbox 1475 3413 1497 3436; x_wconf 85' lang='grc' dir='ltr'>Α</span> <span class='ocrx_word' id='word_1_991' title='bbox 1512 3417 1573 3443; x_wconf 89' lang='lat' dir='ltr'>post</span> <span class='ocrx_word' id='word_1_992' title='bbox 1585 3419 1602 3435; x_wconf 88' lang='lat' dir='ltr'>a</span> <span class='ocrx_word' id='word_1_993' title='bbox 1616 3414 1717 3435; x_wconf 88' lang='lat' dir='ltr'>motore</span> <span class='ocrx_word' id='word_1_994' title='bbox 1737 3411 1850 3436; x_wconf 84' lang='lat' dir='ltr'>violento</span> <span class='ocrx_word' id='word_1_995' title='bbox 1869 3416 1987 3443; x_wconf 87' lang='lat' dir='ltr'>corrupte</span> <span class='ocrx_word' id='word_1_996' title='bbox 2007 3411 2067 3443; x_wconf 87' lang='lat' dir='ltr'>legit</span> <span class='ocrx_word' id='word_1_997' title='bbox 2085 3412 2228 3436; x_wconf 83' lang='lat' dir='ltr'>secundum</span> <span class='ocrx_word' id='word_1_998' title='bbox 2247 3413 2390 3437; x_wconf 83' lang='lat' dir='ltr'>secundum</span> <span class='ocrx_word' id='word_1_999' title='bbox 2411 3420 2466 3437; x_wconf 91' lang='lat' dir='ltr'>mo-</span> 
     </span>
     <span class='ocr_line' id='line_1_139' title="bbox 1400 3446 2465 3479; baseline 0.002 -9"><span class='ocrx_word' id='word_1_1000' title='bbox 1400 3451 1455 3471; x_wconf 87' lang='lat' dir='ltr'>tum</span> <span class='ocrx_word' id='word_1_1001' title='bbox 1476 3447 1625 3471; x_wconf 83' lang='lat' dir='ltr'>mutabilem</span> <span class='ocrx_word' id='word_1_1002' title='bbox 1645 3446 1765 3471; x_wconf 83' lang='lat' dir='ltr'>totaliter</span> <span class='ocrx_word' id='word_1_1003' title='bbox 1783 3451 1839 3475; x_wconf 71' lang='lat' dir='ltr'>etc.y</span> <span class='ocrx_word' id='word_1_1004' title='bbox 1859 3447 1929 3478; x_wconf 91' lang='lat' dir='ltr'>quod</span> <span class='ocrx_word' id='word_1_1005' title='bbox 1948 3447 2106 3478; x_wconf 86' lang='lat' dir='ltr'>interpretati</span> <span class='ocrx_word' id='word_1_1006' title='bbox 2125 3455 2217 3471; x_wconf 87' lang='lat' dir='ltr'>sumus</span> <span class='ocrx_word' id='word_1_1007' title='bbox 2236 3455 2283 3479; x_wconf 87' lang='lat' dir='ltr'>per</span> <span class='ocrx_word' id='word_1_1008' title='bbox 2299 3448 2346 3472; x_wconf 85' lang='lat' dir='ltr'>sed</span> <span class='ocrx_word' id='word_1_1009' title='bbox 2365 3451 2465 3473; x_wconf 85' lang='lat' dir='ltr'>motum</span> 
     </span>
     <span class='ocr_line' id='line_1_140' title="bbox 1400 3481 2466 3511; baseline 0.002 -5"><span class='ocrx_word' id='word_1_1010' title='bbox 1400 3483 1541 3506; x_wconf 83' lang='lat' dir='ltr'>violentum</span> <span class='ocrx_word' id='word_1_1011' title='bbox 1561 3481 1688 3506; x_wconf 85' lang='lat' dir='ltr'>totaliter.</span> <span class='ocrx_word' id='word_1_1012' title='bbox 1702 3481 1721 3505; x_wconf 87' lang='lat' dir='ltr'>P</span> <span class='ocrx_word' id='word_1_1013' title='bbox 1737 3489 1790 3506; x_wconf 86' lang='lat' dir='ltr'>om.</span> <span class='ocrx_word' id='word_1_1014' title='bbox 1805 3482 1901 3505; x_wconf 89' lang='lat' dir='ltr'>dictum</span> <span class='ocrx_word' id='word_1_1015' title='bbox 1920 3481 2128 3511; x_wconf 79' lang='lat' dir='ltr'>homoteleuton,</span> <span class='ocrx_word' id='word_1_1016' title='bbox 2141 3487 2166 3506; x_wconf 86' lang='lat' dir='ltr'>et</span> <span class='ocrx_word' id='word_1_1017' title='bbox 2180 3487 2263 3507; x_wconf 89' lang='lat' dir='ltr'>totum</span> <span class='ocrx_word' id='word_1_1018' title='bbox 2282 3483 2404 3508; x_wconf 86' lang='lat' dir='ltr'>reformat</span> <span class='ocrx_word' id='word_1_1019' title='bbox 2416 3483 2466 3508; x_wconf 92' lang='lat' dir='ltr'>hoc</span> 
     </span>
     <span class='ocr_line' id='line_1_141' title="bbox 1400 3517 2465 3549; baseline 0.003 -9"><span class='ocrx_word' id='word_1_1020' title='bbox 1400 3518 1492 3541; x_wconf 91' lang='lat' dir='ltr'>modo:</span> <span class='ocrx_word' id='word_1_1021' title='bbox 1512 3524 1560 3548; x_wconf 86' lang='lat' dir='ltr'>pro</span> <span class='ocrx_word' id='word_1_1022' title='bbox 1580 3517 1648 3541; x_wconf 90' lang='lat' dir='ltr'>Eum</span> <span class='ocrx_word' id='word_1_1023' title='bbox 1668 3517 1729 3548; x_wconf 77' lang='lat' dir='ltr'>legit</span> <span class='ocrx_word' id='word_1_1024' title='bbox 1750 3517 1814 3541; x_wconf 91' lang='lat' dir='ltr'>Cum</span> <span class='ocrx_word' id='word_1_1025' title='bbox 1830 3522 1855 3541; x_wconf 90' lang='lat' dir='ltr'>et</span> <span class='ocrx_word' id='word_1_1026' title='bbox 1869 3525 1916 3548; x_wconf 85' lang='lat' dir='ltr'>pro</span> <span class='ocrx_word' id='word_1_1027' title='bbox 1935 3517 1998 3541; x_wconf 89' lang='lat' dir='ltr'>dum</span> <span class='ocrx_word' id='word_1_1028' title='bbox 2017 3517 2128 3549; x_wconf 83' lang='lat' dir='ltr'>speciem</span> <span class='ocrx_word' id='word_1_1029' title='bbox 2143 3518 2221 3542; x_wconf 83' lang='lat' dir='ltr'>habet</span> <span class='ocrx_word' id='word_1_1030' title='bbox 2234 3525 2251 3542; x_wconf 83' lang='lat' dir='ltr'>a</span> <span class='ocrx_word' id='word_1_1031' title='bbox 2267 3521 2373 3548; x_wconf 79' lang='lat' dir='ltr'>natura,</span> <span class='ocrx_word' id='word_1_1032' title='bbox 2387 3519 2465 3543; x_wconf 82' lang='lat' dir='ltr'>addi-</span> 
     </span>
     <span class='ocr_line' id='line_1_142' title="bbox 1399 3552 2466 3584; baseline 0.002 -8"><span class='ocrx_word' id='word_1_1033' title='bbox 1399 3553 1497 3577; x_wconf 88' lang='lat' dir='ltr'>tionem</span> <span class='ocrx_word' id='word_1_1034' title='bbox 1516 3555 1604 3576; x_wconf 85' lang='lat' dir='ltr'>autem</span> <span class='ocrx_word' id='word_1_1035' title='bbox 1625 3552 1770 3576; x_wconf 77' lang='lat' dir='ltr'>velocitatis</span> <span class='ocrx_word' id='word_1_1036' title='bbox 1785 3552 1862 3584; x_wconf 86' lang='lat' dir='ltr'>(quae</span> <span class='ocrx_word' id='word_1_1037' title='bbox 1877 3558 1916 3576; x_wconf 87' lang='lat' dir='ltr'>est</span> <span class='ocrx_word' id='word_1_1038' title='bbox 1930 3552 2006 3576; x_wconf 92' lang='lat' dir='ltr'>lectio</span> <span class='ocrx_word' id='word_1_1039' title='bbox 2021 3553 2095 3577; x_wconf 88' lang='lat' dir='ltr'>codd.</span> <span class='ocrx_word' id='word_1_1040' title='bbox 2114 3553 2286 3578; x_wconf 81' lang='lat' dir='ltr'>emittentium</span> <span class='ocrx_word' id='word_1_1041' title='bbox 2305 3553 2466 3578; x_wconf 79' lang='lat' dir='ltr'>homoteleu-</span> 
     </span>
     <span class='ocr_line' id='line_1_143' title="bbox 1399 3587 2464 3619; baseline 0.002 -8"><span class='ocrx_word' id='word_1_1042' title='bbox 1399 3587 1470 3619; x_wconf 82' lang='lat' dir='ltr'>ton),</span> <span class='ocrx_word' id='word_1_1043' title='bbox 1494 3587 1557 3611; x_wconf 87' lang='lat' dir='ltr'>dum</span> <span class='ocrx_word' id='word_1_1044' title='bbox 1576 3594 1663 3611; x_wconf 87' lang='lat' dir='ltr'>secum</span> <span class='ocrx_word' id='word_1_1045' title='bbox 1682 3587 1760 3611; x_wconf 84' lang='lat' dir='ltr'>habet</span> <span class='ocrx_word' id='word_1_1046' title='bbox 1778 3594 1795 3611; x_wconf 93' lang='lat' dir='ltr'>a</span> <span class='ocrx_word' id='word_1_1047' title='bbox 1814 3591 1913 3612; x_wconf 87' lang='lat' dir='ltr'>natura</span> <span class='ocrx_word' id='word_1_1048' title='bbox 1932 3588 2097 3613; x_wconf 85' lang='lat' dir='ltr'>additionem</span> <span class='ocrx_word' id='word_1_1049' title='bbox 2116 3589 2272 3614; x_wconf 84' lang='lat' dir='ltr'>velocitatis.</span> <span class='ocrx_word' id='word_1_1050' title='bbox 2290 3602 2308 3609; x_wconf 92' lang='lat'><em>-</em></span> <span class='ocrx_word' id='word_1_1051' title='bbox 2326 3590 2406 3616; x_wconf 83' lang='lat' dir='ltr'>Linea</span> <span class='ocrx_word' id='word_1_1052' title='bbox 2424 3597 2464 3614; x_wconf 87' lang='lat' dir='ltr'>se-</span> 
     </span>
     <span class='ocr_line' id='line_1_144' title="bbox 1398 3622 1755 3655; baseline 0.003 -9"><span class='ocrx_word' id='word_1_1053' title='bbox 1398 3622 1487 3655; x_wconf 88' lang='lat' dir='ltr'>quenti</span> <span class='ocrx_word' id='word_1_1054' title='bbox 1507 3630 1554 3654; x_wconf 90' lang='lat' dir='ltr'>pro</span> <span class='ocrx_word' id='word_1_1055' title='bbox 1574 3629 1640 3652; x_wconf 82' lang='lat' dir='ltr'>non,</span> <span class='ocrx_word' id='word_1_1056' title='bbox 1660 3629 1707 3647; x_wconf 88' lang='lat' dir='ltr'>nec</span> <span class='ocrx_word' id='word_1_1057' title='bbox 1726 3623 1755 3647; x_wconf 87' lang='lat' dir='ltr'>P.</span> 
     </span>
    </p>
   </div>
   <div class='ocr_carea' id='block_1_24' title="bbox 2489 420 2700 449">
    <p class='ocr_par' dir='ltr' id='par_1_33' title="bbox 2489 420 2700 449">
     <span class='ocr_line' id='line_1_145' title="bbox 2489 420 2700 449; baseline 0.005 -7"><span class='ocrx_word' id='word_1_1058' title='bbox 2489 422 2497 430; x_wconf 84' lang='lat'>&#39;¹</span> <span class='ocrx_word' id='word_1_1059' title='bbox 2507 420 2542 442; x_wconf 83' lang='lat' dir='ltr'>Cf.</span> <span class='ocrx_word' id='word_1_1060' title='bbox 2554 421 2605 442; x_wconf 86' lang='lat' dir='ltr'>lect.</span> <span class='ocrx_word' id='word_1_1061' title='bbox 2616 427 2638 449; x_wconf 84' lang='lat' dir='ltr'>v,</span> <span class='ocrx_word' id='word_1_1062' title='bbox 2649 428 2672 443; x_wconf 91' lang='lat' dir='ltr'>n.</span> <span class='ocrx_word' id='word_1_1063' title='bbox 2684 427 2700 443; x_wconf 88' lang='lat'>1.</span> 
     </span>
    </p>
   </div>
   <div class='ocr_carea' id='block_1_25' title="bbox 2489 579 2647 607">
    <p class='ocr_par' dir='ltr' id='par_1_34' title="bbox 2489 579 2647 607">
     <span class='ocr_line' id='line_1_146' title="bbox 2489 579 2647 607; baseline 0.006 -7"><span class='ocrx_word' id='word_1_1064' title='bbox 2489 580 2498 589; x_wconf 83' lang='grc'>·</span> <span class='ocrx_word' id='word_1_1065' title='bbox 2513 579 2584 601; x_wconf 89' lang='lat' dir='ltr'>Num.</span> <span class='ocrx_word' id='word_1_1066' title='bbox 2596 585 2647 607; x_wconf 83' lang='lat' dir='ltr'>seq.</span> 
     </span>
    </p>
   </div>
   <div class='ocr_carea' id='block_1_26' title="bbox 2587 729 2602 758">
    <p class='ocr_par' dir='ltr' id='par_1_35' title="bbox 2587 729 2602 758">
     <span class='ocr_line' id='line_1_147' title="bbox 2587 729 2602 758; baseline 0 0"><span class='ocrx_word' id='word_1_1067' title='bbox 2587 729 2602 758; x_wconf 81' lang='grc' dir='ltr'>ζ</span> 
     </span>
    </p>
   </div>
   <div class='ocr_carea' id='block_1_27' title="bbox 2488 786 2701 809">
    <p class='ocr_par' dir='ltr' id='par_1_36' title="bbox 2488 786 2701 809">
     <span class='ocr_line' id='line_1_148' title="bbox 2488 786 2701 809; baseline 0.005 -2"><span class='ocrx_word' id='word_1_1068' title='bbox 2488 787 2499 797; x_wconf 67' lang='lat'>⁴</span> <span class='ocrx_word' id='word_1_1069' title='bbox 2509 786 2570 808; x_wconf 78' lang='lat' dir='ltr'>Infra</span> <span class='ocrx_word' id='word_1_1070' title='bbox 2579 786 2623 808; x_wconf 88' lang='lat' dir='ltr'>hoc</span> <span class='ocrx_word' id='word_1_1071' title='bbox 2637 792 2701 809; x_wconf 85' lang='lat' dir='ltr'>num.</span> 
     </span>
    </p>
   </div>
   <div class='ocr_carea' id='block_1_28' title="bbox 2490 1051 2703 1100">
    <p class='ocr_par' dir='ltr' id='par_1_37' title="bbox 2490 1051 2703 1100">
     <span class='ocr_line' id='line_1_149' title="bbox 2490 1051 2703 1080; baseline 0.005 -7"><span class='ocrx_word' id='word_1_1072' title='bbox 2490 1052 2502 1063; x_wconf 75' lang='lat'>⁸</span> <span class='ocrx_word' id='word_1_1073' title='bbox 2512 1051 2575 1073; x_wconf 88' lang='lat' dir='ltr'>Loco</span> <span class='ocrx_word' id='word_1_1074' title='bbox 2586 1058 2656 1080; x_wconf 82' lang='lat' dir='ltr'>supra</span> <span class='ocrx_word' id='word_1_1075' title='bbox 2670 1052 2703 1074; x_wconf 78' lang='lat' dir='ltr'>ci-</span> 
     </span>
     <span class='ocr_line' id='line_1_150' title="bbox 2490 1081 2547 1100; baseline 0.018 -1"><span class='ocrx_word' id='word_1_1076' title='bbox 2490 1081 2547 1100; x_wconf 76' lang='lat' dir='ltr'>tato.</span> 
     </span>
    </p>
   </div>
   <div class='ocr_carea' id='block_1_29' title="bbox 2491 1211 2704 1259">
    <p class='ocr_par' dir='ltr' id='par_1_38' title="bbox 2491 1211 2704 1259">
     <span class='ocr_line' id='line_1_151' title="bbox 2491 1211 2704 1233; baseline 0.005 -1"><span class='ocrx_word' id='word_1_1077' title='bbox 2491 1212 2500 1223; x_wconf 72' lang='lat'>¹*</span> <span class='ocrx_word' id='word_1_1078' title='bbox 2511 1211 2596 1232; x_wconf 80' lang='lat' dir='ltr'>dicitur</span> <span class='ocrx_word' id='word_1_1079' title='bbox 2605 1217 2618 1232; x_wconf 64' lang='grc' dir='ltr'>Ρ</span> <span class='ocrx_word' id='word_1_1080' title='bbox 2628 1214 2650 1232; x_wconf 88' lang='lat' dir='ltr'>et</span> <span class='ocrx_word' id='word_1_1081' title='bbox 2664 1217 2704 1233; x_wconf 90' lang='lat' dir='ltr'>co-</span> 
     </span>
     <span class='ocr_line' id='line_1_152' title="bbox 2492 1237 2655 1259; baseline 0 0"><span class='ocrx_word' id='word_1_1082' title='bbox 2492 1237 2555 1259; x_wconf 84' lang='lat' dir='ltr'>dices</span> <span class='ocrx_word' id='word_1_1083' title='bbox 2570 1244 2618 1259; x_wconf 87' lang='lat' dir='ltr'>exc.</span> <span class='ocrx_word' id='word_1_1084' title='bbox 2632 1244 2655 1259; x_wconf 75' lang='lat' dir='ltr'>A.</span> 
     </span>
    </p>
   </div>
   <div class='ocr_carea' id='block_1_30' title="bbox 2494 1748 2705 1776">
    <p class='ocr_par' dir='ltr' id='par_1_39' title="bbox 2494 1748 2705 1776">
     <span class='ocr_line' id='line_1_153' title="bbox 2494 1748 2705 1776; baseline 0.005 -7"><span class='ocrx_word' id='word_1_1085' title='bbox 2494 1748 2505 1759; x_wconf 68' lang='lat'>⁴*</span> <span class='ocrx_word' id='word_1_1086' title='bbox 2513 1748 2554 1776; x_wconf 79' lang='lat' dir='ltr'>qui</span> <span class='ocrx_word' id='word_1_1087' title='bbox 2560 1754 2617 1769; x_wconf 73' lang='lat' dir='ltr'>si-:rc</span> <span class='ocrx_word' id='word_1_1088' title='bbox 2625 1751 2647 1769; x_wconf 78' lang='lat' dir='ltr'>et</span> <span class='ocrx_word' id='word_1_1089' title='bbox 2654 1748 2705 1770; x_wconf 79' lang='lat' dir='ltr'>Par.</span> 
     </span>
    </p>
   </div>
   <div class='ocr_carea' id='block_1_31' title="bbox 2496 2382 2707 2436">
    <p class='ocr_par' dir='ltr' id='par_1_40' title="bbox 2496 2382 2707 2436">
     <span class='ocr_line' id='line_1_154' title="bbox 2497 2382 2707 2403; baseline 0 0"><span class='ocrx_word' id='word_1_1090' title='bbox 2497 2383 2506 2391; x_wconf 79' lang='lat'>&#39;¹</span> <span class='ocrx_word' id='word_1_1091' title='bbox 2530 2382 2707 2403; x_wconf 80' lang='lat' dir='ltr'>commisceatur</span> 
     </span>
     <span class='ocr_line' id='line_1_155' title="bbox 2496 2409 2707 2436; baseline 0.009 -7"><span class='ocrx_word' id='word_1_1092' title='bbox 2496 2414 2548 2436; x_wconf 78' lang='lat' dir='ltr'>BEG,</span> <span class='ocrx_word' id='word_1_1093' title='bbox 2554 2409 2680 2430; x_wconf 84' lang='lat' dir='ltr'>misceatur</span> <span class='ocrx_word' id='word_1_1094' title='bbox 2685 2415 2707 2431; x_wconf 76' lang='grc' dir='ltr'>Ρ.</span> 
     </span>
    </p>
   </div>
  </div>
 </body>
</html>
