<?xml version="1.0" encoding="UTF-8"?>
<!DOCTYPE html PUBLIC "-//W3C//DTD XHTML 1.0 Transitional//EN"
    "http://www.w3.org/TR/xhtml1/DTD/xhtml1-transitional.dtd">
<html xmlns="http://www.w3.org/1999/xhtml" xml:lang="en" lang="en">
 <head>
  <title>
</title>
<meta http-equiv="Content-Type" content="text/html;charset=utf-8" />
  <meta name='ocr-system' content='tesseract 3.04.00' />
  <meta name='ocr-capabilities' content='ocr_page ocr_carea ocr_par ocr_line ocrx_word'/>
</head>
<body>
  <div class='ocr_page' id='page_1' title='image "./operaomniaiussui03thom/operaomniaiussui03thom_0356.png"; bbox 0 0 2782 4134; ppageno 0'>
   <div class='ocr_carea' id='block_1_1' title="bbox 93 487 211 508">
    <p class='ocr_par' dir='ltr' id='par_1_1' title="bbox 93 487 211 508">
     <span class='ocr_line' id='line_1_1' title="bbox 93 487 211 508; baseline -0.008 0"><span class='ocrx_word' id='word_1_1' title='bbox 93 489 103 498; x_wconf 80' lang='lat'><em>“</em></span> <span class='ocrx_word' id='word_1_2' title='bbox 118 487 177 508; x_wconf 81' lang='lat' dir='ltr'>sicut</span> <span class='ocrx_word' id='word_1_3' title='bbox 189 492 211 507; x_wconf 76' lang='grc' dir='ltr'><strong>Α.</strong></span> 
     </span>
    </p>
   </div>
   <div class='ocr_carea' id='block_1_2' title="bbox 92 534 287 564">
    <p class='ocr_par' dir='ltr' id='par_1_2' title="bbox 92 534 287 564">
     <span class='ocr_line' id='line_1_2' title="bbox 92 534 287 564; baseline -0.005 0"><span class='ocrx_word' id='word_1_4' title='bbox 92 544 103 555; x_wconf 70' lang='grc'><em>“</em></span> <span class='ocrx_word' id='word_1_5' title='bbox 118 544 188 564; x_wconf 81' lang='lat' dir='ltr'>etiam</span> <span class='ocrx_word' id='word_1_6' title='bbox 202 549 249 564; x_wconf 87' lang='lat' dir='ltr'>om.</span> <span class='ocrx_word' id='word_1_7' title='bbox 264 534 287 564; x_wconf 53' lang='grc' dir='ltr'>Λζ</span> 
     </span>
    </p>
   </div>
   <div class='ocr_carea' id='block_1_3' title="bbox 90 802 304 854">
    <p class='ocr_par' dir='ltr' id='par_1_3' title="bbox 90 802 304 854">
     <span class='ocr_line' id='line_1_3' title="bbox 90 802 304 823; baseline -0.005 0"><span class='ocrx_word' id='word_1_8' title='bbox 90 804 102 812; x_wconf 78' lang='grc'>’·</span> <span class='ocrx_word' id='word_1_9' title='bbox 118 802 266 823; x_wconf 77' lang='lat' dir='ltr'>abiectionem</span> <span class='ocrx_word' id='word_1_10' title='bbox 276 807 304 822; x_wconf 65' lang='lat' dir='ltr'>rc</span> 
     </span>
     <span class='ocr_line' id='line_1_4' title="bbox 92 828 303 854; baseline -0.005 -4"><span class='ocrx_word' id='word_1_11' title='bbox 92 829 140 854; x_wconf 88' lang='lat' dir='ltr'>ab;</span> <span class='ocrx_word' id='word_1_12' title='bbox 155 828 184 850; x_wconf 84' lang='lat' dir='ltr'>cf.</span> <span class='ocrx_word' id='word_1_13' title='bbox 199 828 237 849; x_wconf 79' lang='lat' dir='ltr'>tin.</span> <span class='ocrx_word' id='word_1_14' title='bbox 252 834 276 849; x_wconf 89' lang='lat' dir='ltr'>n.</span> <span class='ocrx_word' id='word_1_15' title='bbox 287 833 303 849; x_wconf 86' lang='lat'>1.</span> 
     </span>
    </p>
   </div>
   <div class='ocr_carea' id='block_1_4' title="bbox 91 1169 262 1189">
    <p class='ocr_par' dir='ltr' id='par_1_4' title="bbox 91 1169 262 1189">
     <span class='ocr_line' id='line_1_5' title="bbox 91 1169 262 1189; baseline 0 -1"><span class='ocrx_word' id='word_1_16' title='bbox 91 1169 100 1177; x_wconf 86' lang='lat'><strong>·</strong></span> <span class='ocrx_word' id='word_1_17' title='bbox 115 1169 151 1189; x_wconf 73' lang='lat' dir='ltr'>est</span> <span class='ocrx_word' id='word_1_18' title='bbox 164 1173 211 1188; x_wconf 88' lang='lat' dir='ltr'>nm.</span> <span class='ocrx_word' id='word_1_19' title='bbox 225 1172 262 1188; x_wconf 80' lang='grc' dir='ltr'>Λ6.</span> 
     </span>
    </p>
   </div>
   <div class='ocr_carea' id='block_1_5' title="bbox 87 1488 298 1535">
    <p class='ocr_par' dir='ltr' id='par_1_5' title="bbox 87 1488 298 1535">
     <span class='ocr_line' id='line_1_6' title="bbox 87 1488 298 1508; baseline -0.005 0"><span class='ocrx_word' id='word_1_20' title='bbox 87 1488 96 1496; x_wconf 85' lang='grc'>·</span> <span class='ocrx_word' id='word_1_21' title='bbox 115 1492 232 1508; x_wconf 86' lang='lat' dir='ltr'>commune</span> <span class='ocrx_word' id='word_1_22' title='bbox 250 1492 298 1507; x_wconf 88' lang='lat' dir='ltr'>om.</span> 
     </span>
     <span class='ocr_line' id='line_1_7' title="bbox 87 1519 124 1535; baseline -0.027 0"><span class='ocrx_word' id='word_1_23' title='bbox 87 1519 124 1535; x_wconf 85' lang='lat' dir='ltr'>ca.</span> 
     </span>
    </p>
   </div>
   <div class='ocr_carea' id='block_1_6' title="bbox 87 2018 211 2040">
    <p class='ocr_par' dir='ltr' id='par_1_6' title="bbox 87 2018 211 2040">
     <span class='ocr_line' id='line_1_8' title="bbox 87 2018 211 2040; baseline -0.008 -1"><span class='ocrx_word' id='word_1_24' title='bbox 87 2020 95 2028; x_wconf 88' lang='lat'>·</span> <span class='ocrx_word' id='word_1_25' title='bbox 110 2018 179 2040; x_wconf 88' lang='lat' dir='ltr'>Num.</span> <span class='ocrx_word' id='word_1_26' title='bbox 190 2024 211 2039; x_wconf 90' lang='lat'>2.</span> 
     </span>
    </p>
   </div>
   <div class='ocr_carea' id='block_1_7' title="bbox 86 2177 169 2199">
    <p class='ocr_par' dir='ltr' id='par_1_7' title="bbox 86 2177 169 2199">
     <span class='ocr_line' id='line_1_9' title="bbox 86 2177 169 2199; baseline 0 0"><span class='ocrx_word' id='word_1_27' title='bbox 86 2179 94 2188; x_wconf 82' lang='lat'>&#39;</span> <span class='ocrx_word' id='word_1_28' title='bbox 110 2177 169 2199; x_wconf 82' lang='lat' dir='ltr'>Ibid.</span> 
     </span>
    </p>
   </div>
   <div class='ocr_carea' id='block_1_8' title="bbox 332 292 406 328">
    <p class='ocr_par' dir='ltr' id='par_1_8' title="bbox 332 292 406 328">
     <span class='ocr_line' id='line_1_10' title="bbox 332 292 406 328; baseline -0.014 0"><span class='ocrx_word' id='word_1_29' title='bbox 332 292 406 328; x_wconf 84' lang='lat'>312</span> 
     </span>
    </p>
   </div>
   <div class='ocr_carea' id='block_1_9' title="bbox 330 363 1391 630">
    <p class='ocr_par' dir='ltr' id='par_1_9' title="bbox 330 363 1391 630">
     <span class='ocr_line' id='line_1_11' title="bbox 333 363 1388 417; baseline -0.007 -11"><span class='ocrx_word' id='word_1_30' title='bbox 333 371 535 406; x_wconf 86' lang='lat' dir='ltr'>collocetur</span> <span class='ocrx_word' id='word_1_31' title='bbox 563 380 701 417; x_wconf 90' lang='lat' dir='ltr'>corpus</span> <span class='ocrx_word' id='word_1_32' title='bbox 735 367 840 417; x_wconf 90' lang='lat' dir='ltr'>quod</span> <span class='ocrx_word' id='word_1_33' title='bbox 868 374 1024 415; x_wconf 92' lang='lat' dir='ltr'>augetur</span> <span class='ocrx_word' id='word_1_34' title='bbox 1053 373 1088 402; x_wconf 93' lang='lat' dir='ltr'>et</span> <span class='ocrx_word' id='word_1_35' title='bbox 1117 375 1254 413; x_wconf 88' lang='lat' dir='ltr'>corpus</span> <span class='ocrx_word' id='word_1_36' title='bbox 1284 363 1388 412; x_wconf 90' lang='lat' dir='ltr'>quod</span> 
     </span>
     <span class='ocr_line' id='line_1_12' title="bbox 331 416 1390 470; baseline -0.007 -11"><span class='ocrx_word' id='word_1_37' title='bbox 331 429 458 470; x_wconf 89' lang='lat' dir='ltr'>auget:</span> <span class='ocrx_word' id='word_1_38' title='bbox 488 422 578 470; x_wconf 90' lang='lat' dir='ltr'>quia</span> <span class='ocrx_word' id='word_1_39' title='bbox 606 428 755 470; x_wconf 88' lang='lat' dir='ltr'>oportet</span> <span class='ocrx_word' id='word_1_40' title='bbox 783 420 1084 457; x_wconf 87' lang='lat' dir='ltr'>additamentum</span> <span class='ocrx_word' id='word_1_41' title='bbox 1120 418 1202 454; x_wconf 87' lang='lat' dir='ltr'>fieri</span> <span class='ocrx_word' id='word_1_42' title='bbox 1240 416 1390 453; x_wconf 89' lang='lat' dir='ltr'>cuilibet</span> 
     </span>
     <span class='ocr_line' id='line_1_13' title="bbox 330 468 1390 524; baseline -0.007 -12"><span class='ocrx_word' id='word_1_43' title='bbox 330 476 427 524; x_wconf 90' lang='lat' dir='ltr'>parti</span> <span class='ocrx_word' id='word_1_44' title='bbox 465 474 544 511; x_wconf 88' lang='lat' dir='ltr'>eius</span> <span class='ocrx_word' id='word_1_45' title='bbox 572 474 677 522; x_wconf 91' lang='lat' dir='ltr'>quod</span> <span class='ocrx_word' id='word_1_46' title='bbox 705 481 872 521; x_wconf 86' lang='lat' dir='ltr'>augetur,</span> <span class='ocrx_word' id='word_1_47' title='bbox 893 471 996 520; x_wconf 90' lang='lat' dir='ltr'>quod</span> <span class='ocrx_word' id='word_1_48' title='bbox 1025 471 1044 493; x_wconf 63' lang='lat'>³⁸</span> <span class='ocrx_word' id='word_1_49' title='bbox 1073 483 1118 507; x_wconf 90' lang='lat' dir='ltr'>ex</span> <span class='ocrx_word' id='word_1_50' title='bbox 1146 482 1260 518; x_wconf 88' lang='lat' dir='ltr'>supra</span> <span class='ocrx_word' id='word_1_51' title='bbox 1284 468 1390 506; x_wconf 89' lang='lat' dir='ltr'>dictis</span> 
     </span>
     <span class='ocr_line' id='line_1_14' title="bbox 332 521 1389 577; baseline -0.008 -12"><span class='ocrx_word' id='word_1_52' title='bbox 332 527 655 577; x_wconf 85' lang='lat' dir='ltr'>suppositionibus</span> <span class='ocrx_word' id='word_1_53' title='bbox 683 526 861 574; x_wconf 90' lang='lat' dir='ltr'>sequitur.</span> <span class='ocrx_word' id='word_1_54' title='bbox 888 526 937 561; x_wconf 92' lang='lat' dir='ltr'>Et</span> <span class='ocrx_word' id='word_1_55' title='bbox 963 525 1037 560; x_wconf 93' lang='lat' dir='ltr'>hoc</span> <span class='ocrx_word' id='word_1_56' title='bbox 1067 523 1179 559; x_wconf 89' lang='lat' dir='ltr'>etiam</span> <span class='ocrx_word' id='word_1_57' title='bbox 1198 522 1218 544; x_wconf 76' lang='grc'><em>*</em></span> <span class='ocrx_word' id='word_1_58' title='bbox 1238 529 1292 558; x_wconf 92' lang='lat' dir='ltr'>est</span> <span class='ocrx_word' id='word_1_59' title='bbox 1319 521 1389 558; x_wconf 89' lang='lat' dir='ltr'>im-</span> 
     </span>
     <span class='ocr_line' id='line_1_15' title="bbox 330 574 1391 630; baseline -0.007 -13"><span class='ocrx_word' id='word_1_60' title='bbox 330 580 521 630; x_wconf 89' lang='lat' dir='ltr'>possibile,</span> <span class='ocrx_word' id='word_1_61' title='bbox 543 579 681 616; x_wconf 89' lang='lat' dir='ltr'>scilicet</span> <span class='ocrx_word' id='word_1_62' title='bbox 704 578 810 626; x_wconf 91' lang='lat' dir='ltr'>quod</span> <span class='ocrx_word' id='word_1_63' title='bbox 829 577 905 614; x_wconf 92' lang='lat' dir='ltr'>duo</span> <span class='ocrx_word' id='word_1_64' title='bbox 926 588 1087 624; x_wconf 93' lang='lat' dir='ltr'>corpora</span> <span class='ocrx_word' id='word_1_65' title='bbox 1115 575 1186 611; x_wconf 91' lang='lat' dir='ltr'>sint</span> <span class='ocrx_word' id='word_1_66' title='bbox 1212 574 1323 611; x_wconf 89' lang='lat' dir='ltr'>simul</span> <span class='ocrx_word' id='word_1_67' title='bbox 1351 574 1391 611; x_wconf 90' lang='lat' dir='ltr'>in</span> 
     </span>
    </p>
   </div>
   <div class='ocr_carea' id='block_1_10' title="bbox 310 627 1391 677">
    <p class='ocr_par' dir='ltr' id='par_1_10' title="bbox 310 627 1391 677">
     <span class='ocr_line' id='line_1_16' title="bbox 310 627 1391 677; baseline -0.006 -7"><span class='ocrx_word' id='word_1_68' title='bbox 310 633 470 670; x_wconf 45' lang='lat' dir='ltr'>*eodem</span> <span class='ocrx_word' id='word_1_69' title='bbox 505 634 618 669; x_wconf 88' lang='lat' dir='ltr'>loco:</span> <span class='ocrx_word' id='word_1_70' title='bbox 657 639 692 668; x_wconf 93' lang='lat' dir='ltr'>et</span> <span class='ocrx_word' id='word_1_71' title='bbox 728 630 780 667; x_wconf 91' lang='lat' dir='ltr'>sic</span> <span class='ocrx_word' id='word_1_72' title='bbox 821 629 990 677; x_wconf 90' lang='lat' dir='ltr'>sequitur</span> <span class='ocrx_word' id='word_1_73' title='bbox 1030 627 1304 665; x_wconf 86' lang='lat' dir='ltr'>inconveniens</span> <span class='ocrx_word' id='word_1_74' title='bbox 1342 627 1391 664; x_wconf 90' lang='lat' dir='ltr'>ad</span> 
     </span>
    </p>
   </div>
   <div class='ocr_carea' id='block_1_11' title="bbox 324 682 1392 2954">
    <p class='ocr_par' dir='ltr' id='par_1_11' title="bbox 331 682 972 734">
     <span class='ocr_line' id='line_1_17' title="bbox 331 682 972 734; baseline -0.009 -11"><span class='ocrx_word' id='word_1_75' title='bbox 331 693 530 734; x_wconf 91' lang='lat' dir='ltr'>utramque</span> <span class='ocrx_word' id='word_1_76' title='bbox 557 691 704 733; x_wconf 88' lang='lat' dir='ltr'>partem</span> <span class='ocrx_word' id='word_1_77' title='bbox 733 682 972 731; x_wconf 86' lang='lat' dir='ltr'>quaestionis.</span> 
     </span>
    </p>

    <p class='ocr_par' dir='ltr' id='par_1_12' title="bbox 330 733 1392 1050">
     <span class='ocr_line' id='line_1_18' title="bbox 384 733 1388 785; baseline -0.006 -10"><span class='ocrx_word' id='word_1_78' title='bbox 384 750 421 785; x_wconf 90' lang='lat'>4.</span> <span class='ocrx_word' id='word_1_79' title='bbox 439 738 586 775; x_wconf 86' lang='lat' dir='ltr'>Deinde</span> <span class='ocrx_word' id='word_1_80' title='bbox 615 748 702 772; x_wconf 90' lang='lat' dir='ltr'>curn</span> <span class='ocrx_word' id='word_1_81' title='bbox 731 735 831 772; x_wconf 88' lang='lat' dir='ltr'>dicit:</span> <span class='ocrx_word' id='word_1_82' title='bbox 853 735 927 771; x_wconf 88' lang='lat' dir='ltr'>Sed</span> <span class='ocrx_word' id='word_1_83' title='bbox 944 745 1012 771; x_wconf 89' lang='lat' dir='ltr'>nec</span> <span class='ocrx_word' id='word_1_84' title='bbox 1034 734 1087 771; x_wconf 82' lang='lat' dir='ltr'>sic</span> <span class='ocrx_word' id='word_1_85' title='bbox 1106 733 1288 783; x_wconf 82' lang='lat' dir='ltr'>contingit</span> <span class='ocrx_word' id='word_1_86' title='bbox 1307 740 1388 781; x_wconf 92' lang='lat' dir='ltr'>etc.,</span> 
     </span>
     <span class='ocr_line' id='line_1_19' title="bbox 333 786 1390 837; baseline -0.005 -10"><span class='ocrx_word' id='word_1_87' title='bbox 333 790 493 827; x_wconf 88' lang='lat' dir='ltr'>excludit</span> <span class='ocrx_word' id='word_1_88' title='bbox 529 789 721 837; x_wconf 90' lang='lat' dir='ltr'>quandam</span> <span class='ocrx_word' id='word_1_89' title='bbox 759 787 1018 824; x_wconf 86' lang='lat' dir='ltr'>obviationem</span> <span class='ocrx_word' id='word_1_90' title='bbox 1046 786 1077 823; x_wconf 69' lang='lat'>²³⁵.</span> <span class='ocrx_word' id='word_1_91' title='bbox 1116 787 1251 823; x_wconf 91' lang='lat' dir='ltr'>Posset</span> <span class='ocrx_word' id='word_1_92' title='bbox 1288 786 1390 823; x_wconf 91' lang='lat' dir='ltr'>enim</span> 
     </span>
     <span class='ocr_line' id='line_1_20' title="bbox 332 839 1391 892; baseline -0.005 -12"><span class='ocrx_word' id='word_1_93' title='bbox 332 843 463 892; x_wconf 89' lang='lat' dir='ltr'>aliquis</span> <span class='ocrx_word' id='word_1_94' title='bbox 492 842 615 879; x_wconf 90' lang='lat' dir='ltr'>dicere</span> <span class='ocrx_word' id='word_1_95' title='bbox 635 840 740 890; x_wconf 94' lang='lat' dir='ltr'>quod</span> <span class='ocrx_word' id='word_1_96' title='bbox 768 847 1015 887; x_wconf 88' lang='lat' dir='ltr'>augmentum</span> <span class='ocrx_word' id='word_1_97' title='bbox 1035 840 1078 876; x_wconf 94' lang='lat' dir='ltr'>fit</span> <span class='ocrx_word' id='word_1_98' title='bbox 1101 840 1203 876; x_wconf 91' lang='lat' dir='ltr'>nullo</span> <span class='ocrx_word' id='word_1_99' title='bbox 1233 839 1305 875; x_wconf 92' lang='lat' dir='ltr'>alio</span> <span class='ocrx_word' id='word_1_100' title='bbox 1326 851 1391 888; x_wconf 87' lang='lat' dir='ltr'>ap-</span> 
     </span>
     <span class='ocr_line' id='line_1_21' title="bbox 330 892 1391 945; baseline -0.005 -12"><span class='ocrx_word' id='word_1_101' title='bbox 330 896 475 945; x_wconf 81' lang='lat' dir='ltr'>posit03</span> <span class='ocrx_word' id='word_1_102' title='bbox 505 895 599 931; x_wconf 93' lang='lat' dir='ltr'>sicut</span> <span class='ocrx_word' id='word_1_103' title='bbox 627 892 779 942; x_wconf 89' lang='lat' dir='ltr'>quando</span> <span class='ocrx_word' id='word_1_104' title='bbox 810 905 854 929; x_wconf 89' lang='lat' dir='ltr'>ex</span> <span class='ocrx_word' id='word_1_105' title='bbox 882 905 983 941; x_wconf 90' lang='lat' dir='ltr'>aqua</span> <span class='ocrx_word' id='word_1_106' title='bbox 1010 900 1211 940; x_wconf 90' lang='lat' dir='ltr'>generatur</span> <span class='ocrx_word' id='word_1_107' title='bbox 1238 904 1315 939; x_wconf 87' lang='lat' dir='ltr'>aer,</span> <span class='ocrx_word' id='word_1_108' title='bbox 1334 892 1391 929; x_wconf 89' lang='lat' dir='ltr'>vi-</span> 
     </span>
     <span class='ocr_line' id='line_1_22' title="bbox 332 945 1392 995; baseline -0.005 -9"><span class='ocrx_word' id='word_1_109' title='bbox 332 950 439 986; x_wconf 89' lang='lat' dir='ltr'>detur</span> <span class='ocrx_word' id='word_1_110' title='bbox 467 959 548 984; x_wconf 91' lang='lat' dir='ltr'>esse</span> <span class='ocrx_word' id='word_1_111' title='bbox 576 946 773 995; x_wconf 90' lang='lat' dir='ltr'>quoddam</span> <span class='ocrx_word' id='word_1_112' title='bbox 801 953 1061 994; x_wconf 86' lang='lat' dir='ltr'>augmentum,</span> <span class='ocrx_word' id='word_1_113' title='bbox 1083 946 1170 994; x_wconf 90' lang='lat' dir='ltr'>quia</span> <span class='ocrx_word' id='word_1_114' title='bbox 1198 945 1241 982; x_wconf 90' lang='lat' dir='ltr'>fit</span> <span class='ocrx_word' id='word_1_115' title='bbox 1269 945 1392 981; x_wconf 91' lang='lat' dir='ltr'>maior</span> 
     </span>
     <span class='ocr_line' id='line_1_23' title="bbox 330 1000 525 1050; baseline -0.015 -11"><span class='ocrx_word' id='word_1_116' title='bbox 330 1000 525 1050; x_wconf 88' lang='lat' dir='ltr'>quantitas.</span> 
     </span>
    </p>

    <p class='ocr_par' dir='ltr' id='par_1_13' title="bbox 324 1050 1392 2954">
     <span class='ocr_line' id='line_1_24' title="bbox 383 1050 1385 1101; baseline -0.003 -11"><span class='ocrx_word' id='word_1_117' title='bbox 383 1053 460 1090; x_wconf 89' lang='lat' dir='ltr'>Sed</span> <span class='ocrx_word' id='word_1_118' title='bbox 486 1064 555 1101; x_wconf 92' lang='lat' dir='ltr'>per</span> <span class='ocrx_word' id='word_1_119' title='bbox 581 1052 684 1088; x_wconf 88' lang='lat' dir='ltr'>hunc</span> <span class='ocrx_word' id='word_1_120' title='bbox 703 1051 864 1088; x_wconf 93' lang='lat' dir='ltr'>modum</span> <span class='ocrx_word' id='word_1_121' title='bbox 884 1064 963 1088; x_wconf 91' lang='lat' dir='ltr'>non</span> <span class='ocrx_word' id='word_1_122' title='bbox 988 1051 1167 1099; x_wconf 88' lang='lat' dir='ltr'>contingit</span> <span class='ocrx_word' id='word_1_123' title='bbox 1194 1050 1276 1087; x_wconf 90' lang='lat' dir='ltr'>fieri</span> <span class='ocrx_word' id='word_1_124' title='bbox 1296 1063 1385 1098; x_wconf 89' lang='lat' dir='ltr'>aug-</span> 
     </span>
     <span class='ocr_line' id='line_1_25' title="bbox 330 1104 1388 1143; baseline -0.002 0"><span class='ocrx_word' id='word_1_125' title='bbox 330 1114 502 1143; x_wconf 90' lang='lat' dir='ltr'>mentum</span> <span class='ocrx_word' id='word_1_126' title='bbox 532 1117 599 1141; x_wconf 91' lang='lat' dir='ltr'>seu</span> <span class='ocrx_word' id='word_1_127' title='bbox 628 1104 850 1141; x_wconf 79' lang='lat' dir='ltr'>deminutio,</span> <span class='ocrx_word' id='word_1_128' title='bbox 881 1104 985 1141; x_wconf 92' lang='lat' dir='ltr'>Talis</span> <span class='ocrx_word' id='word_1_129' title='bbox 1006 1104 1107 1141; x_wconf 89' lang='lat' dir='ltr'>enim</span> <span class='ocrx_word' id='word_1_130' title='bbox 1126 1104 1388 1141; x_wconf 86' lang='lat' dir='ltr'>transmutatio</span> 
     </span>
     <span class='ocr_line' id='line_1_26' title="bbox 328 1157 1390 1205; baseline -0.002 -10"><span class='ocrx_word' id='word_1_131' title='bbox 328 1171 408 1196; x_wconf 93' lang='lat' dir='ltr'>non</span> <span class='ocrx_word' id='word_1_132' title='bbox 437 1166 491 1194; x_wconf 90' lang='lat' dir='ltr'>est</span> <span class='ocrx_word' id='word_1_133' title='bbox 519 1165 778 1205; x_wconf 88' lang='lat' dir='ltr'>augmentum,</span> <span class='ocrx_word' id='word_1_134' title='bbox 804 1157 873 1194; x_wconf 90' lang='lat' dir='ltr'>sed</span> <span class='ocrx_word' id='word_1_135' title='bbox 902 1165 956 1194; x_wconf 92' lang='lat' dir='ltr'>est</span> <span class='ocrx_word' id='word_1_136' title='bbox 974 1157 994 1179; x_wconf 68' lang='lat'>²¹²</span> <span class='ocrx_word' id='word_1_137' title='bbox 1021 1157 1212 1205; x_wconf 89' lang='lat' dir='ltr'>generatio</span> <span class='ocrx_word' id='word_1_138' title='bbox 1243 1157 1323 1194; x_wconf 91' lang='lat' dir='ltr'>eius</span> <span class='ocrx_word' id='word_1_139' title='bbox 1351 1157 1390 1194; x_wconf 93' lang='lat' dir='ltr'>in</span> 
     </span>
     <span class='ocr_line' id='line_1_27' title="bbox 329 1210 1390 1260; baseline -0.001 -12"><span class='ocrx_word' id='word_1_140' title='bbox 329 1211 432 1260; x_wconf 92' lang='lat' dir='ltr'>quod</span> <span class='ocrx_word' id='word_1_141' title='bbox 452 1217 733 1258; x_wconf 84' lang='lat' dir='ltr'>transmutatur,</span> <span class='ocrx_word' id='word_1_142' title='bbox 754 1210 893 1247; x_wconf 91' lang='lat' dir='ltr'>scilicet</span> <span class='ocrx_word' id='word_1_143' title='bbox 916 1210 1025 1258; x_wconf 88' lang='lat' dir='ltr'>aeris,</span> <span class='ocrx_word' id='word_1_144' title='bbox 1047 1218 1083 1247; x_wconf 91' lang='lat' dir='ltr'>et</span> <span class='ocrx_word' id='word_1_145' title='bbox 1102 1210 1290 1260; x_wconf 86' lang='lat' dir='ltr'>corruptio</span> <span class='ocrx_word' id='word_1_146' title='bbox 1311 1210 1390 1247; x_wconf 88' lang='lat' dir='ltr'>eius</span> 
     </span>
     <span class='ocr_line' id='line_1_28' title="bbox 328 1263 1390 1312; baseline -0.001 -11"><span class='ocrx_word' id='word_1_147' title='bbox 328 1264 433 1312; x_wconf 92' lang='lat' dir='ltr'>quod</span> <span class='ocrx_word' id='word_1_148' title='bbox 460 1270 745 1310; x_wconf 88' lang='lat' dir='ltr'>transmutatur,</span> <span class='ocrx_word' id='word_1_149' title='bbox 775 1263 915 1300; x_wconf 89' lang='lat' dir='ltr'>scilieet</span> <span class='ocrx_word' id='word_1_150' title='bbox 942 1275 1086 1312; x_wconf 89' lang='lat' dir='ltr'>aquae,</span> <span class='ocrx_word' id='word_1_151' title='bbox 1116 1276 1214 1311; x_wconf 92' lang='lat' dir='ltr'>quae</span> <span class='ocrx_word' id='word_1_152' title='bbox 1245 1271 1390 1300; x_wconf 91' lang='lat' dir='ltr'>contra—</span> 
     </span>
     <span class='ocr_line' id='line_1_29' title="bbox 327 1316 1387 1364; baseline -0.001 -11"><span class='ocrx_word' id='word_1_153' title='bbox 327 1317 442 1354; x_wconf 89' lang='lat' dir='ltr'>riatur</span> <span class='ocrx_word' id='word_1_154' title='bbox 469 1316 556 1362; x_wconf 85' lang='lat' dir='ltr'>aeri,</span> <span class='ocrx_word' id='word_1_155' title='bbox 578 1316 716 1352; x_wconf 90' lang='lat' dir='ltr'>scilicet</span> <span class='ocrx_word' id='word_1_156' title='bbox 734 1322 742 1336; x_wconf 81' lang='lat'><em>²</em></span> <span class='ocrx_word' id='word_1_157' title='bbox 771 1316 1033 1353; x_wconf 90' lang='lat' dir='ltr'>contrarietate</span> <span class='ocrx_word' id='word_1_158' title='bbox 1062 1316 1181 1364; x_wconf 85' lang='lat' dir='ltr'>frigidi</span> <span class='ocrx_word' id='word_1_159' title='bbox 1203 1323 1238 1352; x_wconf 92' lang='lat' dir='ltr'>et</span> <span class='ocrx_word' id='word_1_160' title='bbox 1258 1316 1387 1353; x_wconf 89' lang='lat' dir='ltr'>calidi:</span> 
     </span>
     <span class='ocr_line' id='line_1_30' title="bbox 327 1369 1389 1418; baseline -0.002 -11"><span class='ocrx_word' id='word_1_161' title='bbox 327 1383 405 1407; x_wconf 91' lang='lat' dir='ltr'>non</span> <span class='ocrx_word' id='word_1_162' title='bbox 433 1377 560 1406; x_wconf 91' lang='lat' dir='ltr'>autem</span> <span class='ocrx_word' id='word_1_163' title='bbox 587 1376 713 1418; x_wconf 89' lang='lat' dir='ltr'>potest</span> <span class='ocrx_word' id='word_1_164' title='bbox 746 1369 819 1406; x_wconf 94' lang='lat' dir='ltr'>dici</span> <span class='ocrx_word' id='word_1_165' title='bbox 854 1369 1110 1416; x_wconf 89' lang='lat' dir='ltr'>augmentatio</span> <span class='ocrx_word' id='word_1_166' title='bbox 1139 1381 1264 1418; x_wconf 92' lang='lat' dir='ltr'>neque</span> <span class='ocrx_word' id='word_1_167' title='bbox 1293 1369 1389 1406; x_wconf 90' lang='lat' dir='ltr'>aeris</span> 
     </span>
     <span class='ocr_line' id='line_1_31' title="bbox 326 1421 1387 1470; baseline -0.002 -10"><span class='ocrx_word' id='word_1_168' title='bbox 326 1435 451 1470; x_wconf 92' lang='lat' dir='ltr'>neque</span> <span class='ocrx_word' id='word_1_169' title='bbox 485 1434 619 1470; x_wconf 88' lang='lat' dir='ltr'>aquae.</span> <span class='ocrx_word' id='word_1_170' title='bbox 660 1421 737 1458; x_wconf 87' lang='lat' dir='ltr'>Sed</span> <span class='ocrx_word' id='word_1_171' title='bbox 771 1434 842 1458; x_wconf 90' lang='lat' dir='ltr'>nec</span> <span class='ocrx_word' id='word_1_172' title='bbox 873 1422 985 1459; x_wconf 90' lang='lat' dir='ltr'>ullius</span> <span class='ocrx_word' id='word_1_173' title='bbox 1023 1429 1078 1463; x_wconf 88' lang='lat' dir='ltr'>est</span> <span class='ocrx_word' id='word_1_174' title='bbox 1114 1422 1387 1469; x_wconf 89' lang='lat' dir='ltr'>augmentatio,</span> 
     </span>
     <span class='ocr_line' id='line_1_32' title="bbox 325 1474 1387 1523; baseline 0 -11"><span class='ocrx_word' id='word_1_175' title='bbox 325 1476 387 1513; x_wconf 90' lang='lat' dir='ltr'>vel</span> <span class='ocrx_word' id='word_1_176' title='bbox 416 1475 483 1512; x_wconf 93' lang='lat' dir='ltr'>erit</span> <span class='ocrx_word' id='word_1_177' title='bbox 516 1474 768 1522; x_wconf 89' lang='lat' dir='ltr'>augmentatio</span> <span class='ocrx_word' id='word_1_178' title='bbox 797 1474 892 1511; x_wconf 92' lang='lat' dir='ltr'>illius</span> <span class='ocrx_word' id='word_1_179' title='bbox 921 1475 1028 1523; x_wconf 89' lang='lat' dir='ltr'>quod</span> <span class='ocrx_word' id='word_1_180' title='bbox 1057 1482 1112 1511; x_wconf 92' lang='lat' dir='ltr'>est</span> <span class='ocrx_word' id='word_1_181' title='bbox 1140 1487 1347 1512; x_wconf 91' lang='lat' dir='ltr'>commune</span> <span class='ocrx_word' id='word_1_182' title='bbox 1367 1474 1387 1497; x_wconf 76' lang='lat'>’¹‘</span> 
     </span>
     <span class='ocr_line' id='line_1_33' title="bbox 325 1527 1388 1577; baseline 0 -12"><span class='ocrx_word' id='word_1_183' title='bbox 325 1528 472 1576; x_wconf 88' lang='lat' dir='ltr'>utrique</span> <span class='ocrx_word' id='word_1_184' title='bbox 502 1527 554 1574; x_wconf 88' lang='lat' dir='ltr'>(si</span> <span class='ocrx_word' id='word_1_185' title='bbox 581 1535 709 1564; x_wconf 89' lang='lat' dir='ltr'>tamen</span> <span class='ocrx_word' id='word_1_186' title='bbox 742 1527 880 1576; x_wconf 89' lang='lat' dir='ltr'>aliquid</span> <span class='ocrx_word' id='word_1_187' title='bbox 909 1529 955 1565; x_wconf 91' lang='lat' dir='ltr'>sit</span> <span class='ocrx_word' id='word_1_188' title='bbox 981 1528 1096 1575; x_wconf 88' lang='lat' dir='ltr'>tale),</span> <span class='ocrx_word' id='word_1_189' title='bbox 1127 1528 1221 1565; x_wconf 91' lang='lat' dir='ltr'>sicut</span> <span class='ocrx_word' id='word_1_190' title='bbox 1250 1530 1388 1577; x_wconf 81' lang='lat' dir='ltr'>corpus</span> 
     </span>
     <span class='ocr_line' id='line_1_34' title="bbox 325 1581 1390 1629; baseline 0 -11"><span class='ocrx_word' id='word_1_191' title='bbox 325 1581 475 1619; x_wconf 88' lang='lat' dir='ltr'>videtur</span> <span class='ocrx_word' id='word_1_192' title='bbox 503 1592 709 1617; x_wconf 90' lang='lat' dir='ltr'>commune</span> <span class='ocrx_word' id='word_1_193' title='bbox 730 1592 811 1616; x_wconf 91' lang='lat' dir='ltr'>esse</span> <span class='ocrx_word' id='word_1_194' title='bbox 840 1581 917 1617; x_wconf 88' lang='lat' dir='ltr'>aeri</span> <span class='ocrx_word' id='word_1_195' title='bbox 945 1588 981 1617; x_wconf 89' lang='lat' dir='ltr'>et</span> <span class='ocrx_word' id='word_1_196' title='bbox 1008 1593 1147 1629; x_wconf 87' lang='lat' dir='ltr'>aquae:</span> <span class='ocrx_word' id='word_1_197' title='bbox 1176 1589 1218 1618; x_wconf 94' lang='lat' dir='ltr'>ut</span> <span class='ocrx_word' id='word_1_198' title='bbox 1246 1581 1390 1618; x_wconf 88' lang='lat' dir='ltr'>dicatur</span> 
     </span>
     <span class='ocr_line' id='line_1_35' title="bbox 326 1634 1391 1683; baseline 0.001 -13"><span class='ocrx_word' id='word_1_199' title='bbox 326 1634 430 1683; x_wconf 92' lang='lat' dir='ltr'>quod</span> <span class='ocrx_word' id='word_1_200' title='bbox 467 1646 566 1682; x_wconf 91' lang='lat' dir='ltr'>aqua</span> <span class='ocrx_word' id='word_1_201' title='bbox 594 1645 673 1670; x_wconf 94' lang='lat' dir='ltr'>non</span> <span class='ocrx_word' id='word_1_202' title='bbox 702 1640 757 1670; x_wconf 91' lang='lat' dir='ltr'>est</span> <span class='ocrx_word' id='word_1_203' title='bbox 785 1641 1025 1681; x_wconf 88' lang='lat' dir='ltr'>augmentata</span> <span class='ocrx_word' id='word_1_204' title='bbox 1053 1646 1177 1681; x_wconf 90' lang='lat' dir='ltr'>neque</span> <span class='ocrx_word' id='word_1_205' title='bbox 1205 1646 1281 1681; x_wconf 90' lang='lat' dir='ltr'>aer,</span> <span class='ocrx_word' id='word_1_206' title='bbox 1302 1634 1391 1683; x_wconf 89' lang='lat' dir='ltr'>quia</span> 
     </span>
     <span class='ocr_line' id='line_1_36' title="bbox 324 1687 1390 1736; baseline 0 -12"><span class='ocrx_word' id='word_1_207' title='bbox 324 1699 424 1736; x_wconf 90' lang='lat' dir='ltr'>aqua</span> <span class='ocrx_word' id='word_1_208' title='bbox 448 1693 623 1735; x_wconf 90' lang='lat' dir='ltr'>corrupta</span> <span class='ocrx_word' id='word_1_209' title='bbox 643 1693 708 1733; x_wconf 91' lang='lat' dir='ltr'>est,</span> <span class='ocrx_word' id='word_1_210' title='bbox 735 1694 770 1723; x_wconf 94' lang='lat' dir='ltr'>et</span> <span class='ocrx_word' id='word_1_211' title='bbox 798 1698 862 1723; x_wconf 89' lang='lat' dir='ltr'>aer</span> <span class='ocrx_word' id='word_1_212' title='bbox 889 1694 1088 1734; x_wconf 89' lang='lat' dir='ltr'>generatus</span> <span class='ocrx_word' id='word_1_213' title='bbox 1116 1694 1188 1733; x_wconf 89' lang='lat' dir='ltr'>est;</span> <span class='ocrx_word' id='word_1_214' title='bbox 1217 1687 1284 1724; x_wconf 91' lang='lat' dir='ltr'>sed</span> <span class='ocrx_word' id='word_1_215' title='bbox 1310 1700 1390 1724; x_wconf 94' lang='lat' dir='ltr'>cor-</span> 
     </span>
     <span class='ocr_line' id='line_1_37' title="bbox 324 1739 1391 1790; baseline 0.001 -14"><span class='ocrx_word' id='word_1_216' title='bbox 324 1753 396 1790; x_wconf 91' lang='lat' dir='ltr'>pus</span> <span class='ocrx_word' id='word_1_217' title='bbox 426 1746 481 1776; x_wconf 91' lang='lat' dir='ltr'>est</span> <span class='ocrx_word' id='word_1_218' title='bbox 500 1739 607 1787; x_wconf 92' lang='lat' dir='ltr'>quod</span> <span class='ocrx_word' id='word_1_219' title='bbox 629 1746 798 1787; x_wconf 89' lang='lat' dir='ltr'>augetur,</span> <span class='ocrx_word' id='word_1_220' title='bbox 819 1739 849 1776; x_wconf 90' lang='lat' dir='ltr'>si</span> <span class='ocrx_word' id='word_1_221' title='bbox 868 1740 1007 1788; x_wconf 89' lang='lat' dir='ltr'>aliquid</span> <span class='ocrx_word' id='word_1_222' title='bbox 1035 1739 1087 1776; x_wconf 91' lang='lat' dir='ltr'>ibi</span> <span class='ocrx_word' id='word_1_223' title='bbox 1106 1747 1391 1788; x_wconf 86' lang='lat' dir='ltr'>augmentatum</span> 
     </span>
     <span class='ocr_line' id='line_1_38' title="bbox 325 1792 1391 1842; baseline 0.001 -12"><span class='ocrx_word' id='word_1_224' title='bbox 325 1800 390 1830; x_wconf 92' lang='lat' dir='ltr'>est.</span> <span class='ocrx_word' id='word_1_225' title='bbox 422 1792 499 1829; x_wconf 89' lang='lat' dir='ltr'>Sed</span> <span class='ocrx_word' id='word_1_226' title='bbox 525 1793 600 1829; x_wconf 91' lang='lat' dir='ltr'>hoc</span> <span class='ocrx_word' id='word_1_227' title='bbox 628 1800 683 1829; x_wconf 91' lang='lat' dir='ltr'>est</span> <span class='ocrx_word' id='word_1_228' title='bbox 711 1792 962 1841; x_wconf 73' lang='lat' dir='ltr'>impossibile.¹</span> <span class='ocrx_word' id='word_1_229' title='bbox 992 1793 1154 1842; x_wconf 90' lang='lat' dir='ltr'>Oportet</span> <span class='ocrx_word' id='word_1_230' title='bbox 1182 1793 1304 1841; x_wconf 93' lang='lat' dir='ltr'>enim,</span> <span class='ocrx_word' id='word_1_231' title='bbox 1343 1794 1391 1831; x_wconf 94' lang='lat' dir='ltr'>ad</span> 
     </span>
     <span class='ocr_line' id='line_1_39' title="bbox 325 1845 1391 1895; baseline 0 -12"><span class='ocrx_word' id='word_1_232' title='bbox 325 1847 399 1883; x_wconf 90' lang='lat' dir='ltr'>hoc</span> <span class='ocrx_word' id='word_1_233' title='bbox 428 1845 532 1895; x_wconf 92' lang='lat' dir='ltr'>quod</span> <span class='ocrx_word' id='word_1_234' title='bbox 560 1845 700 1894; x_wconf 90' lang='lat' dir='ltr'>aliquid</span> <span class='ocrx_word' id='word_1_235' title='bbox 723 1845 868 1883; x_wconf 89' lang='lat' dir='ltr'>dicatur</span> <span class='ocrx_word' id='word_1_236' title='bbox 896 1846 1036 1894; x_wconf 90' lang='lat' dir='ltr'>augeri,</span> <span class='ocrx_word' id='word_1_237' title='bbox 1064 1846 1170 1895; x_wconf 93' lang='lat' dir='ltr'>quod</span> <span class='ocrx_word' id='word_1_238' title='bbox 1198 1847 1391 1884; x_wconf 81' lang='lat' dir='ltr'>salventur</span> 
     </span>
     <span class='ocr_line' id='line_1_40' title="bbox 327 1898 1392 1947; baseline 0.001 -12"><span class='ocrx_word' id='word_1_239' title='bbox 327 1912 371 1936; x_wconf 90' lang='lat' dir='ltr'>ea</span> <span class='ocrx_word' id='word_1_240' title='bbox 399 1911 497 1947; x_wconf 92' lang='lat' dir='ltr'>quae</span> <span class='ocrx_word' id='word_1_241' title='bbox 531 1906 618 1936; x_wconf 89' lang='lat' dir='ltr'>sunt</span> <span class='ocrx_word' id='word_1_242' title='bbox 655 1898 701 1936; x_wconf 92' lang='lat' dir='ltr'>de</span> <span class='ocrx_word' id='word_1_243' title='bbox 732 1899 875 1936; x_wconf 88' lang='lat' dir='ltr'>ratione</span> <span class='ocrx_word' id='word_1_244' title='bbox 911 1899 991 1936; x_wconf 90' lang='lat' dir='ltr'>eius</span> <span class='ocrx_word' id='word_1_245' title='bbox 1028 1899 1132 1947; x_wconf 86' lang='lat' dir='ltr'>quod</span> <span class='ocrx_word' id='word_1_246' title='bbox 1170 1907 1328 1947; x_wconf 89' lang='lat' dir='ltr'>augetur</span> <span class='ocrx_word' id='word_1_247' title='bbox 1356 1907 1392 1936; x_wconf 92' lang='lat' dir='ltr'>et</span> 
     </span>
     <span class='ocr_line' id='line_1_41' title="bbox 327 1951 1390 2001; baseline 0 -12"><span class='ocrx_word' id='word_1_248' title='bbox 327 1951 567 1990; x_wconf 90' lang='lat' dir='ltr'>deminuitur.</span> <span class='ocrx_word' id='word_1_249' title='bbox 590 1952 701 1998; x_wconf 87' lang='lat' dir='ltr'>Quae</span> <span class='ocrx_word' id='word_1_250' title='bbox 730 1952 884 2001; x_wconf 87' lang='lat' dir='ltr'>quidem</span> <span class='ocrx_word' id='word_1_251' title='bbox 904 1960 991 1989; x_wconf 92' lang='lat' dir='ltr'>sunt</span> <span class='ocrx_word' id='word_1_252' title='bbox 1018 1952 1096 1989; x_wconf 90' lang='lat' dir='ltr'>tria.</span> <span class='ocrx_word' id='word_1_253' title='bbox 1119 1953 1296 1998; x_wconf 89' lang='lat' dir='ltr'>Quorum</span> <span class='ocrx_word' id='word_1_254' title='bbox 1316 1952 1390 2001; x_wconf 91' lang='lat' dir='ltr'>pri-</span> 
     </span>
     <span class='ocr_line' id='line_1_42' title="bbox 326 2004 1391 2054; baseline 0 -12"><span class='ocrx_word' id='word_1_255' title='bbox 326 2018 434 2042; x_wconf 91' lang='lat' dir='ltr'>mum</span> <span class='ocrx_word' id='word_1_256' title='bbox 454 2012 520 2052; x_wconf 90' lang='lat' dir='ltr'>est,</span> <span class='ocrx_word' id='word_1_257' title='bbox 537 2004 643 2052; x_wconf 92' lang='lat' dir='ltr'>quod</span> <span class='ocrx_word' id='word_1_258' title='bbox 662 2005 775 2042; x_wconf 88' lang='lat' dir='ltr'>etiarn</span> <span class='ocrx_word' id='word_1_259' title='bbox 796 2017 909 2054; x_wconf 88' lang='lat' dir='ltr'>supra</span> <span class='ocrx_word' id='word_1_260' title='bbox 923 2005 966 2026; x_wconf 74' lang='lat'>*¹</span> <span class='ocrx_word' id='word_1_261' title='bbox 984 2005 1152 2054; x_wconf 89' lang='lat' dir='ltr'>positum</span> <span class='ocrx_word' id='word_1_262' title='bbox 1169 2013 1234 2052; x_wconf 90' lang='lat' dir='ltr'>est,</span> <span class='ocrx_word' id='word_1_263' title='bbox 1251 2005 1391 2043; x_wconf 91' lang='lat' dir='ltr'>scilicet</span> 
     </span>
     <span class='ocr_line' id='line_1_43' title="bbox 327 2054 1389 2108; baseline 0.001 -14"><span class='ocrx_word' id='word_1_264' title='bbox 327 2058 431 2107; x_wconf 93' lang='lat' dir='ltr'>quod</span> <span class='ocrx_word' id='word_1_265' title='bbox 452 2058 640 2107; x_wconf 90' lang='lat' dir='ltr'>quaelibet</span> <span class='ocrx_word' id='word_1_266' title='bbox 671 2071 759 2107; x_wconf 88' lang='lat' dir='ltr'>pars</span> <span class='ocrx_word' id='word_1_267' title='bbox 787 2058 1056 2106; x_wconf 86' lang='lat' dir='ltr'>magnitudinis</span> <span class='ocrx_word' id='word_1_268' title='bbox 1084 2071 1181 2108; x_wconf 90' lang='lat' dir='ltr'>quae</span> <span class='ocrx_word' id='word_1_269' title='bbox 1203 2054 1389 2107; x_wconf 86' lang='lat' dir='ltr'>augetur,</span> 
     </span>
     <span class='ocr_line' id='line_1_44' title="bbox 326 2111 1391 2160; baseline 0 -12"><span class='ocrx_word' id='word_1_270' title='bbox 326 2112 393 2148; x_wconf 91' lang='lat' dir='ltr'>fiat</span> <span class='ocrx_word' id='word_1_271' title='bbox 411 2111 548 2157; x_wconf 90' lang='lat' dir='ltr'>maior;</span> <span class='ocrx_word' id='word_1_272' title='bbox 577 2119 680 2159; x_wconf 88' lang='lat' dir='ltr'>puta,</span> <span class='ocrx_word' id='word_1_273' title='bbox 702 2111 733 2148; x_wconf 91' lang='lat' dir='ltr'>si</span> <span class='ocrx_word' id='word_1_274' title='bbox 763 2124 850 2148; x_wconf 90' lang='lat' dir='ltr'>caro</span> <span class='ocrx_word' id='word_1_275' title='bbox 876 2119 1044 2159; x_wconf 88' lang='lat' dir='ltr'>augetur,</span> <span class='ocrx_word' id='word_1_276' title='bbox 1066 2112 1171 2160; x_wconf 93' lang='lat' dir='ltr'>quod</span> <span class='ocrx_word' id='word_1_277' title='bbox 1199 2111 1391 2160; x_wconf 87' lang='lat' dir='ltr'>quaelibet</span> 
     </span>
     <span class='ocr_line' id='line_1_45' title="bbox 325 2163 1390 2214; baseline 0.001 -14"><span class='ocrx_word' id='word_1_278' title='bbox 325 2177 413 2214; x_wconf 90' lang='lat' dir='ltr'>pars</span> <span class='ocrx_word' id='word_1_279' title='bbox 447 2164 568 2200; x_wconf 87' lang='lat' dir='ltr'>carnis</span> <span class='ocrx_word' id='word_1_280' title='bbox 601 2164 643 2201; x_wconf 89' lang='lat' dir='ltr'>fit</span> <span class='ocrx_word' id='word_1_281' title='bbox 671 2163 804 2201; x_wconf 87' lang='lat' dir='ltr'>maior.</span> <span class='ocrx_word' id='word_1_282' title='bbox 837 2164 1058 2201; x_wconf 91' lang='lat' dir='ltr'>Secundum</span> <span class='ocrx_word' id='word_1_283' title='bbox 1088 2165 1200 2202; x_wconf 90' lang='lat' dir='ltr'>etiam</span> <span class='ocrx_word' id='word_1_284' title='bbox 1229 2177 1344 2213; x_wconf 87' lang='lat' dir='ltr'>supra</span> <span class='ocrx_word' id='word_1_285' title='bbox 1370 2165 1390 2187; x_wconf 79' lang='lat'>’¹‘</span> 
     </span>
     <span class='ocr_line' id='line_1_46' title="bbox 324 2217 1388 2267; baseline 0 -13"><span class='ocrx_word' id='word_1_286' title='bbox 324 2217 492 2267; x_wconf 90' lang='lat' dir='ltr'>positum</span> <span class='ocrx_word' id='word_1_287' title='bbox 523 2225 589 2264; x_wconf 90' lang='lat' dir='ltr'>est,</span> <span class='ocrx_word' id='word_1_288' title='bbox 615 2217 750 2254; x_wconf 90' lang='lat' dir='ltr'>scilicet</span> <span class='ocrx_word' id='word_1_289' title='bbox 778 2217 883 2266; x_wconf 91' lang='lat' dir='ltr'>quod</span> <span class='ocrx_word' id='word_1_290' title='bbox 911 2217 1038 2267; x_wconf 90' lang='lat' dir='ltr'>aliquo</span> <span class='ocrx_word' id='word_1_291' title='bbox 1069 2217 1295 2255; x_wconf 89' lang='lat' dir='ltr'>adveniente</span> <span class='ocrx_word' id='word_1_292' title='bbox 1325 2217 1388 2254; x_wconf 89' lang='lat' dir='ltr'>ali-</span> 
     </span>
     <span class='ocr_line' id='line_1_47' title="bbox 326 2270 1391 2319; baseline 0.001 -13"><span class='ocrx_word' id='word_1_293' title='bbox 326 2270 418 2319; x_wconf 92' lang='lat' dir='ltr'>quid</span> <span class='ocrx_word' id='word_1_294' title='bbox 437 2277 603 2318; x_wconf 84' lang='lat' dir='ltr'>augetur.</span> <span class='ocrx_word' id='word_1_295' title='bbox 625 2270 797 2307; x_wconf 92' lang='lat' dir='ltr'>Tertium</span> <span class='ocrx_word' id='word_1_296' title='bbox 817 2277 944 2307; x_wconf 87' lang='lat' dir='ltr'>autem</span> <span class='ocrx_word' id='word_1_297' title='bbox 965 2278 1021 2307; x_wconf 89' lang='lat' dir='ltr'>est</span> <span class='ocrx_word' id='word_1_298' title='bbox 1040 2271 1145 2319; x_wconf 94' lang='lat' dir='ltr'>quod</span> <span class='ocrx_word' id='word_1_299' title='bbox 1164 2283 1266 2307; x_wconf 91' lang='lat' dir='ltr'>nunc</span> <span class='ocrx_word' id='word_1_300' title='bbox 1284 2271 1391 2319; x_wconf 91' lang='lat' dir='ltr'>ponit</span> 
     </span>
     <span class='ocr_line' id='line_1_48' title="bbox 327 2321 1390 2373; baseline 0.001 -14"><span class='ocrx_word' id='word_1_301' title='bbox 327 2323 374 2360; x_wconf 94' lang='lat' dir='ltr'>de</span> <span class='ocrx_word' id='word_1_302' title='bbox 394 2336 497 2360; x_wconf 90' lang='lat' dir='ltr'>novo</span> <span class='ocrx_word' id='word_1_303' title='bbox 514 2321 536 2370; x_wconf 61' lang='grc' dir='ltr'>λ,</span> <span class='ocrx_word' id='word_1_304' title='bbox 557 2330 599 2359; x_wconf 94' lang='lat' dir='ltr'>ut</span> <span class='ocrx_word' id='word_1_305' title='bbox 618 2323 756 2360; x_wconf 90' lang='lat' dir='ltr'>scilicet</span> <span class='ocrx_word' id='word_1_306' title='bbox 783 2323 872 2360; x_wconf 87' lang='lat' dir='ltr'>illud</span> <span class='ocrx_word' id='word_1_307' title='bbox 901 2323 1005 2373; x_wconf 92' lang='lat' dir='ltr'>quod</span> <span class='ocrx_word' id='word_1_308' title='bbox 1033 2331 1202 2372; x_wconf 89' lang='lat' dir='ltr'>augetur,</span> <span class='ocrx_word' id='word_1_309' title='bbox 1223 2324 1390 2361; x_wconf 88' lang='lat' dir='ltr'>salvetur</span> 
     </span>
     <span class='ocr_line' id='line_1_49' title="bbox 327 2376 1388 2425; baseline 0.002 -13"><span class='ocrx_word' id='word_1_310' title='bbox 327 2384 362 2413; x_wconf 93' lang='lat' dir='ltr'>et</span> <span class='ocrx_word' id='word_1_311' title='bbox 388 2383 611 2425; x_wconf 89' lang='lat' dir='ltr'>permaneat</span> <span class='ocrx_word' id='word_1_312' title='bbox 637 2377 676 2412; x_wconf 93' lang='lat' dir='ltr'>in</span> <span class='ocrx_word' id='word_1_313' title='bbox 704 2389 774 2413; x_wconf 91' lang='lat' dir='ltr'>suo</span> <span class='ocrx_word' id='word_1_314' title='bbox 804 2389 897 2413; x_wconf 90' lang='lat' dir='ltr'>esse.</span> <span class='ocrx_word' id='word_1_315' title='bbox 933 2376 1034 2423; x_wconf 89' lang='lat' dir='ltr'>Quia</span> <span class='ocrx_word' id='word_1_316' title='bbox 1067 2377 1168 2413; x_wconf 92' lang='lat' dir='ltr'>enim</span> <span class='ocrx_word' id='word_1_317' title='bbox 1197 2377 1388 2425; x_wconf 90' lang='lat' dir='ltr'>generatio</span> 
     </span>
     <span class='ocr_line' id='line_1_50' title="bbox 327 2429 1388 2477; baseline 0.002 -12"><span class='ocrx_word' id='word_1_318' title='bbox 327 2436 363 2465; x_wconf 91' lang='lat' dir='ltr'>et</span> <span class='ocrx_word' id='word_1_319' title='bbox 391 2429 580 2477; x_wconf 90' lang='lat' dir='ltr'>corruptio</span> <span class='ocrx_word' id='word_1_320' title='bbox 610 2436 697 2466; x_wconf 92' lang='lat' dir='ltr'>sunt</span> <span class='ocrx_word' id='word_1_321' title='bbox 724 2429 1057 2466; x_wconf 90' lang='lat' dir='ltr'>transmutationes</span> <span class='ocrx_word' id='word_1_322' title='bbox 1091 2429 1189 2467; x_wconf 91' lang='lat' dir='ltr'>circa</span> <span class='ocrx_word' id='word_1_323' title='bbox 1216 2430 1388 2468; x_wconf 86' lang='lat' dir='ltr'>substan-</span> 
     </span>
     <span class='ocr_line' id='line_1_51' title="bbox 326 2482 1389 2531; baseline 0.001 -13"><span class='ocrx_word' id='word_1_324' title='bbox 326 2482 429 2530; x_wconf 90' lang='lat' dir='ltr'>tiam,</span> <span class='ocrx_word' id='word_1_325' title='bbox 460 2494 547 2519; x_wconf 90' lang='lat' dir='ltr'>cum</span> <span class='ocrx_word' id='word_1_326' title='bbox 575 2482 794 2531; x_wconf 90' lang='lat' dir='ltr'>simpliciter</span> <span class='ocrx_word' id='word_1_327' title='bbox 822 2482 962 2531; x_wconf 92' lang='lat' dir='ltr'>aliquid</span> <span class='ocrx_word' id='word_1_328' title='bbox 990 2490 1190 2530; x_wconf 88' lang='lat' dir='ltr'>generatur</span> <span class='ocrx_word' id='word_1_329' title='bbox 1216 2483 1278 2519; x_wconf 91' lang='lat' dir='ltr'>vel</span> <span class='ocrx_word' id='word_1_330' title='bbox 1308 2495 1389 2520; x_wconf 93' lang='lat' dir='ltr'>cor-</span> 
     </span>
     <span class='ocr_line' id='line_1_52' title="bbox 327 2535 1388 2584; baseline 0.001 -13"><span class='ocrx_word' id='word_1_331' title='bbox 327 2535 524 2583; x_wconf 89' lang='lat' dir='ltr'>rumpitur,</span> <span class='ocrx_word' id='word_1_332' title='bbox 541 2547 619 2572; x_wconf 90' lang='lat' dir='ltr'>non</span> <span class='ocrx_word' id='word_1_333' title='bbox 639 2542 838 2584; x_wconf 87' lang='lat' dir='ltr'>permanet</span> <span class='ocrx_word' id='word_1_334' title='bbox 857 2535 936 2572; x_wconf 93' lang='lat' dir='ltr'>eius</span> <span class='ocrx_word' id='word_1_335' title='bbox 957 2535 1175 2572; x_wconf 89' lang='lat' dir='ltr'>substantia.</span> <span class='ocrx_word' id='word_1_336' title='bbox 1198 2535 1275 2572; x_wconf 89' lang='lat' dir='ltr'>Sed</span> <span class='ocrx_word' id='word_1_337' title='bbox 1294 2536 1388 2572; x_wconf 89' lang='lat' dir='ltr'>aliae</span> 
     </span>
     <span class='ocr_line' id='line_1_53' title="bbox 327 2587 1388 2635; baseline 0.001 -11"><span class='ocrx_word' id='word_1_338' title='bbox 327 2588 555 2625; x_wconf 91' lang='lat' dir='ltr'>mutationes</span> <span class='ocrx_word' id='word_1_339' title='bbox 583 2600 662 2624; x_wconf 91' lang='lat' dir='ltr'>non</span> <span class='ocrx_word' id='word_1_340' title='bbox 680 2595 766 2624; x_wconf 91' lang='lat' dir='ltr'>sunt</span> <span class='ocrx_word' id='word_1_341' title='bbox 795 2587 892 2624; x_wconf 88' lang='lat' dir='ltr'>circa</span> <span class='ocrx_word' id='word_1_342' title='bbox 912 2587 1173 2635; x_wconf 86' lang='lat' dir='ltr'>substantiam,</span> <span class='ocrx_word' id='word_1_343' title='bbox 1195 2589 1262 2626; x_wconf 92' lang='lat' dir='ltr'>sed</span> <span class='ocrx_word' id='word_1_344' title='bbox 1292 2588 1388 2625; x_wconf 92' lang='lat' dir='ltr'>circa</span> 
     </span>
     <span class='ocr_line' id='line_1_54' title="bbox 329 2640 1388 2689; baseline 0.001 -12"><span class='ocrx_word' id='word_1_345' title='bbox 329 2653 373 2678; x_wconf 89' lang='lat' dir='ltr'>ea</span> <span class='ocrx_word' id='word_1_346' title='bbox 400 2653 499 2688; x_wconf 91' lang='lat' dir='ltr'>quae</span> <span class='ocrx_word' id='word_1_347' title='bbox 519 2640 727 2677; x_wconf 91' lang='lat' dir='ltr'>adveniunt</span> <span class='ocrx_word' id='word_1_348' title='bbox 746 2641 973 2677; x_wconf 90' lang='lat' dir='ltr'>substantiae</span> <span class='ocrx_word' id='word_1_349' title='bbox 988 2647 1018 2688; x_wconf 61' lang='grc' dir='ltr'>μ,</span> <span class='ocrx_word' id='word_1_350' title='bbox 1040 2648 1131 2689; x_wconf 92' lang='lat' dir='ltr'>puta</span> <span class='ocrx_word' id='word_1_351' title='bbox 1151 2641 1249 2677; x_wconf 91' lang='lat' dir='ltr'>circa</span> <span class='ocrx_word' id='word_1_352' title='bbox 1269 2653 1388 2689; x_wconf 91' lang='lat' dir='ltr'>quan-</span> 
     </span>
     <span class='ocr_line' id='line_1_55' title="bbox 327 2693 1388 2742; baseline 0 -12"><span class='ocrx_word' id='word_1_353' title='bbox 327 2693 470 2730; x_wconf 90' lang='lat' dir='ltr'>titatem</span> <span class='ocrx_word' id='word_1_354' title='bbox 500 2700 563 2730; x_wconf 89' lang='lat' dir='ltr'>aut</span> <span class='ocrx_word' id='word_1_355' title='bbox 581 2693 817 2742; x_wconf 87' lang='lat' dir='ltr'>qualitatem:</span> <span class='ocrx_word' id='word_1_356' title='bbox 849 2701 884 2730; x_wconf 92' lang='lat' dir='ltr'>et</span> <span class='ocrx_word' id='word_1_357' title='bbox 908 2693 1006 2740; x_wconf 86' lang='lat' dir='ltr'>ideo,</span> <span class='ocrx_word' id='word_1_358' title='bbox 1029 2706 1116 2730; x_wconf 92' lang='lat' dir='ltr'>cum</span> <span class='ocrx_word' id='word_1_359' title='bbox 1137 2693 1280 2742; x_wconf 90' lang='lat' dir='ltr'>aliquid</span> <span class='ocrx_word' id='word_1_360' title='bbox 1300 2695 1388 2731; x_wconf 91' lang='lat' dir='ltr'>alte-</span> 
     </span>
     <span class='ocr_line' id='line_1_56' title="bbox 327 2746 1387 2794; baseline 0 -10"><span class='ocrx_word' id='word_1_361' title='bbox 327 2754 448 2794; x_wconf 91' lang='lat' dir='ltr'>ratur,</span> <span class='ocrx_word' id='word_1_362' title='bbox 478 2759 546 2782; x_wconf 91' lang='lat' dir='ltr'>seu</span> <span class='ocrx_word' id='word_1_363' title='bbox 572 2754 734 2794; x_wconf 76' lang='lat' dir='ltr'>‚augetur</span> <span class='ocrx_word' id='word_1_364' title='bbox 760 2746 822 2783; x_wconf 92' lang='lat' dir='ltr'>vel</span> <span class='ocrx_word' id='word_1_365' title='bbox 851 2746 1099 2794; x_wconf 90' lang='lat' dir='ltr'>deminuitur,</span> <span class='ocrx_word' id='word_1_366' title='bbox 1129 2754 1259 2783; x_wconf 89' lang='lat' dir='ltr'>manet</span> <span class='ocrx_word' id='word_1_367' title='bbox 1285 2747 1387 2784; x_wconf 88' lang='lat' dir='ltr'>idern</span> 
     </span>
     <span class='ocr_line' id='line_1_57' title="bbox 327 2799 1388 2848; baseline 0 -12"><span class='ocrx_word' id='word_1_368' title='bbox 327 2811 488 2836; x_wconf 91' lang='lat' dir='ltr'>numero</span> <span class='ocrx_word' id='word_1_369' title='bbox 518 2799 730 2836; x_wconf 90' lang='lat' dir='ltr'>secundum</span> <span class='ocrx_word' id='word_1_370' title='bbox 755 2799 1004 2836; x_wconf 86' lang='lat' dir='ltr'>substantiam</span> <span class='ocrx_word' id='word_1_371' title='bbox 1033 2800 1137 2848; x_wconf 91' lang='lat' dir='ltr'>quod</span> <span class='ocrx_word' id='word_1_372' title='bbox 1166 2807 1323 2847; x_wconf 88' lang='lat' dir='ltr'>augetur</span> <span class='ocrx_word' id='word_1_373' title='bbox 1351 2807 1388 2837; x_wconf 91' lang='lat' dir='ltr'>et</span> 
     </span>
     <span class='ocr_line' id='line_1_58' title="bbox 327 2851 1385 2901; baseline 0 -12"><span class='ocrx_word' id='word_1_374' title='bbox 327 2852 502 2889; x_wconf 87' lang='lat' dir='ltr'>alteratur</span> <span class='ocrx_word' id='word_1_375' title='bbox 521 2858 543 2900; x_wconf 73' lang='lat'>⁹,</span> <span class='ocrx_word' id='word_1_376' title='bbox 574 2852 641 2889; x_wconf 90' lang='lat' dir='ltr'>sed</span> <span class='ocrx_word' id='word_1_377' title='bbox 663 2852 724 2888; x_wconf 83' lang='lat' dir='ltr'>hic</span> <span class='ocrx_word' id='word_1_378' title='bbox 742 2851 908 2900; x_wconf 89' lang='lat' dir='ltr'>quidem,</span> <span class='ocrx_word' id='word_1_379' title='bbox 929 2852 1067 2889; x_wconf 90' lang='lat' dir='ltr'>scilicet</span> <span class='ocrx_word' id='word_1_380' title='bbox 1090 2852 1128 2889; x_wconf 93' lang='lat' dir='ltr'>in</span> <span class='ocrx_word' id='word_1_381' title='bbox 1156 2853 1385 2901; x_wconf 85' lang='lat' dir='ltr'>alteratione,</span> 
     </span>
     <span class='ocr_line' id='line_1_59' title="bbox 327 2905 1386 2954; baseline 0 -12"><span class='ocrx_word' id='word_1_382' title='bbox 327 2918 405 2942; x_wconf 91' lang='lat' dir='ltr'>non</span> <span class='ocrx_word' id='word_1_383' title='bbox 432 2913 560 2942; x_wconf 90' lang='lat' dir='ltr'>manet</span> <span class='ocrx_word' id='word_1_384' title='bbox 588 2905 723 2942; x_wconf 89' lang='lat' dir='ltr'>eadem</span> <span class='ocrx_word' id='word_1_385' title='bbox 751 2905 890 2954; x_wconf 91' lang='lat' dir='ltr'>passio,</span> <span class='ocrx_word' id='word_1_386' title='bbox 912 2906 979 2942; x_wconf 59' lang='lat' dir='ltr'>&gt;hic</span> <span class='ocrx_word' id='word_1_387' title='bbox 1011 2913 1151 2952; x_wconf 89' lang='lat' dir='ltr'>autem,</span> <span class='ocrx_word' id='word_1_388' title='bbox 1181 2905 1319 2942; x_wconf 92' lang='lat' dir='ltr'>scilicet</span> <span class='ocrx_word' id='word_1_389' title='bbox 1347 2906 1386 2943; x_wconf 91' lang='lat' dir='ltr'>in</span> 
     </span>
    </p>
   </div>
   <div class='ocr_carea' id='block_1_12' title="bbox 325 3027 1390 3656">
    <p class='ocr_par' dir='ltr' id='par_1_14' title="bbox 325 3027 1387 3164">
     <span class='ocr_line' id='line_1_60' title="bbox 380 3027 1385 3061; baseline -0.001 -8"><span class='ocrx_word' id='word_1_390' title='bbox 380 3029 397 3061; x_wconf 94' lang='grc' dir='ltr'>ι)</span> <span class='ocrx_word' id='word_1_391' title='bbox 417 3035 483 3061; x_wconf 85' lang='lat' dir='ltr'>quae</span> <span class='ocrx_word' id='word_1_392' title='bbox 501 3028 685 3053; x_wconf 82' lang='lat' dir='ltr'>contrariatur</span> <span class='ocrx_word' id='word_1_393' title='bbox 702 3028 767 3057; x_wconf 88' lang='lat' dir='ltr'>aeri,</span> <span class='ocrx_word' id='word_1_394' title='bbox 782 3027 891 3052; x_wconf 84' lang='lat' dir='ltr'>scilicet.</span> <span class='ocrx_word' id='word_1_395' title='bbox 903 3042 920 3046; x_wconf 98' lang='lat'><em>-</em></span> <span class='ocrx_word' id='word_1_396' title='bbox 934 3028 990 3052; x_wconf 85' lang='lat' dir='ltr'>Hoc</span> <span class='ocrx_word' id='word_1_397' title='bbox 1008 3036 1061 3052; x_wconf 91' lang='lat' dir='ltr'>om.</span> <span class='ocrx_word' id='word_1_398' title='bbox 1078 3029 1161 3057; x_wconf 82' lang='lat' dir='ltr'>PCab,</span> <span class='ocrx_word' id='word_1_399' title='bbox 1177 3034 1202 3052; x_wconf 84' lang='lat' dir='ltr'>et</span> <span class='ocrx_word' id='word_1_400' title='bbox 1216 3034 1385 3060; x_wconf 82' lang='lat' dir='ltr'>transponunt</span> 
     </span>
     <span class='ocr_line' id='line_1_61' title="bbox 325 3062 1385 3105; baseline -0.001 -17"><span class='ocrx_word' id='word_1_401' title='bbox 325 3064 406 3088; x_wconf 85' lang='lat' dir='ltr'>calidi</span> <span class='ocrx_word' id='word_1_402' title='bbox 424 3067 450 3088; x_wconf 86' lang='lat' dir='ltr'>et</span> <span class='ocrx_word' id='word_1_403' title='bbox 465 3063 580 3105; x_wconf 55' lang='lat' dir='ltr'>srigidss</span> <span class='ocrx_word' id='word_1_404' title='bbox 599 3063 752 3095; x_wconf 84' lang='lat' dir='ltr'>adoptamus</span> <span class='ocrx_word' id='word_1_405' title='bbox 777 3063 914 3087; x_wconf 84' lang='lat' dir='ltr'>lectionem</span> <span class='ocrx_word' id='word_1_406' title='bbox 932 3064 963 3093; x_wconf 85' lang='lat' dir='ltr'>A,</span> <span class='ocrx_word' id='word_1_407' title='bbox 977 3064 1036 3095; x_wconf 89' lang='lat' dir='ltr'>quia</span> <span class='ocrx_word' id='word_1_408' title='bbox 1056 3063 1163 3096; x_wconf 86' lang='lat' dir='ltr'>explicat</span> <span class='ocrx_word' id='word_1_409' title='bbox 1186 3068 1285 3088; x_wconf 84' lang='lat' dir='ltr'>textum</span> <span class='ocrx_word' id='word_1_410' title='bbox 1304 3062 1385 3096; x_wconf 76' lang='grc' dir='ltr'>φθορὰ</span> 
     </span>
     <span class='ocr_line' id='line_1_62' title="bbox 326 3096 1387 3131; baseline 0.001 -9"><span class='ocrx_word' id='word_1_411' title='bbox 326 3096 353 3122; x_wconf 76' lang='grc' dir='ltr'>’δὲ</span> <span class='ocrx_word' id='word_1_412' title='bbox 372 3100 420 3123; x_wconf 81' lang='grc' dir='ltr'>τοῦ·</span> <span class='ocrx_word' id='word_1_413' title='bbox 434 3096 556 3123; x_wconf 81' lang='grc' dir='ltr'><strong>ἐναντιου.</strong></span> <span class='ocrx_word' id='word_1_414' title='bbox 570 3112 588 3117; x_wconf 89' lang='lat'>-</span> <span class='ocrx_word' id='word_1_415' title='bbox 602 3099 640 3122; x_wconf 89' lang='lat' dir='ltr'>Ca</span> <span class='ocrx_word' id='word_1_416' title='bbox 654 3106 707 3122; x_wconf 84' lang='lat' dir='ltr'>orn.</span> <span class='ocrx_word' id='word_1_417' title='bbox 722 3105 802 3130; x_wconf 84' lang='lat' dir='ltr'>neque</span> <span class='ocrx_word' id='word_1_418' title='bbox 818 3098 921 3123; x_wconf 72' lang='lat' dir='ltr'>aeris„-</span> <span class='ocrx_word' id='word_1_419' title='bbox 937 3099 976 3123; x_wconf 82' lang='lat' dir='ltr'>vel</span> <span class='ocrx_word' id='word_1_420' title='bbox 990 3099 1042 3123; x_wconf 86' lang='lat' dir='ltr'>erit</span> <span class='ocrx_word' id='word_1_421' title='bbox 1053 3099 1251 3131; x_wconf 84' lang='lat' dir='ltr'>augmentatio,·</span> <span class='ocrx_word' id='word_1_422' title='bbox 1269 3106 1317 3131; x_wconf 89' lang='lat' dir='ltr'>pro</span> <span class='ocrx_word' id='word_1_423' title='bbox 1333 3099 1387 3123; x_wconf 85' lang='lat' dir='ltr'>Sed</span> 
     </span>
     <span class='ocr_line' id='line_1_63' title="bbox 327 3133 1167 3164; baseline 0 -6"><span class='ocrx_word' id='word_1_424' title='bbox 327 3141 374 3159; x_wconf 88' lang='lat' dir='ltr'>nec</span> <span class='ocrx_word' id='word_1_425' title='bbox 392 3134 478 3162; x_wconf 81' lang='lat' dir='ltr'>ullius,</span> <span class='ocrx_word' id='word_1_426' title='bbox 494 3133 549 3158; x_wconf 87' lang='lat' dir='ltr'>Sed</span> <span class='ocrx_word' id='word_1_427' title='bbox 566 3133 646 3158; x_wconf 87' lang='lat' dir='ltr'>etiam</span> <span class='ocrx_word' id='word_1_428' title='bbox 666 3133 763 3158; x_wconf 83' lang='lat' dir='ltr'>nullius</span> <span class='ocrx_word' id='word_1_429' title='bbox 781 3134 812 3164; x_wconf 86' lang='lat' dir='ltr'>A,</span> <span class='ocrx_word' id='word_1_430' title='bbox 832 3133 887 3158; x_wconf 89' lang='lat' dir='ltr'>Sed</span> <span class='ocrx_word' id='word_1_431' title='bbox 905 3140 952 3158; x_wconf 89' lang='lat' dir='ltr'>nec</span> <span class='ocrx_word' id='word_1_432' title='bbox 970 3134 1068 3158; x_wconf 82' lang='lat' dir='ltr'>nullius</span> <span class='ocrx_word' id='word_1_433' title='bbox 1087 3135 1127 3158; x_wconf 90' lang='lat' dir='ltr'>ed.</span> <span class='ocrx_word' id='word_1_434' title='bbox 1143 3134 1167 3158; x_wconf 92' lang='lat' dir='ltr'>b.</span> 
     </span>
    </p>

    <p class='ocr_par' dir='ltr' id='par_1_15' title="bbox 380 3168 1386 3201">
     <span class='ocr_line' id='line_1_64' title="bbox 380 3168 1386 3201; baseline 0 -8"><span class='ocrx_word' id='word_1_435' title='bbox 380 3169 405 3201; x_wconf 86' lang='grc' dir='ltr'>κ)</span> <span class='ocrx_word' id='word_1_436' title='bbox 419 3169 489 3201; x_wconf 85' lang='lat' dir='ltr'>quod</span> <span class='ocrx_word' id='word_1_437' title='bbox 503 3169 582 3193; x_wconf 81' lang='lat' dir='ltr'>etiam</span> <span class='ocrx_word' id='word_1_438' title='bbox 595 3175 685 3200; x_wconf 84' lang='lat' dir='ltr'>supra.</span> <span class='ocrx_word' id='word_1_439' title='bbox 698 3182 717 3187; x_wconf 91' lang='lat'><em>—</em></span> <span class='ocrx_word' id='word_1_440' title='bbox 730 3171 756 3193; x_wconf 87' lang='lat' dir='ltr'>et</span> <span class='ocrx_word' id='word_1_441' title='bbox 769 3176 852 3200; x_wconf 86' lang='lat' dir='ltr'>supra</span> <span class='ocrx_word' id='word_1_442' title='bbox 866 3169 950 3193; x_wconf 84' lang='lat' dir='ltr'>PCab.</span> <span class='ocrx_word' id='word_1_443' title='bbox 967 3183 982 3187; x_wconf 99' lang='lat'><em>-</em></span> <span class='ocrx_word' id='word_1_444' title='bbox 992 3173 1061 3200; x_wconf 88' lang='lat' dir='ltr'>puta</span> <span class='ocrx_word' id='word_1_445' title='bbox 1075 3168 1176 3201; x_wconf 81' lang='lat' dir='ltr'>si...flt</span> <span class='ocrx_word' id='word_1_446' title='bbox 1189 3169 1275 3194; x_wconf 86' lang='lat' dir='ltr'>maior</span> <span class='ocrx_word' id='word_1_447' title='bbox 1288 3177 1341 3194; x_wconf 92' lang='lat' dir='ltr'>om.</span> <span class='ocrx_word' id='word_1_448' title='bbox 1355 3170 1386 3193; x_wconf 85' lang='lat' dir='ltr'>A.</span> 
     </span>
    </p>

    <p class='ocr_par' dir='ltr' id='par_1_16' title="bbox 328 3203 1386 3269">
     <span class='ocr_line' id='line_1_65' title="bbox 380 3203 1386 3236; baseline 0 -8"><span class='ocrx_word' id='word_1_449' title='bbox 380 3203 407 3236; x_wconf 84' lang='grc' dir='ltr'>λ)</span> <span class='ocrx_word' id='word_1_450' title='bbox 427 3204 497 3236; x_wconf 87' lang='lat' dir='ltr'>quod</span> <span class='ocrx_word' id='word_1_451' title='bbox 516 3211 585 3228; x_wconf 86' lang='lat' dir='ltr'>nunc</span> <span class='ocrx_word' id='word_1_452' title='bbox 599 3204 678 3235; x_wconf 89' lang='lat' dir='ltr'>ponit</span> <span class='ocrx_word' id='word_1_453' title='bbox 691 3204 723 3228; x_wconf 90' lang='lat' dir='ltr'>de</span> <span class='ocrx_word' id='word_1_454' title='bbox 738 3211 813 3228; x_wconf 84' lang='lat' dir='ltr'>novo.</span> <span class='ocrx_word' id='word_1_455' title='bbox 826 3217 844 3223; x_wconf 91' lang='lat'><em>-</em></span> <span class='ocrx_word' id='word_1_456' title='bbox 856 3204 927 3236; x_wconf 84' lang='lat' dir='ltr'>quod</span> <span class='ocrx_word' id='word_1_457' title='bbox 945 3204 1044 3229; x_wconf 83' lang='lat' dir='ltr'>scilicet</span> <span class='ocrx_word' id='word_1_458' title='bbox 1063 3211 1132 3230; x_wconf 85' lang='lat' dir='ltr'>nunc</span> <span class='ocrx_word' id='word_1_459' title='bbox 1146 3204 1260 3236; x_wconf 84' lang='lat' dir='ltr'>ponitur</span> <span class='ocrx_word' id='word_1_460' title='bbox 1272 3204 1304 3229; x_wconf 83' lang='lat' dir='ltr'>de</span> <span class='ocrx_word' id='word_1_461' title='bbox 1318 3211 1386 3229; x_wconf 77' lang='lat' dir='ltr'>novo</span> 
     </span>
     <span class='ocr_line' id='line_1_66' title="bbox 328 3239 950 3269; baseline 0 -6"><span class='ocrx_word' id='word_1_462' title='bbox 328 3239 412 3264; x_wconf 84' lang='lat' dir='ltr'>PCab.</span> <span class='ocrx_word' id='word_1_463' title='bbox 430 3253 448 3258; x_wconf 93' lang='lat'><em>-</em></span> <span class='ocrx_word' id='word_1_464' title='bbox 467 3239 516 3263; x_wconf 84' lang='lat' dir='ltr'>Pro</span> <span class='ocrx_word' id='word_1_465' title='bbox 535 3239 659 3269; x_wconf 83' lang='lat' dir='ltr'>salvetur,</span> <span class='ocrx_word' id='word_1_466' title='bbox 678 3242 848 3264; x_wconf 80' lang='lat' dir='ltr'>conservetur</span> <span class='ocrx_word' id='word_1_467' title='bbox 866 3239 950 3264; x_wconf 86' lang='lat' dir='ltr'>PCab.</span> 
     </span>
    </p>

    <p class='ocr_par' dir='ltr' id='par_1_17' title="bbox 329 3274 1387 3341">
     <span class='ocr_line' id='line_1_67' title="bbox 382 3274 1387 3307; baseline 0 -9"><span class='ocrx_word' id='word_1_468' title='bbox 382 3274 409 3307; x_wconf 81' lang='grc' dir='ltr'>μ)</span> <span class='ocrx_word' id='word_1_469' title='bbox 430 3274 484 3298; x_wconf 87' lang='lat' dir='ltr'>Sed</span> <span class='ocrx_word' id='word_1_470' title='bbox 501 3274 570 3298; x_wconf 88' lang='lat' dir='ltr'>aliae</span> <span class='ocrx_word' id='word_1_471' title='bbox 586 3274 778 3299; x_wconf 84' lang='lat' dir='ltr'>mutationes...</span> <span class='ocrx_word' id='word_1_472' title='bbox 791 3275 962 3299; x_wconf 79' lang='lat' dir='ltr'>substantiae.</span> <span class='ocrx_word' id='word_1_473' title='bbox 979 3288 998 3293; x_wconf 93' lang='lat'>-</span> <span class='ocrx_word' id='word_1_474' title='bbox 1018 3275 1073 3300; x_wconf 83' lang='lat' dir='ltr'>Hoc</span> <span class='ocrx_word' id='word_1_475' title='bbox 1087 3282 1139 3299; x_wconf 89' lang='lat' dir='ltr'>om.</span> <span class='ocrx_word' id='word_1_476' title='bbox 1154 3274 1242 3304; x_wconf 85' lang='lat' dir='ltr'>PCab,·</span> <span class='ocrx_word' id='word_1_477' title='bbox 1261 3275 1307 3300; x_wconf 89' lang='lat' dir='ltr'>sed</span> <span class='ocrx_word' id='word_1_478' title='bbox 1326 3282 1387 3299; x_wconf 85' lang='grc'><strong>5611-</strong></span> 
     </span>
     <span class='ocr_line' id='line_1_68' title="bbox 329 3309 949 3341; baseline 0.002 -8"><span class='ocrx_word' id='word_1_479' title='bbox 329 3317 388 3333; x_wconf 90' lang='lat' dir='ltr'>sum</span> <span class='ocrx_word' id='word_1_480' title='bbox 407 3309 555 3341; x_wconf 81' lang='lat' dir='ltr'>perturbant</span> <span class='ocrx_word' id='word_1_481' title='bbox 574 3314 599 3334; x_wconf 88' lang='lat' dir='ltr'>et</span> <span class='ocrx_word' id='word_1_482' title='bbox 617 3309 695 3334; x_wconf 86' lang='lat' dir='ltr'>textui</span> <span class='ocrx_word' id='word_1_483' title='bbox 714 3317 765 3333; x_wconf 89' lang='lat' dir='ltr'>non</span> <span class='ocrx_word' id='word_1_484' title='bbox 784 3309 949 3335; x_wconf 80' lang='lat' dir='ltr'>satisfaciunt.</span> 
     </span>
    </p>

    <p class='ocr_par' dir='ltr' id='par_1_18' title="bbox 329 3344 1390 3518">
     <span class='ocr_line' id='line_1_69' title="bbox 382 3344 1387 3377; baseline 0.003 -10"><span class='ocrx_word' id='word_1_485' title='bbox 382 3344 405 3376; x_wconf 90' lang='grc' dir='ltr'>ν)</span> <span class='ocrx_word' id='word_1_486' title='bbox 425 3344 495 3376; x_wconf 83' lang='lat' dir='ltr'>quod</span> <span class='ocrx_word' id='word_1_487' title='bbox 513 3348 626 3376; x_wconf 82' lang='lat' dir='ltr'>augetur</span> <span class='ocrx_word' id='word_1_488' title='bbox 645 3347 670 3369; x_wconf 90' lang='lat' dir='ltr'>et</span> <span class='ocrx_word' id='word_1_489' title='bbox 688 3345 828 3369; x_wconf 86' lang='lat' dir='ltr'>alteratur.</span> <span class='ocrx_word' id='word_1_490' title='bbox 841 3358 861 3364; x_wconf 93' lang='lat'>·-</span> <span class='ocrx_word' id='word_1_491' title='bbox 874 3346 930 3369; x_wconf 86' lang='lat' dir='ltr'>Hoc</span> <span class='ocrx_word' id='word_1_492' title='bbox 942 3353 995 3370; x_wconf 89' lang='lat' dir='ltr'>om.</span> <span class='ocrx_word' id='word_1_493' title='bbox 1011 3345 1095 3370; x_wconf 86' lang='lat' dir='ltr'>PCab.</span> <span class='ocrx_word' id='word_1_494' title='bbox 1109 3359 1127 3364; x_wconf 88' lang='lat'><em>-</em></span> <span class='ocrx_word' id='word_1_495' title='bbox 1141 3345 1191 3370; x_wconf 85' lang='lat' dir='ltr'>Pro</span> <span class='ocrx_word' id='word_1_496' title='bbox 1209 3345 1257 3370; x_wconf 77' lang='lat' dir='ltr'>sed</span> <span class='ocrx_word' id='word_1_497' title='bbox 1275 3345 1316 3370; x_wconf 87' lang='lat' dir='ltr'>hic</span> <span class='ocrx_word' id='word_1_498' title='bbox 1330 3345 1387 3377; x_wconf 84' lang='lat' dir='ltr'>qui-</span> 
     </span>
     <span class='ocr_line' id='line_1_70' title="bbox 330 3379 1388 3412; baseline 0.002 -9"><span class='ocrx_word' id='word_1_499' title='bbox 330 3379 396 3407; x_wconf 85' lang='lat' dir='ltr'>dem,</span> <span class='ocrx_word' id='word_1_500' title='bbox 415 3379 461 3403; x_wconf 77' lang='lat' dir='ltr'>sed</span> <span class='ocrx_word' id='word_1_501' title='bbox 473 3379 544 3404; x_wconf 88' lang='lat' dir='ltr'>circa</span> <span class='ocrx_word' id='word_1_502' title='bbox 563 3379 626 3411; x_wconf 83' lang='lat' dir='ltr'>quid</span> <span class='ocrx_word' id='word_1_503' title='bbox 645 3380 675 3408; x_wconf 88' lang='lat' dir='ltr'>A,</span> <span class='ocrx_word' id='word_1_504' title='bbox 688 3380 734 3404; x_wconf 87' lang='lat' dir='ltr'>sed</span> <span class='ocrx_word' id='word_1_505' title='bbox 753 3383 839 3404; x_wconf 88' lang='lat' dir='ltr'>tamen</span> <span class='ocrx_word' id='word_1_506' title='bbox 857 3380 962 3412; x_wconf 80' lang='lat' dir='ltr'>quidem</span> <span class='ocrx_word' id='word_1_507' title='bbox 982 3380 1045 3405; x_wconf 88' lang='lat' dir='ltr'>Cab.</span> <span class='ocrx_word' id='word_1_508' title='bbox 1063 3393 1081 3399; x_wconf 92' lang='lat'><em>-</em></span> <span class='ocrx_word' id='word_1_509' title='bbox 1100 3380 1151 3404; x_wconf 85' lang='lat' dir='ltr'>Pro</span> <span class='ocrx_word' id='word_1_510' title='bbox 1170 3380 1212 3405; x_wconf 88' lang='lat' dir='ltr'>hic</span> <span class='ocrx_word' id='word_1_511' title='bbox 1230 3383 1318 3405; x_wconf 88' lang='lat' dir='ltr'>autem</span> <span class='ocrx_word' id='word_1_512' title='bbox 1337 3380 1388 3405; x_wconf 78' lang='lat' dir='ltr'>sci—</span> 
     </span>
     <span class='ocr_line' id='line_1_71' title="bbox 329 3413 1387 3448; baseline 0.003 -11"><span class='ocrx_word' id='word_1_513' title='bbox 329 3413 396 3442; x_wconf 83' lang='lat' dir='ltr'>licet,</span> <span class='ocrx_word' id='word_1_514' title='bbox 417 3416 503 3438; x_wconf 86' lang='lat' dir='ltr'>tamen</span> <span class='ocrx_word' id='word_1_515' title='bbox 518 3414 548 3444; x_wconf 78' lang='lat' dir='ltr'>A,</span> <span class='ocrx_word' id='word_1_516' title='bbox 562 3414 610 3438; x_wconf 81' lang='lat' dir='ltr'>sed</span> <span class='ocrx_word' id='word_1_517' title='bbox 624 3415 711 3444; x_wconf 83' lang='lat' dir='ltr'>PCab;</span> <span class='ocrx_word' id='word_1_518' title='bbox 730 3422 789 3439; x_wconf 87' lang='lat' dir='ltr'>cum</span> <span class='ocrx_word' id='word_1_519' title='bbox 803 3423 864 3439; x_wconf 86' lang='lat' dir='ltr'>vero</span> <span class='ocrx_word' id='word_1_520' title='bbox 883 3423 930 3439; x_wconf 84' lang='lat' dir='ltr'>nec</span> <span class='ocrx_word' id='word_1_521' title='bbox 949 3418 1036 3440; x_wconf 82' lang='lat' dir='ltr'>tamen</span> <span class='ocrx_word' id='word_1_522' title='bbox 1056 3423 1103 3440; x_wconf 89' lang='lat' dir='ltr'>nec</span> <span class='ocrx_word' id='word_1_523' title='bbox 1121 3415 1168 3440; x_wconf 78' lang='lat' dir='ltr'>sed</span> <span class='ocrx_word' id='word_1_524' title='bbox 1187 3416 1263 3448; x_wconf 86' lang='lat' dir='ltr'>plene</span> <span class='ocrx_word' id='word_1_525' title='bbox 1282 3415 1313 3439; x_wconf 82' lang='lat' dir='ltr'>ad</span> <span class='ocrx_word' id='word_1_526' title='bbox 1332 3423 1387 3440; x_wconf 89' lang='lat' dir='ltr'>rem</span> 
     </span>
     <span class='ocr_line' id='line_1_72' title="bbox 331 3448 1390 3483; baseline 0.003 -11"><span class='ocrx_word' id='word_1_527' title='bbox 331 3455 390 3472; x_wconf 84' lang='lat' dir='ltr'>esse</span> <span class='ocrx_word' id='word_1_528' title='bbox 411 3448 539 3479; x_wconf 79' lang='lat' dir='ltr'>videatur,</span> <span class='ocrx_word' id='word_1_529' title='bbox 559 3449 668 3480; x_wconf 86' lang='lat' dir='ltr'>legimus</span> <span class='ocrx_word' id='word_1_530' title='bbox 689 3451 831 3474; x_wconf 86' lang='lat' dir='ltr'>secundum</span> <span class='ocrx_word' id='word_1_531' title='bbox 859 3455 970 3479; x_wconf 82' lang='lat' dir='ltr'>textum,</span> <span class='ocrx_word' id='word_1_532' title='bbox 991 3450 1056 3475; x_wconf 86' lang='lat' dir='ltr'>sicut</span> <span class='ocrx_word' id='word_1_533' title='bbox 1074 3451 1130 3482; x_wconf 77' lang='lat' dir='ltr'>ipsa</span> <span class='ocrx_word' id='word_1_534' title='bbox 1148 3451 1167 3475; x_wconf 80' lang='lat' dir='ltr'>P</span> <span class='ocrx_word' id='word_1_535' title='bbox 1187 3451 1245 3475; x_wconf 85' lang='lat' dir='ltr'>fecit</span> <span class='ocrx_word' id='word_1_536' title='bbox 1264 3458 1342 3483; x_wconf 83' lang='lat' dir='ltr'>supra</span> <span class='ocrx_word' id='word_1_537' title='bbox 1361 3455 1390 3475; x_wconf 89' lang='lat' dir='ltr'>ut</span> 
     </span>
     <span class='ocr_line' id='line_1_73' title="bbox 331 3483 1162 3518; baseline 0.004 -10"><span class='ocrx_word' id='word_1_538' title='bbox 331 3483 469 3508; x_wconf 82' lang='lat' dir='ltr'>lectionem</span> <span class='ocrx_word' id='word_1_539' title='bbox 488 3483 628 3507; x_wconf 85' lang='lat' dir='ltr'>editionum</span> <span class='ocrx_word' id='word_1_540' title='bbox 646 3485 688 3508; x_wconf 89' lang='lat' dir='ltr'>ab</span> <span class='ocrx_word' id='word_1_541' title='bbox 707 3485 857 3516; x_wconf 80' lang='lat' dir='ltr'>corrigeret,</span> <span class='ocrx_word' id='word_1_542' title='bbox 876 3485 923 3509; x_wconf 81' lang='lat' dir='ltr'>sed</span> <span class='ocrx_word' id='word_1_543' title='bbox 941 3488 1028 3510; x_wconf 88' lang='lat' dir='ltr'>tamen</span> <span class='ocrx_word' id='word_1_544' title='bbox 1048 3486 1162 3518; x_wconf 83' lang='lat' dir='ltr'>quidem.</span> 
     </span>
    </p>

    <p class='ocr_par' dir='ltr' id='par_1_19' title="bbox 332 3516 1389 3656">
     <span class='ocr_line' id='line_1_74' title="bbox 385 3516 1389 3552; baseline 0.004 -10"><span class='ocrx_word' id='word_1_545' title='bbox 385 3516 408 3550; x_wconf 76' lang='grc' dir='ltr'>Ε)</span> <span class='ocrx_word' id='word_1_546' title='bbox 428 3521 576 3550; x_wconf 83' lang='lat' dir='ltr'>augetur...</span> <span class='ocrx_word' id='word_1_547' title='bbox 590 3519 734 3544; x_wconf 84' lang='lat' dir='ltr'>recedente.</span> <span class='ocrx_word' id='word_1_548' title='bbox 752 3533 771 3538; x_wconf 84' lang='lat'>-·</span> <span class='ocrx_word' id='word_1_549' title='bbox 788 3523 933 3552; x_wconf 78' lang='lat' dir='ltr'>augeretur</span> <span class='ocrx_word' id='word_1_550' title='bbox 952 3521 1024 3545; x_wconf 88' lang='lat' dir='ltr'>nullo</span> <span class='ocrx_word' id='word_1_551' title='bbox 1047 3521 1101 3545; x_wconf 86' lang='lat' dir='ltr'>alio</span> <span class='ocrx_word' id='word_1_552' title='bbox 1124 3520 1281 3546; x_wconf 79' lang='lat' dir='ltr'>adveniente</span> <span class='ocrx_word' id='word_1_553' title='bbox 1299 3525 1325 3546; x_wconf 90' lang='lat' dir='ltr'>et</span> <span class='ocrx_word' id='word_1_554' title='bbox 1344 3521 1389 3545; x_wconf 89' lang='lat' dir='ltr'>de-</span> 
     </span>
     <span class='ocr_line' id='line_1_75' title="bbox 332 3553 1388 3586; baseline 0.004 -9"><span class='ocrx_word' id='word_1_555' title='bbox 332 3553 495 3577; x_wconf 69' lang='lat' dir='ltr'>minuet-etur</span> <span class='ocrx_word' id='word_1_556' title='bbox 514 3553 594 3577; x_wconf 85' lang='lat' dir='ltr'>nihilo</span> <span class='ocrx_word' id='word_1_557' title='bbox 619 3554 756 3579; x_wconf 82' lang='lat' dir='ltr'>recedente</span> <span class='ocrx_word' id='word_1_558' title='bbox 774 3554 864 3584; x_wconf 87' lang='lat' dir='ltr'>PCab,·</span> <span class='ocrx_word' id='word_1_559' title='bbox 883 3555 969 3579; x_wconf 82' lang='lat' dir='ltr'>statim</span> <span class='ocrx_word' id='word_1_560' title='bbox 994 3555 1069 3580; x_wconf 82' lang='lat' dir='ltr'>etiam</span> <span class='ocrx_word' id='word_1_561' title='bbox 1089 3563 1140 3580; x_wconf 88' lang='lat' dir='ltr'>non</span> <span class='ocrx_word' id='word_1_562' title='bbox 1160 3559 1280 3581; x_wconf 72' lang='lat' dir='ltr'>maneret</span> <span class='ocrx_word' id='word_1_563' title='bbox 1299 3556 1388 3586; x_wconf 85' lang='lat' dir='ltr'>PCab‚</span> 
     </span>
     <span class='ocr_line' id='line_1_76' title="bbox 332 3588 1387 3623; baseline 0.003 -11"><span class='ocrx_word' id='word_1_564' title='bbox 332 3588 447 3620; x_wconf 86' lang='lat' dir='ltr'>itemque</span> <span class='ocrx_word' id='word_1_565' title='bbox 466 3592 525 3619; x_wconf 84' lang='lat' dir='ltr'>post</span> <span class='ocrx_word' id='word_1_566' title='bbox 543 3595 693 3617; x_wconf 84' lang='lat' dir='ltr'>commune,</span> <span class='ocrx_word' id='word_1_567' title='bbox 717 3592 836 3614; x_wconf 83' lang='lat' dir='ltr'>maneret</span> <span class='ocrx_word' id='word_1_568' title='bbox 855 3590 901 3614; x_wconf 90' lang='lat' dir='ltr'>Ca.</span> <span class='ocrx_word' id='word_1_569' title='bbox 914 3603 933 3608; x_wconf 93' lang='lat'><em>-</em></span> <span class='ocrx_word' id='word_1_570' title='bbox 947 3590 996 3614; x_wconf 82' lang='lat' dir='ltr'>Pro</span> <span class='ocrx_word' id='word_1_571' title='bbox 1014 3591 1076 3622; x_wconf 88' lang='lat' dir='ltr'>quia</span> <span class='ocrx_word' id='word_1_572' title='bbox 1095 3597 1177 3623; x_wconf 83' lang='lat' dir='ltr'>neque</span> <span class='ocrx_word' id='word_1_573' title='bbox 1195 3598 1265 3623; x_wconf 81' lang='lat' dir='ltr'>aqua</span> <span class='ocrx_word' id='word_1_574' title='bbox 1285 3594 1387 3621; x_wconf 85' lang='lat' dir='ltr'>manet,</span> 
     </span>
     <span class='ocr_line' id='line_1_77' title="bbox 333 3623 1389 3656; baseline 0.004 -9"><span class='ocrx_word' id='word_1_575' title='bbox 333 3630 416 3655; x_wconf 81' lang='lat' dir='ltr'>neque</span> <span class='ocrx_word' id='word_1_576' title='bbox 434 3630 505 3654; x_wconf 85' lang='lat' dir='ltr'>aqua</span> <span class='ocrx_word' id='word_1_577' title='bbox 524 3623 572 3653; x_wconf 87' lang='lat' dir='ltr'>Pb,</span> <span class='ocrx_word' id='word_1_578' title='bbox 594 3623 662 3647; x_wconf 82' lang='lat' dir='ltr'>unde</span> <span class='ocrx_word' id='word_1_579' title='bbox 682 3630 763 3655; x_wconf 83' lang='lat' dir='ltr'>neque</span> <span class='ocrx_word' id='word_1_580' title='bbox 788 3631 858 3656; x_wconf 85' lang='lat' dir='ltr'>aqua</span> <span class='ocrx_word' id='word_1_581' title='bbox 883 3628 1001 3649; x_wconf 83' lang='lat' dir='ltr'>maneret</span> <span class='ocrx_word' id='word_1_582' title='bbox 1020 3625 1054 3656; x_wconf 90' lang='lat' dir='ltr'>C;</span> <span class='ocrx_word' id='word_1_583' title='bbox 1080 3631 1139 3650; x_wconf 88' lang='lat' dir='ltr'>sunt</span> <span class='ocrx_word' id='word_1_584' title='bbox 1163 3626 1334 3651; x_wconf 76' lang='lat' dir='ltr'>correctiones</span> <span class='ocrx_word' id='word_1_585' title='bbox 1354 3627 1389 3651; x_wconf 82' lang='lat' dir='ltr'>le-</span> 
     </span>
    </p>
   </div>
   <div class='ocr_carea' id='block_1_13' title="bbox 833 283 2002 331">
    <p class='ocr_par' dir='ltr' id='par_1_20' title="bbox 833 283 2002 331">
     <span class='ocr_line' id='line_1_78' title="bbox 833 283 2002 331; baseline -0.006 -5"><span class='ocrx_word' id='word_1_586' title='bbox 833 289 905 326; x_wconf 93' lang='lat' dir='ltr'>DE</span> <span class='ocrx_word' id='word_1_587' title='bbox 935 286 1321 325; x_wconf 89' lang='lat' dir='ltr'>GENERATIONE</span> <span class='ocrx_word' id='word_1_588' title='bbox 1350 285 1421 322; x_wconf 93' lang='lat' dir='ltr'>ET</span> <span class='ocrx_word' id='word_1_589' title='bbox 1451 283 1833 321; x_wconf 88' lang='lat' dir='ltr'><strong>CORRUPTIONE</strong></span> <span class='ocrx_word' id='word_1_590' title='bbox 1863 284 2002 331; x_wconf 39' lang='lat' dir='ltr'>LIB.‚1</span> 
     </span>
    </p>
   </div>
   <div class='ocr_carea' id='block_1_14' title="bbox 1444 361 2512 729">
    <p class='ocr_par' dir='ltr' id='par_1_21' title="bbox 1444 361 2512 729">
     <span class='ocr_line' id='line_1_79' title="bbox 1444 361 2511 410; baseline 0 -11"><span class='ocrx_word' id='word_1_591' title='bbox 1444 369 1650 410; x_wconf 89' lang='lat' dir='ltr'>augmento</span> <span class='ocrx_word' id='word_1_592' title='bbox 1680 369 1716 398; x_wconf 91' lang='lat' dir='ltr'>et</span> <span class='ocrx_word' id='word_1_593' title='bbox 1736 361 2008 408; x_wconf 89' lang='lat' dir='ltr'>deminutione,</span> <span class='ocrx_word' id='word_1_594' title='bbox 2029 373 2108 398; x_wconf 92' lang='lat' dir='ltr'>non</span> <span class='ocrx_word' id='word_1_595' title='bbox 2125 369 2255 398; x_wconf 90' lang='lat' dir='ltr'>manet</span> <span class='ocrx_word' id='word_1_596' title='bbox 2275 361 2411 399; x_wconf 90' lang='lat' dir='ltr'>eadem</span> <span class='ocrx_word' id='word_1_597' title='bbox 2430 375 2511 399; x_wconf 89' lang='lat' dir='ltr'>ma-</span> 
     </span>
     <span class='ocr_line' id='line_1_80' title="bbox 1444 414 2510 464; baseline 0.001 -13"><span class='ocrx_word' id='word_1_598' title='bbox 1444 415 1612 463; x_wconf 88' lang='lat' dir='ltr'>gnitudo,</span> <span class='ocrx_word' id='word_1_599' title='bbox 1643 414 1712 452; x_wconf 91' lang='lat' dir='ltr'>sed</span> <span class='ocrx_word' id='word_1_600' title='bbox 1739 415 1782 451; x_wconf 91' lang='lat' dir='ltr'>fit</span> <span class='ocrx_word' id='word_1_601' title='bbox 1809 415 1933 452; x_wconf 90' lang='lat' dir='ltr'>maior</span> <span class='ocrx_word' id='word_1_602' title='bbox 1955 414 2017 451; x_wconf 92' lang='lat' dir='ltr'>vel</span> <span class='ocrx_word' id='word_1_603' title='bbox 2045 414 2183 451; x_wconf 90' lang='lat' dir='ltr'>minor.</span> <span class='ocrx_word' id='word_1_604' title='bbox 2215 414 2255 451; x_wconf 93' lang='lat' dir='ltr'>Si</span> <span class='ocrx_word' id='word_1_605' title='bbox 2284 426 2373 463; x_wconf 90' lang='lat' dir='ltr'>ergo</span> <span class='ocrx_word' id='word_1_606' title='bbox 2401 427 2510 464; x_wconf 91' lang='lat' dir='ltr'>prae-</span> 
     </span>
     <span class='ocr_line' id='line_1_81' title="bbox 1446 467 2512 516; baseline 0.001 -12"><span class='ocrx_word' id='word_1_607' title='bbox 1446 467 1543 504; x_wconf 91' lang='lat' dir='ltr'>dicta</span> <span class='ocrx_word' id='word_1_608' title='bbox 1579 467 1859 515; x_wconf 86' lang='lat' dir='ltr'>transmutatio,</span> <span class='ocrx_word' id='word_1_609' title='bbox 1899 480 1974 516; x_wconf 90' lang='lat' dir='ltr'>qua</span> <span class='ocrx_word' id='word_1_610' title='bbox 2012 479 2057 504; x_wconf 88' lang='lat' dir='ltr'>ex</span> <span class='ocrx_word' id='word_1_611' title='bbox 2085 479 2186 515; x_wconf 88' lang='lat' dir='ltr'>aqua</span> <span class='ocrx_word' id='word_1_612' title='bbox 2217 467 2260 503; x_wconf 88' lang='lat' dir='ltr'>fit</span> <span class='ocrx_word' id='word_1_613' title='bbox 2293 480 2378 516; x_wconf 89' lang='lat' dir='ltr'>aer,</span> <span class='ocrx_word' id='word_1_614' title='bbox 2414 476 2512 505; x_wconf 91' lang='lat' dir='ltr'>esset</span> 
     </span>
     <span class='ocr_line' id='line_1_82' title="bbox 1445 519 2511 569; baseline 0.001 -12"><span class='ocrx_word' id='word_1_615' title='bbox 1445 520 1711 568; x_wconf 88' lang='lat' dir='ltr'>augmentatio,</span> <span class='ocrx_word' id='word_1_616' title='bbox 1733 527 1980 569; x_wconf 88' lang='lat' dir='ltr'>sequerentur</span> <span class='ocrx_word' id='word_1_617' title='bbox 1999 520 2076 557; x_wconf 94' lang='lat' dir='ltr'>duo</span> <span class='ocrx_word' id='word_1_618' title='bbox 2097 519 2283 557; x_wconf 88' lang='lat' dir='ltr'>contraria</span> <span class='ocrx_word' id='word_1_619' title='bbox 2309 521 2511 569; x_wconf 91' lang='lat' dir='ltr'>praedictis</span> 
     </span>
     <span class='ocr_line' id='line_1_83' title="bbox 1444 573 2512 623; baseline 0.001 -13"><span class='ocrx_word' id='word_1_620' title='bbox 1444 573 1708 622; x_wconf 91' lang='lat' dir='ltr'>positionibus.</span> <span class='ocrx_word' id='word_1_621' title='bbox 1748 574 1926 621; x_wconf 91' lang='lat' dir='ltr'>Quorum</span> <span class='ocrx_word' id='word_1_622' title='bbox 1965 586 2088 611; x_wconf 90' lang='lat' dir='ltr'>unum</span> <span class='ocrx_word' id='word_1_623' title='bbox 2127 581 2182 611; x_wconf 92' lang='lat' dir='ltr'>est</span> <span class='ocrx_word' id='word_1_624' title='bbox 2222 574 2327 622; x_wconf 90' lang='lat' dir='ltr'>quod</span> <span class='ocrx_word' id='word_1_625' title='bbox 2369 574 2512 623; x_wconf 91' lang='lat' dir='ltr'>aliquid</span> 
     </span>
     <span class='ocr_line' id='line_1_84' title="bbox 1446 626 2510 674; baseline 0.002 -11"><span class='ocrx_word' id='word_1_626' title='bbox 1446 633 1604 674; x_wconf 88' lang='lat' dir='ltr'>augetur</span> <span class='ocrx_word' id='word_1_627' title='bbox 1628 627 1731 663; x_wconf 91' lang='lat' dir='ltr'>nullo</span> <span class='ocrx_word' id='word_1_628' title='bbox 1759 626 1998 674; x_wconf 90' lang='lat' dir='ltr'>adveniente,</span> <span class='ocrx_word' id='word_1_629' title='bbox 2019 634 2056 664; x_wconf 90' lang='lat' dir='ltr'>et</span> <span class='ocrx_word' id='word_1_630' title='bbox 2075 627 2306 664; x_wconf 90' lang='lat' dir='ltr'>deminuitur</span> <span class='ocrx_word' id='word_1_631' title='bbox 2330 628 2433 665; x_wconf 91' lang='lat' dir='ltr'>nullo</span> <span class='ocrx_word' id='word_1_632' title='bbox 2453 640 2510 665; x_wconf 92' lang='lat' dir='ltr'>re-</span> 
     </span>
     <span class='ocr_line' id='line_1_85' title="bbox 1447 677 2511 729; baseline 0.002 -13"><span class='ocrx_word' id='word_1_633' title='bbox 1447 681 1602 717; x_wconf 89' lang='lat' dir='ltr'>cedente</span> <span class='ocrx_word' id='word_1_634' title='bbox 1618 677 1642 716; x_wconf 52' lang='lat' dir='ltr'>t·</span> <span class='ocrx_word' id='word_1_635' title='bbox 1663 679 1779 717; x_wconf 91' lang='lat' dir='ltr'>Aliud</span> <span class='ocrx_word' id='word_1_636' title='bbox 1798 687 1925 716; x_wconf 91' lang='lat' dir='ltr'>autem</span> <span class='ocrx_word' id='word_1_637' title='bbox 1949 688 2015 728; x_wconf 90' lang='lat' dir='ltr'>est,</span> <span class='ocrx_word' id='word_1_638' title='bbox 2040 680 2146 728; x_wconf 93' lang='lat' dir='ltr'>quod</span> <span class='ocrx_word' id='word_1_639' title='bbox 2164 681 2202 718; x_wconf 92' lang='lat' dir='ltr'>id</span> <span class='ocrx_word' id='word_1_640' title='bbox 2222 681 2329 729; x_wconf 93' lang='lat' dir='ltr'>quod</span> <span class='ocrx_word' id='word_1_641' title='bbox 2353 689 2511 729; x_wconf 88' lang='lat' dir='ltr'>augetur</span> 
     </span>
    </p>
   </div>
   <div class='ocr_carea' id='block_1_15' title="bbox 1445 732 2542 782">
    <p class='ocr_par' dir='ltr' id='par_1_22' title="bbox 1445 732 2542 782">
     <span class='ocr_line' id='line_1_86' title="bbox 1445 732 2542 782; baseline 0.002 -13"><span class='ocrx_word' id='word_1_642' title='bbox 1445 744 1524 769; x_wconf 92' lang='lat' dir='ltr'>non</span> <span class='ocrx_word' id='word_1_643' title='bbox 1552 740 1696 769; x_wconf 90' lang='lat' dir='ltr'>manet:</span> <span class='ocrx_word' id='word_1_644' title='bbox 1727 732 1815 781; x_wconf 91' lang='lat' dir='ltr'>quia</span> <span class='ocrx_word' id='word_1_645' title='bbox 1842 745 1969 781; x_wconf 90' lang='lat' dir='ltr'>neque</span> <span class='ocrx_word' id='word_1_646' title='bbox 1993 745 2093 782; x_wconf 89' lang='lat' dir='ltr'>aqua</span> <span class='ocrx_word' id='word_1_647' title='bbox 2121 742 2261 782; x_wconf 90' lang='lat' dir='ltr'>manet,</span> <span class='ocrx_word' id='word_1_648' title='bbox 2282 746 2408 782; x_wconf 91' lang='lat' dir='ltr'>neque</span> <span class='ocrx_word' id='word_1_649' title='bbox 2429 747 2511 771; x_wconf 86' lang='lat' dir='ltr'>cor·</span> <span class='ocrx_word' id='word_1_650' title='bbox 2531 744 2542 752; x_wconf 69' lang='lat'>⁸</span> 
     </span>
    </p>
   </div>
   <div class='ocr_carea' id='block_1_16' title="bbox 1442 785 2514 2213">
    <p class='ocr_par' dir='ltr' id='par_1_23' title="bbox 1444 785 2512 1257">
     <span class='ocr_line' id='line_1_87' title="bbox 1444 785 2511 835; baseline 0.002 -13"><span class='ocrx_word' id='word_1_651' title='bbox 1444 798 1516 834; x_wconf 90' lang='lat' dir='ltr'>pus</span> <span class='ocrx_word' id='word_1_652' title='bbox 1554 786 1658 834; x_wconf 94' lang='lat' dir='ltr'>quod</span> <span class='ocrx_word' id='word_1_653' title='bbox 1686 785 1836 823; x_wconf 91' lang='lat' dir='ltr'>videtur</span> <span class='ocrx_word' id='word_1_654' title='bbox 1873 798 1955 823; x_wconf 90' lang='lat' dir='ltr'>esse</span> <span class='ocrx_word' id='word_1_655' title='bbox 1985 798 2213 835; x_wconf 89' lang='lat' dir='ltr'>commune,</span> <span class='ocrx_word' id='word_1_656' title='bbox 2242 794 2371 824; x_wconf 85' lang='lat' dir='ltr'>manet</span> <span class='ocrx_word' id='word_1_657' title='bbox 2407 787 2511 825; x_wconf 90' lang='lat' dir='ltr'>idem</span> 
     </span>
     <span class='ocr_line' id='line_1_88' title="bbox 1445 838 2512 889; baseline 0.001 -14"><span class='ocrx_word' id='word_1_658' title='bbox 1445 850 1620 875; x_wconf 93' lang='lat' dir='ltr'>numero.</span> <span class='ocrx_word' id='word_1_659' title='bbox 1651 839 1763 876; x_wconf 92' lang='lat' dir='ltr'>Unde</span> <span class='ocrx_word' id='word_1_660' title='bbox 1791 838 1903 875; x_wconf 90' lang='lat' dir='ltr'>etiam</span> <span class='ocrx_word' id='word_1_661' title='bbox 1933 839 2122 887; x_wconf 88' lang='lat' dir='ltr'>signanter</span> <span class='ocrx_word' id='word_1_662' title='bbox 2137 852 2252 889; x_wconf 88' lang='lat' dir='ltr'>supra</span> <span class='ocrx_word' id='word_1_663' title='bbox 2272 840 2373 888; x_wconf 86' lang='lat' dir='ltr'>dixit,</span> <span class='ocrx_word' id='word_1_664' title='bbox 2393 841 2428 877; x_wconf 87' lang='lat' dir='ltr'>si</span> <span class='ocrx_word' id='word_1_665' title='bbox 2444 841 2512 878; x_wconf 89' lang='lat' dir='ltr'>ali-</span> 
     </span>
     <span class='ocr_line' id='line_1_89' title="bbox 1445 891 2510 942; baseline 0.003 -15"><span class='ocrx_word' id='word_1_666' title='bbox 1445 891 1536 939; x_wconf 81' lang='lat' dir='ltr'>quid</span> <span class='ocrx_word' id='word_1_667' title='bbox 1561 897 1616 928; x_wconf 83' lang='lat' dir='ltr'>est</span> <span class='ocrx_word' id='word_1_668' title='bbox 1640 903 1857 928; x_wconf 87' lang='lat' dir='ltr'>commune:</span> <span class='ocrx_word' id='word_1_669' title='bbox 1885 892 1975 940; x_wconf 93' lang='lat' dir='ltr'>quia</span> <span class='ocrx_word' id='word_1_670' title='bbox 2010 892 2150 929; x_wconf 90' lang='lat' dir='ltr'>scilicet</span> <span class='ocrx_word' id='word_1_671' title='bbox 2185 893 2276 930; x_wconf 90' lang='lat' dir='ltr'>nihil</span> <span class='ocrx_word' id='word_1_672' title='bbox 2305 901 2392 930; x_wconf 91' lang='lat' dir='ltr'>actu</span> <span class='ocrx_word' id='word_1_673' title='bbox 2426 905 2510 942; x_wconf 90' lang='lat' dir='ltr'>ens,</span> 
     </span>
     <span class='ocr_line' id='line_1_90' title="bbox 1444 944 2510 994; baseline 0.003 -14"><span class='ocrx_word' id='word_1_674' title='bbox 1444 944 1548 980; x_wconf 91' lang='lat' dir='ltr'>idem</span> <span class='ocrx_word' id='word_1_675' title='bbox 1585 956 1747 981; x_wconf 86' lang='lat' dir='ltr'>nurnero</span> <span class='ocrx_word' id='word_1_676' title='bbox 1786 944 1948 982; x_wconf 84' lang='lat' dir='ltr'>existens</span> <span class='ocrx_word' id='word_1_677' title='bbox 1986 945 2199 983; x_wconf 89' lang='lat' dir='ltr'>secundum</span> <span class='ocrx_word' id='word_1_678' title='bbox 2238 946 2510 994; x_wconf 91' lang='lat' dir='ltr'>substantiam,</span> 
     </span>
     <span class='ocr_line' id='line_1_91' title="bbox 1446 996 2509 1047; baseline 0.004 -14"><span class='ocrx_word' id='word_1_679' title='bbox 1446 1004 1501 1033; x_wconf 92' lang='lat' dir='ltr'>est</span> <span class='ocrx_word' id='word_1_680' title='bbox 1529 1009 1737 1034; x_wconf 89' lang='lat' dir='ltr'>commune</span> <span class='ocrx_word' id='word_1_681' title='bbox 1767 996 1800 1033; x_wconf 92' lang='lat' dir='ltr'>ei</span> <span class='ocrx_word' id='word_1_682' title='bbox 1829 997 1935 1045; x_wconf 92' lang='lat' dir='ltr'>quod</span> <span class='ocrx_word' id='word_1_683' title='bbox 1963 999 2219 1047; x_wconf 89' lang='lat' dir='ltr'>corrumpitur</span> <span class='ocrx_word' id='word_1_684' title='bbox 2242 1007 2279 1036; x_wconf 93' lang='lat' dir='ltr'>et</span> <span class='ocrx_word' id='word_1_685' title='bbox 2298 1007 2509 1047; x_wconf 87' lang='lat' dir='ltr'>generatur.</span> 
     </span>
     <span class='ocr_line' id='line_1_92' title="bbox 1446 1050 2512 1099; baseline 0.005 -14"><span class='ocrx_word' id='word_1_686' title='bbox 1446 1050 1608 1098; x_wconf 91' lang='lat' dir='ltr'>Oportet</span> <span class='ocrx_word' id='word_1_687' title='bbox 1642 1057 1771 1086; x_wconf 91' lang='lat' dir='ltr'>autem</span> <span class='ocrx_word' id='word_1_688' title='bbox 1807 1050 2020 1099; x_wconf 90' lang='lat' dir='ltr'>praedictas</span> <span class='ocrx_word' id='word_1_689' title='bbox 2055 1051 2265 1099; x_wconf 89' lang='lat' dir='ltr'>positiones</span> <span class='ocrx_word' id='word_1_690' title='bbox 2293 1053 2439 1090; x_wconf 90' lang='lat' dir='ltr'>salvare</span> <span class='ocrx_word' id='word_1_691' title='bbox 2472 1052 2512 1090; x_wconf 93' lang='lat' dir='ltr'>in</span> 
     </span>
     <span class='ocr_line' id='line_1_93' title="bbox 1445 1102 2512 1154; baseline 0.003 -15"><span class='ocrx_word' id='word_1_692' title='bbox 1445 1102 1552 1139; x_wconf 91' lang='lat' dir='ltr'>omni</span> <span class='ocrx_word' id='word_1_693' title='bbox 1581 1115 1628 1139; x_wconf 91' lang='lat' dir='ltr'>eo</span> <span class='ocrx_word' id='word_1_694' title='bbox 1657 1103 1762 1151; x_wconf 92' lang='lat' dir='ltr'>quod</span> <span class='ocrx_word' id='word_1_695' title='bbox 1799 1110 1978 1150; x_wconf 89' lang='lat' dir='ltr'>augetur:</span> <span class='ocrx_word' id='word_1_696' title='bbox 2014 1103 2090 1140; x_wconf 91' lang='grc'><strong>1106</strong></span> <span class='ocrx_word' id='word_1_697' title='bbox 2123 1104 2225 1141; x_wconf 86' lang='grc'><strong>6111111</strong></span> <span class='ocrx_word' id='word_1_698' title='bbox 2253 1105 2480 1154; x_wconf 89' lang='lat' dir='ltr'>supponitur</span> <span class='ocrx_word' id='word_1_699' title='bbox 2499 1111 2512 1126; x_wconf 86' lang='lat'><em>⁰</em></span> 
     </span>
     <span class='ocr_line' id='line_1_94' title="bbox 1444 1155 2511 1204; baseline 0.004 -13"><span class='ocrx_word' id='word_1_700' title='bbox 1444 1155 1552 1204; x_wconf 91' lang='lat' dir='ltr'>quasi</span> <span class='ocrx_word' id='word_1_701' title='bbox 1572 1155 1814 1204; x_wconf 91' lang='lat' dir='ltr'>principium,</span> <span class='ocrx_word' id='word_1_702' title='bbox 1830 1156 1936 1204; x_wconf 93' lang='lat' dir='ltr'>quod</span> <span class='ocrx_word' id='word_1_703' title='bbox 1955 1157 2212 1204; x_wconf 89' lang='lat' dir='ltr'>augmentatio</span> <span class='ocrx_word' id='word_1_704' title='bbox 2232 1157 2278 1194; x_wconf 91' lang='lat' dir='ltr'>sit</span> <span class='ocrx_word' id='word_1_705' title='bbox 2296 1157 2378 1194; x_wconf 90' lang='lat' dir='ltr'>talis</span> <span class='ocrx_word' id='word_1_706' title='bbox 2393 1165 2511 1195; x_wconf 87' lang='lat' dir='ltr'>trans-</span> 
     </span>
     <span class='ocr_line' id='line_1_95' title="bbox 1444 1208 2130 1257; baseline 0 -11"><span class='ocrx_word' id='word_1_707' title='bbox 1444 1209 1616 1256; x_wconf 91' lang='lat' dir='ltr'>mutatio,</span> <span class='ocrx_word' id='word_1_708' title='bbox 1647 1208 1767 1257; x_wconf 87' lang='lat' dir='ltr'>qualis</span> <span class='ocrx_word' id='word_1_709' title='bbox 1795 1221 1910 1257; x_wconf 89' lang='lat' dir='ltr'>supra</span> <span class='ocrx_word' id='word_1_710' title='bbox 1938 1208 2037 1246; x_wconf 91' lang='lat' dir='ltr'>dicta</span> <span class='ocrx_word' id='word_1_711' title='bbox 2066 1217 2130 1246; x_wconf 90' lang='lat' dir='ltr'>est.</span> 
     </span>
    </p>

    <p class='ocr_par' dir='ltr' id='par_1_24' title="bbox 1442 1261 2514 2147">
     <span class='ocr_line' id='line_1_96' title="bbox 1502 1261 2512 1311; baseline 0.001 -13"><span class='ocrx_word' id='word_1_712' title='bbox 1502 1263 1534 1299; x_wconf 91' lang='lat'>5.</span> <span class='ocrx_word' id='word_1_713' title='bbox 1566 1261 1643 1298; x_wconf 92' lang='lat' dir='ltr'>Sed</span> <span class='ocrx_word' id='word_1_714' title='bbox 1661 1261 1813 1299; x_wconf 90' lang='lat' dir='ltr'>videtur</span> <span class='ocrx_word' id='word_1_715' title='bbox 1835 1261 1926 1298; x_wconf 88' lang='lat' dir='ltr'>nihil</span> <span class='ocrx_word' id='word_1_716' title='bbox 1953 1261 2158 1310; x_wconf 90' lang='lat' dir='ltr'>prohibere</span> <span class='ocrx_word' id='word_1_717' title='bbox 2177 1267 2196 1283; x_wconf 65' lang='grc' dir='ltr'>π</span> <span class='ocrx_word' id='word_1_718' title='bbox 2216 1261 2357 1311; x_wconf 90' lang='lat' dir='ltr'>aliquid</span> <span class='ocrx_word' id='word_1_719' title='bbox 2384 1262 2512 1311; x_wconf 86' lang='lat' dir='ltr'>augeri</span> 
     </span>
     <span class='ocr_line' id='line_1_97' title="bbox 1444 1314 2512 1365; baseline 0.002 -14"><span class='ocrx_word' id='word_1_720' title='bbox 1444 1315 1548 1351; x_wconf 92' lang='lat' dir='ltr'>nullo</span> <span class='ocrx_word' id='word_1_721' title='bbox 1586 1314 1824 1352; x_wconf 89' lang='lat' dir='ltr'>adveniente.</span> <span class='ocrx_word' id='word_1_722' title='bbox 1859 1315 2002 1352; x_wconf 89' lang='lat' dir='ltr'>Probat</span> <span class='ocrx_word' id='word_1_723' title='bbox 2036 1315 2139 1352; x_wconf 92' lang='lat' dir='ltr'>enim</span> <span class='ocrx_word' id='word_1_724' title='bbox 2180 1314 2436 1365; x_wconf 89' lang='lat' dir='ltr'>Philosophus</span> <span class='ocrx_word' id='word_1_725' title='bbox 2473 1316 2512 1353; x_wconf 90' lang='lat' dir='ltr'>in</span> 
     </span>
     <span class='ocr_line' id='line_1_98' title="bbox 1445 1366 2511 1418; baseline 0.002 -14"><span class='ocrx_word' id='word_1_726' title='bbox 1445 1368 1497 1405; x_wconf 92' lang='lat' dir='ltr'>IV</span> <span class='ocrx_word' id='word_1_727' title='bbox 1514 1368 1664 1416; x_wconf 80' lang='lat' dir='ltr'>Physic.</span> <span class='ocrx_word' id='word_1_728' title='bbox 1684 1367 1704 1389; x_wconf 79' lang='lat'>&#39;¹‘</span> <span class='ocrx_word' id='word_1_729' title='bbox 1723 1367 1842 1417; x_wconf 91' lang='lat' dir='ltr'>quod,</span> <span class='ocrx_word' id='word_1_730' title='bbox 1863 1367 1958 1404; x_wconf 91' lang='lat' dir='ltr'>sicut</span> <span class='ocrx_word' id='word_1_731' title='bbox 1977 1367 2120 1418; x_wconf 92' lang='lat' dir='ltr'>aliquid</span> <span class='ocrx_word' id='word_1_732' title='bbox 2136 1366 2182 1405; x_wconf 77' lang='lat' dir='ltr'>&#39;fit</span> <span class='ocrx_word' id='word_1_733' title='bbox 2205 1367 2326 1405; x_wconf 88' lang='lat' dir='ltr'>albius</span> <span class='ocrx_word' id='word_1_734' title='bbox 2345 1381 2426 1407; x_wconf 91' lang='lat' dir='ltr'>non</span> <span class='ocrx_word' id='word_1_735' title='bbox 2449 1380 2511 1406; x_wconf 91' lang='lat' dir='ltr'>su-</span> 
     </span>
     <span class='ocr_line' id='line_1_99' title="bbox 1442 1420 2512 1470; baseline 0.003 -13"><span class='ocrx_word' id='word_1_736' title='bbox 1442 1420 1641 1470; x_wconf 89' lang='lat' dir='ltr'>peraddito</span> <span class='ocrx_word' id='word_1_737' title='bbox 1661 1420 1735 1457; x_wconf 92' lang='lat' dir='ltr'>alio</span> <span class='ocrx_word' id='word_1_738' title='bbox 1755 1421 1855 1468; x_wconf 91' lang='lat' dir='ltr'>albo,</span> <span class='ocrx_word' id='word_1_739' title='bbox 1877 1421 1945 1458; x_wconf 90' lang='lat' dir='ltr'>sed</span> <span class='ocrx_word' id='word_1_740' title='bbox 1963 1433 2032 1470; x_wconf 91' lang='lat' dir='ltr'>per</span> <span class='ocrx_word' id='word_1_741' title='bbox 2054 1420 2308 1458; x_wconf 89' lang='lat' dir='ltr'>intensionem</span> <span class='ocrx_word' id='word_1_742' title='bbox 2327 1421 2512 1460; x_wconf 88' lang='lat' dir='ltr'>albedinis</span> 
     </span>
     <span class='ocr_line' id='line_1_100' title="bbox 1443 1473 2510 1523; baseline 0.003 -13"><span class='ocrx_word' id='word_1_743' title='bbox 1443 1473 1740 1523; x_wconf 89' lang='lat' dir='ltr'>praeexistentis,</span> <span class='ocrx_word' id='word_1_744' title='bbox 1765 1473 1991 1522; x_wconf 86' lang='lat' dir='ltr'>inquantum</span> <span class='ocrx_word' id='word_1_745' title='bbox 2018 1474 2158 1511; x_wconf 89' lang='lat' dir='ltr'>scilicet</span> <span class='ocrx_word' id='word_1_746' title='bbox 2181 1474 2395 1512; x_wconf 87' lang='lat' dir='ltr'>subiectum</span> <span class='ocrx_word' id='word_1_747' title='bbox 2414 1475 2435 1498; x_wconf 84' lang='grc'>*</span> <span class='ocrx_word' id='word_1_748' title='bbox 2452 1487 2510 1513; x_wconf 89' lang='lat' dir='ltr'>re-</span> 
     </span>
     <span class='ocr_line' id='line_1_101' title="bbox 1445 1526 2511 1575; baseline 0.003 -12"><span class='ocrx_word' id='word_1_749' title='bbox 1445 1527 1592 1564; x_wconf 90' lang='lat' dir='ltr'>ducitur</span> <span class='ocrx_word' id='word_1_750' title='bbox 1618 1526 1657 1563; x_wconf 92' lang='lat' dir='ltr'>in</span> <span class='ocrx_word' id='word_1_751' title='bbox 1685 1534 1813 1563; x_wconf 90' lang='lat' dir='ltr'>actum</span> <span class='ocrx_word' id='word_1_752' title='bbox 1841 1527 2074 1575; x_wconf 88' lang='lat' dir='ltr'>perfectioris</span> <span class='ocrx_word' id='word_1_753' title='bbox 2097 1527 2297 1574; x_wconf 89' lang='lat' dir='ltr'>albedinis;</span> <span class='ocrx_word' id='word_1_754' title='bbox 2318 1528 2369 1566; x_wconf 91' lang='lat' dir='ltr'>ita</span> <span class='ocrx_word' id='word_1_755' title='bbox 2397 1527 2511 1566; x_wconf 87' lang='lat' dir='ltr'>etiam</span> 
     </span>
     <span class='ocr_line' id='line_1_102' title="bbox 1443 1579 2513 1630; baseline 0.003 -14"><span class='ocrx_word' id='word_1_756' title='bbox 1443 1588 1569 1629; x_wconf 89' lang='lat' dir='ltr'>potest</span> <span class='ocrx_word' id='word_1_757' title='bbox 1596 1579 1739 1627; x_wconf 91' lang='lat' dir='ltr'>aliquid</span> <span class='ocrx_word' id='word_1_758' title='bbox 1766 1579 1851 1617; x_wconf 86' lang='lat' dir='ltr'>fieri</span> <span class='ocrx_word' id='word_1_759' title='bbox 1878 1580 2022 1628; x_wconf 88' lang='lat' dir='ltr'>maius,</span> <span class='ocrx_word' id='word_1_760' title='bbox 2053 1581 2199 1630; x_wconf 88' lang='lat' dir='ltr'>absque</span> <span class='ocrx_word' id='word_1_761' title='bbox 2227 1581 2420 1619; x_wconf 90' lang='lat' dir='ltr'>additione</span> <span class='ocrx_word' id='word_1_762' title='bbox 2448 1581 2513 1619; x_wconf 82' lang='lat' dir='ltr'>ali-</span> 
     </span>
     <span class='ocr_line' id='line_1_103' title="bbox 1446 1633 2514 1684; baseline 0.003 -15"><span class='ocrx_word' id='word_1_763' title='bbox 1446 1633 1552 1670; x_wconf 92' lang='lat' dir='ltr'>cuius</span> <span class='ocrx_word' id='word_1_764' title='bbox 1582 1633 1752 1681; x_wconf 89' lang='lat' dir='ltr'>corporis</span> <span class='ocrx_word' id='word_1_765' title='bbox 1790 1633 2090 1681; x_wconf 88' lang='lat' dir='ltr'>magnitudinem</span> <span class='ocrx_word' id='word_1_766' title='bbox 2117 1634 2312 1683; x_wconf 85' lang='lat' dir='ltr'>habentis,</span> <span class='ocrx_word' id='word_1_767' title='bbox 2341 1647 2411 1684; x_wconf 86' lang='lat' dir='ltr'>per</span> <span class='ocrx_word' id='word_1_768' title='bbox 2437 1635 2514 1672; x_wconf 90' lang='lat' dir='ltr'>hoe</span> 
     </span>
     <span class='ocr_line' id='line_1_104' title="bbox 1446 1685 2513 1737; baseline 0.002 -14"><span class='ocrx_word' id='word_1_769' title='bbox 1446 1687 1551 1735; x_wconf 92' lang='lat' dir='ltr'>quod</span> <span class='ocrx_word' id='word_1_770' title='bbox 1579 1685 1736 1722; x_wconf 90' lang='lat' dir='ltr'>materia</span> <span class='ocrx_word' id='word_1_771' title='bbox 1769 1698 1867 1735; x_wconf 89' lang='lat' dir='ltr'>quae</span> <span class='ocrx_word' id='word_1_772' title='bbox 1900 1686 2005 1735; x_wconf 88' lang='lat' dir='ltr'>prius</span> <span class='ocrx_word' id='word_1_773' title='bbox 2035 1694 2115 1724; x_wconf 89' lang='lat' dir='ltr'>erat</span> <span class='ocrx_word' id='word_1_774' title='bbox 2142 1687 2357 1724; x_wconf 91' lang='lat' dir='ltr'>subiectum</span> <span class='ocrx_word' id='word_1_775' title='bbox 2383 1687 2513 1737; x_wconf 86' lang='lat' dir='ltr'>parvis</span> 
     </span>
     <span class='ocr_line' id='line_1_105' title="bbox 1446 1738 2512 1789; baseline 0.003 -14"><span class='ocrx_word' id='word_1_776' title='bbox 1446 1738 1767 1786; x_wconf 81' lang='lat' dir='ltr'>dimensionibus,</span> <span class='ocrx_word' id='word_1_777' title='bbox 1796 1746 1932 1787; x_wconf 87' lang='lat' dir='ltr'>postea</span> <span class='ocrx_word' id='word_1_778' title='bbox 1958 1740 2002 1777; x_wconf 90' lang='lat' dir='ltr'>fit</span> <span class='ocrx_word' id='word_1_779' title='bbox 2033 1740 2246 1777; x_wconf 90' lang='lat' dir='ltr'>subiectum</span> <span class='ocrx_word' id='word_1_780' title='bbox 2282 1740 2430 1789; x_wconf 88' lang='lat' dir='ltr'>magnis</span> <span class='ocrx_word' id='word_1_781' title='bbox 2458 1739 2512 1778; x_wconf 92' lang='lat' dir='ltr'>di-</span> 
     </span>
     <span class='ocr_line' id='line_1_106' title="bbox 1446 1792 2513 1842; baseline 0.002 -13"><span class='ocrx_word' id='word_1_782' title='bbox 1446 1792 1707 1829; x_wconf 86' lang='lat' dir='ltr'>mensionibus</span> <span class='ocrx_word' id='word_1_783' title='bbox 1735 1797 1767 1838; x_wconf 71' lang='lat'>⁹3</span> <span class='ocrx_word' id='word_1_784' title='bbox 1797 1804 1888 1829; x_wconf 90' lang='lat' dir='ltr'>narn</span> <span class='ocrx_word' id='word_1_785' title='bbox 1925 1792 2028 1830; x_wconf 92' lang='lat' dir='ltr'>idem</span> <span class='ocrx_word' id='word_1_786' title='bbox 2059 1800 2115 1830; x_wconf 92' lang='lat' dir='ltr'>est</span> <span class='ocrx_word' id='word_1_787' title='bbox 2141 1793 2356 1830; x_wconf 90' lang='lat' dir='ltr'>subiectum</span> <span class='ocrx_word' id='word_1_788' title='bbox 2383 1793 2513 1842; x_wconf 85' lang='lat' dir='ltr'>magni</span> 
     </span>
     <span class='ocr_line' id='line_1_107' title="bbox 1447 1845 2513 1896; baseline 0.003 -15"><span class='ocrx_word' id='word_1_789' title='bbox 1447 1853 1482 1882; x_wconf 93' lang='lat' dir='ltr'>et</span> <span class='ocrx_word' id='word_1_790' title='bbox 1508 1845 1629 1894; x_wconf 88' lang='lat' dir='ltr'>parvi,</span> <span class='ocrx_word' id='word_1_791' title='bbox 1650 1845 1746 1881; x_wconf 92' lang='lat' dir='ltr'>sicut</span> <span class='ocrx_word' id='word_1_792' title='bbox 1764 1845 1838 1881; x_wconf 90' lang='lat' dir='ltr'>albi</span> <span class='ocrx_word' id='word_1_793' title='bbox 1868 1852 1904 1882; x_wconf 91' lang='lat' dir='ltr'>et</span> <span class='ocrx_word' id='word_1_794' title='bbox 1921 1845 2028 1893; x_wconf 80' lang='lat' dir='ltr'>nigri.</span> <span class='ocrx_word' id='word_1_795' title='bbox 2049 1846 2099 1882; x_wconf 91' lang='lat' dir='ltr'>Et</span> <span class='ocrx_word' id='word_1_796' title='bbox 2125 1846 2201 1883; x_wconf 93' lang='lat' dir='ltr'>hoc</span> <span class='ocrx_word' id='word_1_797' title='bbox 2219 1846 2418 1884; x_wconf 86' lang='lat' dir='ltr'>manifeste</span> <span class='ocrx_word' id='word_1_798' title='bbox 2447 1858 2513 1896; x_wconf 85' lang='lat' dir='ltr'>ap-</span> 
     </span>
     <span class='ocr_line' id='line_1_108' title="bbox 1444 1897 2512 1948; baseline 0.002 -14"><span class='ocrx_word' id='word_1_799' title='bbox 1444 1906 1552 1947; x_wconf 88' lang='lat' dir='ltr'>paret</span> <span class='ocrx_word' id='word_1_800' title='bbox 1578 1898 1617 1935; x_wconf 91' lang='lat' dir='ltr'>in</span> <span class='ocrx_word' id='word_1_801' title='bbox 1642 1897 1909 1935; x_wconf 87' lang='lat' dir='ltr'>rarefactione:</span> <span class='ocrx_word' id='word_1_802' title='bbox 1939 1898 2135 1935; x_wconf 88' lang='lat' dir='ltr'>rarefactio</span> <span class='ocrx_word' id='word_1_803' title='bbox 2166 1898 2269 1936; x_wconf 91' lang='lat' dir='ltr'>enim</span> <span class='ocrx_word' id='word_1_804' title='bbox 2288 1898 2308 1920; x_wconf 72' lang='lat'>³¹²</span> <span class='ocrx_word' id='word_1_805' title='bbox 2327 1899 2512 1948; x_wconf 82' lang='lat' dir='ltr'>contingit</span> 
     </span>
     <span class='ocr_line' id='line_1_109' title="bbox 1445 1951 2514 2001; baseline 0.002 -13"><span class='ocrx_word' id='word_1_806' title='bbox 1445 1964 1524 1988; x_wconf 91' lang='lat' dir='ltr'>non</span> <span class='ocrx_word' id='word_1_807' title='bbox 1552 1952 1678 1988; x_wconf 88' lang='lat' dir='ltr'>solum</span> <span class='ocrx_word' id='word_1_808' title='bbox 1698 1958 1947 1988; x_wconf 86' lang='lat' dir='ltr'>transmutata</span> <span class='ocrx_word' id='word_1_809' title='bbox 1966 1951 2104 2000; x_wconf 90' lang='lat' dir='ltr'>specie,</span> <span class='ocrx_word' id='word_1_810' title='bbox 2124 1958 2218 2001; x_wconf 90' lang='lat' dir='ltr'>puta</span> <span class='ocrx_word' id='word_1_811' title='bbox 2237 1964 2326 1990; x_wconf 90' lang='lat' dir='ltr'>cum</span> <span class='ocrx_word' id='word_1_812' title='bbox 2346 1965 2392 1990; x_wconf 91' lang='lat' dir='ltr'>ex</span> <span class='ocrx_word' id='word_1_813' title='bbox 2411 1964 2514 2001; x_wconf 82' lang='lat' dir='ltr'>aqua</span> 
     </span>
     <span class='ocr_line' id='line_1_110' title="bbox 1444 2004 2512 2054; baseline 0.003 -14"><span class='ocrx_word' id='word_1_814' title='bbox 1444 2011 1645 2052; x_wconf 88' lang='lat' dir='ltr'>generatur</span> <span class='ocrx_word' id='word_1_815' title='bbox 1665 2016 1741 2052; x_wconf 90' lang='lat' dir='ltr'>aer,</span> <span class='ocrx_word' id='word_1_816' title='bbox 1758 2004 1806 2041; x_wconf 91' lang='lat' dir='ltr'>de</span> <span class='ocrx_word' id='word_1_817' title='bbox 1826 2016 1903 2053; x_wconf 92' lang='lat' dir='ltr'>quo</span> <span class='ocrx_word' id='word_1_818' title='bbox 1924 2004 1986 2041; x_wconf 92' lang='lat' dir='ltr'>hic</span> <span class='ocrx_word' id='word_1_819' title='bbox 2005 2004 2172 2054; x_wconf 90' lang='lat' dir='ltr'>loquitur</span> <span class='ocrx_word' id='word_1_820' title='bbox 2185 2004 2424 2052; x_wconf 87' lang='lat' dir='ltr'>Aristoteles;</span> <span class='ocrx_word' id='word_1_821' title='bbox 2444 2005 2512 2044; x_wconf 88' lang='lat' dir='ltr'>sed</span> 
     </span>
     <span class='ocr_line' id='line_1_111' title="bbox 1445 2057 2513 2106; baseline 0.002 -12"><span class='ocrx_word' id='word_1_822' title='bbox 1445 2057 1558 2094; x_wconf 90' lang='lat' dir='ltr'>etiam</span> <span class='ocrx_word' id='word_1_823' title='bbox 1579 2057 1716 2094; x_wconf 89' lang='lat' dir='ltr'>eadem</span> <span class='ocrx_word' id='word_1_824' title='bbox 1744 2057 1870 2106; x_wconf 89' lang='lat' dir='ltr'>specie</span> <span class='ocrx_word' id='word_1_825' title='bbox 1890 2065 2082 2106; x_wconf 88' lang='lat' dir='ltr'>manente,</span> <span class='ocrx_word' id='word_1_826' title='bbox 2108 2058 2205 2095; x_wconf 89' lang='lat' dir='ltr'>sicut</span> <span class='ocrx_word' id='word_1_827' title='bbox 2222 2057 2254 2095; x_wconf 92' lang='lat' dir='ltr'>si</span> <span class='ocrx_word' id='word_1_828' title='bbox 2277 2070 2343 2096; x_wconf 89' lang='lat' dir='ltr'>aer</span> <span class='ocrx_word' id='word_1_829' title='bbox 2361 2058 2513 2096; x_wconf 71' lang='grc' dir='ltr'><strong>ται-611111</strong></span> 
     </span>
     <span class='ocr_line' id='line_1_112' title="bbox 1443 2110 1799 2147; baseline 0 0"><span class='ocrx_word' id='word_1_830' title='bbox 1443 2111 1505 2147; x_wconf 90' lang='lat' dir='ltr'>vel</span> <span class='ocrx_word' id='word_1_831' title='bbox 1535 2110 1799 2147; x_wconf 90' lang='lat' dir='ltr'>condensetur.</span> 
     </span>
    </p>

    <p class='ocr_par' dir='ltr' id='par_1_25' title="bbox 1497 2163 2511 2213">
     <span class='ocr_line' id='line_1_113' title="bbox 1497 2163 2511 2213; baseline 0.003 -14"><span class='ocrx_word' id='word_1_832' title='bbox 1497 2163 1713 2200; x_wconf 90' lang='lat' dir='ltr'>Dicendum</span> <span class='ocrx_word' id='word_1_833' title='bbox 1751 2170 1808 2200; x_wconf 92' lang='lat' dir='ltr'>est</span> <span class='ocrx_word' id='word_1_834' title='bbox 1835 2170 1964 2201; x_wconf 89' lang='lat' dir='ltr'>autem</span> <span class='ocrx_word' id='word_1_835' title='bbox 1994 2163 2099 2213; x_wconf 93' lang='lat' dir='ltr'>quod</span> <span class='ocrx_word' id='word_1_836' title='bbox 2135 2163 2218 2201; x_wconf 88' lang='lat' dir='ltr'>talis</span> <span class='ocrx_word' id='word_1_837' title='bbox 2246 2164 2511 2202; x_wconf 87' lang='lat' dir='ltr'>transmutatio</span> 
     </span>
    </p>
   </div>
   <div class='ocr_carea' id='block_1_17' title="bbox 1443 2216 2550 2266">
    <p class='ocr_par' dir='ltr' id='par_1_26' title="bbox 1443 2216 2550 2266">
     <span class='ocr_line' id='line_1_114' title="bbox 1443 2216 2550 2266; baseline 0.002 -13"><span class='ocrx_word' id='word_1_838' title='bbox 1443 2229 1522 2253; x_wconf 91' lang='lat' dir='ltr'>non</span> <span class='ocrx_word' id='word_1_839' title='bbox 1536 2223 1661 2265; x_wconf 91' lang='lat' dir='ltr'>potest</span> <span class='ocrx_word' id='word_1_840' title='bbox 1675 2216 1828 2266; x_wconf 91' lang='lat' dir='ltr'>proprie</span> <span class='ocrx_word' id='word_1_841' title='bbox 1843 2216 1863 2238; x_wconf 78' lang='lat'>&#39;¹‘</span> <span class='ocrx_word' id='word_1_842' title='bbox 1877 2216 1950 2254; x_wconf 93' lang='lat' dir='ltr'>dici</span> <span class='ocrx_word' id='word_1_843' title='bbox 1969 2224 2233 2265; x_wconf 88' lang='lat' dir='ltr'>augmentum,</span> <span class='ocrx_word' id='word_1_844' title='bbox 2245 2218 2314 2254; x_wconf 92' lang='lat' dir='ltr'>sed</span> <span class='ocrx_word' id='word_1_845' title='bbox 2329 2217 2510 2256; x_wconf 79' lang='lat' dir='ltr'>alteratio,</span> <span class='ocrx_word' id='word_1_846' title='bbox 2539 2229 2550 2239; x_wconf 92' lang='lat'><strong>·</strong></span> 
     </span>
    </p>
   </div>
   <div class='ocr_carea' id='block_1_18' title="bbox 1440 2269 2512 2954">
    <p class='ocr_par' dir='ltr' id='par_1_27' title="bbox 1442 2269 2512 2636">
     <span class='ocr_line' id='line_1_115' title="bbox 1444 2269 2510 2319; baseline 0.002 -13"><span class='ocrx_word' id='word_1_847' title='bbox 1444 2269 1503 2306; x_wconf 91' lang='lat' dir='ltr'>Fit</span> <span class='ocrx_word' id='word_1_848' title='bbox 1531 2269 1633 2306; x_wconf 91' lang='lat' dir='ltr'>enim</span> <span class='ocrx_word' id='word_1_849' title='bbox 1662 2269 1874 2306; x_wconf 91' lang='lat' dir='ltr'>secundum</span> <span class='ocrx_word' id='word_1_850' title='bbox 1894 2269 2251 2307; x_wconf 89' lang='lat' dir='ltr'>transmutationem</span> <span class='ocrx_word' id='word_1_851' title='bbox 2273 2270 2510 2319; x_wconf 88' lang='lat' dir='ltr'>passibilium</span> 
     </span>
     <span class='ocr_line' id='line_1_116' title="bbox 1443 2322 2512 2371; baseline 0.002 -12"><span class='ocrx_word' id='word_1_852' title='bbox 1443 2322 1676 2371; x_wconf 89' lang='lat' dir='ltr'>qualitatum,</span> <span class='ocrx_word' id='word_1_853' title='bbox 1698 2322 1838 2360; x_wconf 88' lang='lat' dir='ltr'>scilicet</span> <span class='ocrx_word' id='word_1_854' title='bbox 1857 2322 1930 2360; x_wconf 91' lang='lat' dir='ltr'>rari</span> <span class='ocrx_word' id='word_1_855' title='bbox 1950 2330 1986 2360; x_wconf 90' lang='lat' dir='ltr'>et</span> <span class='ocrx_word' id='word_1_856' title='bbox 2014 2323 2122 2360; x_wconf 90' lang='lat' dir='ltr'>densi</span> <span class='ocrx_word' id='word_1_857' title='bbox 2140 2329 2167 2371; x_wconf 74' lang='lat'>¹¹,</span> <span class='ocrx_word' id='word_1_858' title='bbox 2193 2323 2353 2360; x_wconf 90' lang='lat' dir='ltr'>variatio</span> <span class='ocrx_word' id='word_1_859' title='bbox 2382 2331 2512 2362; x_wconf 84' lang='lat' dir='ltr'>autem</span> 
     </span>
     <span class='ocr_line' id='line_1_117' title="bbox 1444 2375 2512 2425; baseline 0.002 -13"><span class='ocrx_word' id='word_1_860' title='bbox 1444 2375 1660 2424; x_wconf 88' lang='lat' dir='ltr'>quantitatis</span> <span class='ocrx_word' id='word_1_861' title='bbox 1679 2388 1720 2412; x_wconf 90' lang='lat' dir='ltr'>se</span> <span class='ocrx_word' id='word_1_862' title='bbox 1740 2376 1854 2412; x_wconf 92' lang='lat' dir='ltr'>habet</span> <span class='ocrx_word' id='word_1_863' title='bbox 1876 2388 1922 2412; x_wconf 86' lang='lat' dir='ltr'>ex</span> <span class='ocrx_word' id='word_1_864' title='bbox 1941 2376 2206 2425; x_wconf 91' lang='lat' dir='ltr'>consequenti:</span> <span class='ocrx_word' id='word_1_865' title='bbox 2227 2375 2323 2413; x_wconf 92' lang='lat' dir='ltr'>sicut</span> <span class='ocrx_word' id='word_1_866' title='bbox 2337 2388 2383 2413; x_wconf 85' lang='lat' dir='ltr'>ex</span> <span class='ocrx_word' id='word_1_867' title='bbox 2402 2383 2512 2414; x_wconf 86' lang='lat' dir='ltr'>motu</span> 
     </span>
     <span class='ocr_line' id='line_1_118' title="bbox 1444 2428 2511 2477; baseline 0.001 -12"><span class='ocrx_word' id='word_1_868' title='bbox 1444 2428 1508 2477; x_wconf 88' lang='lat' dir='ltr'>qui</span> <span class='ocrx_word' id='word_1_869' title='bbox 1538 2436 1592 2465; x_wconf 92' lang='lat' dir='ltr'>est</span> <span class='ocrx_word' id='word_1_870' title='bbox 1611 2428 1823 2465; x_wconf 89' lang='lat' dir='ltr'>secundum</span> <span class='ocrx_word' id='word_1_871' title='bbox 1850 2429 1992 2476; x_wconf 87' lang='lat' dir='ltr'>locum,</span> <span class='ocrx_word' id='word_1_872' title='bbox 2021 2429 2188 2466; x_wconf 89' lang='lat' dir='ltr'>variatur</span> <span class='ocrx_word' id='word_1_873' title='bbox 2219 2436 2349 2466; x_wconf 86' lang='lat' dir='ltr'>motus</span> <span class='ocrx_word' id='word_1_874' title='bbox 2377 2441 2511 2466; x_wconf 89' lang='lat' dir='ltr'>secun-</span> 
     </span>
     <span class='ocr_line' id='line_1_119' title="bbox 1444 2481 2511 2528; baseline 0.002 -11"><span class='ocrx_word' id='word_1_875' title='bbox 1444 2481 1537 2518; x_wconf 91' lang='lat' dir='ltr'>dum</span> <span class='ocrx_word' id='word_1_876' title='bbox 1566 2481 1739 2518; x_wconf 89' lang='lat' dir='ltr'>dextrum</span> <span class='ocrx_word' id='word_1_877' title='bbox 1767 2482 1829 2518; x_wconf 90' lang='lat' dir='ltr'>vel</span> <span class='ocrx_word' id='word_1_878' title='bbox 1858 2481 2067 2528; x_wconf 88' lang='lat' dir='ltr'>sinistrum,</span> <span class='ocrx_word' id='word_1_879' title='bbox 2097 2493 2177 2518; x_wconf 90' lang='lat' dir='ltr'>non</span> <span class='ocrx_word' id='word_1_880' title='bbox 2209 2488 2338 2518; x_wconf 90' lang='lat' dir='ltr'>tamen</span> <span class='ocrx_word' id='word_1_881' title='bbox 2377 2481 2511 2519; x_wconf 88' lang='lat' dir='ltr'>dicitur</span> 
     </span>
     <span class='ocr_line' id='line_1_120' title="bbox 1443 2533 2511 2582; baseline 0.002 -12"><span class='ocrx_word' id='word_1_882' title='bbox 1443 2542 1570 2571; x_wconf 87' lang='lat' dir='ltr'>motus</span> <span class='ocrx_word' id='word_1_883' title='bbox 1598 2533 1810 2570; x_wconf 89' lang='lat' dir='ltr'>secundum</span> <span class='ocrx_word' id='word_1_884' title='bbox 1839 2533 1965 2581; x_wconf 89' lang='lat' dir='ltr'>situm,</span> <span class='ocrx_word' id='word_1_885' title='bbox 1995 2533 2085 2582; x_wconf 93' lang='lat' dir='ltr'>quia</span> <span class='ocrx_word' id='word_1_886' title='bbox 2111 2533 2270 2571; x_wconf 92' lang='lat' dir='ltr'>variatio</span> <span class='ocrx_word' id='word_1_887' title='bbox 2300 2533 2392 2571; x_wconf 91' lang='lat' dir='ltr'>situs</span> <span class='ocrx_word' id='word_1_888' title='bbox 2421 2547 2511 2572; x_wconf 91' lang='lat' dir='ltr'>con—</span> 
     </span>
     <span class='ocr_line' id='line_1_121' title="bbox 1442 2586 2341 2636; baseline 0.001 -13"><span class='ocrx_word' id='word_1_889' title='bbox 1442 2594 1644 2636; x_wconf 91' lang='lat' dir='ltr'>sequenter</span> <span class='ocrx_word' id='word_1_890' title='bbox 1681 2599 1720 2623; x_wconf 93' lang='lat' dir='ltr'>se</span> <span class='ocrx_word' id='word_1_891' title='bbox 1749 2586 1864 2623; x_wconf 90' lang='lat' dir='ltr'>habet</span> <span class='ocrx_word' id='word_1_892' title='bbox 1892 2586 1940 2624; x_wconf 90' lang='lat' dir='ltr'>ad</span> <span class='ocrx_word' id='word_1_893' title='bbox 1977 2586 2229 2623; x_wconf 88' lang='lat' dir='ltr'>variationem</span> <span class='ocrx_word' id='word_1_894' title='bbox 2258 2586 2341 2624; x_wconf 92' lang='lat' dir='ltr'>loci.</span> 
     </span>
    </p>

    <p class='ocr_par' dir='ltr' id='par_1_28' title="bbox 1440 2638 2511 2954">
     <span class='ocr_line' id='line_1_122' title="bbox 1497 2638 2508 2688; baseline 0.001 -12"><span class='ocrx_word' id='word_1_895' title='bbox 1497 2641 1533 2676; x_wconf 88' lang='lat'>6.</span> <span class='ocrx_word' id='word_1_896' title='bbox 1550 2639 1699 2677; x_wconf 89' lang='lat' dir='ltr'>Deinde</span> <span class='ocrx_word' id='word_1_897' title='bbox 1716 2651 1804 2676; x_wconf 91' lang='lat' dir='ltr'>cum</span> <span class='ocrx_word' id='word_1_898' title='bbox 1820 2638 1925 2676; x_wconf 88' lang='lat' dir='ltr'>dicit:</span> <span class='ocrx_word' id='word_1_899' title='bbox 1946 2639 2111 2682; x_wconf 86' lang='lat' dir='ltr'>Quaeret</span> <span class='ocrx_word' id='word_1_900' title='bbox 2126 2645 2251 2676; x_wconf 88' lang='lat' dir='ltr'>autem</span> <span class='ocrx_word' id='word_1_901' title='bbox 2273 2640 2408 2688; x_wconf 85' lang='lat' dir='ltr'>aliquis</span> <span class='ocrx_word' id='word_1_902' title='bbox 2425 2647 2508 2688; x_wconf 90' lang='lat' dir='ltr'>etc.,</span> 
     </span>
     <span class='ocr_line' id='line_1_123' title="bbox 1443 2692 2511 2741; baseline 0.001 -12"><span class='ocrx_word' id='word_1_903' title='bbox 1443 2700 1529 2730; x_wconf 90' lang='lat' dir='ltr'>ante</span> <span class='ocrx_word' id='word_1_904' title='bbox 1566 2692 1794 2729; x_wconf 90' lang='lat' dir='ltr'>solutionem</span> <span class='ocrx_word' id='word_1_905' title='bbox 1835 2692 2050 2741; x_wconf 90' lang='lat' dir='ltr'>praedictae</span> <span class='ocrx_word' id='word_1_906' title='bbox 2093 2692 2335 2730; x_wconf 89' lang='lat' dir='ltr'>dubitationis</span> <span class='ocrx_word' id='word_1_907' title='bbox 2377 2699 2511 2731; x_wconf 88' lang='lat' dir='ltr'>movet</span> 
     </span>
     <span class='ocr_line' id='line_1_124' title="bbox 1443 2745 2509 2795; baseline 0.001 -13"><span class='ocrx_word' id='word_1_908' title='bbox 1443 2745 1554 2783; x_wconf 90' lang='lat' dir='ltr'>aliam</span> <span class='ocrx_word' id='word_1_909' title='bbox 1591 2745 1853 2795; x_wconf 89' lang='lat' dir='ltr'>quaestionem</span> <span class='ocrx_word' id='word_1_910' title='bbox 1882 2751 1907 2781; x_wconf 79' lang='lat'>¹¹.</span> <span class='ocrx_word' id='word_1_911' title='bbox 1943 2746 1992 2782; x_wconf 91' lang='lat' dir='ltr'>Et</span> <span class='ocrx_word' id='word_1_912' title='bbox 2028 2745 2153 2795; x_wconf 92' lang='lat' dir='ltr'>primo</span> <span class='ocrx_word' id='word_1_913' title='bbox 2191 2745 2370 2795; x_wconf 88' lang='lat' dir='ltr'>proponit</span> <span class='ocrx_word' id='word_1_914' title='bbox 2403 2757 2509 2793; x_wconf 87' lang='lat' dir='ltr'>eam;</span> 
     </span>
     <span class='ocr_line' id='line_1_125' title="bbox 1442 2797 2508 2847; baseline 0.001 -12"><span class='ocrx_word' id='word_1_915' title='bbox 1442 2799 1610 2835; x_wconf 90' lang='lat' dir='ltr'>secundo</span> <span class='ocrx_word' id='word_1_916' title='bbox 1635 2797 1747 2835; x_wconf 90' lang='lat' dir='ltr'>solvit</span> <span class='ocrx_word' id='word_1_917' title='bbox 1767 2810 1865 2846; x_wconf 86' lang='lat' dir='ltr'>eam,</span> <span class='ocrx_word' id='word_1_918' title='bbox 1885 2798 1952 2835; x_wconf 89' lang='lat' dir='ltr'>ibi:</span> <span class='ocrx_word' id='word_1_919' title='bbox 1972 2799 2051 2835; x_wconf 84' lang='lat' dir='ltr'>Aut</span> <span class='ocrx_word' id='word_1_920' title='bbox 2068 2799 2247 2847; x_wconf 86' lang='lat' dir='ltr'>quoniam</span> <span class='ocrx_word' id='word_1_921' title='bbox 2275 2799 2385 2836; x_wconf 89' lang='lat' dir='ltr'>huius</span> <span class='ocrx_word' id='word_1_922' title='bbox 2399 2798 2419 2820; x_wconf 78' lang='lat'>&#39;⁸‘</span> <span class='ocrx_word' id='word_1_923' title='bbox 2438 2806 2508 2836; x_wconf 89' lang='lat' dir='ltr'>etc.</span> 
     </span>
     <span class='ocr_line' id='line_1_126' title="bbox 1440 2851 2510 2900; baseline 0.002 -12"><span class='ocrx_word' id='word_1_924' title='bbox 1440 2873 1464 2879; x_wconf 97' lang='lat'>-</span> <span class='ocrx_word' id='word_1_925' title='bbox 1485 2851 1584 2888; x_wconf 89' lang='lat' dir='ltr'>Dicit</span> <span class='ocrx_word' id='word_1_926' title='bbox 1613 2863 1701 2899; x_wconf 90' lang='lat' dir='ltr'>ergo</span> <span class='ocrx_word' id='word_1_927' title='bbox 1731 2851 1856 2900; x_wconf 91' lang='lat' dir='ltr'>primo</span> <span class='ocrx_word' id='word_1_928' title='bbox 1887 2851 2012 2900; x_wconf 90' lang='lat' dir='ltr'>quod,</span> <span class='ocrx_word' id='word_1_929' title='bbox 2043 2864 2132 2888; x_wconf 91' lang='lat' dir='ltr'>cum</span> <span class='ocrx_word' id='word_1_930' title='bbox 2166 2858 2414 2900; x_wconf 88' lang='lat' dir='ltr'>augmentum</span> <span class='ocrx_word' id='word_1_931' title='bbox 2442 2851 2510 2890; x_wconf 85' lang='lat' dir='ltr'>fiat</span> 
     </span>
     <span class='ocr_line' id='line_1_127' title="bbox 1441 2903 2510 2954; baseline 0 -13"><span class='ocrx_word' id='word_1_932' title='bbox 1441 2905 1568 2952; x_wconf 91' lang='lat' dir='ltr'>aliquo</span> <span class='ocrx_word' id='word_1_933' title='bbox 1597 2904 1861 2953; x_wconf 87' lang='lat' dir='ltr'>superadditO,</span> <span class='ocrx_word' id='word_1_934' title='bbox 1892 2912 2063 2942; x_wconf 91' lang='lat' dir='ltr'>remanet</span> <span class='ocrx_word' id='word_1_935' title='bbox 2090 2904 2274 2953; x_wconf 90' lang='lat' dir='ltr'>quaestio,</span> <span class='ocrx_word' id='word_1_936' title='bbox 2304 2903 2397 2954; x_wconf 90' lang='lat' dir='ltr'>quid</span> <span class='ocrx_word' id='word_1_937' title='bbox 2419 2903 2510 2942; x_wconf 90' lang='lat' dir='ltr'>illud</span> 
     </span>
    </p>
   </div>
   <div class='ocr_carea' id='block_1_19' title="bbox 1439 3027 2511 3651">
    <p class='ocr_par' dir='ltr' id='par_1_29' title="bbox 1439 3027 2511 3132">
     <span class='ocr_line' id='line_1_128' title="bbox 1439 3027 2511 3060; baseline 0 -8"><span class='ocrx_word' id='word_1_938' title='bbox 1439 3029 1528 3053; x_wconf 82' lang='lat' dir='ltr'>ctionis</span> <span class='ocrx_word' id='word_1_939' title='bbox 1547 3035 1578 3057; x_wconf 87' lang='lat' dir='ltr'>a,</span> <span class='ocrx_word' id='word_1_940' title='bbox 1599 3036 1665 3060; x_wconf 80' lang='lat' dir='ltr'>quae</span> <span class='ocrx_word' id='word_1_941' title='bbox 1690 3036 1743 3053; x_wconf 89' lang='lat' dir='ltr'>om.</span> <span class='ocrx_word' id='word_1_942' title='bbox 1762 3028 1834 3060; x_wconf 87' lang='lat' dir='ltr'>quia.</span> <span class='ocrx_word' id='word_1_943' title='bbox 1853 3040 1871 3045; x_wconf 94' lang='lat'>—</span> <span class='ocrx_word' id='word_1_944' title='bbox 1897 3027 1947 3052; x_wconf 84' lang='lat' dir='ltr'>Pro</span> <span class='ocrx_word' id='word_1_945' title='bbox 1970 3027 2042 3060; x_wconf 82' lang='lat' dir='ltr'>quod</span> <span class='ocrx_word' id='word_1_946' title='bbox 2066 3027 2205 3052; x_wconf 85' lang='lat' dir='ltr'>videtur...</span> <span class='ocrx_word' id='word_1_947' title='bbox 2225 3034 2308 3059; x_wconf 85' lang='lat' dir='ltr'>supra</span> <span class='ocrx_word' id='word_1_948' title='bbox 2328 3027 2413 3057; x_wconf 81' lang='lat' dir='ltr'>dixit,</span> <span class='ocrx_word' id='word_1_949' title='bbox 2439 3027 2511 3060; x_wconf 79' lang='lat' dir='ltr'>quod</span> 
     </span>
     <span class='ocr_line' id='line_1_129' title="bbox 1439 3061 2510 3096; baseline -0.001 -8"><span class='ocrx_word' id='word_1_950' title='bbox 1439 3064 1545 3088; x_wconf 83' lang='lat' dir='ltr'>videtur</span> <span class='ocrx_word' id='word_1_951' title='bbox 1558 3070 1613 3088; x_wconf 82' lang='lat' dir='ltr'>esse</span> <span class='ocrx_word' id='word_1_952' title='bbox 1627 3063 1730 3096; x_wconf 85' lang='lat' dir='ltr'>falsum</span> <span class='ocrx_word' id='word_1_953' title='bbox 1745 3066 1833 3088; x_wconf 84' lang='lat' dir='ltr'>manet</span> <span class='ocrx_word' id='word_1_954' title='bbox 1845 3062 1914 3087; x_wconf 85' lang='lat' dir='ltr'>enim</span> <span class='ocrx_word' id='word_1_955' title='bbox 1930 3062 1999 3088; x_wconf 89' lang='lat' dir='ltr'>idem</span> <span class='ocrx_word' id='word_1_956' title='bbox 2013 3070 2122 3087; x_wconf 86' lang='lat' dir='ltr'>numero</span> <span class='ocrx_word' id='word_1_957' title='bbox 2137 3062 2208 3087; x_wconf 87' lang='lat' dir='ltr'>unde</span> <span class='ocrx_word' id='word_1_958' title='bbox 2221 3061 2302 3094; x_wconf 87' lang='lat' dir='ltr'>(unde</span> <span class='ocrx_word' id='word_1_959' title='bbox 2315 3070 2370 3088; x_wconf 90' lang='lat' dir='ltr'>om.</span> <span class='ocrx_word' id='word_1_960' title='bbox 2384 3062 2415 3095; x_wconf 91' lang='lat' dir='ltr'>C)</span> <span class='ocrx_word' id='word_1_961' title='bbox 2428 3062 2510 3087; x_wconf 82' lang='lat' dir='ltr'>etiam</span> 
     </span>
     <span class='ocr_line' id='line_1_130' title="bbox 1439 3098 1867 3132; baseline -0.002 -9"><span class='ocrx_word' id='word_1_962' title='bbox 1439 3099 1462 3123; x_wconf 87' lang='lat' dir='ltr'>si</span> <span class='ocrx_word' id='word_1_963' title='bbox 1475 3102 1622 3132; x_wconf 80' lang='lat' dir='ltr'>generatur</span> <span class='ocrx_word' id='word_1_964' title='bbox 1640 3098 1709 3123; x_wconf 79' lang='lat' dir='ltr'>sicut</span> <span class='ocrx_word' id='word_1_965' title='bbox 1727 3098 1801 3123; x_wconf 84' lang='lat' dir='ltr'>dixit</span> <span class='ocrx_word' id='word_1_966' title='bbox 1820 3099 1867 3123; x_wconf 88' lang='lat' dir='ltr'>Ca.</span> 
     </span>
    </p>

    <p class='ocr_par' dir='ltr' id='par_1_30' title="bbox 1440 3132 2510 3202">
     <span class='ocr_line' id='line_1_131' title="bbox 1493 3132 2510 3166; baseline 0 -8"><span class='ocrx_word' id='word_1_967' title='bbox 1493 3134 1518 3166; x_wconf 89' lang='grc' dir='ltr'>ο)</span> <span class='ocrx_word' id='word_1_968' title='bbox 1538 3134 1643 3158; x_wconf 80' lang='lat' dir='ltr'>salvare</span> <span class='ocrx_word' id='word_1_969' title='bbox 1662 3134 1688 3158; x_wconf 83' lang='lat' dir='ltr'>in</span> <span class='ocrx_word' id='word_1_970' title='bbox 1709 3134 1814 3158; x_wconf 87' lang='lat' dir='ltr'>omni</span> <span class='ocrx_word' id='word_1_971' title='bbox 1828 3133 1995 3165; x_wconf 78' lang='lat' dir='ltr'>supponitur.</span> <span class='ocrx_word' id='word_1_972' title='bbox 2007 3146 2026 3152; x_wconf 89' lang='lat'><em>-</em></span> <span class='ocrx_word' id='word_1_973' title='bbox 2039 3133 2145 3158; x_wconf 79' lang='lat' dir='ltr'>salvare</span> <span class='ocrx_word' id='word_1_974' title='bbox 2152 3140 2161 3162; x_wconf 89' lang='lat'><em>;</em></span> <span class='ocrx_word' id='word_1_975' title='bbox 2180 3133 2207 3158; x_wconf 87' lang='lat' dir='ltr'>in</span> <span class='ocrx_word' id='word_1_976' title='bbox 2221 3133 2294 3158; x_wconf 84' lang='lat' dir='ltr'>omni</span> <span class='ocrx_word' id='word_1_977' title='bbox 2307 3133 2378 3158; x_wconf 82' lang='lat' dir='ltr'>enim</span> <span class='ocrx_word' id='word_1_978' title='bbox 2391 3139 2423 3158; x_wconf 82' lang='lat' dir='ltr'>eo</span> <span class='ocrx_word' id='word_1_979' title='bbox 2437 3132 2510 3166; x_wconf 79' lang='lat' dir='ltr'>quod</span> 
     </span>
     <span class='ocr_line' id='line_1_132' title="bbox 1440 3169 1950 3202; baseline 0.002 -9"><span class='ocrx_word' id='word_1_980' title='bbox 1440 3172 1555 3202; x_wconf 84' lang='lat' dir='ltr'>augetur</span> <span class='ocrx_word' id='word_1_981' title='bbox 1573 3172 1612 3193; x_wconf 80' lang='lat' dir='ltr'>est</span> <span class='ocrx_word' id='word_1_982' title='bbox 1631 3169 1679 3194; x_wconf 83' lang='lat' dir='ltr'>hoc</span> <span class='ocrx_word' id='word_1_983' title='bbox 1697 3169 1899 3200; x_wconf 83' lang='lat' dir='ltr'>supponendum</span> <span class='ocrx_word' id='word_1_984' title='bbox 1918 3169 1950 3194; x_wconf 88' lang='lat' dir='ltr'>A.</span> 
     </span>
    </p>

    <p class='ocr_par' dir='ltr' id='par_1_31' title="bbox 1440 3202 2510 3264">
     <span class='ocr_line' id='line_1_133' title="bbox 1493 3202 2510 3236; baseline 0 -8"><span class='ocrx_word' id='word_1_985' title='bbox 1493 3204 1522 3236; x_wconf 84' lang='grc' dir='ltr'>π)</span> <span class='ocrx_word' id='word_1_986' title='bbox 1542 3204 1608 3229; x_wconf 83' lang='lat' dir='ltr'>nihil</span> <span class='ocrx_word' id='word_1_987' title='bbox 1623 3204 1773 3236; x_wconf 84' lang='lat' dir='ltr'>prohibere.</span> <span class='ocrx_word' id='word_1_988' title='bbox 1791 3218 1810 3223; x_wconf 92' lang='lat'>-</span> <span class='ocrx_word' id='word_1_989' title='bbox 1828 3203 1900 3236; x_wconf 83' lang='lat' dir='ltr'>quod</span> <span class='ocrx_word' id='word_1_990' title='bbox 1924 3203 1989 3228; x_wconf 86' lang='lat' dir='ltr'>nihil</span> <span class='ocrx_word' id='word_1_991' title='bbox 2010 3203 2136 3235; x_wconf 80' lang='lat' dir='ltr'>prohibet</span> <span class='ocrx_word' id='word_1_992' title='bbox 2154 3204 2186 3228; x_wconf 93' lang='lat' dir='ltr'>A.</span> <span class='ocrx_word' id='word_1_993' title='bbox 2203 3217 2223 3222; x_wconf 99' lang='lat'>-</span> <span class='ocrx_word' id='word_1_994' title='bbox 2240 3203 2291 3228; x_wconf 85' lang='lat' dir='ltr'>Pro</span> <span class='ocrx_word' id='word_1_995' title='bbox 2302 3203 2341 3236; x_wconf 86' lang='lat' dir='ltr'>flt</span> <span class='ocrx_word' id='word_1_996' title='bbox 2358 3203 2457 3232; x_wconf 72' lang='lat' dir='ltr'>albius,</span> <span class='ocrx_word' id='word_1_997' title='bbox 2469 3202 2510 3236; x_wconf 75' lang='lat' dir='ltr'>stt</span> 
     </span>
     <span class='ocr_line' id='line_1_134' title="bbox 1440 3239 1619 3264; baseline 0 -1"><span class='ocrx_word' id='word_1_998' title='bbox 1440 3239 1528 3264; x_wconf 87' lang='lat' dir='ltr'>album</span> <span class='ocrx_word' id='word_1_999' title='bbox 1548 3239 1619 3264; x_wconf 87' lang='lat' dir='ltr'>ACa.</span> 
     </span>
    </p>

    <p class='ocr_par' dir='ltr' id='par_1_32' title="bbox 1441 3273 2508 3378">
     <span class='ocr_line' id='line_1_135' title="bbox 1494 3273 2508 3307; baseline -0.001 -8"><span class='ocrx_word' id='word_1_1000' title='bbox 1494 3274 1518 3307; x_wconf 88' lang='grc' dir='ltr'>ρ)</span> <span class='ocrx_word' id='word_1_1001' title='bbox 1537 3274 1680 3299; x_wconf 82' lang='lat' dir='ltr'>subiectum</span> <span class='ocrx_word' id='word_1_1002' title='bbox 1700 3274 1827 3306; x_wconf 81' lang='lat' dir='ltr'>parvis...</span> <span class='ocrx_word' id='word_1_1003' title='bbox 1843 3274 1946 3306; x_wconf 78' lang='lat' dir='ltr'>magnis</span> <span class='ocrx_word' id='word_1_1004' title='bbox 1966 3273 2181 3299; x_wconf 75' lang='lat' dir='ltr'>dimensionibus.</span> <span class='ocrx_word' id='word_1_1005' title='bbox 2194 3287 2213 3292; x_wconf 96' lang='lat'><em>-</em></span> <span class='ocrx_word' id='word_1_1006' title='bbox 2230 3273 2278 3298; x_wconf 74' lang='lat' dir='ltr'>sub</span> <span class='ocrx_word' id='word_1_1007' title='bbox 2292 3273 2389 3305; x_wconf 79' lang='lat' dir='ltr'>parvis</span> <span class='ocrx_word' id='word_1_1008' title='bbox 2407 3273 2508 3298; x_wconf 78' lang='lat' dir='ltr'>dimen-</span> 
     </span>
     <span class='ocr_line' id='line_1_136' title="bbox 1441 3308 2508 3343; baseline -0.001 -9"><span class='ocrx_word' id='word_1_1009' title='bbox 1441 3310 1565 3338; x_wconf 82' lang='lat' dir='ltr'>sionibus,</span> <span class='ocrx_word' id='word_1_1010' title='bbox 1578 3314 1672 3341; x_wconf 79' lang='lat' dir='ltr'>postea</span> <span class='ocrx_word' id='word_1_1011' title='bbox 1690 3310 1725 3335; x_wconf 82' lang='lat' dir='ltr'>sit</span> <span class='ocrx_word' id='word_1_1012' title='bbox 1738 3310 1816 3343; x_wconf 86' lang='lat' dir='ltr'>sacta</span> <span class='ocrx_word' id='word_1_1013' title='bbox 1834 3310 1882 3334; x_wconf 81' lang='lat' dir='ltr'>sub</span> <span class='ocrx_word' id='word_1_1014' title='bbox 1901 3309 2045 3334; x_wconf 74' lang='lat' dir='ltr'>maioribus</span> <span class='ocrx_word' id='word_1_1015' title='bbox 2059 3309 2144 3335; x_wconf 81' lang='lat' dir='ltr'>Peab.</span> <span class='ocrx_word' id='word_1_1016' title='bbox 2157 3322 2176 3328; x_wconf 89' lang='lat'><em>—</em></span> <span class='ocrx_word' id='word_1_1017' title='bbox 2189 3308 2240 3333; x_wconf 81' lang='lat' dir='ltr'>Pro</span> <span class='ocrx_word' id='word_1_1018' title='bbox 2263 3308 2355 3342; x_wconf 78' lang='lat' dir='ltr'>magni</span> <span class='ocrx_word' id='word_1_1019' title='bbox 2372 3311 2399 3334; x_wconf 83' lang='lat' dir='ltr'>et</span> <span class='ocrx_word' id='word_1_1020' title='bbox 2412 3308 2508 3340; x_wconf 77' lang='lat' dir='ltr'>parvi,</span> 
     </span>
     <span class='ocr_line' id='line_1_137' title="bbox 1442 3344 1918 3378; baseline 0 -9"><span class='ocrx_word' id='word_1_1021' title='bbox 1442 3345 1623 3378; x_wconf 84' lang='lat' dir='ltr'>magnitudini</span> <span class='ocrx_word' id='word_1_1022' title='bbox 1641 3348 1667 3370; x_wconf 89' lang='lat' dir='ltr'>et</span> <span class='ocrx_word' id='word_1_1023' title='bbox 1681 3345 1816 3377; x_wconf 79' lang='lat' dir='ltr'>parvitati</span> <span class='ocrx_word' id='word_1_1024' title='bbox 1834 3344 1918 3370; x_wconf 83' lang='lat' dir='ltr'>PCab.</span> 
     </span>
    </p>

    <p class='ocr_par' dir='ltr' id='par_1_33' title="bbox 1442 3378 2509 3518">
     <span class='ocr_line' id='line_1_138' title="bbox 1495 3378 2508 3412; baseline -0.002 -7"><span class='ocrx_word' id='word_1_1025' title='bbox 1495 3380 1520 3412; x_wconf 86' lang='grc' dir='ltr'>σ)</span> <span class='ocrx_word' id='word_1_1026' title='bbox 1545 3380 1795 3405; x_wconf 80' lang='lat' dir='ltr'>transmutationem</span> <span class='ocrx_word' id='word_1_1027' title='bbox 1851 3380 1934 3404; x_wconf 86' lang='lat' dir='ltr'>densi.</span> <span class='ocrx_word' id='word_1_1028' title='bbox 1948 3394 1966 3398; x_wconf 91' lang='lat'><strong>—</strong></span> <span class='ocrx_word' id='word_1_1029' title='bbox 1983 3379 2169 3404; x_wconf 85' lang='lat' dir='ltr'>alterationem</span> <span class='ocrx_word' id='word_1_1030' title='bbox 2184 3379 2353 3411; x_wconf 79' lang='lat' dir='ltr'>passibilium</span> <span class='ocrx_word' id='word_1_1031' title='bbox 2371 3378 2508 3411; x_wconf 81' lang='lat' dir='ltr'>quantita-</span> 
     </span>
     <span class='ocr_line' id='line_1_139' title="bbox 1442 3413 2509 3447; baseline -0.002 -7"><span class='ocrx_word' id='word_1_1032' title='bbox 1442 3418 1506 3445; x_wconf 82' lang='lat' dir='ltr'>tum,</span> <span class='ocrx_word' id='word_1_1033' title='bbox 1525 3415 1623 3440; x_wconf 84' lang='lat' dir='ltr'>scilicet</span> <span class='ocrx_word' id='word_1_1034' title='bbox 1642 3415 1765 3440; x_wconf 76' lang='lat' dir='ltr'>raritatis</span> <span class='ocrx_word' id='word_1_1035' title='bbox 1783 3419 1810 3440; x_wconf 89' lang='lat' dir='ltr'>et</span> <span class='ocrx_word' id='word_1_1036' title='bbox 1824 3415 1964 3440; x_wconf 84' lang='lat' dir='ltr'>densitatis</span> <span class='ocrx_word' id='word_1_1037' title='bbox 1977 3415 2009 3439; x_wconf 88' lang='lat' dir='ltr'>A.</span> <span class='ocrx_word' id='word_1_1038' title='bbox 2022 3427 2042 3434; x_wconf 84' lang='lat'>·-</span> <span class='ocrx_word' id='word_1_1039' title='bbox 2055 3414 2106 3439; x_wconf 85' lang='lat' dir='ltr'>Pro</span> <span class='ocrx_word' id='word_1_1040' title='bbox 2125 3414 2292 3447; x_wconf 79' lang='lat' dir='ltr'>quantitatis,</span> <span class='ocrx_word' id='word_1_1041' title='bbox 2307 3413 2446 3446; x_wconf 78' lang='lat' dir='ltr'>qualitatis</span> <span class='ocrx_word' id='word_1_1042' title='bbox 2460 3416 2509 3438; x_wconf 86' lang='lat' dir='ltr'>aut</span> 
     </span>
     <span class='ocr_line' id='line_1_140' title="bbox 1442 3448 2506 3482; baseline -0.001 -8"><span class='ocrx_word' id='word_1_1043' title='bbox 1442 3451 1600 3482; x_wconf 82' lang='lat' dir='ltr'>quantitatis</span> <span class='ocrx_word' id='word_1_1044' title='bbox 1620 3451 1704 3476; x_wconf 83' lang='lat' dir='ltr'>PCab.</span> <span class='ocrx_word' id='word_1_1045' title='bbox 1721 3464 1740 3470; x_wconf 92' lang='lat'>-</span> <span class='ocrx_word' id='word_1_1046' title='bbox 1759 3451 1809 3475; x_wconf 81' lang='lat' dir='ltr'>Pro</span> <span class='ocrx_word' id='word_1_1047' title='bbox 1828 3453 1914 3475; x_wconf 80' lang='lat' dir='ltr'>motus</span> <span class='ocrx_word' id='word_1_1048' title='bbox 1933 3450 2076 3475; x_wconf 84' lang='lat' dir='ltr'>secundum</span> <span class='ocrx_word' id='word_1_1049' title='bbox 2096 3450 2224 3475; x_wconf 75' lang='lat' dir='ltr'>dextrum</span> <span class='ocrx_word' id='word_1_1050' title='bbox 2244 3449 2286 3474; x_wconf 82' lang='lat' dir='ltr'>vel</span> <span class='ocrx_word' id='word_1_1051' title='bbox 2303 3449 2449 3478; x_wconf 72' lang='lat' dir='ltr'>sInistr-um,</span> <span class='ocrx_word' id='word_1_1052' title='bbox 2465 3448 2506 3473; x_wconf 83' lang='lat' dir='ltr'>in·</span> 
     </span>
     <span class='ocr_line' id='line_1_141' title="bbox 1442 3484 2426 3518; baseline -0.001 -8"><span class='ocrx_word' id='word_1_1053' title='bbox 1442 3486 1546 3510; x_wconf 80' lang='lat' dir='ltr'>ter-dum</span> <span class='ocrx_word' id='word_1_1054' title='bbox 1567 3486 1665 3510; x_wconf 84' lang='lat' dir='ltr'>dextro</span> <span class='ocrx_word' id='word_1_1055' title='bbox 1683 3489 1710 3511; x_wconf 89' lang='lat' dir='ltr'>et</span> <span class='ocrx_word' id='word_1_1056' title='bbox 1727 3486 1844 3513; x_wconf 84' lang='lat' dir='ltr'>sinistro,</span> <span class='ocrx_word' id='word_1_1057' title='bbox 1865 3491 1890 3510; x_wconf 90' lang='lat' dir='ltr'>et</span> <span class='ocrx_word' id='word_1_1058' title='bbox 1909 3493 1956 3518; x_wconf 86' lang='lat' dir='ltr'>pro</span> <span class='ocrx_word' id='word_1_1059' title='bbox 1974 3485 2118 3510; x_wconf 84' lang='lat' dir='ltr'>secundum</span> <span class='ocrx_word' id='word_1_1060' title='bbox 2137 3485 2225 3514; x_wconf 68' lang='lat' dir='ltr'>situm,</span> <span class='ocrx_word' id='word_1_1061' title='bbox 2245 3484 2292 3509; x_wconf 78' lang='lat' dir='ltr'>sed</span> <span class='ocrx_word' id='word_1_1062' title='bbox 2309 3484 2376 3509; x_wconf 76' lang='lat' dir='ltr'>situs</span> <span class='ocrx_word' id='word_1_1063' title='bbox 2394 3485 2426 3509; x_wconf 89' lang='lat' dir='ltr'>A.</span> 
     </span>
    </p>

    <p class='ocr_par' dir='ltr' id='par_1_34' title="bbox 1441 3519 2508 3651">
     <span class='ocr_line' id='line_1_142' title="bbox 1495 3519 2505 3553; baseline -0.003 -7"><span class='ocrx_word' id='word_1_1064' title='bbox 1495 3522 1519 3552; x_wconf 83' lang='grc' dir='ltr'>τ)</span> <span class='ocrx_word' id='word_1_1065' title='bbox 1539 3524 1602 3546; x_wconf 87' lang='lat' dir='ltr'>ante</span> <span class='ocrx_word' id='word_1_1066' title='bbox 1624 3521 1781 3546; x_wconf 77' lang='lat' dir='ltr'>solutionem</span> <span class='ocrx_word' id='word_1_1067' title='bbox 1830 3521 2018 3553; x_wconf 78' lang='lat' dir='ltr'>quaestionem.</span> <span class='ocrx_word' id='word_1_1068' title='bbox 2036 3534 2055 3539; x_wconf 95' lang='lat'>-</span> <span class='ocrx_word' id='word_1_1069' title='bbox 2072 3523 2163 3545; x_wconf 85' lang='lat' dir='ltr'>autem</span> <span class='ocrx_word' id='word_1_1070' title='bbox 2188 3520 2268 3551; x_wconf 87' lang='lat' dir='ltr'>(ante</span> <span class='ocrx_word' id='word_1_1071' title='bbox 2286 3520 2324 3551; x_wconf 92' lang='lat' dir='ltr'>C)</span> <span class='ocrx_word' id='word_1_1072' title='bbox 2349 3519 2505 3544; x_wconf 73' lang='lat' dir='ltr'>solutionem</span> 
     </span>
     <span class='ocr_line' id='line_1_143' title="bbox 1441 3553 2508 3589; baseline -0.003 -8"><span class='ocrx_word' id='word_1_1073' title='bbox 1441 3556 1595 3588; x_wconf 83' lang='lat' dir='ltr'>praedictae</span> <span class='ocrx_word' id='word_1_1074' title='bbox 1613 3556 1774 3589; x_wconf 75' lang='lat' dir='ltr'>quaestionis</span> <span class='ocrx_word' id='word_1_1075' title='bbox 1793 3559 1879 3581; x_wconf 80' lang='lat' dir='ltr'>movet</span> <span class='ocrx_word' id='word_1_1076' title='bbox 1897 3558 1985 3580; x_wconf 89' lang='lat' dir='ltr'>autem</span> <span class='ocrx_word' id='word_1_1077' title='bbox 2006 3555 2104 3588; x_wconf 87' lang='lat' dir='ltr'>(autem</span> <span class='ocrx_word' id='word_1_1078' title='bbox 2117 3563 2172 3580; x_wconf 90' lang='lat' dir='ltr'>om.</span> <span class='ocrx_word' id='word_1_1079' title='bbox 2185 3555 2216 3587; x_wconf 93' lang='lat' dir='ltr'>C)</span> <span class='ocrx_word' id='word_1_1080' title='bbox 2231 3554 2313 3579; x_wconf 81' lang='lat' dir='ltr'>aliam</span> <span class='ocrx_word' id='word_1_1081' title='bbox 2327 3553 2508 3587; x_wconf 75' lang='lat' dir='ltr'>quaestionem</span> 
     </span>
     <span class='ocr_line' id='line_1_144' title="bbox 1443 3588 2507 3623; baseline -0.004 -7"><span class='ocrx_word' id='word_1_1082' title='bbox 1443 3591 1489 3619; x_wconf 84' lang='lat' dir='ltr'>Ca,</span> <span class='ocrx_word' id='word_1_1083' title='bbox 1510 3595 1596 3616; x_wconf 84' lang='lat' dir='ltr'>movet</span> <span class='ocrx_word' id='word_1_1084' title='bbox 1614 3594 1703 3616; x_wconf 88' lang='lat' dir='ltr'>autem</span> <span class='ocrx_word' id='word_1_1085' title='bbox 1722 3591 1803 3616; x_wconf 88' lang='lat' dir='ltr'>aliam</span> <span class='ocrx_word' id='word_1_1086' title='bbox 1823 3591 2002 3623; x_wconf 81' lang='lat' dir='ltr'>quaestionem</span> <span class='ocrx_word' id='word_1_1087' title='bbox 2022 3590 2065 3619; x_wconf 82' lang='lat' dir='ltr'>Pb,</span> <span class='ocrx_word' id='word_1_1088' title='bbox 2084 3590 2166 3615; x_wconf 78' lang='lat' dir='ltr'>aliam</span> <span class='ocrx_word' id='word_1_1089' title='bbox 2185 3597 2239 3615; x_wconf 89' lang='lat' dir='ltr'>om.</span> <span class='ocrx_word' id='word_1_1090' title='bbox 2252 3590 2289 3621; x_wconf 83' lang='lat' dir='ltr'>A3</span> <span class='ocrx_word' id='word_1_1091' title='bbox 2309 3589 2341 3614; x_wconf 85' lang='lat' dir='ltr'>cf.</span> <span class='ocrx_word' id='word_1_1092' title='bbox 2354 3588 2507 3613; x_wconf 80' lang='lat' dir='ltr'>divisionem</span> 
     </span>
     <span class='ocr_line' id='line_1_145' title="bbox 1442 3626 2069 3651; baseline -0.003 0"><span class='ocrx_word' id='word_1_1093' title='bbox 1442 3631 1527 3651; x_wconf 84' lang='lat' dir='ltr'>textus</span> <span class='ocrx_word' id='word_1_1094' title='bbox 1546 3627 1571 3651; x_wconf 91' lang='lat' dir='ltr'>in</span> <span class='ocrx_word' id='word_1_1095' title='bbox 1592 3634 1664 3651; x_wconf 82' lang='lat' dir='ltr'>num.</span> <span class='ocrx_word' id='word_1_1096' title='bbox 1682 3634 1702 3651; x_wconf 82' lang='lat'>1.</span> <span class='ocrx_word' id='word_1_1097' title='bbox 1720 3640 1739 3645; x_wconf 93' lang='lat'>-</span> <span class='ocrx_word' id='word_1_1098' title='bbox 1757 3626 1874 3650; x_wconf 84' lang='lat' dir='ltr'>Alterum</span> <span class='ocrx_word' id='word_1_1099' title='bbox 1893 3633 1951 3650; x_wconf 87' lang='lat' dir='ltr'>eam</span> <span class='ocrx_word' id='word_1_1100' title='bbox 1970 3633 2023 3650; x_wconf 90' lang='lat' dir='ltr'>om.</span> <span class='ocrx_word' id='word_1_1101' title='bbox 2038 3626 2069 3649; x_wconf 90' lang='lat' dir='ltr'>A.</span> 
     </span>
    </p>
   </div>
   <div class='ocr_carea' id='block_1_20' title="bbox 2629 1271 2656 1293">
    <p class='ocr_par' dir='ltr' id='par_1_35' title="bbox 2629 1271 2656 1293">
     <span class='ocr_line' id='line_1_146' title="bbox 2629 1271 2656 1293; baseline 0 0"><span class='ocrx_word' id='word_1_1102' title='bbox 2629 1271 2656 1293; x_wconf 78' lang='grc' dir='ltr'>’π</span> 
     </span>
    </p>
   </div>
   <div class='ocr_carea' id='block_1_21' title="bbox 2538 1379 2753 1456">
    <p class='ocr_par' dir='ltr' id='par_1_36' title="bbox 2538 1379 2753 1456">
     <span class='ocr_line' id='line_1_147' title="bbox 2538 1379 2753 1430; baseline 0.005 -1"><span class='ocrx_word' id='word_1_1103' title='bbox 2538 1379 2753 1430; x_wconf 40' lang='lat' dir='ltr'>ascita...</span> 
     </span>
     <span class='ocr_line' id='line_1_148' title="bbox 2538 1439 2604 1456; baseline 0 -1"><span class='ocrx_word' id='word_1_1104' title='bbox 2538 1439 2604 1456; x_wconf 62' lang='lat' dir='ltr'>lhlss.</span> 
     </span>
    </p>
   </div>
   <div class='ocr_carea' id='block_1_22' title="bbox 2537 1485 2753 1534">
    <p class='ocr_par' dir='ltr' id='par_1_37' title="bbox 2537 1485 2753 1534">
     <span class='ocr_line' id='line_1_149' title="bbox 2537 1485 2753 1534; baseline 0 -26"><span class='ocrx_word' id='word_1_1105' title='bbox 2537 1486 2552 1534; x_wconf 45' lang='grc' dir='ltr'><strong><em>Σ</em></strong></span> <span class='ocrx_word' id='word_1_1106' title='bbox 2562 1485 2688 1508; x_wconf 60' lang='lat' dir='ltr'>tubicem</span> <span class='ocrx_word' id='word_1_1107' title='bbox 2703 1492 2753 1508; x_wconf 86' lang='lat' dir='ltr'>om.</span> 
     </span>
    </p>
   </div>
   <div class='ocr_carea' id='block_1_23' title="bbox 2536 2810 2666 2838">
    <p class='ocr_par' dir='ltr' id='par_1_38' title="bbox 2536 2810 2666 2838">
     <span class='ocr_line' id='line_1_150' title="bbox 2536 2810 2666 2838; baseline -0.008 -5"><span class='ocrx_word' id='word_1_1108' title='bbox 2536 2812 2547 2821; x_wconf 84' lang='lat'>&#39;</span> <span class='ocrx_word' id='word_1_1109' title='bbox 2561 2810 2633 2833; x_wconf 81' lang='lat' dir='ltr'>Num.</span> <span class='ocrx_word' id='word_1_1110' title='bbox 2643 2815 2666 2838; x_wconf 81' lang='lat'>7.</span> 
     </span>
    </p>
   </div>
   <div class='ocr_carea' id='block_1_24' title="bbox 2746 2379 2782 4134">
    <p class='ocr_par' dir='ltr' id='par_1_39' title="bbox 2746 2379 2782 4134">
     <span class='ocr_line' id='line_1_151' title="bbox 2746 2379 2782 4134; baseline 0 0"><span class='ocrx_word' id='word_1_1111' title='bbox 2746 2379 2782 4134; x_wconf 95' lang='lat' dir='ltr'> </span> 
     </span>
    </p>
   </div>
  </div>
 </body>
</html>
