2782 4134
1084 275 1194 312 CAP.
1226 276 1294 323 IX,
1325 275 1476 312 LECT.
1506 276 1595 312 XIV

249 352 530 390 condensantur
539 352 578 388 in
592 364 743 400 aquam.
757 353 806 389 Et
816 352 903 389 ideo
915 352 1105 401 subiungit
1120 354 1224 402 quod
1236 366 1281 391 ex
1292 354 1312 376 *

248 406 324 442 hoc
342 405 447 453 quod
462 405 692 454 quandoque
708 405 750 442 fit
763 416 884 454 prope
900 417 983 451 nos,
1000 407 1231 454 quandoque
1247 419 1311 444 au-

249 465 329 495 tem
351 463 363 478 ⁸
383 458 580 505 elongatur
598 470 620 494 a
640 457 762 504 nobis,
784 457 904 493 existit
927 470 1041 494 causa
1060 459 1311 506 generationis

249 517 287 547 et
306 510 566 558 corruptionis.
589 509 648 547 Fit
664 522 787 558 prope
807 516 936 546 autem
965 510 1074 547 nobis
1100 513 1310 548 secundum

248 562 446 612 proprium
475 569 646 609 motum,
677 563 832 610 quando
861 563 1006 599 accedit
1034 564 1083 600 ad
1120 564 1225 611 signa
1254 577 1310 600 se-

248 615 530 665 ptentrionalia:
557 615 753 662 elongatur
777 622 905 651 autem
925 627 948 651 a
966 615 1089 663 nobis,
1111 617 1203 653 dum
1228 629 1310 653 mo-

249 675 352 705 ratur
378 668 416 704 in
444 667 559 715 signis
587 667 910 704 meridionalibus.

301 732 339 767 4.
357 720 536 757 Secundo
551 720 620 756 ibi:
635 721 819 757 Manente
832 726 957 757 autem
973 726 1075 757 terra
1091 729 1173 767 etc.‚
1186 728 1310 758 osten-

248 773 303 811 dit
321 785 477 810 causam
496 772 730 809 materialem
748 773 885 810 harum
904 773 1138 822 passionum.
1160 774 1209 810 Et
1224 774 1312 811 dicit

248 826 366 875 quod,
384 837 473 862 cum
487 833 587 862 terra
601 825 770 874 quiescat
788 825 827 862 in
840 825 982 873 medio,
998 826 1088 863 illud
1107 826 1309 863 humidum

247 890 416 928 aqueum
445 877 550 927 quod
577 885 634 915 est
657 878 754 915 circa
781 878 916 927 ipsam,
937 886 1019 915 tum
1039 892 1061 916 a
1080 879 1193 916 radiis
1221 879 1310 916 solis

247 938 330 969 tum
349 932 398 968 ab
418 931 489 968 alia
508 930 692 968 caliditate
713 943 811 980 quae
830 939 886 968 est
904 944 927 969 a
946 932 1203 980 superioribus
1229 945 1310 969 cor-

247 984 416 1034 poribus,
443 983 645 1021 resolvitur
663 984 702 1020 in
720 995 920 1033 vaporem,
948 992 985 1021 et
1003 985 1056 1021 sic
1079 985 1310 1022 subtiliatum

238 1049 317 1086 ‚per
342 1037 522 1074 virtutem
548 1036 657 1074 calidi
684 1049 836 1074 sursum
865 1038 981 1074 fertur
998 1037 1030 1074 ²¹².

305 1091 338 1128 5.
359 1089 489 1127 Tertio
509 1089 578 1126 ibi:
600 1090 794 1127 Caliditate
807 1096 932 1127 autem
948 1098 1031 1138 etc.‚
1051 1090 1214 1127 ostendit
1228 1103 1310 1127 mo-

225 1138 342 1180 'dum
369 1142 620 1191 generationis
648 1143 788 1179 horum
817 1143 864 1180 de
899 1143 1037 1192 quibus
1065 1143 1232 1181 intendit.
1263 1145 1312 1180 Et

249 1195 348 1240 circa
364 1197 440 1232 hoc
465 1196 535 1232 tria
553 1195 650 1232 facit.
671 1196 802 1233 Primo
821 1196 930 1245 ponit
950 1197 989 1233 in
1009 1197 1206 1234 communi
1226 1209 1309 1234 mo-

215 1270 222 1278 ·
249 1248 343 1286 dum
371 1249 623 1297 generationis
658 1249 796 1286 harum
823 1249 844 1271 *
871 1249 1105 1298 passionum.
1136 1251 1185 1286 Et
1221 1250 1311 1286 dicit

248 1301 355 1351 quod
369 1313 493 1350 vapor
507 1301 572 1350 qui
586 1313 737 1338 sursum
752 1302 868 1338 fertur
881 1314 951 1350 per
963 1301 1141 1339 virtutem
1162 1303 1307 1350 caloris,

211 1371 222 1377 ·
249 1353 435 1391 deseritur
453 1366 476 1391 a
496 1354 680 1391 caliditate
706 1367 806 1403 quae
825 1367 976 1392 sursum
996 1367 1086 1391 eum
1112 1355 1255 1392 ferebat
1276 1356 1307 1393 ⁹⁸.

248 1407 366 1454 Quod
386 1407 542 1456 quidem
569 1407 749 1455 contingit
768 1407 981 1456 dupliciter:
1002 1419 1080 1444 uno
1101 1409 1221 1445 modo
1241 1421 1310 1458 per

235 1458 324 1497 'hoc
351 1460 456 1509 quod
480 1460 501 1482 ’⁸‘
519 1460 559 1497 id
585 1460 691 1508 quod
720 1468 799 1497 erat
825 1460 996 1497 subtilius
1025 1468 1062 1496 et
1089 1461 1244 1498 calidius
1271 1462 1310 1499 in

201 1539 208 1546 .
247 1525 392 1562 vapore
410 1513 442 1560 ²³,
464 1514 633 1550 elevatur
658 1513 812 1550 ulterius
840 1513 890 1550 ad
917 1513 1153 1562 superiorem
1181 1515 1310 1552 locum

249 1565 494 1604 exhalationis
514 1565 648 1613 siccae,
669 1573 707 1602 et
732 1565 786 1603 sic
805 1566 955 1603 residua
973 1578 1061 1615 pars
1078 1567 1234 1615 vaporis
1255 1580 1309 1604 re-

248 1626 380 1656 manet
415 1618 563 1667 frigida3
593 1619 666 1655 alio
695 1618 815 1656 modo
852 1631 922 1668 per
953 1620 1028 1656 hoc
1065 1620 1170 1668 quod
1209 1621 1310 1658 calor

247 1671 315 1720 qui
342 1678 398 1708 est
422 1671 463 1708 in
490 1683 635 1721 vapore
665 1671 901 1720 extinguitur,
920 1679 1077 1721 propter
1103 1673 1179 1710 hoc
1206 1674 1311 1722 quod

246 1725 360 1772 longe
388 1725 558 1761 elevatur
577 1737 599 1761 a
626 1725 781 1762 terrain
809 1737 896 1762 aere
925 1725 990 1774 qui
1014 1733 1069 1762 est
1097 1737 1212 1775 supra
1238 1735 1310 1764 ter-

247 1789 350 1825 ram,
369 1777 445 1814 ‘ubi
473 1777 602 1815 deficit
629 1778 734 1814 calor
769 1786 925 1827 propter
960 1779 1036 1815 hoc
1073 1779 1179 1827 quod
1217 1780 1311 1817 radii

246 1829 478 1868 reverberati
506 1843 529 1867 a
555 1837 654 1867 terra
682 1830 722 1867 in
749 1830 983 1868 immensum
1012 1840 1250 1880 sparguntur,
1270 1841 1311 1870 ut

213 1904 220 1911 ·
247 1895 362 1933 supra
379 1883 400 1906 ’⁸‘
418 1883 562 1921 dictum
583 1890 648 1920 est.
671 1883 732 1920 Sic
750 1883 861 1932 igitur
887 1883 1085 1921 deficiente
1105 1886 1230 1922 calore
1250 1898 1310 1923 ca-

245 1936 440 1974 lefaciente
467 1936 482 1963 ζ
511 1944 547 1973 et
574 1937 745 1974 elevante
772 1949 959 1986 vaporem
988 1949 1168 1986 aqueum,
1189 1951 1311 1988 vapor

246 2001 392 2040 aqueus
411 1989 508 2027 redit
527 1989 575 2027 ad
595 2001 705 2026 suam
724 1998 909 2037 naturam,
931 1990 1171 2028 coadunante
1196 1992 1309 2029 etiam

246 2042 443 2091 frigiditate
471 2042 563 2089 loci;
593 2050 628 2079 et
655 2042 710 2079 sic
736 2042 982 2091 infrigidatur,
1014 2051 1049 2080 et
1076 2044 1310 2092 infrigidatus

245 2094 479 2145 inspissatur,
500 2103 537 2132 et
563 2095 786 2144 inspissatus
815 2096 914 2134 cadit
941 2097 990 2133 ad
1021 2104 1174 2134 terram.

251 2180 253 2183 .
300 2149 337 2186 6.
367 2149 547 2186 Secundo
575 2148 644 2185 ibi:
672 2150 742 2186 Est
765 2155 891 2186 autem
919 2161 1017 2198 quae
1049 2150 1197 2198 quidem
1226 2158 1309 2199 etc.‚

246 2201 412 2239 ostendit
438 2201 532 2250 quid
550 2201 598 2238 sit
618 2201 791 2239 medium
809 2202 848 2239 in
867 2202 1067 2251 praedictis
1085 2210 1310 2241 transmuta-

246 2253 424 2292 tionibus.
442 2256 484 2291 In
498 2254 624 2304 prima
638 2255 740 2292 enirn
754 2256 1080 2302 transmutatione,
1097 2257 1309 2294 secundum

247 2319 364 2356 quam
393 2319 494 2355 aqua
530 2307 739 2344 subtiliatur
768 2316 804 2344 et
832 2309 1022 2355 elevatur,
1051 2308 1223 2346 medium
1254 2317 1310 2346 est

245 2371 386 2410 vapor:
414 2373 505 2397 nam
525 2360 607 2409 ipsa
625 2361 811 2398 exhalatio
831 2361 851 2382 ’¹‘
870 2362 1035 2398 resoluta
1053 2362 1102 2398 ab
1118 2369 1222 2410 ‘aqua
1240 2374 1309 2399 vo-

247 2421 352 2451 catur
365 2425 500 2462 vapor,
517 2413 581 2462 qui
601 2420 656 2451 est
675 2413 824 2451 medius
843 2413 940 2451 inter
953 2426 1081 2451 aerem
1101 2422 1137 2451 et
1155 2427 1307 2464 aquam.

247 2467 291 2503 In
309 2466 371 2503 illa
389 2474 518 2504 autem
541 2467 855 2504 transmutatione
874 2468 1087 2504 secundum
1107 2479 1225 2516 quam
1245 2481 1310 2505 aer

247 2519 504 2557 condensatur
530 2519 570 2556 in
597 2532 752 2568 aquam,
771 2520 945 2557 medium
974 2528 1030 2557 est
1056 2521 1189 2568 nubes,
1211 2533 1308 2570 quae

247 2578 303 2610 est
328 2572 392 2610 via
409 2573 663 2621 generationis
686 2585 808 2622 aquae
827 2578 851 2609 η.
875 2573 950 2610 Sed
972 2585 1060 2610 cum
1078 2574 1200 2611 nubes
1221 2586 1311 2611 con-

249 2625 429 2666 densatur
459 2626 498 2663 in
526 2638 667 2674 aquam
683 2655 692 2673 ,
723 2626 762 2664 id
790 2626 896 2675 quod
933 2634 989 2663 est
1029 2627 1224 2664 residuum
1262 2627 1310 2665 de

247 2679 362 2726 nube,
382 2679 489 2727 quod
508 2679 648 2716 scilicet
666 2679 705 2716 in
722 2691 873 2728 *aquam
895 2679 1119 2716 condensari
1143 2692 1222 2717 non
1241 2692 1311 2729 po-

246 2731 328 2778 tuit,
349 2739 406 2769 est
430 2732 550 2780 caligo
570 2733 745 2769 nebulae.
765 2733 815 2769 Et
842 2732 930 2769 ideo
950 2733 1090 2769 nebula
1116 2733 1235 2781 magis
1255 2741 1312 2770 est

247 2783 396 2832 signum
438 2784 646 2822 serenitatis
684 2797 800 2833 quam
842 2785 1020 2834 pluviae:
1051 2786 1140 2834 quia
1173 2787 1311 2823 nebula

249 2845 306 2874 est
333 2837 441 2886 quasi
469 2838 660 2887 quaedam
688 2839 811 2875 nubes
834 2839 978 2884 sterilis,
999 2838 1094 2876 idest
1121 2839 1202 2876 sine
1228 2840 1311 2887 plu-

247 2890 322 2937 via,
348 2903 447 2939 quae
476 2898 532 2928 est
568 2891 746 2928 naturalis
780 2891 937 2928 effectus
965 2891 1088 2928 nubis.
1120 2892 1313 2940 Contingit

249 2950 379 2980 tamen
407 2944 613 2993 aliquando
642 2944 823 2981 nebulam
852 2944 992 2981 elevari
1025 2944 1062 2981 in
1090 2945 1171 2993 ipsa
1200 2946 1311 2981 exha-

249 2996 388 3034 latione
415 3009 619 3046 vaporum,
639 3005 846 3045 antequam
867 2997 1148 3034 condensentur
1175 2998 1213 3034 in
1241 3010 1310 3034 nu-

249 3049 339 3086 bem
367 3050 549 3099 perfecte:
580 3058 617 3087 et
634 3057 725 3087 tunc
751 3051 892 3087 nebula
909 3058 1035 3099 potest
1061 3063 1142 3087 esse
1161 3051 1310 3098 signum

248 3103 413 3152 pluviae.
461 3107 470 3116 “

303 3168 339 3205 7.
357 3156 488 3193 Tertio
508 3155 577 3192 ibi:
597 3155 660 3192 Fit
676 3161 801 3192 autem
822 3156 983 3192 circulus
1003 3156 1068 3192 iste
1088 3163 1170 3202 etc.‚
1188 3163 1312 3192 osten-

250 3207 304 3246 dit
322 3208 519 3258 quomodo
539 3207 562 3230 ‘¹²'
578 3208 617 3245 in
635 3208 838 3257 praedictis
856 3208 1232 3245 transmutationibus
1256 3221 1311 3245 re-

2351 277 2423 313 365

1365 361 1601 402 presentatur
1616 353 1821 391 similitudo
1836 354 1982 402 primae
1993 366 2130 391 causae
2141 355 2343 402 moventis,
2355 355 2423 392 sci—

1366 406 1451 443 licet
1479 407 1728 444 circulationis
1746 407 1846 444 solis.
1867 407 2081 443 Attenditur
2109 408 2211 444 enim
2232 408 2422 456 quaedam

1367 459 1556 496 circulatio
1594 460 1632 496 in
1658 459 1859 508 praedictis
1895 460 2274 497 transmutationibus
2290 489 2299 507 ,
2330 461 2422 497 dum

1366 524 1465 559 aqua
1494 513 1694 549 resolvitur
1721 513 1758 549 in
1785 524 1962 561 vapores,
1984 513 2049 561 qui
2077 512 2357 550 condensantur
2385 513 2423 550 in

1365 565 1498 611 nubes,
1517 573 1552 601 et
1571 565 1694 602 nubes
1711 565 1750 602 in
1770 577 1923 613 aquam,
1939 577 2038 613 quae
2059 565 2157 602 cadit
2174 566 2213 602 in
2232 565 2252 587 *
2271 573 2420 602 terram.

1350 616 1464 652 ,Dicit
1494 629 1581 665 ergo
1611 619 1715 665 quod
1743 618 1812 655 ista
1837 618 2023 655 circularis
2051 618 2311 655 transmutatio
2341 618 2422 654 irni—

1365 676 1463 705 tatur
1492 669 1710 706 circularem
1730 679 1879 707 motum
1905 671 2014 708 solis:
2041 671 2098 708 sol
2117 671 2219 707 enim
2238 669 2251 691 ⁰
2269 683 2420 719 permu-

1365 728 1464 757 tatur
1482 722 1530 758 ad
1559 722 1726 759 diversas
1745 731 1870 771 partes
1899 724 2000 770 caeli,
2021 731 2113 772 puta
2132 724 2180 760 ad
2201 724 2422 772 septentrio-

1365 785 1455 810 nem
1485 783 1520 810 et
1547 775 1765 822 meridiem,
1795 783 1832 812 et
1851 776 2041 813 circulatio
2061 776 2130 813 ista
2153 777 2366 824 completur
2384 777 2422 813 in

1364 826 1438 862 hoc
1464 827 1568 876 quod
1596 839 1760 875 vapores
1790 829 1996 865 ascendunt
2023 841 2175 866 sursum
2204 836 2241 865 et
2269 829 2422 866 descen-

1365 879 1458 915 dunt
1486 879 1678 916 deorsum.
1707 881 1783 917 Sed
1812 889 1960 930 oportet
1987 882 2191 929 intelligere
2225 882 2329 931 quod
2354 882 2422 918 iste

1364 931 1489 968 fluxus
1516 944 1706 981 vaporum
1726 934 2010 972 ascendentium
2040 942 2076 971 et
2094 934 2420 980 descendentium,

1365 984 1411 1021 sit
1438 985 1545 1033 quasi
1564 985 1720 1033 quidam
1744 986 1884 1023 fluvius
1903 987 2090 1024 circularis
2110 987 2326 1024 communis
2345 987 2422 1024 aeri

1366 1045 1401 1074 et
1420 1049 1560 1086 aquae:
1581 1050 1671 1074 nam
1690 1039 1794 1087 quod
1809 1038 1828 1060 ²⁸
1843 1051 1941 1087 aqua
1957 1040 2155 1077 resolvitur
2168 1036 2207 1076 in
2220 1051 2420 1088 vaporem,

1365 1090 1414 1127 ad
1439 1102 1568 1128 aerem
1587 1091 1727 1138 attinet,
1749 1092 1852 1139 quod
1881 1099 2008 1128 autem
2032 1093 2152 1129 nubes
2170 1092 2209 1129 in
2236 1104 2375 1141 aquam
2401 1092 2422 1114 '¹‘

1366 1143 1654 1190 condensantur,
1672 1144 1720 1180 ad
1735 1155 1886 1193 aquam.
1905 1145 2004 1182 Cum
2020 1157 2108 1192 ergo
2124 1146 2180 1182 sol
2198 1157 2318 1194 prope
2348 1145 2421 1181 exi-

1365 1196 1434 1242 stit,
1455 1191 1522 1232 iste
1550 1196 1692 1233 fluvius
1717 1208 1908 1245 vaporum
1937 1198 2107 1234 ascendit
2134 1210 2302 1244 sursum3
2333 1210 2420 1234 cum

1364 1256 1492 1285 autem
1521 1249 1717 1296 elongatur
1743 1251 1812 1296 sol,
1837 1250 2030 1287 descendit
2057 1251 2254 1297 deorsum3
2285 1258 2321 1287 et
2347 1252 2422 1288 hoc

1363 1301 1619 1338 indesinenter
1637 1302 1657 1323 ³¹⁶
1675 1302 1719 1338 fit
1737 1303 1949 1339 secundum
1973 1303 2146 1340 ordinem
2171 1303 2419 1352 praedictum.

1364 1355 1476 1391 Unde
1496 1355 1686 1392 concludit
1703 1357 1808 1404 quod
1826 1356 1920 1392 forte
1949 1356 2092 1404 antiqui
2113 1356 2278 1393 dicentes
2298 1356 2420 1393 Ocea-

1364 1419 1457 1444 num
1487 1419 1568 1444 esse
1601 1408 1796 1456 quendam
1824 1408 1987 1445 fluvium
2020 1409 2317 1446 circumdantem
2349 1417 2420 1446 ter-

1365 1473 1462 1507 ram,
1496 1462 1641 1498 occulte
1673 1462 1926 1509 loquebantur
1958 1461 1978 1483 *
2006 1462 2053 1498 de
2085 1463 2160 1498 hoc
2186 1461 2328 1509 fluvio,
2357 1462 2420 1510 qui

1365 1513 1591 1550 circulariter
1622 1514 1706 1550 fluit
1733 1513 1830 1550 circa
1857 1521 2006 1561 terram,
2035 1521 2076 1551 ut
2103 1514 2244 1552 dictum
2275 1522 2339 1551 est.

1419 1567 1454 1603 8.
1493 1566 1641 1603 Deinde
1679 1579 1766 1603 cum
1805 1566 1912 1603 dicit:
1949 1567 2104 1605 Elevato
2141 1573 2266 1604 autem
2301 1568 2421 1604 humi-

1364 1619 1412 1656 do
1441 1627 1529 1666 etc.‚
1560 1619 1784 1656 determinat
1811 1620 1858 1656 de
1886 1620 2087 1668 praedictis
2114 1620 2354 1669 passionibus
2383 1620 2421 1656 in

1365 1672 1528 1720 speciali,
1545 1672 1781 1709 ostendendo
1802 1672 2030 1710 differentias
2045 1685 2178 1710 earum
2193 1673 2419 1710 adinvicem.

1365 1726 1414 1762 Et
1433 1725 1612 1762 dividitur
1626 1725 1677 1762 -in
1706 1726 1801 1762 duas
1828 1733 1969 1774 partes:
1990 1726 2029 1763 in
2056 1726 2179 1774 prima
2199 1726 2424 1763 determinat

1366 1779 1412 1815 de
1445 1778 1688 1826 generatione
1720 1778 1871 1815 illorum
1904 1791 2002 1827 quae
2031 1779 2329 1815 manifestiorem
2356 1780 2421 1815 ha-

1365 1832 1456 1868 bent
1470 1843 1642 1877 causam3
1663 1831 1702 1868 in
1716 1832 1883 1868 secunda
1899 1832 1947 1869 de
1961 1832 2201 1879 generatione
2217 1832 2420 1879 grandinis,

1366 1884 1464 1921 circa
1492 1897 1608 1933 quam
1629 1892 1684 1921 est
1711 1884 1834 1921 maior
1854 1885 2064 1933 difficultas,
2084 1885 2151 1922 ibi:
2181 1886 2269 1933 Ipsa
2297 1891 2421 1922 autem

1365 1949 1466 1986 aqua
1493 1938 1513 1959 ’¹‘
1542 1946 1611 1975 etc.

1420 2003 1456 2039 9.
1474 1990 1584 2028 Circa
1597 1990 1765 2039 primum
1782 1991 1859 2028 duo
1875 1990 1972 2028 facit.
1989 1990 2116 2027 Primo
2133 1990 2357 2027 determinat
2376 1991 2422 2026 de

1363 2043 1520 2093 pluviis:
1550 2044 1679 2081 dicens
1699 2043 1802 2092 quod
1831 2056 1920 2080 cum
1938 2043 2142 2080 humidum
2161 2055 2329 2092 aqueum
2349 2045 2421 2079 ele-

1363 2104 1476 2134 vatur
1495 2109 1541 2134 ex
1562 2097 1700 2134 virtute
1726 2096 1845 2143 calidi,
1868 2104 1904 2133 et
1921 2096 2057 2133 iterum
2081 2097 2195 2133 fertur
2213 2104 2221 2117 ⁸
2241 2097 2421 2133 deorsum

1364 2157 1521 2199 propter
1547 2149 1877 2198 infrigidationem,
1898 2150 2109 2186 secundum
2139 2151 2326 2197 quasdam
2356 2150 2422 2186 dif-

1364 2202 1540 2240 ferentias
1556 2231 1565 2249 ,
1594 2202 1814 2239 huiusmodi
1849 2202 2089 2251 passionibus
2131 2203 2227 2239 aeris
2273 2202 2422 2239 diversa

1365 2255 1523 2292 nomina
1546 2255 1806 2304 imponuntur.
1837 2255 1937 2302 Quia
1969 2255 2123 2303 quando
2151 2267 2222 2303 per
2252 2255 2423 2291 modicas

1364 2315 1490 2358 partes
1517 2320 1682 2357 vapores
1701 2308 1888 2356 inspissati
1912 2308 1951 2344 in
1970 2320 2110 2356 aquam
2131 2309 2270 2345 cadunt
2287 2314 2312 2356 ¹,
2333 2315 2423 2344 tunc

1366 2362 1541 2399 dicuntur
1567 2362 1757 2410 psecades,
1791 2361 1887 2397 idest
1918 2369 2056 2408 guttae,
2090 2361 2185 2397 sicut
2218 2361 2420 2410 aliquando

1365 2414 1544 2462 contingit
1571 2414 1675 2463 quod
1710 2426 1852 2462 parvae
1889 2422 2014 2461 guttae
2043 2413 2238 2451 decidunt:
2267 2415 2421 2462 quando

1362 2480 1457 2505 vero
1486 2467 1698 2504 secundum
1735 2467 1899 2504 maiores
1934 2474 2061 2515 partes
2094 2467 2271 2504 decidunt
2297 2475 2423 2515 guttae

1366 2533 1410 2558 ex
1438 2520 1646 2569 vaporibus
1673 2528 1884 2568 generatae,
1913 2519 1933 2541 '¹‘
1959 2527 2119 2557 vocatur
2145 2520 2284 2568 pluvia.

1426 2586 1482 2611 10.
1505 2574 1683 2611 Secundo
1708 2573 1776 2609 ibi:
1794 2574 1860 2609 Ex
1875 2584 1919 2610 eo
1938 2579 2063 2609 autem
2082 2573 2183 2621 quod
2199 2574 2245 2609 de
2262 2573 2321 2610 die
2340 2579 2423 2619 etc.‚

1367 2626 1592 2664 determinat
1619 2627 1667 2663 de
1695 2638 1780 2663 rore
1809 2633 1845 2662 et
1876 2626 2022 2675 pruina.
2053 2627 2102 2662 Et
2130 2626 2227 2662 circa
2255 2627 2329 2662 hoc
2355 2626 2425 2662 tria

1366 2680 1464 2717 facit.
1485 2680 1614 2716 Primo
1643 2679 1867 2716 determinat
1893 2678 2054 2716 modum
2081 2679 2332 2727 generationis
2361 2691 2424 2715 eo-

1367 2745 1465 2770 rum.
1492 2733 1542 2769 Et
1568 2732 1657 2769 dicit
1684 2732 1788 2781 quod
1817 2744 1880 2769 ros
1909 2739 1945 2768 et
1971 2732 2106 2780 pruina
2133 2732 2352 2780 contingunt
2379 2744 2424 2768 ex

1365 2787 1441 2823 hoc
1468 2785 1574 2834 quod
1603 2785 1649 2822 de
1685 2785 1764 2833 die,
1794 2786 1874 2822 sole
1909 2785 2088 2822 existente
2120 2797 2234 2833 super
2260 2793 2423 2831 terram,

1367 2838 1508 2887 aliquid
1528 2846 1713 2887 evaporat
1740 2850 1786 2875 ex
1804 2838 1963 2875 humido
1987 2850 2111 2886 aqueo
2131 2837 2143 2858 ³
2162 2845 2316 2886 propter
2335 2837 2423 2873 solis

1368 2893 1552 2937 calorem3
1573 2891 1678 2939 quod
1698 2891 1853 2940 quidem
1884 2899 2132 2939 evaporatum
2156 2902 2234 2926 non
2262 2891 2425 2926 multum

1367 2944 1610 2993 suspenditur
1643 2945 1706 2980 vel
1742 2945 1910 2981 elevatur
1942 2956 2055 2991 super
2081 2951 2240 2989 terram,
2271 2950 2426 2991 propter

1367 2998 1442 3034 hoc
1469 2997 1575 3046 quod
1609 2997 1727 3046 ignis,
1756 2997 1853 3034 idest
1881 2997 1982 3032 calor
2015 2997 2169 3032 elevans
2205 2995 2425 3032 huiusmodi

1367 3062 1564 3099 vaporem,
1588 3058 1642 3086 est
1664 3061 1806 3098 parvus
1834 3049 1871 3086 in
1900 3049 2183 3096 comparatione
2212 3048 2260 3085 ad
2287 3048 2424 3084 humo-

1368 3115 1448 3140 rem
1477 3115 1644 3150 aqueum
1672 3102 1735 3150 qui
1765 3102 1942 3138 elevatur.
1973 3102 2021 3137 Et
2048 3101 2109 3148 ita,
2137 3113 2223 3137 cum
2249 3100 2295 3137 de
2315 3109 2424 3137 nocte

1367 3156 1600 3203 infrigidatus
1629 3154 1740 3191 fuerit
1767 3166 1841 3200 aer,
1862 3154 2082 3203 inspissatur
2109 3153 2169 3189 ille
2197 3165 2320 3202 vapor
2348 3155 2421 3190 ele-

1366 3216 1477 3245 vatus
1506 3209 1553 3244 de
1582 3207 1658 3253 die,
1689 3214 1725 3243 et
1754 3206 1852 3243 cadit
1878 3207 1916 3243 in
1944 3214 2093 3253 terram,
2114 3214 2150 3242 et
2176 3213 2336 3243 vocatur
2364 3219 2426 3243 ros

302 3331 325 3363 ε)
344 3330 504 3371 quandoque
521 3333 621 3354 autem.
633 3343 652 3348 -
663 3333 690 3354 et
701 3330 860 3362 quandoque
878 3331 932 3354 AB.
945 3343 964 3349 -·
978 3330 1058 3354 Iidem
1072 3335 1241 3362 corrumpunt
1254 3330 1314 3355 exi-

249 3366 527 3433 stitssncleesztl'ate.
545 3413 564 3419 —
581 3399 717 3424 desinente
734 3401 765 3430 A,
785 3407 817 3423 an
835 3405 955 3432 corrupte
978 3407 1026 3432 pro
1044 3399 1202 3432 deferente?
1219 3413 1238 3418 —-
1256 3400 1314 3424 Lin.

250 3444 307 3468 seq.
327 3442 512 3460 conservamus
526 3434 701 3464 coadunate,
717 3435 836 3467 quamvis
854 3434 921 3459 forte
939 3440 1120 3467 corrupte-pro
1137 3435 1315 3459 coadiuvante

250 3475 532 3538 posssngezsetrationis
550 3512 643 3536 aquae.
660 3517 680 3525 ·-
696 3504 877 3538 generationis
894 3505 967 3529 aeris
986 3505 1060 3529 codd.
1079 3508 1105 3528 et
1128 3505 1199 3535 edd.;
1219 3504 1265 3529 sed
1284 3511 1315 3529 ex

251 3546 372 3566 contextu
391 3540 526 3565 manifeste
553 3545 659 3572 apparet
677 3540 748 3564 aeris
767 3544 887 3572 corrupte
911 3540 1034 3571 scriptum
1063 3547 1122 3564 esse
1145 3547 1192 3571 pro
1215 3546 1315 3571 aquae,-

251 3576 285 3601 cf.
304 3576 382 3601 etiam
399 3580 506 3600 textum.

305 3609 329 3644 θ)
348 3611 389 3636 sol
407 3611 485 3636 enim.
498 3624 518 3629 —-
530 3618 589 3636 cum
603 3610 644 3635 sol
661 3611 714 3640 ΑΒ,
729 3610 776 3635 sed
793 3610 862 3635 enim
880 3610 899 3634 Ρ
914 3617 1001 3634 errore
1010 3609 1196 3642 typographico
1214 3614 1315 3634 retento

1367 3337 1397 3354 ex
1416 3330 1456 3353 ed.
1480 3328 1554 3353 1561.
1571 3341 1590 3348 ·-
1609 3329 1672 3352 Post
1690 3336 1767 3352 unam
1782 3328 1874 3352 lineam
1893 3335 1941 3360 pro
1957 3331 1983 3352 et
2001 3327 2139 3352 circulatio
2158 3328 2210 3352 ista
2227 3329 2381 3360 completur,
2401 3334 2428 3354 et

1367 3364 1505 3389 circulatio
1519 3370 1586 3395 quae
1599 3366 1639 3388 est
1651 3363 1723 3388 circa
1737 3370 1849 3394 vapores
1863 3363 2009 3394 completur
2022 3363 2081 3393 ΑΒ;
2095 3371 2141 3395 pro
2154 3363 2179 3388 in
2191 3363 2247 3392 hoc,
2263 3364 2288 3388 in
2303 3364 2368 3389 haec
2381 3365 2426 3389 Pa.

1422 3399 1439 3431 ι)
1455 3400 1598 3423 elevatur...
1602 3399 1877 3431 sertum-elevetur...
1881 3399 1992 3430 seratur
2006 3398 2052 3423 Pa.
2060 3411 2080 3417 -
2088 3398 2145 3423 Lin.
2156 3405 2212 3431 seq.
2222 3406 2270 3431 pro
2281 3400 2424 3424 secundum

1367 3434 1496 3466 quasdam
1512 3433 1684 3466 differentias,
1703 3433 1845 3458 secundum
1865 3433 1993 3465 quasdam
2013 3434 2043 3462 A,
2061 3434 2203 3458 secundum
2223 3434 2351 3466 quosdam
2370 3436 2399 3459 Β.

1421 3469 1446 3501 κ)
1466 3475 1578 3500 vapores
1601 3468 1737 3500 inspissati
1760 3468 1785 3493 in
1813 3475 1910 3500 aquam
1935 3468 2043 3493 cadunt.
2060 3481 2081 3487 -
2105 3476 2189 3500 vapor
2216 3469 2373 3501 inspissatus
2399 3471 2424 3494 in

1368 3511 1464 3536 aquam
1483 3503 1557 3528 cadit
1574 3504 1744 3528 AB.-lidem
1764 3508 1824 3536 post
1841 3511 1919 3528 unam
1934 3503 1978 3528 lin.
1997 3510 2044 3536 pro
2063 3504 2196 3534 decidunt,
2211 3505 2315 3534 ineunt5
2329 3510 2355 3529 et
2368 3511 2428 3537 post

1369 3539 1433 3563 duas
1453 3539 1535 3563 lineas
1551 3546 1598 3570 pro
1618 3539 1743 3563 decidunt
1761 3542 1861 3571 guttae,
1875 3539 1963 3572 suerit
1980 3546 2055 3564 casus
2074 3546 2167 3571 aquae.

1422 3572 1450 3605 λ)
1469 3581 1506 3598 ex
1525 3573 1632 3598 humido
1651 3581 1770 3605 aqueo.—
1781 3574 1812 3598 de
1830 3574 1939 3598 humido
1957 3581 2042 3606 aquae
2061 3575 2114 3599 ΑΒ.
2127 3588 2146 3593 -
2159 3575 2216 3599 Lin.
2231 3582 2286 3607 seq.
2300 3582 2348 3607 pro
2367 3582 2427 3600 eva-

1365 3612 1502 3640 poratum,
1522 3611 1650 3640 evaporat
1668 3612 1693 3633 et
1713 3609 1758 3633 Pa.

2450 577 2460 588 ¹⁵
2476 582 2546 604 super
2559 583 2581 599 Β.

2450 1048 2459 1056 ·
2473 1053 2502 1069 ex
2516 1048 2569 1070 add.
2583 1055 2622 1070 pa.

2449 1102 2457 1110 '¹
2469 1100 2574 1128 pluviam
2587 1107 2624 1123 ΑΒ.

2449 1312 2458 1321 ·
2466 1310 2626 1338 indeficienter
2634 1317 2659 1332 Α.

2447 1469 2458 1479 ⁸
2473 1469 2599 1496 loquuntur
2608 1474 2646 1490 Pa.

2450 1945 2458 1953 ·
2474 1943 2536 1965 Lect.
2552 1950 2600 1972 seq.

2451 2528 2460 2537 ·
2475 2529 2527 2549 tunc
2541 2526 2593 2548 add.
2607 2533 2630 2548 Α.
