2782 4134
47 458 60 470 ⁸
67 455 157 479 scilicet
165 460 213 476 om.
222 459 263 475 co-

49 483 120 506 dicen.
135 487 185 504 exc.
198 486 221 502 Α.

30 826 62 843 -α

14 853 74 899 ²2:⁴⁸*

16 797 107 821 ax*

123 833 176 850 .x.
197 832 222 848 n.
232 832 260 852 2,

113 853 195 909 ¹⁴³,lacn
204 859 259 880 xxr,

34 880 141 937 ‘'v-''5⁸“
137 886 207 929 codd.
209 912 260 928 exc.

24 935 78 978 39·

1119 265 1231 301 CAP.
1261 265 1350 312 XII,
1381 265 1532 302 LECT.
1563 266 1654 302 XIX

289 343 532 392 superiorum
557 343 806 391 sphaerarum
835 342 943 391 quasi
963 351 1208 391 apponuntur
1227 343 1275 380 ad
1305 343 1358 381 di-

289 396 488 445 rigendum
515 395 825 442 irregularitatem
860 408 958 444 quae
987 396 1137 433 videtur
1174 397 1212 433 in
1250 405 1358 434 motu

289 450 476 499 planetae,
496 448 636 485 scilicet
651 449 676 469 ’'²‘’
691 448 904 484 secundum
923 449 1166 486 velocitatem
1191 457 1228 486 et
1246 450 1358 487 tardi-

288 510 417 549 tatem,
429 501 806 549 retrogradationem‚
825 501 1072 538 directionem
1090 509 1125 538 et
1144 502 1356 540 stationem.

290 557 340 593 Et
358 555 412 593 sic
429 562 532 605 patet
556 554 674 604 quod,
696 566 785 591 curn
814 555 975 602 sphaera
1003 555 1176 603 superior
1204 564 1360 592 moveat

290 621 427 646 omnes
441 607 637 645 inferiores
652 607 844 644 ordinatas
860 607 908 644 ad
923 615 1074 644 motum
1090 607 1262 644 eiusdem
1282 609 1359 656 pla-

290 670 412 710 netae,
433 662 464 699 si
485 673 574 698 cum
601 662 678 698 hoc
695 660 854 697 haberet
871 672 1030 697 movere
1047 667 1058 680 ⁹
1077 661 1202 709 plures
1222 662 1357 707 stellas,

291 723 390 753 esset
417 715 451 752 ei
479 714 730 752 laboriosum:
761 713 850 762 quia
879 714 1077 750 cuiuslibet
1105 714 1275 762 corporis
1305 722 1360 751 est

287 769 409 806 virtus
435 768 551 805 finita*
569 780 640 817 per
663 766 991 816 comparationem
1011 767 1060 804 ad
1079 767 1181 804 aliud
1201 780 1358 815 corpus;

290 829 486 860 ostensum
516 827 573 860 est
600 821 704 858 enim
732 820 771 857 in
798 821 886 858 VIII
905 821 1054 869 Physic.
1079 821 1098 841 '¹‘
1127 820 1232 869 quod
1251 821 1291 841 *³³
1320 821 1359 857 in

288 874 548 923 magnitudine
574 874 682 911 finita
710 886 788 910 non
818 881 874 910 est
900 873 1019 911 virtus
1047 874 1205 911 infinita.

288 947 290 949 ·
343 929 379 966 6.
410 928 503 966 Non
531 934 660 964 autem
681 935 736 964 est
763 927 1048 975 intelligendum
1069 927 1173 976 quod
1202 927 1271 965 ista
1291 926 1359 963 dif-

287 981 435 1026 ficultas
454 980 643 1018 accideret
662 993 707 1017 ex
729 994 774 1018 eo
795 980 900 1030 quod
920 980 958 1018 in
979 980 1092 1018 stellis
1108 980 1154 1018 sit
1166 981 1359 1030 pondero-

288 1031 462 1081 sitas'aut
479 1033 620 1084 aliquid
640 1033 818 1072 resistens
837 1034 971 1081 motui,
987 1034 1056 1071 sed
1074 1034 1164 1082 quia
1175 1036 1194 1054 ⁹
1210 1042 1360 1083 oportet

288 1100 372 1126 esse
401 1100 600 1126 excessum
629 1087 822 1125 moventis
851 1087 901 1125 ad
928 1087 1093 1124 mobile:
1122 1100 1202 1125 non
1231 1096 1359 1125 autem

286 1149 418 1191 posset
451 1153 534 1178 esse
563 1153 740 1178 excessus
773 1141 977 1190 superioris
1006 1141 1191 1190 sphaerae
1225 1153 1359 1178 secun-

289 1195 383 1232 dum
401 1194 593 1242 virtutem,
614 1194 645 1231 si
673 1194 710 1231 in
736 1194 974 1232 inferioribus
994 1194 1107 1232 simul
1127 1206 1215 1232 cum
1235 1194 1360 1232 multi-

199 1261 243 1263 *
254 1237 418 1286 ”ffiffifse
439 1248 689 1297 sphaerarum
710 1255 809 1285 esset
827 1247 1029 1285 multitudo
1050 1248 1254 1294 stellarum,
1271 1260 1359 1284 cum

63 1538 68 1563 1
109 1533 260 1579 ἔφη.

287 1301 327 1340 in
346 1301 570 1351 corporibus
598 1302 791 1339 stellarum
811 1301 982 1339 abundet
999 1299 1119 1338 virtus
1139 1300 1358 1338 caelestium

287 1367 508 1404 eorporum.

341 1409 411 1445 Est
429 1416 559 1449 autem
579 1407 775 1456 diligenter
793 1407 1067 1444 attendendum
1086 1406 1192 1466 quod
1211 1406 1358 1443 finitam

286 1461 578 1512 proportionem
610 1461 719 1510 ponit
755 1461 940 1510 sphaerae
978 1459 1170 1497 moventis
1198 1460 1247 1496 ad
1276 1472 1358 1496 cor-

286 1524 384 1570 pora
410 1521 528 1562 mota,
549 1526 598 1551 ex
624 1526 670 1552 eo
699 1515 805 1563 quod
824 1514 987 1563 sphaera
1014 1524 1179 1550 movens
1199 1521 1255 1550 est
1274 1525 1356 1550 cor-

285 1580 372 1618 pus.
401 1568 460 1606 Ex
488 1580 566 1617 quo
593 1574 698 1616 patet
724 1566 832 1616 quod
859 1573 988 1604 motor
1014 1574 1221 1615 separatus,
1251 1566 1316 1615 qui
1337 1568 1357 1588 ’¹‘

289 1744 293 1751 .
338 1727 366 1762 ν)
382 1727 409 1753 η’
425 1734 485 1753 cum
503 1727 554 1752 hoc
570 1727 680 1752 haberet
697 1733 812 1752 movere.
823 1727 924 1752 -m’cut
941 1726 991 1752 hoc
1014 1727 1123 1752 haberet
1141 1733 1246 1752 movere
1263 1727 1300 1757 Α;
1319 1727 1356 1751 si-

285 1764 332 1792 σὴ
349 1763 398 1790 hoc
417 1761 478 1796 (hoc
494 1770 548 1788 om.
562 1762 597 1795 D)
616 1763 725 1788 haberet
743 1765 860 1788 moveret
878 1762 1029 1795 BCDpFGl,
1043 1763 1068 1788 si
1086 1766 1203 1788 moveret
1221 1762 1265 1792 οἳ,
1287 1762 1356 1788 sicut

286 1799 336 1825 hoc
353 1799 463 1824 haberet
480 1798 526 1828 sG.
545 1798 570 1823 si
587 1805 646 1823 cum
666 1798 715 1823 hoc
733 1801 851 1823 moveret
869 1798 901 1823 s1.
921 1798 1010 1823 Lectio
1029 1798 1071 1823 PE
1090 1798 1166 1823 obvia
1185 1803 1234 1823 est.

340 1832 364 1868 Ε)
385 1834 437 1859 nisi
455 1834 483 1859 ln
502 1837 620 1867 tempore
639 1833 752 1868 infinito.
764 1847 784 1853 -
797 1833 849 1859 nisi
867 1834 894 1859 in
914 1837 1033 1866 tempore
1057 1834 1095 1860 ad
1113 1833 1271 1859 movendum
1290 1837 1354 1859 tem-

280 1871 352 1910 pore
370 1869 475 1903 iuflnz’to
492 1869 525 1894 A.

2409 278 2480 314 199

1414 351 1469 380 est
1496 344 1704 381 substantia
1723 343 1949 392 incorporea
1970 350 2005 379 et
2025 343 2294 391 immaterialis,
2316 357 2394 381 non
2414 345 2480 381 ha-

1413 398 1488 444 bet,
1505 397 1717 434 secundum
1737 396 1985 434 intentionem
2005 396 2227 443 Aristotelis,
2248 397 2397 434 finitum
2418 410 2480 434 ex-

1414 463 1563 488 cessum
1593 463 1708 500 supra
1737 463 1874 499 corpus
1903 450 2009 498 quod
2037 450 2085 487 ab
2116 463 2162 486 eo
2188 458 2382 497 movetur,
2412 450 2480 487 sed

1413 503 1615 551 infinitum,
1631 510 1763 552 utpote
1785 511 1887 540 extra
1906 511 2028 540 totum
2050 515 2188 552 corpus
2209 503 2480 551 magnitudinis

1414 557 1596 604 existens,
1627 564 1663 594 et
1689 569 1759 606 per
1786 557 1986 594 materiam
2015 569 2093 593 non
2132 556 2425 593 determinatum
2447 558 2478 594 ³⁵.

1413 609 1471 646 Ex
1499 623 1576 658 quo
1605 617 1708 658 patet
1726 611 1862 647 falsum
1886 622 1970 647 esse
1998 609 2104 658 quod
2123 612 2314 647 Averroes
2335 609 2423 647 dicit
2441 610 2480 647 in

1413 674 1482 698 suo
1504 671 1736 709 commento,
1759 664 1863 712 quod
1883 663 2026 700 additio
2054 663 2168 712 primi
2187 663 2346 700 motoris
2365 675 2480 712 supra

1411 715 1622 763 potentiam
1651 717 1744 753 moti
1774 729 1853 753 non
1882 724 1937 753 est
1964 716 2110 754 infinita
2133 716 2204 753 nisi
2238 716 2277 753 in
2305 724 2480 775 tempore

1413 766 1604 805 infinito‘.
1636 769 1806 816 Qualiter
1834 777 1975 817 autem,
1996 770 2027 807 si
2054 770 2224 818 potentia
2243 769 2403 806 motoris
2422 782 2479 806 se-

1412 821 1532 869 parati
1561 828 1617 858 est
1635 821 1791 868 infinita,
1812 835 1890 859 non
1909 831 2065 860 moveat
2091 823 2292 860 velocitate
2321 822 2479 870 infinita,

1413 874 1578 911 scilicet
1570 887 1609 911 1n
1628 874 1794 921 instanti3
1816 883 1852 911 et
1879 876 2049 924 qualiter,
2071 876 2101 913 si
2119 875 2290 925 potentia
2310 876 2480 925 corporis

1414 935 1469 964 est
1493 927 1611 974 finita,
1633 940 1772 977 corpus
1800 929 1919 976 possit
1948 929 2084 966 durare
2112 937 2287 979 tempore
2314 929 2478 977 infinito,

1413 981 1658 1018 manifestum
1687 988 1742 1018 est
1770 981 1807 1017 in
1835 982 1921 1018 VIII
1950 983 2099 1031 Physic.
2123 983 2142 1004 ²⁸

1467 1034 1677 1072 Sciendum
1691 1046 1786 1071 vero
1808 1043 1863 1071 est
1881 1035 1986 1083 quod
2002 1036 2108 1073 tertia
2127 1035 2221 1073 ratio
2236 1041 2249 1056 ⁰
2267 1048 2347 1073 non
2363 1036 2481 1073 habet

1412 1088 1542 1124 locum
1562 1087 1775 1124 secundum
1804 1088 2014 1125 modernos
2042 1091 2272 1137 astrologos,
2307 1089 2371 1138 qui
2399 1101 2480 1126 non

1411 1149 1560 1189 ponunt
1595 1140 1755 1189 planetis
1788 1141 1924 1178 multas
1957 1143 2162 1190 sphaeras,
2202 1154 2365 1190 quarum
2401 1155 2481 1180 una

1411 1201 1543 1231 movet
1576 1205 1733 1241 omnes,
1763 1193 1858 1231 sicut
1885 1195 2081 1243 ponebant
2108 1195 2250 1244 antiqui
2279 1195 2478 1244 astrologi:

1412 1247 1477 1295 qui
1496 1255 1626 1284 tamen
1645 1247 1840 1295 ponebant
1868 1248 2006 1285 multas
2030 1249 2154 1286 stellas
2177 1249 2272 1286 fixas
2293 1261 2372 1286 non
2396 1261 2480 1286 mo—

1410 1300 1492 1337 veri
1517 1300 1589 1337 nisi
1617 1301 1665 1337 ab
1694 1313 1773 1337 una
1801 1301 1974 1350 sphaera.

1466 1366 1502 1402 7.
1519 1353 1660 1391 Ultimo
1681 1361 1810 1391 autern
1827 1354 2053 1403 epilogando
2075 1354 2163 1392 dicit
2179 1360 2197 1376 π
2213 1355 2318 1403 quod
2337 1354 2481 1391 dictum

1413 1414 1468 1443 est
1483 1406 1531 1444 de
1551 1406 1675 1453 stellis,
1688 1418 1786 1456 quae
1807 1415 2013 1444 moventur
2031 1416 2140 1444 motu
2161 1407 2342 1454 circulari,
2354 1407 2481 1457 qualia

1412 1460 1484 1496 sint
1517 1460 1728 1498 secundum
1762 1461 2010 1498 substantiam
2045 1473 2136 1498 suae
2169 1469 2324 1498 naturae
2360 1467 2396 1497 et
2423 1473 2480 1498 se-

1412 1513 1583 1550 cundum
1612 1514 1798 1561 figuram:
1829 1514 1972 1551 dictum
2002 1521 2057 1551 est
2085 1514 2199 1552 etiarn
2230 1514 2278 1551 de
2306 1521 2415 1550 motu
2445 1522 2481 1550 et

1412 1566 1545 1604 ordine
1573 1566 1754 1615 ipsarum.

1465 1727 1491 1759 ο)
1511 1727 1594 1752 tertia
1612 1727 1692 1752 ratio.
1705 1741 1726 1746 -
1738 1727 1803 1752 haec
1821 1727 1902 1752 tertc'a
1921 1727 1992 1752 ratio
2010 1727 2043 1752 A.
2056 1740 2075 1746 -
2088 1727 2152 1752 Post
2167 1735 2246 1752 unam
2265 1727 2310 1752 lin.
2323 1734 2371 1759 pro
2384 1727 2479 1759 plane-

1410 1762 1452 1792 tis,
1461 1762 1588 1794 planetas
1606 1762 1779 1794 CDEIpBFG.
1788 1763 1914 1794 planetas
1933 1763 2029 1788 habere
2043 1763 2086 1793 sF,
2103 1763 2275 1795 planetarum
2295 1762 2341 1787 sG.
2356 1763 2407 1787 Pro
2427 1769 2481 1787 una

1410 1801 1497 1823 movet
1515 1805 1613 1827 omnes,
1629 1805 1683 1822 una
1702 1801 1808 1823 moveat
1825 1805 1916 1823 omnes
1935 1799 1957 1822 A
1976 1798 2052 1823 bene.

1462 1833 1492 1867 π)
1511 1834 1673 1867 epilogando
1692 1834 1765 1859 dicit.
1783 1847 1803 1853 -
1821 1834 1939 1867 epilogat
1958 1834 2047 1859 dicens
2065 1834 2096 1859 A.
2108 1847 2128 1853 -
2139 1834 2202 1858 Post
2220 1833 2264 1859 lin.
2278 1841 2326 1867 pro
2344 1836 2370 1859 et
2388 1841 2480 1859 secun-

1409 1869 1481 1898 dum,
1493 1869 1569 1895 codd.
1578 1872 1605 1894 et
1616 1869 1696 1894 ettam
1710 1869 1870 1900 secundum,·
1884 1869 1962 1894 iidem
1974 1869 2000 1894 in
2013 1867 2064 1894 fine
2079 1869 2196 1902 ipsorum
2212 1867 2256 1903 (cf.
2266 1869 2324 1894 lect.
2333 1877 2366 1900 x1,
2377 1874 2432 1894 not.>
2443 1868 2481 1902 ζ).

2508 559 2516 567 ·
2539 557 2718 579 determinatam

2507 590 2528 605 ν.

2507 990 2516 998 ·
2524 987 2579 1010 vid.
2588 988 2719 1020 S,Th.1oc.

2507 1021 2577 1042 supra
2592 1020 2632 1037 cn.

2606 1052 2620 1068 0
