2782 4134
91 965 100 973 ·
108 964 137 985 Si
145 963 197 985 add.
206 969 273 985 Ρεσετ
281 967 303 985 et

91 990 143 1012 Par.

88 1282 98 1289 ·
110 1279 200 1305 Capax,
208 1279 246 1301 n.6
255 1285 299 1307 sq.;

88 1307 112 1328 S.
121 1306 166 1328 Th.
184 1307 235 1328 lect.
252 1312 299 1333 xxv,

89 1339 112 1354 n.
126 1339 154 1360 ¹3·

90 1362 99 1370 ·'
115 1365 239 1387 corporum
248 1365 285 1380 AB.

86 1813 95 1821 ·
110 1813 134 1832 et
147 1817 195 1832 om.
209 1817 230 1832 P.

84 2245 93 2254 ¹
109 2245 133 2264 et
145 2249 193 2264 om.
208 2250 229 2264 P.

85 2347 94 2355 ·
110 2347 194 2366 contra
213 2351 255 2366 ΡΒΕ
276 2348 298 2366 et

86 2371 164 2393 Oxon.

87 2509 98 2520 ⁸
113 2510 234 2557 ‘formet
247 2515 260 2530 ι»
277 2512 299 2530 et

84 2541 115 2557 co
134 2536 156 2557 d.
171 2541 220 2557 exc.
235 2542 258 2558 Β.

334 296 410 333 238

333 381 463 411 autem
492 385 608 410 omne
637 372 760 409 maius
781 379 836 409 est
855 383 1039 419 magnum
1064 370 1251 414 absolute;
1282 369 1401 404 multa

334 427 437 464 enim
457 435 544 464 sunt
563 438 661 476 quae
691 426 863 463 absolute
893 424 1131 461 considerata
1160 429 1247 458 sunt
1263 433 1399 470 parva,

333 493 433 529 quae
461 487 591 516 tamen
620 479 700 515 aliis
729 486 816 515 sunt
843 478 1000 514 maiora.

388 533 428 570 Si
448 532 559 581 igitur
579 544 694 568 omne
723 543 838 579 grave
859 538 914 567 est
932 529 1084 578 gravius
1113 527 1283 576 quodam
1313 527 1399 574 alio,

333 598 490 623 necesse
517 593 572 622 est
590 585 696 633 quod
725 596 839 621 omne
860 595 976 631 grave
996 582 1042 618 sit
1059 581 1183 618 maius
1203 581 1277 617 alio
1305 593 1403 629 quo-

333 640 425 677 dam
454 639 492 675 in
524 638 717 687 gravitate.
757 638 806 673 Et
840 636 890 672 ita
918 635 1088 684 sequitur
1124 634 1230 683 quod
1263 634 1309 671 sit
1347 634 1401 671 di-

331 691 500 730 visibile:
530 703 620 728 nam
659 702 774 726 omne
803 689 926 726 maius
955 688 1135 726 dividitur
1167 687 1207 724 in
1240 688 1401 737 aequale

334 753 370 782 et
397 746 493 794 plus.
535 744 612 781 Sed
645 750 829 791 punctum
869 749 923 778 est
959 741 1208 788 indivisibile,
1242 749 1284 778 ut
1312 753 1400 790 sup—

331 798 486 847 ponitur
514 809 558 833 ex
588 796 666 833 eius
695 795 926 833 definitione.
966 796 1068 843 Ergo
1105 802 1292 844 punctum
1322 807 1401 831 non

333 859 388 888 est
415 862 542 899 grave.

387 905 421 941 8.
462 902 678 940 Secundam
716 901 905 938 rationem
943 900 1051 950 ponit
1088 901 1160 938 ibi:
1197 901 1333 938 Adhuc
1369 900 1402 936 si

329 968 452 1007 grave
479 963 566 1001 etc.;
597 967 696 1002 quae
725 954 808 991 talis
838 962 904 997 est.
934 955 955 975 *
983 955 1111 992 Grave
1141 962 1177 991 et
1204 955 1289 991 leve
1310 966 1399 990 con-

331 1014 539 1058 seqUuntur
566 1008 615 1044 ad
643 1020 771 1044 rarum
805 1015 842 1044 et
874 1007 1060 1057 spissum:
1089 1007 1266 1044 videmus
1296 1006 1398 1043 enim

331 1062 436 1110 quod
455 1061 667 1098 secundum
683 1061 936 1098 differentiam
961 1061 1118 1098 raritatis
1139 1068 1174 1097 et
1194 1060 1397 1106 densitatis,

331 1116 518 1152 elementa
553 1114 732 1151 differunt
764 1114 803 1151 in
836 1115 1017 1163 gravitate
1052 1122 1088 1151 et
1119 1114 1282 1151 levitate.
1321 1113 1398 1150 Sed

329 1169 493 1218 spissum
519 1168 563 1205 in
595 1168 670 1204 hoc
699 1167 824 1204 differt
851 1180 873 1204 a
901 1181 1009 1215 raro,
1048 1168 1154 1217 quod
1182 1168 1219 1204 in
1249 1167 1401 1216 aequali

328 1222 436 1267 mole,
458 1221 555 1258 idest
573 1221 644 1257 sub
666 1220 811 1259 eisdem
836 1221 1153 1268 dimensionibus,
1178 1221 1288 1269 plura
1308 1233 1398 1257 con-

327 1275 430 1321 tinet,
442 1274 532 1322 quia
551 1275 635 1323 plus
654 1275 771 1311 habet
791 1275 838 1312 de
860 1274 1033 1322 materia,
1046 1282 1088 1311 ut
1106 1274 1145 1311 in
1161 1275 1212 1311 IV
1226 1274 1398 1323 Physic.*

327 1329 500 1365 habetur.
523 1327 624 1364 Cum
645 1335 774 1365 autem
796 1340 960 1376 corpora
977 1329 997 1349 *
1010 1328 1204 1377 quaedam
1225 1328 1298 1364 sint
1316 1340 1399 1376 gra-

325 1382 409 1428 via,
439 1381 631 1429 quaedam
660 1381 779 1429 levia,
809 1381 839 1417 si
866 1389 1054 1430 punctum
1082 1381 1237 1430 ponitur
1269 1393 1396 1429 grave,

326 1434 409 1484 pari
437 1434 583 1471 ratione
610 1434 765 1483 ponitur
792 1435 899 1481 leve3
930 1443 966 1471 et
994 1434 1025 1472 si
1043 1434 1199 1484 ponitur
1219 1435 1396 1483 spissum,

325 1488 408 1537 pari
436 1487 581 1525 ratione
610 1487 763 1536 ponitur
791 1500 919 1525 rarum
938 1493 965 1525 ¹⁹.
997 1488 1075 1525 Sed
1094 1487 1184 1525 illud
1204 1488 1310 1537 quod
1328 1500 1398 1537 po-

325 1541 426 1578 nitur
453 1541 630 1590 spissum,
653 1549 803 1590 oportet
831 1554 914 1578 esse
944 1541 1143 1587 divisibile,
1169 1541 1397 1590 inquantum

325 1595 435 1644 plura
463 1594 630 1631 continet
649 1595 719 1631 sub
741 1594 880 1632 minori
900 1596 1020 1632 mole:
1047 1594 1216 1632 similiter
1233 1595 1272 1632 id
1291 1595 1398 1643 quod

327 1656 383 1685 est
411 1660 551 1695 rarum,
573 1655 724 1696 oportet
743 1649 847 1696 quod
877 1648 923 1685 sit
950 1648 1149 1695 divisibile,
1170 1648 1397 1697 inquantum

326 1702 485 1751 aequale
501 1701 668 1738 continet
682 1702 752 1738 sub
768 1701 904 1739 maiori
924 1703 1038 1739 mole.
1056 1703 1247 1739 Punctum
1268 1710 1396 1739 autern

327 1762 382 1792 est
410 1754 658 1791 indivisibile:
689 1767 778 1803 ergo
817 1767 943 1804 neque
977 1763 1033 1792 est
1066 1755 1231 1804 spissum
1270 1768 1396 1805 neque

326 1820 472 1854 rarum3
503 1815 540 1844 et
557 1808 577 1828 *
604 1821 674 1857 per
702 1821 942 1857 consequens
971 1821 1098 1857 neque
1126 1820 1242 1857 grave
1271 1821 1397 1859 neque

325 1862 422 1899 leve.

380 1927 415 1963 9.
445 1914 617 1951 Tertiam
646 1914 833 1952 rationem
852 1915 960 1964 ponit
979 1914 1051 1952 ibi:
1081 1915 1124 1951 Si
1140 1921 1265 1952 autem
1285 1928 1397 1952 omne

324 1979 447 2018 grave
475 1975 567 2014 etc.;
602 1980 700 2016 quae
729 1968 811 2005 talis
840 1976 905 2005 est.
938 1969 1068 2005 Omne
1103 1980 1218 2016 grave
1247 1977 1312 2006 aut
1341 1977 1397 2006 est

326 2022 440 2058 molle
456 2029 520 2058 aut
535 2021 691 2058 durum:
709 2021 815 2058 cuius
835 2022 929 2059 ratio
946 2029 1012 2069 est,
1024 2021 1112 2071 quia
1127 2022 1290 2070 gravitas
1306 2035 1396 2059 con-

325 2074 495 2124 sequitur
515 2074 592 2111 duo
622 2075 821 2122 elementa,
839 2075 978 2112 scilicet
1005 2082 1146 2112 terram
1177 2083 1212 2112 et
1240 2088 1393 2125 aquam,

325 2140 492 2176 quorum
506 2140 640 2175 unum,
657 2128 796 2165 scilicet
812 2141 922 2178 aqua,
941 2129 1039 2165 cedit
1057 2129 1234 2177 tangenti,
1252 2137 1288 2166 et
1306 2129 1394 2167 ideo

326 2189 382 2218 est
408 2181 637 2231 principium
666 2181 856 2228 mollitiei;
887 2182 1047 2219 alterurn
1077 2189 1224 2229 autem,
1254 2182 1395 2219 scilicet

324 2243 441 2282 terra,
471 2247 550 2272 non
580 2234 694 2282 cedit,
730 2242 766 2271 et
786 2237 805 2256 ²²*
830 2235 917 2273 ideo
948 2243 1003 2272 est
1034 2235 1263 2284 principium
1293 2236 1394 2273 duri-

324 2288 398 2325 tiei.
422 2289 668 2325 Manifestum
698 2295 754 2325 est
782 2296 910 2326 autern
939 2289 1046 2337 quod
1065 2301 1182 2325 omne
1202 2290 1318 2326 molle
1338 2297 1395 2327 est

326 2341 533 2379 divisibile:
572 2341 662 2390 quia
694 2342 792 2379 cedit
829 2341 995 2390 tangenti
1023 2341 1119 2379 infra
1149 2343 1168 2363 ²⁸
1202 2342 1392 2392 seipsum;

326 2395 430 2444 quod
458 2407 537 2432 non
554 2403 685 2444 posset
713 2408 796 2432 esse
824 2395 894 2432 nisi
922 2395 1080 2432 haberet
1106 2396 1234 2444 plures
1253 2403 1391 2445 partes,

326 2460 489 2497 quarum
521 2461 598 2486 una
632 2449 924 2498 quodammodo
955 2457 1164 2496 resurgeret
1195 2449 1234 2486 in
1262 2450 1392 2486 locum

326 2502 487 2538 alterius.
518 2502 567 2538 Et
595 2503 732 2540 eadem
761 2502 907 2539 ratione
936 2509 1087 2550 oportet
1107 2502 1126 2523 ¹¹
1148 2502 1287 2539 durum
1309 2514 1391 2539 esse

327 2554 532 2592 divisibile:
562 2567 642 2592 non
663 2555 766 2592 enirn
793 2562 924 2604 posset
952 2554 1025 2591 dici
1048 2567 1127 2591 non
1148 2555 1300 2602 cedens,
1322 2555 1393 2592 nisi

381 2711 409 2746 φ)
429 2713 453 2738 si
466 2715 596 2745 punctum
611 2712 726 2744 ponitur
743 2720 860 2746 grave...
870 2713 984 2745 ponitur
1003 2721 1106 2739 rarum.
1119 2727 1139 2733 —
1151 2714 1250 2739 scillcet
1266 2717 1394 2745 punctum

324 2748 436 2781 ponitur
453 2755 550 2782 graue,
565 2749 632 2780 pari
650 2748 755 2773 ratione
773 2748 887 2780 ponitur
905 2751 931 2774 et
950 2756 1042 2774 rarum
1062 2750 1095 2778 B,
1117 2757 1177 2775 cum
1191 2753 1322 2782 punctum
1343 2757 1394 2782 po-

327 2784 403 2808 nitur
419 2791 504 2817 grave
522 2786 571 2808 aut
588 2785 656 2813 leve,
681 2784 748 2816 pari
772 2784 877 2809 ratione
896 2785 1010 2816 ponitur
1029 2788 1055 2810 et
1074 2785 1183 2810 densum
1209 2789 1235 2810 et
1259 2793 1353 2810 rarum
1373 2786 1392 2810 P

327 2819 406 2852 (quae
425 2820 449 2843 in
468 2819 589 2843 versione
609 2819 682 2852 legit:
702 2819 733 2844 Si
752 2819 836 2852 igitur
855 2823 894 2844 est
912 2823 1043 2852 punctum
1062 2828 1160 2854 grave,
1180 2824 1207 2846 et
1225 2821 1334 2846 densum
1341 2828 1350 2850 ;
1368 2824 1394 2846 et

326 2855 350 2880 si
368 2855 434 2883 leve,
454 2858 480 2879 et
499 2862 591 2879 rarum
599 2855 618 2887 ).
636 2869 655 2874 -
673 2855 754 2879 Paulo
774 2855 838 2879 infra
857 2855 905 2880 AG
924 2863 976 2881 om.
994 2856 1076 2888 plura
1095 2857 1243 2882 continet...
1264 2857 1394 2882 divisibile

327 2890 484 2922 inquantum
491 2897 500 2919 ;
518 2891 539 2915 B
558 2898 613 2916 om.
631 2890 787 2916 similiter...
806 2891 904 2916 maiori
923 2892 998 2922 mole,
1018 2891 1061 2916 ubi
1080 2892 1100 2916 F
1120 2900 1167 2924 pro
1185 2892 1310 2918 similiter
1333 2893 1394 2925 legit

325 2925 419 2959 igitur.

378 2960 408 2995 χ)
429 2961 483 2986 dici
501 2968 552 2986 non
567 2961 670 2990 cedens,
685 2961 738 2986 nisi
751 2960 859 2987 haberet
873 2969 924 2994 quo
939 2962 1052 2988 cederet.
1065 2976 1084 2982 -
1098 2963 1152 2988 dici
1167 2963 1262 2988 cedens
1281 2963 1333 2989 nisi
1345 2963 1392 2988 ha-

326 2996 399 3022 beret
416 2996 488 3029 quod
505 2996 610 3022 cederet
628 2997 661 3028 1>;
680 2997 753 3030 quod
770 2997 848 3022 habet
866 2998 943 3023 etiam
962 2998 992 3023 B.

1025 293 1096 329 DE
1127 290 1302 327 CAELO
1331 290 1403 326 ET
1432 288 1627 326 MUNDO
1657 288 1751 325 LIB.
1783 288 1833 324 Ill

1453 368 1611 404 haberet
1638 379 1716 415 quo
1747 367 1899 404 cederet
1926 372 1954 404 χ.
1987 367 2087 403 Cum
2117 365 2229 414 igitur
2259 372 2446 414 punctum
2481 367 2528 405 sit

1454 420 1693 467 indivisibile,
1723 430 1802 458 non
1832 421 1900 458 erit
1929 421 2069 458 durum
2098 431 2224 468 neque
2253 420 2390 457 molle:
2420 428 2457 457 et
2475 420 2527 458 ita

1454 486 1533 511 non
1562 474 1631 510 erit
1659 486 1787 522 grave.

1513 540 1570 564 10.
1593 527 1741 565 Deinde
1763 540 1852 564 cum
1873 527 1978 564 dicit:
2000 527 2075 563 Sed
2100 527 2224 563 adhuc
2243 537 2363 574 neque
2382 538 2432 563 ex
2450 539 2525 564 non

1453 581 1674 618 habentibus
1693 588 1778 629 etc.,
1799 581 1965 618 ostendit
1983 580 2091 630 quod
2111 581 2258 617 nullum
2281 581 2300 601 *
2320 592 2438 628 grave
2456 592 2526 629 po-

1453 641 1526 671 test
1554 634 1737 683 componi
1776 646 1821 671 ex
1857 634 2010 671 duobus
2037 634 2099 671 vel
2127 633 2320 683 pluribus,
2360 645 2527 682 quorum

1454 689 1602 725 nullum
1632 695 1687 725 est
1715 699 1844 736 grave.
1877 688 1955 724 Sed
1973 688 2048 724 hoc
2078 695 2134 724 est
2160 686 2448 735 intelligendum
2477 687 2526 724 de

1455 741 1734 790 compositione
1755 753 1832 790 qua
1856 740 1998 790 aliquid
2027 740 2271 789 componitur
2291 752 2335 777 ex
2354 740 2527 789 partibus

1454 794 1730 843 quantitativis:
1760 806 1852 831 narn
1878 806 1923 830 ex
1942 794 2113 843 partibus
2133 794 2395 831 essentialibus
2421 806 2527 831 com-

1453 848 1609 897 ponitur
1635 847 1777 896 aliquid
1796 859 1925 895 grave,
1946 855 2039 896 puta
2059 860 2105 884 ex
2124 848 2283 885 materia
2302 855 2339 884 et
2358 848 2483 885 forma
2497 846 2525 896 ¹¹¹,

1453 913 1620 951 quorum
1649 909 1828 938 neutrum
1859 908 1914 937 est
1942 912 2070 948 grave.

1506 954 1568 991 Ad
1597 955 1672 991 hoc
1700 961 1829 990 autern
1859 954 2142 991 ostendendum
2170 954 2315 992 inducit
2343 954 2439 992 duas
2468 967 2526 992 ra-

1452 1008 1587 1044 tiones.
1619 1007 1794 1054 Quarum
1826 1006 1952 1055 prima
1980 1001 2036 1044 est
2063 1020 2162 1056 quae
2190 1008 2364 1057 procedit
2391 1021 2526 1045 secun-

1453 1062 1545 1098 dum
1576 1060 1822 1109 quorundam
1851 1060 2088 1109 opinionem,
2119 1061 2184 1110 qui
2213 1061 2390 1099 dicebant
2418 1062 2526 1111 quod

1453 1127 1497 1151 ex
1519 1114 1706 1162 aliquibus
1726 1126 1806 1150 non
1825 1113 2017 1161 gravibus,
2038 1114 2195 1163 quando
2220 1114 2525 1164 multiplicaban-

1451 1176 1528 1215 tur,
1560 1167 1867 1216 componebatur
1885 1172 1904 1187 ⁰
1933 1166 2076 1216 aliquid
2104 1179 2240 1215 grave:
2269 1168 2428 1217 quando
2457 1181 2524 1206 au-

1450 1229 1528 1258 tem
1559 1228 1666 1258 erant
1693 1220 1732 1257 in
1760 1219 1900 1257 minori
1928 1232 2105 1267 numero,
2126 1232 2206 1257 non
2226 1221 2527 1260 constituebatur

1452 1287 1496 1312 ex
1523 1274 1577 1311 eis
1607 1274 1749 1322 aliquid
1777 1285 1905 1321 grave.
1937 1274 2099 1322 Oportet
2128 1274 2239 1322 igitur
2267 1274 2374 1323 quod
2403 1275 2525 1312 deter-

1452 1328 1597 1365 minent
1625 1335 1718 1377 quot
1740 1327 1984 1364 existentibus
2013 1327 2262 1365 constituatur
2280 1328 2446 1376 gravitas
2464 1333 2523 1367 “z

1451 1381 1620 1430 alioquin
1645 1381 1751 1430 quod
1771 1380 1907 1418 dicitur
1935 1380 2016 1417 sine
2046 1388 2148 1418 certa
2175 1381 2343 1430 ratione,
2372 1381 2526 1420 videtur

1451 1447 1535 1472 esse
1564 1434 1750 1472 fictitium.

1512 1501 1524 1525 1
1538 1501 1569 1525 1.
1601 1488 1823 1525 Secundam
1852 1487 2040 1525 rationem
2069 1487 2177 1536 ponit
2195 1487 2264 1525 ibi:
2283 1489 2336 1525 Et
2350 1488 2385 1526 si
2401 1489 2524 1527 omnis

1450 1542 1623 1592 gravitas
1637 1549 1725 1588 etc.;
1747 1553 1846 1590 quae
1865 1541 1949 1578 talis
1965 1548 2031 1578 est.
2054 1541 2193 1579 Omnis
2212 1542 2379 1590 gravitas
2398 1542 2525 1580 maior

1452 1595 1523 1632 alia
1541 1594 1737 1643 gravitate,
1750 1595 1898 1632 excedit
1915 1594 2106 1632 minorem
2126 1595 2351 1643 gravitatem
2370 1608 2440 1645 per
2458 1595 2524 1634 ali-

1451 1661 1568 1698 quam
1597 1648 1841 1696 gravitatem:
1870 1648 1960 1697 quia
1987 1660 2057 1696 per
2085 1648 2320 1686 additionem
2340 1649 2522 1688 similium

1450 1703 1494 1739 fit
1522 1702 1664 1751 aliquid
1693 1701 1828 1738 maius.
1860 1702 1909 1738 Et
1937 1714 1982 1738 ex
2009 1702 2085 1738 hoc
2105 1695 2286 1750 sequitur,
2307 1703 2522 1740 secundum

1450 1755 1682 1804 positionem
1711 1754 1965 1804 praedictam,
1995 1755 2100 1803 quod
2129 1755 2327 1804 quodlibet
2354 1756 2523 1795 indivisi-

1451 1809 1525 1846 bile
1553 1809 1695 1845 habeat
1722 1808 1959 1856 gravitatem.
1989 1809 2189 1845 Ponamus
2219 1809 2322 1847 enim
2351 1810 2458 1859 quod
2475 1809 2523 1848 sit

1452 1862 1608 1912 aliquod
1637 1874 1776 1910 corpus
1806 1873 1851 1898 ex
1879 1869 2046 1910 quatuor
2071 1862 2222 1911 punctis
2251 1863 2520 1911 constitutum,

1450 1916 1677 1964 gravitatem
1701 1915 1866 1952 habens:
1888 1915 1934 1951 sit
1952 1916 1972 1937 *
1991 1915 2094 1952 aliud
2114 1927 2254 1964 corpus
2275 1916 2521 1954 constitutum

1451 1982 1496 2006 ex
1523 1969 1695 2019 pluribus
1729 1968 1900 2018 punctis,
1937 1976 2030 2018 puta
2060 1981 2105 2005 ex
2133 1969 2303 2018 quinque
2333 1970 2364 2007 *.
2394 1971 2444 2008 Et
2468 1970 2523 2008 sic

1451 2022 1519 2060 erit
1546 2022 1716 2071 gravius;
1745 2021 1796 2059 ita
1824 2021 1963 2059 scilieet
1986 2022 2092 2071 quod
2116 2023 2308 2072 oportebit
2325 2023 2365 2061 id
2383 2023 2423 2061 in
2442 2036 2520 2073 quo

1450 2076 1607 2123 excedit,
1629 2087 1712 2113 esse
1731 2087 1858 2124 grave.
1876 2076 1926 2112 Et
1944 2075 2122 2125 quamvis
2137 2088 2217 2114 non
2231 2089 2350 2114 omne
2369 2077 2522 2126 gravius

1449 2130 1495 2166 sit
1513 2142 1641 2178 grave,
1653 2137 1694 2166 ut
1713 2141 1829 2178 supra
1841 2130 1861 2150 *
1876 2129 2020 2166 dictum
2041 2136 2108 2176 est,
2124 2137 2255 2167 tamen
2277 2142 2395 2168 omne
2414 2131 2522 2181 quod

1449 2190 1504 2220 est
1523 2182 1675 2231 gravius
1703 2182 1822 2231 gravi,
1843 2190 1994 2232 oportet
2013 2194 2096 2220 esse
2115 2195 2251 2231 grave,
2281 2183 2378 2221 sicut
2404 2196 2521 2222 omne

1448 2236 1555 2285 quod
1575 2243 1631 2273 est
1649 2235 1770 2273 albius
1789 2236 1890 2283 albo,
1912 2243 2064 2285 oportet
2082 2249 2166 2274 esse
2186 2237 2329 2275 album.
2351 2238 2401 2275 Et
2418 2237 2520 2286 ideo,

1449 2302 1537 2326 cum
1566 2289 1659 2326 illud
1688 2289 1793 2337 quod
1814 2297 1870 2326 est
1894 2289 2020 2326 maius
2039 2289 2078 2326 in
2096 2302 2176 2327 uno
2195 2298 2354 2339 puncto,
2375 2291 2421 2328 sit
2439 2295 2522 2341 gra'-

1446 2343 1532 2380 vius
1561 2355 1724 2392 corpore
1761 2342 1868 2391 quod
1897 2349 1952 2380 est
1979 2342 2050 2379 sibi
2079 2344 2238 2392 aequale
2267 2344 2297 2381 si
2330 2345 2524 2383 auferatur

1447 2397 1495 2433 ab
1517 2409 1564 2433 eo
1584 2409 1705 2433 unum
1724 2403 1923 2445 punctum,
1953 2404 2135 2444 sequetur
2153 2397 2260 2445 quod
2278 2409 2402 2434 unum
2421 2409 2521 2447 pun-

1448 2457 1550 2486 ctum
1576 2449 1622 2486 sit
1644 2461 1779 2497 grave;
1808 2449 1915 2497 quod
1935 2456 1990 2486 est
2009 2449 2261 2498 impossibile,
2286 2457 2328 2487 ut
2347 2462 2393 2487 ex
2411 2462 2521 2500 prae-

1447 2502 1573 2539 missis
1589 2504 1609 2524 *
1623 2510 1738 2551 patet.
1760 2503 1863 2550 Ergo
1883 2501 2106 2551 relinquitur
2124 2502 2361 2552 impossibile
2377 2515 2460 2541 esse
2477 2505 2520 2526 Μ’

1447 2555 1554 2604 quod
1582 2567 1628 2592 ex
1656 2567 1735 2592 non
1754 2555 1933 2603 gravibus
1962 2555 2029 2592 fiat
2056 2555 2210 2605 aliquod
2229 2567 2357 2604 grave.

1502 2713 1531 2749 ψ)
1552 2722 1614 2740 nam
1634 2721 1672 2740 ex
1685 2715 1843 2747 partibus...
1858 2722 1896 2740 ex
1913 2715 2029 2740 materia
2047 2719 2074 2741 et
2084 2717 2190 2750 sonna.
2200 2729 2220 2736 ·-
2232 2723 2294 2742 nam
2313 2716 2384 2742 sicut
2401 2724 2439 2743 ex
2451 2725 2521 2751 par-

1449 2750 1518 2776 tibus
1537 2750 1732 2780 essentialibus,
1757 2751 1928 2783 componitur
1946 2751 2050 2784 aliquid
2073 2758 2159 2785 grave
2183 2759 2220 2777 ex
2245 2752 2361 2778 materia
2380 2756 2407 2778 et
2423 2753 2520 2787 forma

1449 2786 1537 2817 codd.;
1558 2786 1589 2810 cf.
1609 2794 1681 2810 num.
1696 2784 1712 2810 6
1732 2786 1756 2810 in
1773 2785 1834 2811 fine.

1501 2820 1533 2855 ω)
1554 2821 1661 2854 quando
1682 2822 1935 2854 multiplicabantur,
1953 2822 2169 2854 componebatur.
2182 2837 2202 2842 -
2215 2823 2373 2856 quandoque
2392 2823 2520 2857 multipli-

1447 2857 1560 2882 cabatur
1578 2860 1604 2882 et
1621 2857 1829 2889 componebatur
1842 2858 1874 2887 P.
1894 2858 2001 2890 quando
2018 2856 2081 2891 (non
2097 2858 2155 2883 add.
2169 2857 2204 2892 A)
2220 2859 2434 2891 multiplicantur
2448 2866 2519 2885 com-

1443 2893 1595 2924 ponebatur
1613 2894 1637 2917 A
1656 2898 1681 2917 et
1700 2893 1786 2918 Oxon.
1803 2907 1823 2912 -
1840 2894 1891 2918 Pro
1909 2897 1995 2922 erant,
2015 2894 2087 2927 quod
2105 2901 2159 2919 om.
2174 2894 2204 2925 E,
2223 2898 2310 2920 essent
2328 2895 2360 2920 Α.

1501 2927 1547 2962 αα)
1567 2928 1747 2954 constituatur
1764 2929 1895 2962 gravitas.
1908 2943 1927 2948 -
1938 2929 2151 2955 constituebatur·
2169 2930 2292 2963 gravitas
2307 2930 2336 2955 P.
2354 2930 2376 2955 B
2394 2935 2421 2956 et
2432 2929 2520 2956 Oxou.

1446 2963 1544 2988 addunt
1563 2967 1589 2989 et
1607 2967 1672 2996 quot
1690 2964 1778 2997 (quod
1792 2971 1844 2989 non
1860 2964 1953 2996 Oxon„
1974 2965 2021 2990 sed
2040 2965 2161 2999 expungit
2180 2967 2251 2998 non)
2270 2966 2447 2992 existentibus
2465 2973 2519 2993 non

1446 2999 1632 3029 constituitur;
1651 2999 1682 3024 cf.
1697 3000 1853 3025 versionem.

2553 590 2564 602 ·
2579 589 2640 611 nihil
2653 589 2722 612 codd.

2547 1926 2559 1939 '
2565 1927 2645 1948 autem
2653 1925 2708 1948 add.
2715 1932 2730 1948 n
2740 1929 2765 1948 et

2547 1952 2730 2002 Petam&
2739 1986 2765 2002 ,.

2547 2139 2560 2152 ⁸
2573 2139 2646 2163 Num.
2655 2145 2678 2168 7.

2547 2506 2645 2544 ζώω.
2654 2512 2668 2535 7
2682 2511 2734 2534 sqq.

2574 2539 2626 2555 ene
2631 2538 2766 2556 ommam.
