2782 4134
105 2715 120 2763 ἶ]
131 2713 167 2763 (ἒξ.
181 2715 233 2736 lect.
242 2719 316 2742 praee.

105 2922 115 2932 ⁶
130 2921 201 2943 Num.
215 2928 235 2949 5.

107 3191 116 3200 ⁶
127 3190 220 3218 aliquid
233 3196 281 3212 om.
296 3197 317 3212 Ρ.

341 282 417 319 320

851 285 922 321 DE
952 282 1340 320 GENERATIONE
1368 282 1440 318 ET
1469 280 1852 317 CORRUPTIONE
1881 281 1976 317 LIB.
2006 280 2021 315 I

927 514 1141 572 LECT
1141 515 1223 570 10
1259 515 1937 571 DECIMASEPTIMA

652 646 936 699 COMPARATIO
960 666 1190 697 AUGMENTI
1214 667 1273 697 AD
1297 666 1559 698 ALIMENTUM
1583 685 1602 690 -
1627 667 1850 706 QUOMODO
1873 668 1975 699 FIAT
1999 667 2245 699 DEMINUTIO

342 800 448 834 Ποσόν
474 795 511 831 δὲ
537 799 578 831 ‘ro'
603 797 662 842 μὲν
686 797 832 829 καθόλου
858 796 897 828 οὗ
921 796 1068 842 γίνεται,
1087 794 1197 840 ὥσπερ
1223 791 1303 829 οὐδὲ
1322 797 1407 839 ζῷον

411 845 427 877 ὃ
452 842 532 888 μήτ’
563 842 732 885 ἄνθρωπος
757 840 848 885 μήτε
881 844 948 873 τῶν
980 840 1055 874 καθ’
1086 839 1235 874 ἕκαστοι·
1264 840 1337 874 ἀλλ’
1366 842 1408 879 ὥς

410 886 560 921 ἐνταῦθα
590 886 631 920 τὸ
655 885 822 927 καθόλου,
848 885 951 919 accinet
978 887 1019 919 τὸ
1053 884 1170 919 ποσόν.
1211 885 1299 931 Σοίρξ
1323 881 1361 918 δὲ
1386 885 1407 922 ἦ

411 933 532 965 ὀστοῦν
559 930 579 968 ἦ
605 931 675 975 χεὶρ
699 933 757 962 καὶ
783 929 918 963 τούτων
944 931 992 964 τοὶ
1016 931 1213 976 ὁμοιομερῆ.

342 975 585 1021 Προσελθόντος
604 973 663 1027 μὲν
681 969 726 1011 δή
743 986 834 1013 τινος
852 976 975 1017 ποσοῦ,
995 973 1068 1008 ἀλλ’
1092 975 1128 1008 οὗ
1146 974 1267 1019 σαρκὸς
1285 975 1405 1011 ποσῆς.

337 1022 381 1067 ’ῌ
405 1022 464 1067 μέν
490 1019 546 1052 οὖν
571 1015 712 1062 δυναμει
739 1019 779 1052 τὸ
805 1020 1071 1065 συναμφότερον,
1094 1021 1162 1053 οἷον
1192 1019 1283 1055 ποσή
1310 1017 1406 1063 σάρξ,

409 1065 525 1109 ταύτῃ
551 1064 610 1108 μὲν
637 1063 750 1106 αὔξει·
777 1067 835 1097 καὶ
860 1076 870 1085 “
887 1066 926 1110 cip
951 1064 1061 1101 ποῦ-’ἡν
1086 1060 1139 1097 δεῖ
1160 1062 1317 1111 γενέσθαι
1348 1066 1407 1096 καὶ

408 1109 537 1152 σοίρκοι·
565 1108 586 1151 ᾗ
611 1103 649 1140 δὲ
674 1109 776 1153 μόνον
801 1076 1066 1154 σάρὲ,,τρέφει·
1093 1109 1210 1151 ταύτῃ
1237 1108 1302 1154 γοὶρ
1334 1104 1408 1141 διοι-

408 1153 497 1198 φέρει
523 1153 629 1197 τροφή
654 1157 711 1188 καὶ
738 1153 877 1195 αὔξησις
902 1155 952 1196 τῷ
976 1155 1078 1200 λόγῳ.

342 1243 398 1275 Διὸ
423 1242 585 1287 τρέφεται
610 1242 669 1286 μὲν
695 1242 754 1281 ἕως
776 1241 813 1275 ἄν
835 1242 988 1286 σώζηται
1012 1243 1071 1274 καὶ
1088 1240 1199 1286 φθίνῃ,
1219 1240 1409 1283 αὐξάνεται

407 1282 447 1319 δὲ
472 1285 531 1318 οὐκ
558 1287 622 1319 ἀεί.

341 1334 404 1364 Καὶ
423 1332 444 1368 ἡ
463 1332 570 1376 τροφή
595 1332 640 1375 τῇ
667 1331 810 1373 αὐξήσει
828 1331 868 1364 τὸ
887 1331 977 1363 αὐτὸ
995 1330 1068 1374 με’ν,
1088 1330 1130 1362 τὸ
1147 1326 1178 1362 δ’
1198 1327 1284 1362 εἶναι
1304 1330 1406 1362 ἄλλο·

409 1376 428 1418 ῄ
459 1376 519 1419 μὲν
549 1375 613 1422 γάρ
647 1377 721 1409 ἐστι
755 1376 796 1409 τὸ
833 1375 970 1420 προσιὸν
1002 1371 1144 1419 δυνάμει
1178 1375 1269 1411 ποσή
1302 1374 1406 1417 σοίρξ,

408 1419 524 1464 ταύτῃ
549 1420 608 1464 μὲν
635 1420 821 1462 αὐξητικὸν
853 1419 998 1465 σαρκός,
1027 1419 1048 1462 ’ᾗ
1073 1415 1112 1451 δὲ
1136 1419 1238 1463 μόνον
1266 1414 1408 1464 δυνάμει

408 1463 510 1510 σοίρ”,
537 1466 658 1510 τροφή.

341 1510 451 1543 Τοῦτο
501 1509 515 1542 ὲ
540 1509 581 1542 τὸ
605 1505 692 1548 εἶδος
720 1509 796 1542 ἄνευ
823 1508 925 1551 ὕλης,
954 1509 1021 1541 οἷον
1056 1508 1158 1546 ἅῦλος
1187 1503 1331 1551 δύναμίς
1357 1520 1408 1546 τις

409 1555 442 1586 ἐν
468 1553 530 1598 ὕλῃ
556 1554 662 1587 ἐστίν.
694 1552 776 1586 Ἐαἶν
801 1548 840 1586 δέ
857 1565 908 1591 τις
927 1555 1048 1598 προσίῃ
1068 1552 1144 1594 ὕλη,
1164 1550 1250 1584 οὖσα
1267 1548 1408 1597 δυνάμει

411 1599 526 1640 ἄῦλος,
546 1598 673 1643 ἔχουσα
697 1601 754 1630 καὶ
781 1598 821 1631 τὸ
847 1598 952 1630 ποσόν
978 1596 1131 1642 δυνάμει,
1153 1596 1248 1629 οὗτοι
1270 1596 1408 1629 ἔσονται

408 1644 539 1687 μείζους
566 1643 675 1676 ἅῦλοι.
712 1641 793 1675 Ἐσὶν
814 1638 852 1674 δὲ
876 1641 999 1686 μηκέτι
1024 1646 1131 1674 ποιεῖν
1149 1636 1310 1683 δύνηται,
1330 1642 1405 1674 ἀλλ’

409 1688 477 1719 οἷον
504 1682 589 1732 ὕδωρ
615 1690 688 1728 οἴνῳ
716 1688 766 1720 ἀεὶ
792 1689 908 1719 πλεῖον
941 1688 1141 1733 μιγνύμενον
1175 1686 1272 1724 τέλος
1299 1681 1407 1732 ύδχαρῆ

409 1735 500 1763 ποιεῖ
521 1735 579 1764 καὶ
606 1727 706 1776 ὕδωρ,
725 1731 807 1765 τότε
834 1730 940 1774 φθίσιν
968 1735 1121 1764 ποιεῖται
1142 1732 1205 1763 τοῦ
1224 1732 1346 1772 ποσοῦ,
1366 1731 1407 1764 τὸ

408 1772 437 1808 δ’
467 1771 552 1815 εἶδος
578 1776 682 1821 μένει.

402 1932 542 1960 Smorsrs
565 1948 599 1952 —
627 1940 651 1959 1.
674 1931 886 1968 Argumentum
910 1937 938 1958 et
959 1929 1062 1959 divisio
1083 1936 1186 1959 textus.
1209 1947 1228 1952 -
1249 1930 1411 1965 Quomodo

342 1980 372 2000 se
393 1971 480 1999 habet
500 1971 530 1999 id
551 1971 633 2008 quod
649 1977 743 2008 auget,
757 1971 795 1999 ad
816 1970 845 1998 id
866 1970 948 2008 quod
968 1970 1066 1999 nutrit.
1089 1971 1117 2006 a)
1137 1969 1215 2005 Quid
1237 1970 1273 1998 sit
1286 1970 1316 1998 id
1330 1971 1412 2008 quod

341 2017 469 2048 augetur.
491 2012 523 2039 In
543 2017 699 2048 augmento
720 2010 752 2039 fit
772 2010 872 2048 utique
894 2016 1045 2047 quantum,
1066 2019 1128 2038 non
1149 2016 1248 2038 tamen
1268 2017 1411 2047 quantum

341 2051 515 2086 universale3
537 2051 588 2079 sed
610 2050 682 2079 sicut
709 2050 739 2079 in
770 2050 871 2079 ceteris
896 2057 1049 2087 generatur
1074 2050 1235 2079 universale
1260 2049 1291 2078 in
1311 2051 1411 2088 aliquo

341 2090 514 2128 particulari,
535 2090 575 2119 ita
594 2090 625 2119 in
639 2097 796 2128 augmento
816 2097 970 2128 generatur
989 2096 1132 2127 quantum
1153 2090 1183 2118 in
1197 2090 1296 2127 aliquo
1318 2091 1412 2118 deter-

342 2130 464 2169 minato,
479 2137 549 2167 puta
570 2140 637 2159 cum
651 2131 682 2158 fit
697 2137 805 2167 quanta
826 2140 903 2166 caro,
919 2137 1061 2167 quantum
1083 2139 1127 2166 os,
1143 2136 1196 2159 etc.
1211 2146 1231 2152 -
1245 2137 1272 2158 2.
1288 2130 1316 2166 b)
1332 2130 1411 2165 Quid

342 2170 378 2199 sit
398 2170 468 2199 illud
490 2171 570 2207 quod
591 2176 684 2208 auget.
707 2170 783 2205 Quia
803 2179 855 2207 per
876 2177 1065 2207 augmentum
1086 2179 1148 2198 non
1169 2170 1201 2198 fit
1221 2176 1363 2207 quantum
1380 2170 1410 2198 in

342 2210 504 2246 universali,
526 2211 576 2238 sed
598 2210 629 2238 fit
650 2211 706 2239 hoc
727 2216 879 2248 quantum,
901 2210 972 2238 illud
993 2210 1073 2247 quod
1095 2209 1211 2238 advenit
1231 2209 1325 2246 alicui,
1340 2216 1411 2246 puta

343 2250 430 2286 carni,
452 2257 567 2287 oportet
588 2250 705 2287 quidem
727 2259 789 2278 esse
811 2256 952 2287 quantum
974 2249 1005 2278 in
1026 2257 1101 2286 actu,
1122 2259 1184 2278 non
1205 2256 1303 2278 tamen
1325 2251 1410 2278 debet

342 2299 404 2318 esse
425 2297 491 2318 actu
512 2297 620 2327 quanta
642 2299 719 2325 caro,
741 2291 791 2318 sed
813 2290 907 2318 solum
923 2290 952 2318 in
966 2290 1104 2326 potentia.
1119 2307 1139 2311 —
1156 2290 1181 2318 3.
1197 2291 1222 2326 c)
1243 2289 1411 2318 Differentia

343 2329 403 2358 eius
425 2330 505 2367 quod
533 2336 618 2367 auget
639 2336 666 2358 et
687 2329 747 2358 eius
770 2331 850 2367 quod
878 2330 976 2358 nutrit.
1005 2331 1180 2367 Inquantum
1202 2330 1231 2357 id
1253 2331 1333 2366 quod
1359 2330 1410 2358 ad-

341 2369 419 2398 venit
440 2376 483 2398 est
497 2369 527 2397 in
542 2369 671 2406 potentia
695 2370 732 2398 ad
754 2370 810 2398 hoc
831 2371 911 2407 quod
933 2376 961 2398 et
988 2369 1106 2406 recipiat
1127 2369 1252 2406 speciem
1274 2369 1368 2398 carnis
1382 2376 1410 2398 et

342 2409 372 2437 in
393 2409 534 2438 maiorem
556 2409 745 2446 quantitatem
767 2410 959 2446 producatur,
981 2410 1141 2438 secundum
1162 2410 1219 2437 hoc
1243 2415 1342 2446 auget:
1365 2409 1409 2437 in-

342 2456 483 2486 quantum
504 2458 573 2478 vero
595 2455 637 2477 est
658 2449 688 2477 in
701 2449 832 2486 potentia
853 2450 948 2477 solum
969 2450 1006 2477 ad
1027 2449 1084 2477 hoc
1106 2450 1185 2486 quod
1205 2449 1240 2477 sit
1260 2458 1342 2484 caro,
1364 2458 1408 2477 se-

342 2490 470 2517 cundum
491 2489 548 2517 hoc
573 2489 669 2517 nutn't.
697 2489 839 2517 Differunt
860 2498 929 2526 ergo
950 2489 1110 2517 secundum
1131 2488 1274 2517 rationem
1300 2498 1409 2525 augens

579 2655 781 2684 mentum
819 2647 1071 2695 generationi,
1110 2647 1170 2684 hic
1213 2655 1409 2696 comparat

555 2705 562 2717 “·
582 2708 858 2749 augmentum
903 2700 1083 2737 alimento
1119 2700 1151 2737 ⁹¹².
1190 2701 1239 2737 Et
1280 2701 1405 2749 primo

611 2753 775 2791 ostendit
803 2754 1002 2803 quomodo
1031 2766 1071 2790 se
1095 2754 1213 2791 habet
1237 2753 1276 2791 id
1304 2754 1410 2803 quod

610 2807 634 2844 d
653 2807 759 2856 quod
787 2807 917 2853 nutrit;
947 2806 1116 2844 secundo
1140 2806 1340 2856 quomodo
1368 2818 1410 2844 se

343 2860 459 2896 habet
487 2867 734 2907 augmentum
764 2861 812 2897 ad
832 2860 1117 2908 nutrimentum,
1138 2859 1206 2897 ibi:
1225 2860 1276 2898 Et
1293 2860 1412 2897 nutri-

344 2917 510 2950 mentum
538 2912 558 2934 *
586 2920 654 2950 etc.

399 2965 508 3002 Circa
536 2966 703 3014 primum
741 2966 808 3003 tria
838 2966 934 3004 facit.
962 2966 1092 3003 Primo
1122 2966 1285 3003 ostendit
1311 2964 1410 3015 {quid

344 3018 390 3056 sit
416 3018 455 3056 id
474 3019 579 3068 quod
608 3027 775 3067 augetur,
797 3019 893 3057 idest
911 3025 928 3040 0‘
948 3020 1053 3068 quocl
1081 3019 1127 3056 sit
1145 3027 1341 3068 quantum.
1362 3021 1411 3056 Et

345 3071 432 3108 dicit
451 3073 556 3120 quod
580 3080 765 3121 quantum
783 3072 999 3110 universale
1019 3085 1098 3109 non
1117 3080 1317 3120 generatur
1341 3085 1410 3110 nec

344 3125 397 3171 fit,
419 3125 514 3162 sicut
532 3138 603 3162 nec
622 3126 762 3163 animal
785 3126 1000 3163 universale
1021 3138 1091 3163 nec
1115 3127 1235 3163 homo
1259 3125 1410 3163 univer-

345 3178 431 3215 salis
459 3191 530 3215 nec
557 3179 736 3228 aliquid*
761 3179 1032 3229 singularium,
1062 3179 1158 3216 idest
1186 3191 1257 3216 nec
1285 3178 1410 3228 aliqua

345 3231 568 3279 specierum,
589 3239 681 3281 puta
708 3245 779 3269 nec
799 3233 859 3269 leo
883 3232 1106 3269 universalis
1139 3245 1210 3269 nec
1238 3233 1309 3269 bos
1327 3232 1411 3269 uni-

344 3284 520 3321 versalis:
552 3285 620 3322 sed
649 3285 743 3322 sicut
774 3285 812 3322 in
844 3285 913 3322 illis
945 3293 1145 3334 generatur
1175 3285 1408 3332 universale,

346 3336 483 3373 scilicet
502 3337 539 3374 in
563 3338 689 3386 aliquo
710 3338 942 3387 particulari,
971 3347 1063 3388 puta
1091 3351 1179 3376 curn
1209 3346 1410 3387 generatur

345 3389 419 3426 hoc
439 3389 577 3427 animal
597 3398 662 3428 aut
688 3391 750 3428 hic
768 3392 898 3439 homo,
926 3391 976 3429 ita
1006 3399 1042 3429 et
1061 3392 1135 3429 illic
1153 3390 1182 3439 β,
1208 3391 1347 3429 scilicet
1371 3391 1409 3429 in

400 3555 428 3587 α)
448 3555 524 3580 idest.
542 3569 561 3574 -
579 3558 605 3580 et
624 3555 690 3581 illud
708 3557 745 3587 Α,
765 3557 811 3581 sed
830 3557 855 3581 in
875 3562 995 3582 contextu
1020 3565 1128 3583 sensum
1147 3566 1199 3583 non
1218 3558 1303 3583 habet.
1320 3571 1340 3579 -
1358 3559 1408 3583 Pro

346 3593 474 3623 quantum
494 3590 655 3620 universale,
676 3594 804 3623 quantum
826 3592 852 3616 in
873 3592 1017 3618 universali
1035 3594 1072 3623 A;
1098 3601 1146 3626 pro
1165 3600 1212 3618 nec
1229 3594 1331 3618 animal
1350 3594 1408 3619 uni-

346 3625 455 3655 versale,
475 3625 576 3650 animal
595 3626 635 3651 ed.
653 3633 678 3656 a,
698 3626 799 3651 animal
818 3627 964 3652 universale
983 3628 1027 3657 Pb,
1047 3635 1094 3653 nec
1112 3629 1214 3654 animal
1232 3629 1260 3654 C.

1462 800 1480 820 *
1499 801 1666 838 Quantum
1682 809 1790 833 autem
1805 802 1982 832 universale
1998 801 2130 843 quidem
2145 811 2212 832 non
2228 807 2406 842 generatur,
2421 811 2533 843 quem—

1530 845 1708 876 admodum
1730 856 1788 877 nec
1811 846 1930 877 animal
1952 856 2010 876 nec
2033 846 2134 876 homo
2157 856 2216 876 nec
2246 845 2368 887 aliquid
2396 845 2534 886 singula·

1528 889 1631 920 rium:
1656 890 1711 920 sed
1734 897 1770 922 ut
1793 890 1844 921 hic
1863 890 2050 929 universale,
2065 890 2109 921 ita
2132 897 2163 921 et
2181 890 2245 922 illic
2268 897 2437 932 quantum,
2461 900 2534 923 caro

1530 940 1638 964 autem
1661 941 1716 965 aut
1739 945 1776 965 os
1799 941 1855 965 aut
1876 944 2003 974 manus,
2023 941 2055 966 et
2077 935 2196 965 horum
2217 935 2466 967 homoeomera:

1463 978 1648 1009 adveniente
1671 978 1804 1020 quidem
1827 978 1935 1020 aliquo
1960 985 2092 1020 quanto,
2119 979 2175 1010 sed
2198 990 2265 1010 non
2289 989 2380 1011 carne
2404 985 2534 1022 quanta.

1462 1022 1480 1042 *
1499 1023 1683 1054 Secundum
1699 1022 1732 1053 id
1747 1023 1844 1063 igitur
1862 1023 1952 1064 quod
1967 1023 2110 1064 potentia
2132 1030 2318 1066 utrumque,
2333 1024 2420 1055 verbi
2435 1023 2534 1065 gratia

1529 1074 1647 1108 quanta
1663 1077 1749 1107 caro⁷
1768 1067 1811 1098 sic
1827 1073 1922 1107 auget
1939 1067 2088 1108 quidem3
2105 1067 2223 1098 etenim
2237 1074 2391 1110 quantam
2406 1074 2535 1109 oportet

1529 1111 1670 1152 generari
1694 1117 1725 1142 et
1748 1118 1892 1142 carnem:
1916 1111 2095 1142 secundum
2121 1111 2155 1142 id
2177 1119 2285 1143 autem
2307 1112 2399 1153 quod
2426 1113 2535 1144 solum

1531 1165 1616 1195 caro,
1632 1155 1740 1186 nutrit.
1765 1156 1894 1197 Etenim
1917 1155 1961 1187 sic
1985 1155 2132 1187 differunt
2155 1156 2244 1187 cibus
2267 1162 2299 1187 et
2317 1156 2533 1196 augmentatio

1530 1200 1662 1231 ratione.

1464 1245 1538 1276 Ideo
1558 1244 1695 1275 nutritur
1718 1243 1789 1285 quis
1813 1253 1985 1285 quousque
1999 1243 2136 1275 salvatur
2152 1251 2183 1275 et
2201 1243 2415 1276 deminuitur:
2438 1254 2534 1286 auge-

1529 1296 1581 1320 tur
1604 1295 1712 1319 autem
1735 1298 1801 1319 non
1825 1298 1958 1329 semper.

1462 1334 1504 1365 Et
1526 1333 1759 1364 nutrimentum
1783 1332 2034 1373 augmentationi
2057 1331 2143 1363 idem
2166 1338 2214 1364 est
2231 1331 2374 1374 quidem,
2398 1342 2466 1364 esse
2479 1343 2535 1364 au-

1530 1384 1596 1409 tem
1619 1377 1715 1408 aliud.
1741 1377 1927 1408 Secundum
1948 1377 1983 1409 id
2005 1376 2092 1407 enim
2115 1377 2206 1418 quod
2229 1383 2276 1408 est
2297 1377 2388 1418 quod
2407 1376 2535 1409 advenit

1529 1421 1672 1463 potentia
1687 1428 1806 1463 quanta
1825 1431 1909 1460 caro,
1925 1428 2136 1462 augmentum
2154 1421 2254 1453 carnis
2271 1428 2331 1454 est:
2356 1422 2535 1455 secundum

1529 1467 1562 1497 id
1585 1473 1694 1498 autem
1716 1466 1805 1507 quod
1828 1466 1936 1497 solum
1958 1465 2101 1507 potentia
2124 1476 2209 1503 caro,
2233 1465 2477 1498 nutrimentum.

1463 1511 1536 1542 Hoc
1560 1518 1667 1542 autem
1691 1509 1810 1552 species
1834 1510 1901 1540 sine
1923 1509 2071 1549 materia,
2095 1517 2132 1541 ut
2154 1509 2370 1542 immaterialis
2390 1508 2536 1551 potentia

1530 1554 1646 1596 aliqua,
1670 1555 1703 1585 in
1727 1554 1858 1585 materia
1875 1563 1939 1585 ens.
1961 1554 2111 1586 Similiter
2133 1561 2242 1586 autem
2265 1561 2296 1586 et
2319 1554 2406 1586 aliud
2429 1554 2535 1596 quod-

1531 1609 1670 1640 cumque
1699 1609 1867 1639 organum.
1899 1598 1932 1630 Si
1955 1605 2063 1629 autem
2087 1599 2248 1630 advenerit
2275 1599 2382 1640 aliqua
2404 1597 2536 1631 materia

1529 1653 1612 1685 quae
1635 1642 1676 1674 sit
1697 1643 1840 1684 potentia
1862 1643 2089 1682 immaterialis,
2113 1643 2233 1675 habens
2255 1650 2287 1674 et
2301 1650 2461 1685 quantum
2474 1649 2534 1686 poi

1529 1688 1637 1727 tentia,
1653 1688 1713 1719 hae
1736 1694 1829 1719 erunt
1851 1687 1987 1719 maiores
2006 1687 2240 1720 immateriales.
2258 1687 2276 1707 *
2288 1688 2321 1720 Si
2335 1694 2444 1720 autem
2465 1692 2534 1721 am*

1529 1732 1614 1773 plius
1638 1732 1739 1763 facere
1763 1742 1829 1763 non
1853 1738 1968 1772 potest,
1990 1733 2045 1762 sed
2061 1738 2096 1763 ut
2112 1742 2195 1774 aqua
2217 1732 2294 1763 vino
2318 1742 2444 1773 semper
2467 1742 2535 1764 am-

1529 1777 1613 1817 plius
1641 1776 1739 1807 mixta
1769 1776 1803 1806 in
1829 1775 1893 1806 fine
1921 1776 2106 1817 aquaticum
2136 1776 2210 1807 facit
2240 1783 2271 1808 et
2298 1786 2434 1818 aquam,
2457 1783 2535 1808 tunc

1530 1821 1781 1852 deminutionem
1808 1820 1901 1851 faciet
1924 1820 2050 1861 quanti,
2075 1820 2195 1861 species
2219 1827 2327 1852 autem
2350 1827 2468 1853 manet.

1464 1937 1492 1959 et
1511 1930 1651 1959 nutriens.
1670 1946 1689 1951 -
1710 1939 1739 1966 4.
1762 1929 1967 1958 Corollarium.
1981 1946 2003 1951 -
2018 1930 2044 1958 5.
2066 1929 2236 1959 Differentia
2252 1929 2328 1959 inter
2347 1929 2444 1968 ipsum
2464 1938 2535 1970 aug-

1464 1977 1596 1999 mentum
1617 1976 1645 1998 et
1666 1969 1885 1998 nutrimentum.
1906 1969 2003 1998 Etiam
2024 1969 2095 1998 haec
2116 1969 2176 1999 duo
2197 1975 2266 1999 sunt
2286 1969 2365 1998 idem
2386 1969 2517 2001 subiecto
2522 1993 2534 2008 ,

1463 2010 1515 2039 sed
1538 2009 1674 2039 differunt
1701 2009 1832 2045 ratione,
1857 2015 1890 2038 ut
1911 2015 1990 2046 patet
2011 2019 2045 2038 ex
2067 2019 2149 2038 num.
2171 2009 2197 2038 3.
2219 2026 2239 2032 -·
2259 2009 2287 2038 6.
2303 2009 2465 2045 Quomodo
2483 2008 2536 2041 flat

1464 2050 1635 2079 deminutio.
1656 2051 1688 2078 In
1709 2049 1881 2087 corporibus
1901 2049 2072 2085 viventibus,
2087 2058 2162 2087 quae
2182 2048 2300 2087 proprie
2321 2049 2489 2081 nutriuntur
2504 2056 2536 2081 et

1463 2097 1612 2128 augentur,
1634 2089 1723 2119 virtus
1743 2089 1858 2126 speciei,
1873 2098 1949 2127 quae
1970 2098 2001 2118 se
2022 2090 2109 2118 habet
2129 2089 2169 2118 ad
2187 2089 2287 2119 cibum
2304 2096 2338 2119 ut
2353 2098 2476 2120 moveo·
2491 2088 2535 2121 nd

1463 2137 1587 2166 motum,
1597 2129 1702 2159 dicitur
1714 2130 1825 2168 species
1838 2130 1901 2158 sine
1920 2129 2053 2163 materia,
2075 2129 2158 2167 quasi
2172 2129 2209 2158 sit
2226 2129 2324 2168 aliqua
2336 2129 2536 2161 immuinlis

1461 2169 1607 2207 potentia:
1630 2170 1699 2207 quia
1719 2179 1780 2198 non
1803 2169 1978 2198 determinat
1995 2169 2049 2198 sibi
2070 2169 2198 2207 aliquam
2217 2169 2368 2199 materiam
2381 2169 2536 2208 aigum,

1463 2210 1595 2247 quamvis
1617 2209 1652 2238 sit
1674 2219 1788 2247 semper
1808 2209 1837 2237 in
1852 2210 1907 2238 hac
1926 2209 1972 2238 vel
1993 2209 2040 2238 illa
2054 2209 2184 2239 materia.
2207 2209 2238 2238 Si
2259 2218 2328 2248 ergo
2348 2209 2416 2239 huic
2435 2209 2534 2239 virtuti

1462 2250 1614 2279 accesserit
1639 2249 1760 2278 materia
1788 2259 1862 2287 quae
1884 2249 1919 2278 sit
1940 2249 1970 2278 in
1991 2249 2122 2286 potentia
2151 2256 2179 2278 et
2199 2250 2237 2278 ad
2258 2250 2334 2278 hanc
2358 2249 2486 2287 speciem
2506 2256 2536 2279 et

1461 2290 1499 2318 ad
1521 2289 1663 2318 maiorem
1685 2289 1890 2327 quantitatem,
1911 2295 1974 2318 tum
1996 2289 2059 2326 ipsa
2079 2289 2169 2318 virtus
2190 2289 2296 2326 speciei
2323 2289 2486 2319 extenditur
2504 2289 2536 2318 in

1464 2329 1605 2358 maiorem
1633 2329 1832 2367 quantitatem.
1856 2330 1983 2364 Quando
2004 2339 2073 2358 vero
2098 2329 2187 2366 virtus
2212 2329 2271 2358 iam
2301 2329 2449 2359 debilitata
2472 2339 2535 2359 non

1461 2376 1557 2406 potest
1578 2376 1691 2398 tantum
1713 2370 1748 2397 de
1770 2369 1909 2398 alimento
1931 2375 2107 2405 convertere,
2126 2370 2207 2407 quod
2229 2369 2264 2398 sit
2285 2370 2315 2398 in
2336 2369 2468 2407 potentia
2485 2369 2533 2399 vel

1463 2410 1499 2437 ad
1521 2409 1672 2446 aequalem
1695 2409 1885 2446 quantitatem
1907 2409 2131 2445 restituendam,
2152 2415 2222 2438 tunc
2242 2409 2274 2437 fit
2296 2409 2472 2438 deminutio:
2494 2409 2535 2438 ita

1463 2448 1581 2486 quidem
1596 2449 1677 2486 quod
1691 2448 1860 2486 aliquandiu
1874 2455 2062 2477 conservatur
2075 2448 2186 2486 species
2199 2449 2230 2477 in
2244 2449 2350 2477 minori
2365 2448 2534 2486 quantitate,

1463 2489 1514 2516 sed
1535 2488 1658 2517 finaliter
1678 2488 1765 2517 etiam
1786 2488 1895 2525 species
1917 2495 2017 2517 cessat.

1462 2600 1691 2642 augmento,
1722 2601 1922 2642 generatur
1954 2601 2161 2643 quantum,
2195 2606 2275 2631 non
2308 2594 2466 2644 quidem
2494 2594 2534 2632 in

1462 2647 1678 2694 universali,
1709 2647 1776 2684 secl
1805 2647 1843 2684 in
1871 2646 1998 2695 aliquo
2029 2647 2290 2695 determinato,
2320 2647 2416 2685 sicut
2444 2659 2534 2686 cum

1463 2700 1506 2738 fit
1534 2708 1675 2749 quanta
1701 2713 1788 2737 caro
1818 2708 1882 2737 aut
1902 2713 1946 2737 os
1965 2707 2029 2737 aut
2057 2712 2211 2748 manus,
2242 2708 2278 2738 et
2300 2700 2359 2738 his
2384 2700 2532 2739 similia.

1518 2765 1554 2791 2.
1571 2753 1750 2791 Secundo
1766 2753 1833 2790 ibi:
1859 2754 2078 2791 adveniente
2096 2754 2246 2802 quidem
2266 2761 2350 2802 etc„
2371 2754 2535 2792 ostendit

1463 2805 1556 2856 quid
1583 2806 1630 2844 sit
1654 2806 1747 2844 illud
1773 2807 1880 2855 quod
1913 2814 2046 2855 auget:
2079 2807 2123 2844 fit
2152 2807 2254 2844 enim
2283 2815 2533 2856 augmentum

1463 2859 1692 2898 adveniente
1721 2859 1861 2909 aliqu0,
1890 2867 1932 2897 ut
1951 2872 2066 2909 supra
2086 2860 2230 2898 dictum
2259 2868 2314 2898 est
2341 2860 2372 2899 ¹¹⁸.
2404 2861 2483 2899 Sed
2501 2861 2533 2899 si
2559 2871 2572 2883 ·

1463 2925 1532 2962 per
1569 2920 1818 2961 augmentum
1860 2914 1968 2950 fieret
2006 2921 2192 2962 quantum
2229 2913 2268 2950 in
2303 2913 2531 2963 universali,

1464 2974 1656 3015 oporteret
1679 2966 1768 3004 illud
1789 2967 1895 3015 quod
1923 2966 2078 3004 advenit
2097 2979 2180 3004 esse
2200 2974 2387 3016 quantum
2405 2967 2446 3005 in
2463 2980 2533 3018 po-

1463 3020 1590 3067 tentia,
1612 3027 1648 3056 et
1666 3020 1770 3057 nullo
1790 3019 1910 3057 modo
1931 3020 1970 3057 in
1989 3027 2093 3057 actu:
2123 3020 2191 3058 sed
2212 3020 2302 3069 quia
2321 3033 2400 3058 non
2419 3032 2533 3069 gene-

1464 3081 1567 3110 ratur
1586 3081 1772 3122 quantum
1791 3073 1811 3095 *
1835 3073 1874 3110 in
1901 3073 2118 3121 universali,
2134 3073 2202 3111 sed
2230 3074 2305 3111 hoc
2333 3081 2532 3124 quantum,
2561 3079 2571 3091 ²

1464 3134 1556 3175 puta
1577 3139 1678 3173 caro,
1698 3134 1849 3176 oportet
1866 3126 1956 3165 illud
1975 3126 2081 3175 quod
2101 3126 2255 3164 advenit
2273 3139 2357 3164 esse
2376 3127 2532 3177 quidem

1465 3179 1607 3228 aliquid
1644 3187 1831 3227 quantum
1869 3179 1908 3217 in
1945 3188 2055 3227 actu,
2094 3192 2174 3217 non
2211 3187 2340 3218 autem
2379 3193 2533 3219 carnem

1465 3240 1648 3282 quantam
1667 3232 1698 3279 ²¹⁸,
1728 3233 1796 3270 sed
1824 3234 1950 3270 solum
1980 3233 2017 3270 in
2045 3233 2227 3282 potentia.

1521 3287 1555 3323 3.
1577 3286 1707 3323 Tertio
1728 3286 1796 3323 ibi:
1818 3286 2030 3323 Secundum
2051 3286 2090 3323 id
2107 3286 2225 3337 igitur
2243 3294 2326 3334 etc„
2343 3286 2535 3324 concludit

1465 3339 1716 3376 differentiam
1736 3339 1817 3376 eius
1845 3339 1950 3388 quod
1977 3346 2089 3388 auget
2117 3346 2154 3376 et
2182 3339 2262 3376 eius
2282 3339 2386 3389 quod
2405 3339 2532 3378 nutrit.

1465 3393 1514 3429 Et
1541 3392 1667 3442 primo
1705 3392 1813 3442 ponit
1849 3392 2114 3430 differentiam.
2154 3393 2203 3430 Et
2230 3392 2318 3431 dicit
2346 3392 2452 3442 quod
2479 3392 2534 3431 in-

1516 3557 1541 3592 β)
1561 3559 1600 3584 ita
1618 3562 1645 3584 et
1668 3559 1729 3584 illic.
1747 3573 1766 3579 -
1785 3559 1823 3584 ita
1848 3559 1970 3584 omittunt
1990 3559 2080 3588 Peab,
2105 3559 2225 3592 quamvis
2249 3559 2281 3584 nd
2307 3558 2447 3584 claritatem
2472 3566 2533 3584 eon-

1461 3594 1556 3655 {eir-{uA-
1575 3595 1602 3619 ln
1627 3594 1678 3619 fine
1697 3594 1798 3620 numeri
1818 3602 1866 3627 pro
1890 3598 1916 3620 et
1935 3595 1976 3620 his
1994 3594 2106 3625 simma,
2132 3597 2159 3619 et
2183 3594 2239 3619 alia
2256 3600 2325 3627 quae
2348 3596 2413 3641 sunt
2434 3593 2533 3619 similia

2560 807 2571 818 ⁸
2586 806 2642 835 Seq.
2656 813 2699 836 cap
2722 814 2747 830 v.

2560 833 2629 856 Text.
2643 840 2683 861 40.

2560 1027 2571 1039 ⁸
2585 1026 2654 1049 Text.
2667 1032 2702 1054 4¹·

2561 1689 2573 1702 ⁸
2586 1689 2655 1712 'reat-
2669 1695 2709 1718 4²·
2757 1694 2761 1698 ·
