2690 4062
286 276 321 301 lv

284 1396 488 1442 Δημόκριτος
522 1391 559 1428 δε

784 260 854 296 DE
885 256 1272 296 GENERATIONE
1302 256 1372 292 ET
1402 253 1787 291 CORRUPTIONE
1817 254 1911 290 LIB.
1943 254 1956 289 I

943 493 1239 550 LECTIO
1276 492 1808 548 DECIMANONA

482 657 708 691 OPINIONES
732 654 1013 687 CONTRARIAE
1038 653 1169 684 ClRCA
1191 653 1495 684 HABITUDINEM
1519 653 1711 684 MUTUAM
1735 653 1921 684 AGENTIS
1945 653 2003 683 ET
2027 653 2273 691 PATIENTIS;

429 715 698 748 ASSIGNATUR
725 712 867 744 CAUSA
895 710 1277 742 CONTRARIETATIS
1310 728 1327 732 -
1359 710 1499 741 AGENS
1529 710 1587 740 ET
1615 710 1797 741 PATIENS
1829 710 1929 741 ESSE
1961 710 2119 741 SIMILIA
2148 709 2321 741 GENERE

1021 769 1080 799 ET
1103 768 1286 799 DIVERSA
1311 767 1457 798 SPECIE
1480 767 1715 799 PROBATUR

351 964 457 1000 φαμεν
475 949 511 984 δέ
536 951 630 992 παρά
654 952 721 983 τῶν
748 949 910 995 πρότερον
937 951 1158 986 ύπεναντίους
1185 948 1345 986 ἀλλήλοις

349 998 481 1044 λόγους.
518 997 555 1027 Οἱ
581 994 638 1039 μέν
664 995 727 1041 γάρ
754 995 909 1027 πλεῖστοι
934 993 1042 1027 τοῦτό
1059 1006 1097 1039 γε
1116 993 1345 1037 ὁμονοητικῶς

349 1042 522 1089 λέγουσιν,
555 1040 598 1076 ὠς
628 1039 669 1071 τὸ
694 1038 753 1083 μὲν
781 1037 894 1082 ὅμοιον
927 1038 993 1071 ύπὸ
1026 1038 1088 1070 τοῦ
1123 1039 1238 1082 ὁμοίου
1276 1037 1345 1068 πᾶν

352 1084 481 1123 ἀπαθές
507 1086 581 1117 ἐστι
606 1078 664 1115 διαὶ
689 1083 729 1116 ‘ro‘
755 1081 859 1127 μηδὲν
885 1084 1014 1128 μᾶλλον
1040 1081 1217 1119 ποιητικὸν
1236 1079 1257 1117 ἦ
1283 1092 1347 1112 πα-

350 1130 487 1168 θητικὸν
514 1125 599 1161 εἶναι
624 1127 767 1172 θάτερον
798 1128 943 1172 θατέρου
967 1126 1111 1169 (πάντα
1133 1125 1198 1172 γάρ
1225 1126 1344 1169 ὁμοίως

351 1173 423 1209 ύπά
443 1185 514 1220 χειν
540 1171 660 1204 ταύτά
692 1175 763 1209 τοῖς
789 1173 961 1218 ὁμοίοις),
989 1170 1036 1203 τά
1059 1165 1087 1201 δ’
1118 1170 1263 1214 ἀνόμοια
1287 1171 1345 1200 καὶ

350 1219 396 1253 τά
420 1185 564 1261 ἕιάφορα
589 1219 696 1248 ποιεῖν
720 1218 778 1248 καὶ
797 1217 944 1261 πάσχειν
962 1215 1008 1253 εἱς
1027 1214 1161 1252 ἄλληλα
1187 1213 1343 1257 πέφυκεν.

349 1266 413 1296 Καὶ
437 1262 502 1310 γάρ
534 1258 619 1292 ὅταν
657 1260 698 1292 τό
732 1260 880 1295 ἔλαττον
914 1260 977 1303 πῦρ
1011 1258 1078 1291 ύπὸ
1104 1259 1166 1292 τοῦ
1193 1259 1346 1295 πλείονος

349 1308 537 1353 φθείρηται,
557 1299 615 1336 διά
639 1304 703 1341 τήν
729 1305 925 1338 ἐναντίωσιν
951 1303 1060 1336 τοῦτό
1082 1314 1162 1347 φασι
1181 1301 1343 1348 πάσχειν·

350 1355 503 1385 εναντίον
528 1348 592 1394 γάρ
619 1345 705 1380 εἶναι
729 1350 771 1382 τὸ
797 1349 883 1382 πολύ
910 1348 958 1390 τῷ
985 1347 1097 1394 ὀλίγῳ.

550 1393 557 1403 “
593 1393 687 1437 παρά
719 1394 799 1432 τούς
829 1393 950 1430 α”λλους
980 1387 1072 1430 ἰδίως
1100 1390 1194 1432 ἔλεξε
1227 1389 1345 1435 μόνος·

350 1444 427 1484 φησὶ
451 1441 514 1486 γάρ
546 1438 587 1469 τὸ
620 1437 708 1472 αύτὸ
739 1441 796 1470 καὶ
831 1437 943 1482 ὅμοιον
977 1433 1064 1468 εἶναι
1095 1435 1138 1469 τό
1163 1448 1201 1468 τε
1228 1435 1346 1468 ποιοῦν

349 1488 407 1517 καὶ
433 1486 475 1517 τὸ
502 1482 655 1526 πάσχον·
682 1482 719 1515 οὐ
741 1482 804 1529 γάρ
823 1483 982 1529 ἐγχωρεῖν
1000 1480 1049 1512 τοὶ
1064 1479 1168 1525 ἕτερα
1190 1481 1248 1511 καὶ
1274 1478 1347 1510 δια-

350 1529 496 1573 φέροντα
517 1526 661 1571 πάσχειν
679 1527 734 1560 ὁπ’
758 1526 929 1568 ἀλλήλων,
950 1524 1040 1558 ἀλλά
1059 1524 1123 1557 κᾶν
1140 1522 1243 1568 ἕτερα
1261 1523 1347 1556 ὄντα

350 1574 432 1616 ποιῇ
459 1583 493 1605 τι
518 1573 564 1610 εἰς
589 1572 736 1612 ἄλληλα,
763 1571 865 1618 οὑχ-ᾔ
889 1570 992 1612 ἕτερα
1017 1569 1092 1602 ἀλλ’
1115 1565 1294 1611 ᾗπαύτόν
1313 1578 1347 1599 τι

351 1618 515 1662 ὑπάρχει,
542 1616 658 1658 ταύτῃ
691 1616 798 1648 τοῦτο
827 1615 1021 1660 συμβαίνειν
1047 1613 1177 1650 αὐτοῖς.
1211 1613 1263 1644 Τά
1287 1612 1346 1655 μὲν

351 1660 407 1695 οὖν
432 1661 602 1706 λεγόμενα
627 1660 728 1692 ταῦτ’
757 1658 863 1702 ἐστίν,

275 1708 413 1742 ,ἐοίκασι
442 1701 479 1738 δὲ
505 1707 534 1737 οἱ
560 1705 686 1737 τοῦτον
719 1703 779 1736 τὸν
813 1703 939 1749 τρόπον
970 1702 1130 1748 λέγοντες
1160 1701 1348 1733 ἑπεναντία

351 1749 528 1793 φαίνεσθαι
558 1747 682 1795 λέγειν.
716 1748 830 1781 Αἴτιον
855 1744 892 1780 δὲ
918 1746 980 1784 τῆς
1007 1746 1263 1791 ὲναντιολογίας
1292 1742 1347 1776 ὅτι

351 1793 426 1829 δέον
461 1794 536 1827 ὅλον
571 1804 605 1824 τι
636 1793 825 1834 θεωρῆσαι,
860 1791 955 1837 μέρος
988 1803 1023 1823 τι
1056 1788 1264 1836 τυγχάνουσι
1294 1787 1348 1820 λε’-

350 1851 468 1887 γοντες
503 1835 677 1881 ἑκάτεροι·
703 1835 745 1869 τό
770 1849 809 1868 τε
834 1837 899 1882 γάρ
933 1834 1046 1879 ὅμοιον
1080 1837 1138 1866 καὶ
1164 1834 1204 1865 τό
1231 1832 1347 1875 πάντῃ

352 1883 491 1921 πάντως
527 1877 709 1925 ἀδιάφορον
746 1881 887 1927 εὔλογον
919 1880 965 1924 μή
1000 1878 1146 1923 πάσχειν
1183 1878 1250 1910 aad
1284 1877 1347 1910 τοῦ

353 1930 468 1972 ὁμοίου
501 1925 621 1971 μηθέν·
648 1927 682 1957 τί
706 1924 769 1971 γάρ
795 1927 924 1970 μᾶλλον
957 1923 1099 1968 θάτερον
1124 1922 1224 1955 ἔσται
1254 1933 1349 1959 ποιη-

353 1972 447 2005 τικόν
477 1970 498 2008 ἦ
523 1969 686 2014 θάτερον;
720 1970 789 2001 εἴτε
815 1970 882 2003 ύπὸ
907 1970 970 2002 τοῦ
1001 1969 1115 2012 ὁμοίου
1141 1977 1176 1999 τι
1200 1965 1346 2022 πάσχειν

353 2013 512 2056 δυνατόν,
530 2017 588 2046 καὶ
614 2012 702 2046 αὗτὸ
720 2012 771 2056 ὐφ’
793 2013 916 2048 αὐτοῦ.
943 2014 1068 2045 Καίτοι
1088 2010 1220 2044 τούτων
1239 2022 1348 2048 ουτως

353 2060 501 2106 ἑχόντων
528 2053 624 2091 οὐδὲν
649 2056 688 2090 ἂν
705 2058 755 2095 εἴη
774 2058 854 2092 οὔτε
874 2056 1044 2102 ἄφθαρτον
1066 2055 1146 2089 οὕτε
1173 2052 1347 2095 άκίνητον,

354 2108 445 2146 εἴπερ
468 2105 508 2136 τὸ
527 2102 641 2146 ὅμοιον
661 2101 682 2144 ᾗ
701 2100 815 2145 ὅμοιον
842 2100 1034 2139 ποιητικόν.
1061 2098 1151 2133 Αὐτὸ
1171 2100 1234 2145 γάρ
1261 2099 1348 2132 αύτὸ

352 2147 482 2186 κινήσει
507 2148 588 2187 πόἱν,
607 2145 649 2178 τό
667 2158 705 2179 τε
731 2147 907 2184 παντελῶς
934 2144 1048 2189 ἕτερον
1072 2146 1130 2176 καὶ
1149 2147 1192 2176 το“
1208 2142 1349 2187 μηθαμῇ

353 2193 484 2226 ταύτὸν
509 2190 688 2228 ὡσαύτως.
713 2185 817 2223 Οὐδὲν
833 2193 898 2237 γάρ
916 2189 955 2222 civ
975 2187 1078 2222 πάθοι
1099 2186 1265 2225 λευκότης
1284 2186 1350 2221 aza-6

353 2237 510 2285 γραμμῆς
528 2235 548 2272 ἦ
589 2235 707 2288 ραμμῆ
732 2235 798 2267 ύπὸ
823 2233 1046 2275 λευκότητος,
1066 2233 1155 2269 πλην
1174 2233 1203 2264 εἱ
1219 2231 1267 2276 μή
1285 2242 1349 2264 που

354 2281 450 2314 κατά
464 2280 568 2325 συμβε
594 2290 686 2320 ηκος,
706 2279 774 2311 οἷον
799 2279 828 2311 εὶ
844 2278 1034 2322 συμβέβηκε
1052 2276 1175 2313 λευκήν
1194 2274 1215 2314 ἦ
1259 2275 1366 2308 ἐλαι-Ἴ

354 2337 414 2357 ναν
440 2322 526 2357 εἶναι
559 2323 623 2361 τήν
648 2323 828 2369 γραμμήν·
855 2323 916 2357 οὗκ
946 2321 1099 2363 ἐξίστησι
1122 2320 1187 2367 γάρ
1240 2321 1351 2358 λληλα

355 2370 418 2407 τῆς
434 2370 561 2413 φύσεως
579 2367 644 2400 ὅσα
660 2366 740 2412 μήτ’
758 2365 901 2400 ἐναντία
916 2366 994 2410 μήτ’
1011 2365 1047 2407 ἐξ
1063 2366 1226 2398 ἐναντίων
1244 2365 1349 2398 ἐστίν.

283 2414 373 2446 Ἀλλ’
396 2414 470 2446 ἐπεὶ
489 2413 527 2446 ού
546 2413 588 2445 τὸ
605 2411 708 2468 τυχὸν
735 2411 860 2455 πέφυκε
886 2411 1032 2457 πάσχειν
1057 2411 1114 2442 καὶ
1133 2413 1254 2451 ποιεῖν,
1275 2406 1348 2442 ἀλλ’

356 2457 421 2491 ὅσα
437 2456 458 2494 ἦ
476 2455 618 2490 ἐναντία
643 2458 734 2489 εστὶν
758 2454 780 2493 ἦ
803 2457 999 2488 ἐναντίωσιν
1026 2454 1110 2500 ἔχει,
1137 2453 1270 2500 ἀνάγκη
1294 2455 1353 2486 καὶ

357 2502 398 2534 τὸ
424 2502 542 2534 ποιοῦν
566 2502 624 2533 καὶ
649 2500 691 2532 τὸ
717 2499 849 2546 πάσχον
877 2501 924 2541 τῷ
947 2499 1038 2546 γένει
1055 2497 1114 2542 μὲν
1134 2496 1248 2542 ὅμοιον
1267 2494 1353 2530 εἶναι

356 2548 414 2578 καὶ
439 2544 565 2586 ταύτό,
592 2545 640 2586 τῷ
665 2539 695 2575 δ’
724 2540 805 2576 εἴδει
831 2543 988 2588 ἀνόμοιον
1012 2545 1071 2575 καὶ
1097 2542 1268 2574 ἐναντίον·
1296 2540 1354 2574 πί·

357 2601 436 2634 ‘pune
460 2590 523 2635 γάρ
549 2589 647 2632 σῶμα
670 2588 729 2632 μὲν
756 2588 822 2621 ὐπὸ
842 2587 1014 2632 σώματος,
1033 2585 1139 2631 χυμὸς
1155 2581 1183 2617 δ’
1205 2587 1273 2619 ύπὸ
1296 2598 1355 2631 χυ-

359 2635 437 2678 μοῦ,
463 2634 582 2678 χρῶμα
606 2627 634 2664 δ’
662 2631 729 2665 ύπὸ
753 2633 934 2677 χρώματος
960 2631 1119 2677 πάσχειν,
1140 2627 1224 2668 ὅλως
1248 2625 1285 2662 δέ
1313 2629 1354 2662 τὸ

360 2678 517 2724 ὁμογενὲς
542 2677 607 2710 ύπὸ
633 2677 694 2709 τοῦ
722 2676 918 2723 ὁμογενοῦς.

292 2722 424 2755 Τούτου
448 2717 478 2753 δ’
507 2722 618 2754 αἱτιον
645 2719 699 2752 ὁτι
724 2722 897 2754 τάναντία
915 2720 947 2752 ὲν
974 2719 1094 2760 ταύτῷ
1109 2717 1200 2765 γένει
1221 2718 1351 2751 πάντα.

358 2768 450 2799 Ποιεῖ
473 2760 510 2798 δὲ
533 2767 591 2797 καὶ
617 2763 688 2797 πάσ
716 2777 744 2797 ει
776 2765 947 2798 τάναντία
973 2764 1027 2797 ὑπ’
1058 2761 1227 2799 ἀλλήλων.
1255 2762 1350 2795 “Ωστ’

361 2809 492 2856 ἀνάγκη
519 2810 589 2847 πῶς
607 2808 664 2853 μὲν
690 2776 777 2841 {tvai
801 2808 920 2842 ταύτοὶ
943 2807 985 2840 τό
1010 2820 1050 2840 τε
1082 2807 1200 2839 ποιοῦν
1230 2809 1288 2839 καὶ
1314 2806 1355 2839 τὸ

360 2854 513 2900 πάσχον,
538 2854 608 2891 πῶς
633 2848 660 2885 δ’
690 2852 792 2897 ἕτερα
816 2855 873 2885 καὶ
900 2852 1045 2897 ἀνόμοια
1063 2850 1236 2889 ἀλλήλοις.
1257 2848 1354 2883 Ἐπεὶ

360 2894 397 2930 δὲ
413 2901 470 2931 καὶ
496 2897 537 2930 τὸ
556 2897 690 2943 πάσχον
714 2899 772 2930 καὶ
790 2897 832 2929 τὸ
850 2897 968 2929 ποιοῦν
987 2897 1035 2939 τῷ
1052 2896 1111 2941 μὲν
1127 2895 1217 2952 γένει
1235 2895 1356 2929 ταύτά

359 2945 417 2974 καὶ
432 2941 533 2987 ὅμοια
551 2942 599 2984 τῷ
613 2937 642 2973 δ’
664 2936 745 2974 εἴδει
764 2941 922 2986 ἀνόμοια,
941 2941 1094 2974 τοιαῦτα
1107 2935 1143 2972 δε
1161 2937 1352 2981 τάναντία,

360 2987 500 3030 φανερὸν
518 2985 573 3018 ὅτι
590 2985 767 3023 παθητικά
782 2989 840 3018 καὶ
859 2985 1027 3023 ποιητικαὶ
1044 2983 1200 3021 ἀλλήλων
1219 2984 1291 3016 ἐστὶ
1309 2984 1357 3016 τά

362 3030 392 3062 τ’
413 3029 558 3063 ἐναντία
573 3033 631 3062 καὶ
662 3030 709 3062 τά
732 3029 883 3074 μεταξύ·
908 3031 966 3061 καὶ
986 3029 1049 3076 γάρ
1069 3028 1152 3067 ὅλως
1169 3027 1275 3072 φθορά
1298 3031 1355 3060 καὶ

386 3074 488 3113 ε’νεσις
513 3075 546 3107 ὲν
572 3074 720 3112 τούτοις.
754 3074 812 3107 Διὸ
835 3076 892 3106 καὶ
918 3073 1058 3120 εὔλογον
1083 3068 1148 3111 η”δη
1167 3072 1209 3106 τό
1227 3084 1266 3104 τε
1291 3073 1355 3117 πῦρ

360 3087 546 3163 θερμαίνειν
570 3121 628 3150 καὶ
654 3118 695 3152 τὸ
718 3117 841 3163 ψυχρὸν
865 3117 996 3164 ψύχειν,
1014 3120 1072 3150 καὶ
1098 3116 1182 3156 ὅλως
1199 3116 1242 3150 τὸ
1259 3127 1356 3154 ποιη·

362 3164 456 3196 τικὸν
483 3163 619 3208 ὁμοιοῦν
645 3163 757 3204 ἑαυτῷ
782 3162 823 3196 τὸ
849 3163 1003 3208 πάσχον·
1029 3161 1071 3195 τό
1097 3174 1136 3194 τε
1155 3162 1220 3209 γοίρ
1238 3161 1356 3194 ποιοῦν

361 3210 418 3239 καὶ
444 3208 486 3239 τὸ
511 3206 644 3251 πάσχον
671 3207 812 3240 ἐναντία
830 3207 918 3249 ἐστί,
935 3208 993 3239 καὶ
1018 3207 1040 3244 ἣ
1064 3205 1193 3253 γένεσις
1213 3205 1259 3243 εἱς
1279 3205 1359 3238 τού-

362 3253 510 3283 ναντίον.
537 3250 632 3283 Ὦστ·
654 3249 720 3284 ἀνά
745 3263 785 3288 κη
811 3253 854 3284 τὸ
878 3250 1011 3297 πάσχον
1029 3251 1075 3288 εἱς
1100 3251 1140 3284 τὸ
1159 3249 1277 3284 ποιοῦν
1301 3261 1357 3294 με·

363 3294 565 3335 ταβάλλειν·
585 3294 675 3328 οὕτω
691 3308 712 3341 γ
740 3307 755 3339 ρ
775 3295 874 3328 ἔσται
891 3296 936 3334 εἰς
954 3295 1156 3328 τούναντίον
1175 3295 1197 3332 ἢ
1213 3293 1353 3341 γένεσις.

298 3338 361 3369 Καὶ
386 3338 481 3371 κατά
501 3339 602 3384 λόγον
626 3334 670 3376 δή
696 3338 738 3392 *fid
755 3339 938 3394 privativa
953 3339 1121 3386 λέγοντας
1147 3336 1356 3392 ἀμφοτέρους

365 3381 452 3425 ὅμως
479 3382 647 3415 ἅπτεσθαι
677 3395 739 3421 της
764 3395 901 3428 φυσεως.
939 3383 1090 3430 Λέγομεν
1114 3383 1178 3430 γάρ
1212 3394 1282 3415 πασ
1310 3394 1356 3415 ειν

366 3426 424 3458 ὁτὲ
449 3426 507 3470 μὲν
533 3427 574 3458 τὸ
600 3428 717 3459 ύποκεί
747 3439 832 3469 ενον,
853 3428 919 3460 οἷον
939 3426 1138 3474 ὑγιάζεσθαι
1157 3427 1215 3460 τὸν
1236 3427 1274 3459 ἄν
1298 3439 1357 3472 ρω-

366 3480 428 3501 πον
456 3473 514 3502 καὶ
539 3439 773 3515 θερμαίνεσθαι
801 3475 858 3504 καὶ
884 3470 1048 3518 ψύχεσθαι
1071 3474 1129 3504 καὶ
1155 3470 1271 3506 τᾶλλα
1295 3470 1356 3504 τόν

367 3513 472 3546 αὐτόν
498 3513 636 3556 τρόπον,
665 3516 722 3547 ὁτὲ
747 3511 784 3547 δὲ
808 3514 1042 3560 θερμαίνεσθαι
1093 3517 1125 3548 ὲν
1152 3519 1193 3550 τὸ
1218 3515 1354 3561 ψυχρόν,

366 3556 561 3604 ύγιάζεσθαι
578 3553 614 3590 δὲ
633 3560 674 3591 τὸ
697 3558 840 3602 κάμνον·
869 3560 1045 3604 ἀμφύτερα
1065 3528 1095 3594 ς’
1117 3561 1207 3593 ἐστὶν
1231 3559 1354 3598 ἀληθῆ.

365 3603 427 3633 Τόν
458 3602 566 3634 αύτὸν
592 3596 629 3634 δὲ
655 3602 779 3646 τρόπον
813 3606 870 3635 καὶ
902 3604 958 3636 ἐπὶ
984 3605 1046 3636 τοῦ
1073 3605 1268 3642 ποιοῦντος·
1297 3605 1356 3636 ὁτὲ

284 915 357 956 Περὶ
375 906 410 942 δέ
429 910 490 941 τοῦ
509 911 615 940 ποιεῖν
634 909 690 938 καὶ
709 905 854 950 πάσχειν
870 905 1010 938 λεκτέον
1028 904 1160 950 ἑφεξῆς.
1184 903 1348 949 Παρειλῆ·
1400 907 1418 926 *
1440 908 1489 938 De
1512 906 1612 937 facere
1635 913 1666 937 et
1683 906 1750 947 pati
1773 906 1944 938 dicendum
1967 907 2125 948 deinceps.
2154 907 2359 949 Suscepimus
2381 908 2469 940 enim
2495 917 2508 929 ⁸
2566 932 2575 940 .

1468 961 1486 981 a
1508 950 1667 991 prioribus
1691 951 1925 982 subcontrarios
1947 951 2030 982 inter
2043 961 2077 982 se
2091 961 2264 983 sermones.
2288 952 2382 983 Multi
2397 952 2469 994 qui-

1468 995 1542 1025 dem
1558 995 1644 1025 enim
1659 995 1721 1025 hoc
1737 994 1935 1026 concorditer
1950 995 2071 1035 dicunt,
2082 998 2171 1037 quod
2185 997 2289 1028 simile
2303 997 2436 1038 quidem
2451 1007 2470 1028 a

1468 1039 1563 1069 simili
1579 1048 1676 1069 omne
1695 1038 1889 1079 impassibile
1905 1045 1968 1078 est,
1991 1047 2160 1081 propterea
2179 1041 2269 1081 quod
2283 1050 2351 1071 non
2368 1041 2470 1082 magis

1466 1082 1606 1114 activum
1627 1089 1683 1114 aut
1705 1082 1868 1123 passivum
1891 1089 1938 1114 est
1960 1083 2095 1115 alterum
2110 1085 2208 1115 altero
2226 1083 2470 1127 (omnia-enim

1467 1127 1611 1158 similiter
1639 1127 1748 1158 insunt
1775 1127 1887 1158 eadem
1916 1126 2099 1171 similibus),
2123 1128 2286 1160 dissimilia
2307 1135 2418 1161 autem
2439 1135 2471 1162 et

1468 1171 1640 1203 differentia
1663 1171 1763 1202 facere
1778 1178 1808 1202 et
1823 1171 1889 1212 pati
1912 1171 2090 1203 adinvicem
2112 1179 2187 1204 sunt
2200 1173 2318 1205 innata.
2341 1173 2471 1205 Etenim

1468 1216 1598 1257 quando
1614 1216 1720 1246 minor
1735 1215 1816 1257 ignis
1834 1226 1853 1246 a
1868 1216 1982 1247 maiori
1998 1217 2228 1258 corrumpitur,
2249 1224 2380 1258 propter
2393 1227 2470 1250 con—

1467 1261 1658 1292 trarietatem
1679 1260 1742 1291 hoc
1768 1260 1920 1301 inquiunt
1948 1260 2032 1300 pati:
2063 1261 2257 1292 contrarium
2285 1262 2373 1293 enim
2402 1271 2470 1295 esee

1468 1305 1609 1336 multum
1631 1314 1746 1346 pauco.

1400 1393 1418 1413 *
1433 1393 1635 1424 Democritus
1655 1399 1763 1424 autem
1786 1392 1867 1424 ultra
1883 1392 1962 1424 alios
1981 1393 2178 1434 singulariter
2197 1394 2274 1426 dixit
2295 1394 2395 1426 solus.
2419 1394 2470 1427 111⁴
2497 1401 2509 1414 ·

1468 1438 1538 1479 quit
1554 1437 1647 1468 enim
1669 1437 1755 1468 idern
1778 1444 1810 1468 et
1831 1437 1934 1467 simile
1957 1447 2025 1468 esse
2046 1437 2164 1469 faciens
2187 1444 2218 1469 et
2231 1438 2471 1481 patienssqnia

1469 1482 1564 1513 altera
1587 1489 1618 1512 et
1634 1481 1807 1512 differentia
1826 1491 1893 1512 non
1908 1481 2063 1521 contingit
2076 1482 2141 1522 pati
2155 1482 2351 1522 abinvicem
2371 1484 2429 1515 aad
2443 1483 2471 1515 si

1469 1526 1564 1558 altera
1587 1526 1748 1557 existentia
1771 1525 1892 1557 faciunt
1913 1525 2036 1566 aliquid
2057 1526 2245 1566 adinvicem,
2268 1537 2336 1559 non
2350 1537 2472 1560 vseeun-

1469 1571 1548 1601 dum
1559 1571 1649 1611 quod
1664 1570 1771 1609 altera,
1784 1570 1839 1601 sed
1850 1570 2028 1601 secundum
2041 1571 2132 1611 quod
2146 1570 2232 1602 idem
2248 1571 2370 1613 aliquid
2378 1578 2470 1612 ¹tunt,-

1469 1615 1514 1646 sic
1536 1615 1598 1646 hoc
1621 1614 1761 1646 accidere
1785 1614 1839 1645 eis.
1871 1614 1963 1652 Quae
1985 1614 2135 1646 dicuntur
2157 1615 2254 1656 igitur
2282 1615 2361 1648 haec
2383 1623 2469 1648 eunt.

1402 1704 1419 1723 *
1434 1704 1590 1735 Videntur
1612 1709 1720 1734 autem
1742 1702 1806 1734 hoc
1827 1702 1928 1733 modo
1953 1702 2092 1734 dicentes
2106 1704 2344 1736 subcontrarius
2366 1704 2471 1737 dieue
2498 1711 2509 1722 ·

1469 1757 1640 1779 sermones.
1665 1746 1771 1778 Causa
1793 1753 1901 1777 autem
1924 1746 2180 1779 contradictionis
2203 1755 2250 1780 est
2271 1749 2377 1790 quod‚‘
2395 1758 2471 1781 cum

1469 1799 1575 1824 totum
1597 1791 1770 1832 inspexisse
1801 1791 2002 1829 debuissent,
2029 1798 2153 1832 partem
2181 1798 2308 1824 tantum
2329 1793 2471 1835 nuquam

1469 1837 1596 1878 utrique
1623 1835 1782 1866 dixerunt:
1805 1835 1908 1866 simile
1931 1835 2019 1866 enim
2041 1842 2072 1867 et
2103 1835 2307 1868 omnifariam
2335 1837 2471 1873 omnino

1469 1880 1648 1912 indifferens
1668 1879 1854 1911 rationabile
1877 1885 1924 1911 est
1946 1889 2013 1910 non
2035 1879 2102 1920 pati
2120 1890 2140 1911 a
2154 1880 2250 1911 simili
2272 1880 2371 1921 annin
2390 1881 2472 1924 vad

1471 1925 1556 1957 enim
1580 1924 1680 1965 magis
1696 1924 1830 1956 alterum
1844 1923 1902 1955 erit
1916 1923 2057 1957 activum
2071 1933 2173 1965 quam
2190 1922 2344 1957 alterum?
2360 1925 2430 1958 *Sed
2442 1925 2472 1958 ai

1470 1980 1489 2001 a
1503 1969 1599 2001 simili
1614 1968 1733 2010 aliquid
1748 1968 1813 2009 pati
1827 1967 1989 2009 possibile,
2008 1974 2039 2000 et
2057 1968 2166 2009 ipsum
2180 1979 2199 2000 a
2213 1969 2330 2010 seipso.
2349 1969 2472 2008 Quam·

1470 2014 1518 2045 vis
1532 2013 1581 2044 his
1597 2013 1640 2044 ita
1655 2023 1688 2044 se
1702 2012 1891 2043 habentibus
1906 2012 1985 2043 nihil
1999 2012 2111 2054 utique
2133 2012 2192 2044 erit
2204 2023 2263 2045 nec
2281 2013 2472 2056 incorrupti·

1470 2058 1533 2090 bile
1552 2067 1656 2099 neque
1671 2056 1857 2096 immobile,
1881 2056 1907 2088 si
1930 2056 2032 2088 simile
2054 2057 2232 2095 secundum
2255 2058 2346 2100 quod
2367 2058 2472 2091 simile

1472 2102 1621 2134 activum.
1635 2102 1744 2142 Ipsum
1761 2101 1847 2132 enim
1862 2101 2003 2142 seipsum
2015 2101 2157 2133 movebit
2172 2101 2311 2141 omne,*
2321 2109 2355 2134 et
2366 2102 2471 2135 omni·
2509 2123 2524 2129 ⁴·

1471 2147 1583 2178 fariam
1597 2146 1732 2178 alterum
1747 2152 1779 2176 et
1793 2145 1974 2177 nullatenus
1987 2145 2074 2177 idem
2089 2145 2242 2178 similiter.
2257 2143 2482 2189 Neque-enin

1471 2191 1609 2232 patietur
1626 2190 1740 2222 albedo
1763 2200 1783 2221 a
1803 2190 1887 2221 linea
1909 2196 1965 2221 aut
1985 2190 2070 2221 linea
2096 2191 2136 2222 ab
2161 2190 2317 2230 albedine,
2331 2197 2474 2232 praem·-

1471 2245 1570 2277 quam
1592 2234 1770 2266 secundum
1799 2234 1962 2273 accidens,
1985 2241 2067 2275 puta
2089 2234 2116 2266 si
2137 2234 2258 2267 accidat
2279 2234 2473 2269 ahmein

1472 2280 1595 2320 nigram
1611 2289 1678 2310 esse
1700 2278 1835 2310 lineam:
1860 2288 1927 2310 non
1950 2278 2086 2311 exterius
2100 2279 2187 2310 enim
2209 2279 2313 2321 seipsa
2327 2289 2347 2311 a
2361 2285 2474 2312 natum

1473 2324 1604 2362 faciunt,
1619 2332 1843 2365 quaecumque
1865 2332 1969 2364 neque
1993 2323 2149 2355 conuaria
2170 2333 2276 2365 neque
2297 2333 2336 2356 ex
2349 2330 2473 2357 eoma-

1471 2369 1526 2399 riis
1549 2374 1633 2399 sunt.

1406 2412 1424 2432 *
1437 2412 1499 2444 Sed
1516 2412 1671 2454 quoniam
1686 2421 1754 2442 non
1772 2411 2002 2453 quodcumque
2022 2418 2135 2443 natum
2150 2418 2197 2443 est
2218 2411 2286 2452 pati
2307 2418 2340 2444 et
2360 2393 2474 2452 facere,
2501 2419 2511 2429 ·

1473 2457 1529 2488 sed
1551 2465 1774 2497 quaecumque
1796 2461 1852 2487 aut
1874 2455 2029 2487 contraria
2051 2462 2127 2487 sunt
2148 2462 2204 2487 aut
2221 2455 2474 2488 conmrimaem

1474 2501 1610 2539 habent,
1639 2509 1765 2531 necesse
1791 2505 1822 2531 et
1853 2499 1975 2540 patiens
2002 2506 2034 2531 et
2056 2499 2173 2531 faciens
2199 2509 2315 2540 genere
2342 2499 2475 2542 quidem

1474 2544 1577 2576 simile
1600 2554 1668 2575 esse
1690 2550 1722 2575 et
1743 2543 1841 2582 idem,
1864 2543 1969 2584 specie
1990 2550 2100 2575 autem
2122 2543 2274 2575 dissimile
2296 2550 2329 2576 et
2350 2550 2474 2577 contn-

1474 2589 1578 2621 rium:
1602 2595 1713 2619 natum
1730 2594 1776 2619 est
1790 2587 1877 2619 enim
1895 2597 2012 2628 corpus
2027 2598 2046 2619 a
2061 2597 2206 2630 corpore,
2221 2598 2317 2629 sapor
2331 2594 2440 2621 aunem
2454 2598 2474 2620 a
2502 2610 2539 2627 „a

1474 2643 1598 2674 sapore,
1622 2632 1710 2663 color
1733 2639 1841 2663 autem
1864 2641 1882 2662 a
1905 2631 2013 2663 colore
2035 2632 2112 2673 pati,
2128 2632 2344 2664 universaliter
2364 2638 2474 2665 auten

1475 2678 1715 2717 homogeneum
1738 2676 1776 2707 ab
1799 2676 2014 2716 homogeneo.

1407 2722 1425 2742 *
1440 2722 1546 2753 Huius
1569 2728 1677 2752 autem
1695 2730 1790 2752 causa
1811 2720 1967 2762 quoniam
1990 2720 2146 2752 contraria
2167 2720 2201 2751 in
2223 2721 2475 2762 eodm⁴W
2499 2730 2512 2744 ⁸

1476 2765 1601 2804 omnia;
1624 2765 1744 2796 faciunt
1767 2771 1874 2796 autem
1889 2771 1920 2796 et
1935 2764 2100 2806 patiuntur
2117 2764 2272 2797 contraria
2286 2764 2474 2798 abinvicem.

1476 2811 1679 2851 Quapropter
1697 2819 1822 2840 necesse
1838 2815 1885 2840 est
1907 2809 2041 2851 qualiter
2055 2809 2187 2851 quidem
2210 2819 2278 2840 esse
2295 2809 2408 2842 eadem
2427 2808 2475 2842 fi·

1477 2855 1561 2886 ciens
1577 2861 1608 2885 et
1622 2853 1755 2894 patiens,
1770 2853 1905 2894 qualiter
1926 2860 2035 2885 autem
2057 2853 2154 2886 altera
2176 2859 2208 2885 et
2229 2853 2401 2886 dissimilia
2421 2853 2475 2886 ab·

1474 2899 1620 2930 invicem.
1645 2897 1808 2936 Quoniam
1827 2905 1934 2929 autem
1949 2897 2066 2929 faciens
2079 2904 2111 2929 et
2132 2897 2254 2939 patiens
2269 2907 2383 2938 genere
2403 2897 2475 2940 qui·

1476 2945 1550 2974 dem
1565 2943 1677 2974 eadem
1694 2949 1724 2973 et
1737 2941 1852 2973 similia
1867 2949 1952 2982 sunt,
1968 2941 2071 2983 specie
2087 2948 2194 2974 autem
2210 2941 2386 2982 dissimilia,
2401 2940 2476 2975 nli·

1476 2994 1583 3019 autem
1600 2986 1765 3026 contraria,
1781 2985 1986 3018 manifestum
2009 2986 2165 3028 quoniam
2187 2985 2312 3027 passiva
2329 2992 2362 3018 et
2374 2985 2476 3020 nain

1476 3031 1535 3063 sibi
1558 3031 1693 3063 invicem
1709 3037 1783 3062 sunt
1806 3030 1961 3062 contraria
1983 3037 2014 3062 et
2036 3030 2157 3062 media:
2175 3029 2294 3062 etenim
2363 3029 2371 3037 ”

1475 3076 1545 3107 liter
1574 3075 1733 3116 generatio
1756 3082 1787 3106 et
1810 3074 1972 3116 corruptio
1994 3074 2028 3106 in
2048 3074 2108 3107 his.
2131 3074 2173 3106 Et
2194 3073 2268 3109 ideo
2289 3073 2371 3106 ratio

1475 3120 1540 3151 iam
1562 3120 1669 3160 ignem
1691 3119 1859 3151 calefacere
1874 3125 1906 3151 et
1921 3118 2072 3160 frigidum
2092 3118 2284 3160 infrigidare,
2298 3125 2330 3150 et
2351 3117 2476 3151 univo-
2533 3143 2539 3150 .

1476 3164 1580 3195 saliter
1595 3163 1711 3195 faciens
1735 3163 1905 3195 assimilare
1920 3163 1980 3195 sibi
2001 3163 2063 3204 ipsi
2087 3163 2227 3204 patiens;
2249 3161 2366 3195 faeiem
2388 3161 2476 3198 enin

1477 3215 1508 3240 et
1530 3208 1652 3249 patiens
1676 3207 1829 3240 contraria
1857 3214 1933 3239 sunt
1954 3215 1986 3240 et
2013 3207 2173 3248 generatio
2205 3207 2239 3239 in
2269 3206 2475 3241 contrarium.

1476 3253 1679 3293 Quapropter
1695 3261 1821 3284 necesse
1844 3259 1891 3283 est
1913 3251 2035 3294 patiens
2059 3251 2092 3283 in
2115 3251 2233 3283 faciens
2255 3249 2474 3284 uansmunfiz

1477 3297 1521 3328 sic
1544 3296 1630 3328 enim
1652 3296 1685 3327 in
1709 3296 1904 3328 contrarium
1925 3295 2086 3337 generatio
2109 3296 2177 3328 erit.
2417 3320 2431 3326 ,.
2451 3316 2457 3326 «

1410 3339 1425 3356 *
1440 3341 1481 3372 Et
1504 3341 1680 3372 secundum
1703 3341 1858 3372 rationem
1881 3347 1988 3372 autem
2011 3350 2077 3372 non
2101 3340 2214 3372 eadem
2235 3339 2390 3379 dicentes,
2408 3346 2476 3375 nm.-
2501 3347 2514 3361 ⁸

1477 3386 1536 3416 bos
1564 3391 1671 3415 tamen
1701 3391 1747 3416 est
1777 3391 1903 3425 tangere
1933 3391 2089 3416 naturam.
2121 3383 2265 3415 Dicimus
2297 3382 2384 3414 enim
2410 3378 2476 3424 pati

1477 3429 1671 3470 quandoque
1694 3429 1883 3467 subiectum,
1906 3429 1991 3460 verbi
2015 3428 2114 3469 gratia
2135 3427 2237 3459 sanari
2256 3427 2423 3459 hominem
2445 3431 2477 3458 et

1444 3494 1446 3497 v
1478 3472 1611 3504 calefieri
1635 3479 1665 3504 et
1681 3472 1852 3513 infrigidari
1871 3479 1902 3504 et
1926 3473 1986 3504 alia
2010 3473 2124 3504 eodem
2146 3472 2258 3510 modo,
2281 3471 2476 3513 quandoque

1478 3524 1586 3548 autem
1608 3516 1742 3548 calefieri
1758 3516 1920 3557 frigidum,
1937 3516 2038 3547 sanari
2061 3523 2168 3548 autern
2191 3516 2356 3547 laborans:
2379 3514 2475 3546 ambo

1479 3568 1587 3592 autem
1610 3568 1684 3592 sunt
1706 3570 1789 3592 vera.
1814 3561 1939 3592 Eodem
1961 3560 2060 3591 modo
2085 3567 2116 3592 et
2139 3560 2177 3591 de
2201 3559 2352 3598 faciente3
2375 3567 2476 3602 quan·

1479 3605 1586 3646 doque
1609 3605 1696 3636 enim
1719 3604 1884 3636 hominem
1899 3604 2064 3646 inquimus
2087 3603 2265 3642 calefacere,
2281 3603 2476 3649 quandoque
