2782 4134
0 1498 15 1697 ”wwnvtm-Qv
0 1486 2 1493 ’
0 1464 10 1479 ’.-
0 1433 6 1458 ·“-
0 1413 6 1422 ’-

1000 235 1111 272 CAP.
1142 236 1247 282 XIV,
1278 237 1431 274 LECT.
1460 238 1566 275 XVII
2296 245 2366 281 381

251 306 432 344 λικαότης.
470 309 580 341 Τοῦτο
606 304 633 340 δ’
663 309 749 347 εἰκὸς
777 309 866 342 οὕτω
892 310 1104 354 συμβαίνειν·
1132 313 1160 342 οἱ
1185 310 1250 356 γάρ

250 348 405 382 κάτωθεν
423 351 526 384 τόποι
544 353 610 385 τῶν
634 353 756 385 ἄνωθεν
783 353 920 398 ὕστερον
939 353 1144 395 ᾠκίσθησαν·
1172 355 1254 386 ἐλώ-

251 389 317 433 δεις
342 396 407 441 γάρ
434 397 489 428 ἐπὶ
515 398 619 429 πλείω
644 397 763 443 χρόνον
791 396 978 444 ἀναγκαῖον
998 396 1083 431 εἶναι
1101 399 1180 436 τούς
1199 400 1252 445 ἑγ-

251 438 394 484 γύτερον
419 441 484 478 τῆς
517 443 739 487 προσχώσεως
769 437 829 474 διά
858 442 899 475 τὸ
922 443 1094 486 λιμνάζειν
1121 444 1154 475 ἐν
1180 448 1250 480 τοῖς

250 484 414 530 ἐσχάτοις
440 486 491 516 ἀεὶ
514 487 657 529 μᾶλλον.
683 486 907 526 Μεταβάλλει
924 483 962 518 δὲ
980 489 1087 519 τοῦτο
1111 489 1170 519 καὶ
1188 487 1253 519 πά-

248 532 300 562 λιν
326 526 468 560 εὐθενεῖ·
495 529 730 574 ξηραινόμενοι
753 531 819 576 γάρ
846 533 875 562 οἰ
901 531 1004 563 τόποι
1029 531 1189 576 ἔρχονται
1207 533 1252 569 εἰς

250 574 292 608 τό
323 574 436 611 καλῶς
469 573 579 618 ἔχειν,
613 577 643 606 οἱ
668 571 706 606 δὲ
735 575 897 619 πρότερον
929 576 1079 620 εὐκραεῖς
1112 574 1252 620 ύπερξη-

250 617 442 663 ραινόμενοι
467 619 551 650 τότε
576 621 731 665 γίνονται
759 621 903 664 χείρους.
932 618 1035 663 ’Όπερ
1060 619 1250 662 συμβέβηκε

250 664 314 700 τῆς
335 657 499 700 Ἑλλάδος
523 665 580 694 καὶ
606 665 680 708 περὶ
705 663 769 700 τήν
790 662 947 709 Ἀργείων
971 667 1029 695 καὶ
1049 665 1250 701 Μυκηναίων

248 706 381 754 χώραν·
409 706 464 739 ἐπὶ
517 708 550 739 ἐν
567 708 632 754 γάρ
659 709 726 739 τῶν
745 709 895 751 Τρωϊκῶν
914 709 935 746 ἡ
952 708 1012 751 μέν
1033 708 1169 754 Ἀργεία
1193 703 1252 740 διοὶ

251 752 293 784 τὸ
318 746 445 788 ἑλώδης
470 763 556 784 ειναι
581 752 712 798 ὀλίγους
739 749 887 786 ἑδόνατο
912 753 1057 797 τρέφειν,
1076 754 1096 789 ἡ
1122 748 1160 785 δὲ
1184 753 1251 784 Μυ-

249 798 376 834 κηναία
406 798 517 834 καλῶς
548 793 637 842 εἶχεν
669 792 743 839 (διὸ
775 797 979 841 ἐντιμοτέρα
1011 795 1094 839 ἦν),
1126 798 1182 829 νῦν
1213 793 1251 830 δὲ

250 841 453 873 τούναντίον
484 837 544 874 διά
574 841 638 878 την
671 841 845 895 εἰρημένην
882 843 1016 876 αἰτίαν·
1048 842 1069 879 ἦ
1094 842 1153 886 μὲν
1211 842 1249 887 οὶρ

250 883 338 932 ἀργή
362 884 481 940 γέγονε
505 886 564 917 καὶ
589 885 675 930 ξηρά
700 898 861 930 παμπαν,
881 888 944 925 τῆς
965 882 1003 918 δὲ
1022 886 1070 919 τά
1086 886 1170 919 τότε
1185 853 1252 922 διά

249 930 291 962 τὸ
314 931 487 974 λιμναζειν
510 928 601 976 ἀργά
620 931 676 962 νῦν
701 932 853 977 χρήσιμα
870 931 1020 978 γέγονεν.
1048 930 1174 977 Ὥσπερ
1194 930 1249 966 οὖν

248 972 304 1006 ἐπὶ
337 974 465 1008 τούτου
494 976 559 1008 τοῦ
590 974 701 1008 τόπου
733 976 943 1020 συμβέβηκεν
977 976 1074 1013 ὄντος
1109 980 1248 1020 μικροῦ,

248 1017 362 1051 ταύτὸ
387 1015 440 1051 δεῖ
462 1021 605 1064 νομίζειν
628 1021 735 1052 τοῦτο
756 1021 949 1065 συμβαίνειν
973 1022 1032 1052 καὶ
1054 1023 1127 1064 περὶ
1144 1022 1249 1069 μεγά-

246 1063 323 1100 λους
349 1063 476 1102 τόπους
502 1067 560 1097 καὶ
583 1063 695 1110 χώρας
721 1063 814 1102 ὅλας.

178 1108 218 1139 Οἱ
242 1107 301 1152 μὲν
329 1105 385 1140 οὖν
418 1108 604 1150 βλέποντες
637 1110 692 1141 ἐπὶ
725 1109 839 1154 μικρὸν
873 1109 990 1142 αἰτίαν
1024 1109 1156 1140 οἴονται
1181 1110 1248 1141 τῶν

247 1151 416 1186 τοιούτων
434 1150 521 1185 εἶναι
539 1153 754 1198 παθημάτων
775 1153 838 1190 τήν
856 1154 919 1185 τοῦ
939 1152 1018 1185 ὅλου
1035 1153 1247 1196 μετα-βολήν,

207 1221 218 1223 -
247 1197 291 1234 ὥς
313 1196 490 1242 γινομένου
523 1200 587 1230 τοῦ
620 1199 782 1242 οὐρανοῦ·
809 1193 862 1229 διὸ
886 1199 944 1229 καὶ
970 1197 1034 1234 τη“ν
1066 1195 1248 1230 θάλατταν

247 1239 386 1274 ἐλάττω
411 1241 562 1288 γίνεσθαί
583 1253 682 1286 φασιν
701 1244 744 1281 ὠς
765 1241 1020 1287 ξηραινομένην,
1042 1240 1096 1273 ὅτι
1114 1243 1248 1280 πλείους

247 1287 428 1329 φαίνονται
454 1286 558 1319 τόποι
582 1289 689 1320 τοῦτο
715 1285 924 1324 πεπονθότες
942 1287 998 1317 νῦν
1025 1284 1046 1322 ἦ
1072 1286 1246 1331 πρότερον.

239 1329 339 1362 Ἔστι
364 1325 402 1363 δὲ
427 1331 561 1364 τούτων
587 1332 629 1365 τό
654 1332 713 1376 μέν
730 1330 874 1373 εάληθές,
901 1331 943 1362 τὸ
967 1327 996 1362 δ’
1023 1330 1082 1361 οὐκ
1109 1329 1248 1368 ἀληθές·

248 1376 383 1413 πλείους
408 1375 467 1420 μὲν
491 1375 557 1422 γάρ
586 1376 667 1408 εἰσιν
695 1378 724 1408 οἱ
750 1375 912 1419 πρότερον
946 1369 1095 1419 ἔνυδροι,
1122 1376 1179 1407 νῦν
1211 1373 1249 1408 δὲ

246 1419 480 1463 χερσεύοντες,
501 1420 538 1452 οὐ
559 1420 625 1465 μην
645 1421 736 1453 ἀλλά
758 1423 817 1452 καὶ
836 1420 1057 1452 τούναντίον·
1084 1421 1247 1466 πολλαχῇ

245 1463 310 1510 γάρ
331 1466 539 1503 σκοποῦντες
556 1464 752 1510 εὑρήσουσιν
773 1463 1019 1502 ἐπεληλυθυῖαν
1037 1463 1102 1500 τήν
1120 1463 1250 1498 θάλατ-

246 1519 327 1541 ταν.
357 1509 469 1542 Ἀλλά
492 1509 620 1543 τούτου
645 1509 710 1546 τήν
737 1509 854 1541 αἰτίαν
880 1509 918 1542 οὗ
944 1509 1009 1546 τήν
1036 1510 1100 1540 τοῦ
1120 1509 1248 1554 κόσμου

270 1552 375 1585 ι’νεσιν
409 1553 536 1586 οἴεσθαι
568 1553 653 1598 χρῆ·
685 1554 818 1599 γελοῖον
850 1554 915 1600 γάρ
945 1549 1005 1586 διά
1062 1554 1155 1597 ικροὶς
1189 1557 1247 1586 καὶ

245 1564 430 1643 ΙΞιιαριαίας
455 1598 653 1642 μεταβολάς
681 1602 782 1629 κινεῖν
807 1598 849 1631 τό
875 1600 964 1638 πᾶν,
992 1599 1009 1631 ὁ
1033 1563 1071 1632 δέ
1096 1600 1160 1637 τῆς
1185 1600 1248 1646 γῆς

245 1641 346 1688 ὄγκος
373 1643 432 1674 καὶ
456 1642 500 1675 τὸ
525 1642 665 1689 μέγεθος
697 1641 791 1675 οὐθέν
822 1644 897 1676 ἑστι
921 1639 966 1681 δή
991 1655 1056 1676 που
1082 1644 1162 1688 πρὸς
1187 1644 1248 1676 τόν

245 1684 323 1719 ὅλον
348 1686 507 1731 οὐρανόν·

178 1730 272 1764 ἀλλὰ
295 1730 436 1764 πάντων
469 1730 603 1765 τούτων
635 1733 748 1764 α’ίτιον
780 1732 1001 1770 ὖποληπτέον
1035 1732 1089 1766 ὅτι
1112 1735 1247 1778 γίνεται

243 1770 304 1808 διά
325 1775 454 1822 χρόνων
479 1775 701 1820 εἱμαρμένων,
729 1776 796 1808 οἷον
823 1777 856 1809 ἑν
882 1782 960 1816 ταῖς
984 1778 1064 1809 κατ’
1090 1777 1246 1810 ἐνιαυτόν

242 1819 343 1864 ὥραις
368 1820 515 1866 χειμών,
543 1820 634 1853 οὕτω
660 1816 817 1864 περιόδου
848 1823 938 1860 τινός
963 1821 1115 1868 μεγάλης
1140 1822 1247 1868 μέγας

243 1864 369 1920 χειμών
388 1867 448 1897 καὶ
467 1866 639 1909 ὑπερβολή
658 1866 815 1910 ὄμβρων.-
825 1865 917 1904 Αὕτη
943 1863 974 1899 δ’
995 1866 1054 1899 οὐκ
1077 1867 1128 1900 ἀεὶ
1153 1867 1250 1899 κατά

245 1920 326 1947 τους
353 1910 482 1948 αὐτούς
506 1910 648 1951 τόπους,
676 1909 752 1943 ἀλλ’
778 1909 890 1955 ὥσπερ
918 1912 934 1943 ὁ
958 1911 1166 1956 καλούμενος
1192 1913 1248 1943 ἐπὶ

244 1954 472 1992 Δευκαλίωνος
498 1955 761 1999 κατακλυσμός·
786 1956 845 1988 καὶ
869 1955 934 2002 γάρ
960 1955 1062 1994 οὗτος
1087 1957 1160 2000 περὶ
1186 1956 1246 1988 τόν

239 1998 436 2036 Ἑλληνικόν
461 1999 599 2046 ἐγένετο
624 1999 780 2044 μάλιστα
804 1999 926 2042 τόπον,
944 2003 1002 2034 καὶ
1028 2000 1155 2033 τούτου
1174 2002 1248 2045 περὶ

244 2042 309 2080 τήν
339 2040 494 2077 Ἑλλάδα
525 2044 589 2081 την
623 2044 784 2090 ἀρχαίαν.
823 2044 917 2082 Αὕτη
949 2042 980 2078 δ’
1009 2045 1101 2078 ἐστὶν
1126 2046 1147 2082 ἡ
1174 2047 1248 2088 περὶ

244 2082 406 2126 Δωδώνην
438 2090 497 2121 καὶ
529 2089 589 2122 τὸν
617 2088 804 2134 Ἀχελῷον·
836 2090 936 2127 οὗτος
969 2090 1034 2137 γάρ
1067 2091 1247 2134 πολλαχοῦ

244 2132 286 2164 τὸ
322 2133 426 2177 ἐῦμα
456 2133 733 2178 μεταβέβληκεν·
751 2134 866 2176 ,ᾤκουν
897 2135 962 2180 γάρ
993 2137 1023 2167 οἱ
1048 2135 1166 2166 Σελλοὶ
1199 2135 1251 2166 ἑν-

235 2145 361 2253 '‘ig-{ga
388 2179 448 2210 καὶ
474 2181 503 2210 οἱ
527 2178 732 2224 καλούμενοι
758 2179 840 2212 τότε
865 2179 925 2223 μὲν
951 2180 1105 2224 Γραικοὶ,
1131 2179 1188 2210 νῦν
1213 2174 1244 2210 δ’

320 2233 408 2260 ηνες.

165 2265 277 2299 Ὅταν
303 2265 360 2299 οὖν
384 2262 428 2303 δή
453 2266 598 2313 γένηται
623 2267 772 2305 τοιαύτη
799 2266 970 2312 ὑπερβολὴ
993 2266 1136 2311 ὄμβρων,
1157 2269 1247 2311 νομί-

241 2310 310 2354 ζειν
333 2311 400 2358 χρῆ
426 2311 482 2343 ἐπὶ
507 2311 612 2344 πολιὶν
638 2311 758 2357 χρόνον
783 2307 945 2354 διαρκεῖν,
971 2314 1029 2343 καὶ
1054 2310 1167 2355 ὥσπερ
1190 2311 1246 2342 νῦν

243 2355 306 2388 τοῦ
331 2357 412 2394 τούς
437 2356 496 2400 μὲν
524 2356 664 2394 ἀενάους
690 2353 775 2389 εἶναι
801 2358 867 2390 τῶν
893 2357 1075 2400 ποταμῶν,
1103 2356 1182 2393 τούς
1208 2351 1246 2387 δέ

243 2399 311 2444 μή,
339 2403 369 2433 οἱ
394 2400 454 2445 μέν
479 2412 579 2444 φασιν
605 2403 716 2434 αἴτιον
749 2398 835 2434 εἶναι
859 2399 902 2434 τό
923 2399 1062 2447 μέγεθος
1088 2401 1155 2433 τῶν
1179 2401 1245 2432 ὑπὸ

242 2444 306 2491 γῆς
338 2445 552 2490 χασμάτων,
578 2446 673 2488 ἡμεῖς
706 2441 744 2477 δὲ
778 2447 820 2478 τό
848 2444 987 2492 μέγεθος
1019 2446 1087 2478 τῶν
1113 2443 1244 2488 ὑψηλῶν

243 2487 360 2522 τόπων
383 2492 442 2523 καὶ
467 2490 531 2527 την
557 2490 761 2528 πυκνότητα
795 2493 853 2523 καὶ
878 2490 918 2535 ψυ
945 2490 1080 2535 ρότητα
1111 2489 1243 2522 αὐτῶν·

243 2533 342 2567 οὗτοι
362 2535 426 2581 γάρ
453 2537 613 2567 πλεῖστον
639 2538 698 2568 καὶ
716 2531 882 2580 δέχονται
899 2501 985 2580 ὕδωρ
1009 2536 1068 2567 καὶ
1086 2534 1269 2582 στέγουσι“

241 2580 300 2610 καὶ
326 2580 498 2612 ποιοῦσιν·
525 2579 614 2618 ὅσοις
638 2575 677 2612 δέ
701 2582 816 2624 μικραὶ
842 2583 877 2612 αἱ
903 2579 1170 2625 ἑπικρεμάμεναι
1192 2591 1269 2617 ow-¹

228 2622 381 2662 ,στάσεις
407 2625 474 2656 τῶν
501 2625 605 2679 ῥρῶν,
633 2623 654 2662 ἦ
679 2627 805 2669 σομφαὶ
835 2627 894 2657 καὶ
922 2620 1073 2662 λιθώδεις
1106 2626 1166 2656 καὶ
1192 2624 1247 2668 ἀρ·-

243 2663 418 2711 γιλώδεις,
445 2681 590 2707 τουτους
615 2665 653 2702 δὲ
678 2671 944 2714 προαπολείπειν
976 2669 1084 2707 οὕτως
1119 2668 1246 2701 οἴεσθαι

241 2710 312 2747 δεῖν
337 2712 435 2755 τότε,
455 2715 488 2746 ἑν
506 2714 554 2752 οἷς
579 2714 638 2747 ἐάν
662 2714 808 2760 γένηται
833 2715 854 2751 ἡ
881 2713 1029 2752 τοιαύτη
1055 2715 1118 2747 τοῦ
1145 2713 1247 2759 ύγροῧ

242 2757 340 2803 φορά,
361 2758 430 2790 οἷον
453 2756 594 2797 ἀενάους
620 2762 726 2791 ποιεῖν
748 2759 809 2796 τοὶς
831 2760 848 2791 ὗ
875 2759 1027 2804 ρότητας
1045 2760 1111 2791 τῶν
1129 2758 1245 2791 τόπων

242 2803 387 2848 μᾶλλον.
420 2803 472 2844 Τῷ
505 2803 612 2848 χρόνῳ
642 2798 680 2835 δέ
705 2804 824 2836 ταῦτα
872 2807 1051 2847 ηραίνεται
1080 2802 1243 2849 γινόμενα

242 2847 388 2894 μᾶλλον,
406 2846 536 2892 θάτερα
561 2843 592 2880 δ’
612 2847 750 2880 ἐλάττω
776 2849 824 2880 τά
848 2844 986 2893 ἔφυδρα,
1014 2847 1073 2885 ἕως
1101 2847 1139 2880 ἄν
1166 2845 1246 2890 ἔλθῃ

242 2890 346 2926 πάλιν
372 2893 393 2929 ἧ
418 2893 605 2933 καταβολή
630 2893 692 2931 τῆς
718 2888 875 2935 περιόδου
901 2895 965 2931 τῆς
991 2890 1113 2930 αὖτῆς.
1151 2889 1245 2923 Ἐπεὶ

243 2933 272 2970 δ’
303 2935 434 2983 ἀνάγκη
461 2938 524 2969 τοῦ
551 2936 630 2970 ὅλου
661 2937 813 2983 γίνεσθαι
838 2937 898 2982 μέν
923 2949 1003 2971 τινα
1028 2935 1243 2982 μεταβολήν,

243 2981 290 3027 μή
316 2980 434 3025 μέντοι
458 2982 588 3027 γένεσιν
612 2984 670 3014 καὶ
695 2981 832 3027 φθοράν,
860 2985 952 3027 εἴπερ
978 2981 1069 3027 μένει
1095 2981 1136 3014 τό
1162 2981 1244 3022 πᾶν,

245 3024 399 3072 ἀνάγκη,
424 3026 580 3069 καθάπερ
612 3028 708 3070 ἡμεῖς
738 3026 902 3073 λέγομεν,
929 3027 976 3072 μη
1009 3026 1090 3064 τούς
1119 3025 1246 3063 αὐτούς

245 3071 297 3104 ἀεὶ
322 3070 450 3156 ἔόπους
476 3071 596 3118 ύγρούς
623 3071 654 3104 τ’
682 3069 769 3104 εἶναι
798 3071 960 3116 θαλάττῃ
991 3073 1050 3103 καὶ
1076 3073 1247 3113 ποταμοῖς

241 3117 301 3147 καὶ
343 3115 456 3160 ηροός.

243 3201 329 3237 εἶναι
359 3217 427 3237 των
462 3204 662 3249 ἀνθρώπων,
694 3205 918 3250 Αἰγυπτίους,
945 3216 1080 3237 τουτων
1106 3217 1126 3240 η
1151 3215 1246 3248 χωρα

245 3250 343 3282 πᾶσα
366 3253 527 3294 γεγονυῖα
551 3251 713 3292 φαίνεται
735 3251 794 3281 καὶ
819 3247 905 3281 οὖσα
930 3250 994 3280 τοῦ
1012 3250 1174 3290 ποταμοῦ
1197 3249 1247 3291 ἔρ-

245 3305 318 3338 γον.
336 3296 418 3325 ‘Koa
444 3294 552 3326 τοῦτο
574 3293 672 3326 κατά
695 3305 733 3326 τε
759 3292 822 3330 τήν
847 3292 960 3338 χώραν
987 3293 1099 3328 αὐτην
1125 3293 1245 3334 ὁρῶντι

243 3337 349 3375 δῆλόν
382 3337 476 3379 ἐστι,
513 3339 571 3369 καὶ
608 3337 655 3370 τά
687 3339 760 3381 περὶ
793 3337 857 3373 τήν
891 3336 1026 3382 ἐρυθροὶν
1062 3335 1244 3369 θάλατταν

245 3381 426 3426 τεκμήριον
459 3381 594 3413 ἱκανόν·
626 3380 760 3418 ταύτην
794 3381 859 3427 γάρ
892 3382 957 3413 τῶν
991 3379 1156 3421 βασιλέων
1195 3392 1245 3418 τις

245 3425 406 3469 ἐπειράθη
432 3420 644 3468 διορύττειν·
671 3426 709 3458 οὐ
733 3425 798 3471 γάρ
819 3425 936 3470 μικράς
961 3422 1049 3470 εἶχεν
1069 3423 1108 3456 ἂν
1127 3425 1246 3462 αὐτοῖς

243 3473 406 3518 ὠφελείας
431 3470 567 3508 πλωτός
595 3469 686 3508 ἅπας
713 3470 728 3501 ὁ
755 3469 862 3507 τόπος
882 3469 1078 3515 γενόμενος·
1103 3468 1246 3515 λέγεται

244 3513 282 3550 δὲ
300 3516 433 3559 πρῶτος
451 3514 637 3559 Σέσωστρις
656 3514 870 3559 ἐπιχειρῆσαι
888 3514 956 3545 τῶν
974 3513 1144 3554 παλαιῶν,
1169 3512 1242 3545 ἀλλ’

244 3562 335 3604 εὗρεν
362 3559 573 3603 ὑψηλοτέραν
592 3557 695 3591 οὖσαν
714 3558 778 3595 τήν
803 3557 987 3590 θάλατταν
1006 3558 1068 3595 τῆς
1086 3558 1165 3603 γῆς·
1191 3556 1244 3588 διό

246 3604 369 3642 ἐκεῖνός
395 3617 432 3637 τε
458 3603 622 3649 πρότερον
653 3605 711 3635 καὶ
737 3604 872 3648 Δαρεῖος
898 3601 1036 3647 ὕστερον
1063 3601 1244 3634 ἐπαύσατο

1373 323 1442 356 pter
1454 323 1596 357 stagnare
1611 318 1644 348 in
1656 318 1775 349 ultimis
1791 329 1915 360 semper
1929 321 2039 360 magis.
2052 321 2253 353 Permutatur
2264 330 2372 353 autem

1373 361 1446 399 hoc,
1463 367 1494 391 et
1508 362 1623 392 iterum
1642 370 1714 403 apte
1736 363 1846 394 habet:
1872 364 2024 395 desiccata
2047 365 2132 395 enim
2154 366 2225 396 loca
2241 367 2373 398 veniunt

1374 405 1413 435 ad
1436 406 1516 436 bene
1548 406 1679 446 habere;
1714 418 1796 448 quae
1820 416 1927 439 autem
1955 409 2042 448 prius
2075 410 2155 440 bene
2178 417 2371 451 temperata,

1373 449 1524 480 exsiccata
1539 451 1712 492 aliquando
1734 451 1815 483 fiunt
1833 453 1996 483 deteriora.
2021 453 2120 490 Quod
2138 454 2269 495 quidem
2292 455 2372 486 acci-

1373 493 1418 524 dit
1441 494 1566 525 Helladi
1589 502 1621 526 et
1643 496 1722 526 circa
1743 497 1991 538 Mycenaeotum
2009 497 2173 537 regionem
2192 505 2223 529 et
2237 499 2371 539 Argivo-

1372 547 1454 568 rum.
1472 538 1538 569 Sub
1554 540 1678 570 Troicis
1694 541 1824 581 quidem
1841 541 1937 580 enim,
1953 551 2035 582 quae
2046 542 2239 582 Argivorum
2251 553 2371 583 paucos

1373 588 1496 620 poterat
1511 583 1603 622 alere,
1620 584 1696 624 quia
1709 585 1864 625 paludosa
1880 592 1959 616 erat:
1981 586 2152 627 Mycenaea
2167 594 2275 617 autem
2290 588 2370 617 bene

1372 625 1524 665 habebat;
1547 635 1677 668 propter
1704 630 1793 670 quod
1823 630 2010 661 honoratior
2033 637 2106 661 erat.
2138 631 2232 662 Nunc
2262 638 2370 662 autem

1373 670 1581 709 contrarium,
1604 680 1733 713 propter
1755 674 1947 714 praedictam
1970 682 2115 705 causam:
2139 675 2217 706 haec
2239 675 2371 715 quidem

1374 713 1459 743 enim
1481 714 1602 745 inutilis
1625 716 1705 747 facta
1729 724 1775 748 est
1797 725 1828 748 et
1850 718 1932 748 sicca
1954 726 2100 758 prorsus;
2123 719 2220 749 huius
2243 725 2369 758 autem,

1372 766 1455 806 quae
1473 764 1549 789 tunc
1564 767 1693 799 propter
1708 768 1850 801 stagnare
1866 762 1996 801 inutilis,
2013 772 2099 793 nunc
2115 763 2200 794 utilis
2217 763 2298 794 facta
2313 770 2368 794 est.

1373 800 1461 831 Slcut
1487 802 1583 842 igitur
1612 805 1723 835 accidit
1752 805 1784 836 in
1812 806 1874 837 hoc
1906 807 1979 837 loco
2007 817 2106 847 parvo
2130 807 2298 846 existente,
2327 807 2370 838 ita

1373 852 1500 896 oportet
1523 853 1633 886 putare
1655 848 1741 879 idem
1763 850 1824 880 hoc
1848 851 1986 881 accidere
2010 857 2040 882 et
2064 851 2143 882 circa
2160 861 2276 892 magna
2299 852 2370 882 loca

1372 896 1403 919 et
1425 899 1569 930 reglones
1593 898 1683 923 totas».

1305 1110 1371 1148 Qui
1393 1111 1525 1151 quidem
1547 1111 1641 1152 igitur
1664 1113 1834 1153 respiciunt
1856 1115 1895 1145 ad
1918 1115 2083 1146 modicum
2105 1122 2240 1155 tantum,
2257 1123 2370 1156 putant

1372 1165 1500 1186 causam
1523 1166 1590 1187 esse
1613 1157 1725 1187 talium
1748 1159 2020 1198 permutationum
2043 1159 2140 1191 totius
2164 1161 2369 1200 permutatio-

1371 1209 1462 1238 nem,
1486 1207 1640 1241 tanquam
1668 1209 1815 1241 generato
1839 1203 1943 1233 caelo:
1968 1210 2096 1243 propter
2119 1205 2207 1245 quod
2230 1211 2261 1235 et
2283 1215 2369 1235 mare

1371 1243 1478 1274 minus
1502 1243 1568 1275 fieri
1589 1245 1688 1283 aiunt,
1705 1252 1858 1287 tanquam
1881 1247 2080 1286 exsiccatum,
2097 1249 2172 1289 quia
2190 1249 2281 1289 plura
2296 1249 2367 1279 loca

1371 1295 1524 1328 apparent
1546 1289 1623 1320 haec
1646 1300 1737 1330 passa
1761 1301 1845 1321 nunc
1868 1301 1966 1331 quam
1989 1292 2086 1332 prius.
2110 1293 2167 1323 Est
2189 1299 2296 1323 autem
2311 1293 2368 1323 ho-

1370 1342 1443 1362 rum
1466 1332 1528 1364 hoc
1552 1334 1683 1374 quidem
1698 1345 1820 1373 verum,
1836 1335 1897 1366 hoc
1920 1342 2027 1366 autem
2050 1346 2116 1366 non
2131 1347 2251 1367 verum.
2272 1337 2367 1367 Plura

1371 1376 1502 1417 quidem
1526 1378 1612 1408 enim
1634 1385 1727 1417 sunt,
1758 1389 1839 1419 quae
1863 1379 1949 1419 prius
1980 1390 2118 1420 aquosa,
2149 1391 2234 1411 nunc
2262 1387 2368 1411 autem

1371 1421 1466 1452 arida.
1495 1422 1570 1452 Non
1594 1422 1702 1453 solum
1724 1424 1779 1453 sed
1802 1430 1832 1454 et
1861 1424 2070 1455 contrarium:
2095 1424 2128 1454 in
2151 1425 2259 1455 multis
2283 1425 2368 1455 enim

1370 1465 1449 1495 locis
1474 1466 1705 1497 considerantes
1737 1467 1915 1498 invenimus
1946 1468 2163 1508 supervenisse
2186 1479 2282 1500 mare.
2307 1469 2368 1499 Sed

1370 1509 1466 1540 huius
1490 1520 1618 1541 causam
1633 1521 1700 1541 non
1717 1512 1828 1542 mundi
1844 1512 2080 1552 generationem
2096 1519 2222 1553 oportet
2237 1520 2366 1553 putare:

1371 1553 1527 1584 derisibile
1550 1554 1636 1585 enim
1659 1562 1789 1595 propter
1815 1566 1925 1596 parvas
1950 1562 1980 1587 et
2002 1563 2240 1587 momentaneas
2263 1564 2365 1588 muta-

1370 1597 1472 1628 tiones
1489 1605 1611 1629 mutare
1627 1606 1750 1638 totum;
1773 1607 1871 1630 terrae
1891 1607 1998 1631 autem
2021 1601 2122 1631 moles
2137 1608 2167 1632 et
2181 1601 2367 1641 magnitudo

1371 1641 1450 1672 nihil
1473 1649 1519 1674 est
1542 1643 1582 1673 ad
1605 1650 1711 1674 totum
1734 1644 1867 1675 caelum.

1303 1737 1365 1768 Sed
1388 1738 1506 1768 horum
1534 1738 1682 1769 omnium
1711 1749 1839 1770 causam
1869 1739 2130 1779 existimandum,
2158 1741 2234 1781 quia
2255 1740 2291 1772 fit
2314 1751 2369 1781 per

1370 1789 1515 1823 tempora
1547 1783 1661 1821 fatam,
1692 1784 1780 1814 velut
1801 1783 1833 1814 in
1857 1785 2054 1824 temporibus
2083 1794 2164 1825 quae
2192 1785 2368 1816 secundum

1370 1837 1491 1857 annum
1507 1827 1619 1866 hiems,
1635 1827 1679 1858 sic
1695 1828 1827 1868 periodo
1845 1829 1983 1870 quadam
1999 1839 2124 1868 magna,
2140 1839 2255 1870 magna
2266 1829 2368 1859 hiems

1371 1878 1402 1902 et
1416 1882 1559 1902 excessus
1578 1872 1739 1903 imbrium.
1760 1873 1832 1903 Hoc
1848 1880 1955 1903 autem
1971 1883 2037 1903 non
2054 1883 2178 1913 semper
2193 1874 2368 1904 secundum

1371 1916 1483 1946 eadem
1505 1917 1593 1956 loca,
1618 1917 1672 1947 sed
1696 1917 1971 1957 quemadmodum
1999 1924 2130 1948 vocatus
2160 1918 2218 1948 sub
2247 1918 2368 1948 Deuca-

1370 1960 1456 1991 lione
1481 1961 1698 2002 cataclysmus.
1722 1961 1850 1992 Etenim
1872 1961 1923 1992 hic
1939 1961 2019 1992 circa
2034 1961 2236 2002 Hellenicum
2258 1962 2366 1992 locum

1371 2005 1472 2036 factus
1495 2005 1555 2036 fuit
1577 2005 1725 2043 maxime,
1742 2012 1772 2036 et
1795 2005 1890 2036 huius
1914 2006 1994 2036 circa
2009 2006 2176 2036 Helladem
2193 2006 2365 2047 antiquam.

1370 2049 1458 2080 Haec
1475 2056 1582 2080 autem
1598 2056 1644 2080 est
1660 2050 1740 2080 circa
1755 2050 1928 2080 Dodonam
1947 2056 1978 2080 et
1993 2050 2187 2080 Acheloum:
2211 2050 2268 2081 iste
2283 2050 2368 2080 enim

1371 2093 1479 2124 multis
1511 2094 1544 2124 in
1566 2094 1644 2124 locis
1674 2094 1806 2124 rheuma
1836 2089 2036 2134 permutavit.
2066 2094 2258 2125 Habitabant
2284 2094 2368 2124 enim

1370 2138 1444 2168 Selli
1468 2137 1519 2168 hic
1543 2144 1580 2169 -et
1601 2138 1704 2169 vocati
1735 2145 1811 2169 tunc
1834 2138 1965 2179 quidem
1989 2138 2117 2177 Graeci,
2148 2148 2233 2169 nunc
2261 2145 2367 2169 autem

1370 2182 1530 2213 Hellenes.
1705 2191 1708 2195 ’

1302 2269 1389 2301 Cum
1412 2270 1507 2310 igitur
1534 2270 1604 2301 talis
1634 2269 1735 2300 factus
1766 2269 1860 2301 fuerit
1887 2280 2030 2300 excessus
2058 2270 2227 2308 imbrium,
2256 2276 2366 2310 putare

1368 2321 1495 2355 oportet
1517 2314 1557 2344 ad
1573 2314 1712 2345 multum
1727 2320 1854 2354 tempus
1874 2314 2025 2345 sufficere.
2047 2315 2088 2345 Et
2104 2315 2184 2345 sicut
2199 2324 2285 2345 nunc
2300 2314 2367 2344 eius

1368 2359 1457 2400 quod
1474 2365 1520 2389 est
1535 2365 1706 2399 perpetuos
1723 2368 1788 2388 esse
1805 2359 1963 2399 quosdam
1981 2358 2163 2396 fluviorum,
2183 2358 2242 2389 hos
2258 2365 2366 2389 autern

1367 2413 1448 2441 non,
1472 2403 1505 2433 hi
1528 2403 1659 2444 quidem
1682 2402 1771 2433 aiunt
1794 2413 1921 2433 causam
1944 2412 2011 2433 esse
2033 2403 2284 2442 magnitudinem
2308 2402 2366 2433 sub

1367 2454 1447 2478 terra
1469 2447 1674 2487 voraginum3
1690 2457 1749 2477 nos
1766 2454 1873 2477 autem
1896 2447 2147 2487 magnitudinem
2165 2447 2302 2477 altorum
2319 2447 2365 2477 lo-

1368 2502 1498 2530 corum,
1527 2498 1558 2522 et
1585 2491 1822 2532 spissitudinem
1851 2498 1881 2522 et
1901 2491 2102 2531 frigiditatem
2124 2491 2285 2532 ipsorum;
2308 2491 2367 2521 ista

1368 2536 1454 2567 enim
1476 2536 1648 2576 plurimam
1673 2542 1703 2566 et
1726 2535 1902 2576 suscipiunt
1923 2546 2041 2576 aquarn
2064 2542 2095 2566 et
2111 2536 2259 2576 operiunt
2276 2542 2306 2566 et
2321 2535 2365 2565 fa-

1369 2581 1472 2619 ciunt;
1495 2580 1753 2621 quibuscumque
1768 2587 1875 2610 autem
1890 2590 2003 2620 parvae
2019 2590 2190 2620 suspensae
2205 2580 2366 2610 montium

1369 2625 1606 2663 consistentiae,
1631 2631 1686 2655 aut
1714 2624 1868 2664 somphae
1896 2630 1926 2654 et
1948 2623 2108 2664 lapidosae
2131 2631 2162 2655 et
2184 2623 2365 2664 argillosae,

1368 2669 1445 2700 haec
1469 2668 1691 2709 praedeficere:
1716 2668 1760 2699 sic
1778 2675 1888 2709 putare
1913 2675 2038 2708 oportet
2060 2668 2092 2698 in
2117 2668 2232 2709 quibus
2257 2668 2366 2708 utique

1368 2714 1449 2744 facta
1468 2713 1561 2744 fuerit
1575 2713 1644 2744 talis
1658 2713 1784 2743 humidi
1806 2713 1893 2751 latio,
1910 2719 1947 2743 ut
1968 2719 2138 2753 perpetuae
2161 2712 2238 2754 fiant
2260 2712 2365 2742 humi-

1368 2758 1478 2789 ditates
1501 2758 1649 2788 locorum
1671 2757 1781 2797 magis.
1806 2757 1968 2797 Tempore
1991 2763 2098 2787 autern
2120 2756 2198 2787 haec
2217 2756 2365 2787 exsiccata

1368 2802 1449 2833 facta
1472 2809 1546 2833 sunt
1568 2801 1684 2842 magiS,
1709 2802 1804 2832 altera
1827 2808 1934 2831 autem
1956 2800 2097 2839 minora,
2122 2810 2203 2841 quae
2226 2810 2364 2840 aquosa,

1369 2847 1471 2877 donec
1493 2845 1598 2877 veniat
1620 2846 1735 2876 iterum
1759 2846 1926 2876 descensus
1948 2844 2071 2884 periodi
2097 2844 2248 2875 eiusdem.
2273 2844 2363 2881 Quo-

1368 2891 1455 2921 niam
1478 2897 1585 2921 autem
1608 2900 1734 2920 necesse
1757 2889 1854 2920 totius
1877 2889 2007 2929 quidem
2029 2888 2095 2918 fieri
2118 2888 2279 2928 quandam
2294 2898 2363 2927 per-

1368 2935 1591 2972 mutationem,
1607 2944 1673 2964 non
1690 2941 1796 2965 tamen
1811 2933 2046 2973 generationem
2062 2939 2092 2963 et
2114 2931 2361 2972 corruptionem,

1368 2979 1394 3010 si
1417 2979 1548 3020 quidem
1571 2985 1696 3009 maneat
1718 2985 1834 3015 totum,
1854 2986 1990 3015 necesse,
2007 2976 2281 3017 quemadmodum
2305 2986 2363 3006 nos

1368 3023 1514 3061 dicimus,
1531 3033 1597 3053 non
1622 3023 1732 3053 eadem
1756 3031 1879 3061 semper
1901 3021 1972 3051 loca
1995 3030 2061 3050 esse
2084 3019 2215 3050 humida
2238 3019 2317 3050 mari
2334 3026 2364 3050 et

1367 3068 1482 3106 fluviis,
1508 3074 1538 3098 et
1561 3067 1651 3097 sicca.

176 3161 280 3200 Δηλοῖ
303 3156 341 3192 δὲ
374 3159 415 3213 τέ
446 3159 639 3206 γινόμενον·
668 3161 722 3198 οὓς
753 3160 818 3206 γάρ
850 3171 957 3204 φαμεν
991 3157 1246 3215 σἰρχαιοτάτους
1301 3162 1480 3193 Manifestat
1503 3168 1610 3192 autem
1641 3160 1729 3201 quod
1752 3159 1796 3190 fit.
1829 3159 1919 3196 Quos
1943 3158 2028 3188 enim
2059 3158 2161 3188 aimus
2185 3158 2363 3199 antiquissi-

1368 3216 1439 3237 mos
1464 3215 1530 3236 esse
1553 3204 1733 3242 hominum,
1750 3203 1936 3244 Aegyptios,
1956 3203 2073 3233 horum
2096 3202 2182 3242 regio
2201 3209 2268 3233 tota
2284 3202 2363 3232 facta

1367 3250 1491 3280 videtur
1514 3256 1545 3279 et
1567 3249 1700 3279 existens
1716 3247 1803 3278 fluvii
1819 3257 1912 3287 opus.
1933 3247 1974 3278 Et
1990 3246 2051 3277 hoc
2066 3247 2243 3277 secundum
2261 3246 2363 3286 regio·

1367 3304 1443 3324 nem
1464 3294 1567 3333 ipsam
1590 3292 1751 3332 aspicienti
1774 3291 1880 3331 palam
1901 3298 1958 3330 est,
1975 3297 2005 3321 et
2021 3300 2103 3331 quae
2122 3291 2203 3321 circa
2217 3291 2364 3321 Rubrum

1366 3339 1453 3369 Mare
1477 3343 1700 3376 argumentum
1717 3335 1883 3366 sufficiens.
1907 3336 1979 3366 Hoc
2004 3334 2088 3365 enim
2115 3344 2227 3375 regum
2251 3334 2362 3375 aliquis

1367 3380 1529 3412 attentavit
1558 3380 1743 3421 perfodere:
1778 3389 1843 3409 non
1874 3379 1959 3409 enim
1988 3389 2098 3419 parvas
2129 3378 2256 3409 haberet
2287 3378 2363 3418 ipsis

1366 3425 1513 3456 utilitates
1536 3423 1719 3464 navigabilis
1742 3430 1828 3454 totus
1850 3423 1940 3454 locus
1969 3423 2078 3454 factus.
2107 3423 2230 3453 Dicitur
2257 3430 2364 3453 autem

1366 3469 1488 3510 prim‘us
1505 3468 1654 3499 Sesostris
1670 3474 1800 3498 conatus
1817 3467 1912 3498 fuisse
1931 3468 2148 3508 antiquorum,
2172 3467 2226 3498 sed
2242 3467 2362 3497 invenit

1366 3523 1452 3544 mare
1476 3513 1608 3544 existens
1632 3512 1724 3543 altius
1747 3519 1843 3542 terra:
1868 3519 1997 3552 propter
2019 3512 2107 3552 quod
2129 3511 2182 3541 ille
2205 3511 2309 3551 primo
2334 3517 2365 3541 et

1366 3557 1480 3588 Darius
1496 3557 1652 3596 posterius
1670 3556 1800 3587 cessavit
1814 3555 1936 3586 fodiens
1946 3579 1954 3594 ‚
1979 3563 2015 3586 ut
2030 3565 2095 3586 non
2111 3562 2364 3595 corrumperetur

1366 3602 1470 3633 fluxus
1492 3601 1595 3639 fluvii,
1621 3601 1793 3632 commixto
1818 3600 1906 3631 mari.
1930 3599 2135 3631 Manifestum
2157 3599 2252 3640 igitur
2275 3599 2363 3639 quod
