2690 4062
62 570 72 579 “
88 568 159 590 Num.
174 574 197 594 4.

59 656 71 667 '⁴
85 655 156 677 Num.
172 660 221 682 seq.

62 701 70 710 ⁸
86 699 156 721 Num.
171 705 191 728 3.

57 1096 68 1107 ⁴¹
83 1096 142 1116 sicut
157 1094 210 1116 GEI
221 1100 260 1116 pa.

54 1489 66 1500 ⁴
80 1489 179 1510 hiemali
191 1494 228 1510 ra.

305 278 409 303 LXVIII

371 368 381 372 a
446 368 452 372 .
468 368 471 373 .
491 371 494 375 ,
544 339 637 373 einde
655 351 729 372 cum
747 339 839 372 dicit:
858 338 904 371 Sic
916 343 1015 372 autem
1027 335 1172 369 ordinatis
1181 334 1275 367 ventis
1288 341 1359 372 etc.‚

371 384 375 387 '
413 395 438 407 ‘r'
464 395 529 428 N,
544 384 735 417 determinat
751 383 790 416 de
807 382 856 414 his
897 393 956 414 uae
974 387 1220 423 consequuntur
1232 385 1358 409 ventos.

371 452 377 460 κ
416 445 424 451 -
461 418 504 462 Α
544 429 584 461 Et
601 429 683 460 circa
699 427 762 459 hoc
786 426 852 459 duo
872 393 962 457 iiten:
980 424 1086 467 primo
1109 421 1301 454 determinat
1320 419 1359 452 de

476 462 501 502 JK(
566 471 738 504 uibusdam
762 468 980 502 accidentibus
1001 475 1193 505 ventorum;
1213 463 1360 514 secundo

501 519 509 524 ”
543 484 735 549 determinat
751 514 791 546 de
808 511 974 546 effectibus
987 521 1114 548 eorum,
1128 508 1187 541 ibi:
1204 508 1358 542 Contraru

302 568 399 595 autem
412 566 465 593 aut
473 559 572 593 idem*
583 568 642 592 etc.
658 559 751 592 Circa
764 558 907 601 primum
921 556 979 588 tria
993 554 1081 587 facit:
1094 553 1201 597 primo
1215 551 1359 602 ostendit

302 607 357 650 qui
370 606 458 637 venti
470 612 608 647 possunt
624 601 720 635 simul
734 600 821 640 flare,
835 609 867 632 et
879 599 934 643 qui
948 610 1016 631 non
1022 611 1031 638 3
1045 596 1192 630 secundo
1205 596 1357 629 determi-

300 658 356 682 nat
372 649 411 681 de
428 647 601 680 incidentia
617 654 802 682 ventorum,
819 643 879 676 ibi:
899 642 1040 676 Incidunt
1055 648 1154 674 autem
1171 640 1239 673 aliis
1254 639 1270 656 *
1285 648 1357 679 etc.;

300 694 395 726 tertio
412 692 451 724 de
465 692 634 735 gyratione
651 700 776 728 eorum,
789 687 854 720 ibi.-
875 686 1053 731 Gyrationes
1065 692 1164 718 autem
1172 685 1256 729 fiunt
1267 685 1284 704 *
1297 692 1356 716 etc.

354 737 443 770 Dicit
466 746 543 778 ergo
568 734 692 777 primo,
725 731 814 775 quod
839 731 865 763 si
889 731 977 763 venti
1009 731 1055 762 sic
1079 729 1299 772 disponuntur
1322 736 1359 759 ut

298 780 512 824 praemissum
529 787 586 817 est,
603 776 725 809 scilicet
767 774 833 808 uod
852 774 1003 807 contrarii
1022 782 1099 806 sunt
1115 774 1171 817 qui
1186 781 1359 816 ponuntur

299 836 338 857 ex
361 824 514 867 opposito
538 820 720 854 secundum
761 821 867 852 ineam
891 827 1031 858 rectam,
1062 817 1170 861 palam
1194 825 1243 849 est
1268 815 1357 860 quod

299 867 448 901 contrarii
481 877 549 898 non
572 872 712 908 possunt
741 863 840 896 simul
863 862 940 895 flare
949 875 958 903 ;
984 863 1060 906 quia
1091 873 1166 894 cum
1191 872 1277 894 unus
1302 859 1357 892 flet

298 920 408 944 contra
424 908 631 949 alterum,vel
648 907 744 941 ambo
762 915 870 940 essent
886 918 989 950 aeque
1005 905 1117 946 fortes,
1128 914 1160 938 et
1176 906 1222 937 sic
1238 912 1356 936 mutuo

297 967 331 988 se
350 953 560 998 impedirent:
585 952 637 985 vel
661 963 746 984 unus
770 962 885 984 eorum
910 959 995 983 esset
1018 949 1144 990 fortior,
1161 958 1193 982 et
1212 948 1258 981 sic
1274 956 1356 980 tota-

296 998 367 1031 liter
398 997 624 1030 exterminaret
652 1004 787 1028 ventum
815 994 1016 1028 debiliorem.
1044 993 1107 1027 Sed
1131 992 1176 1026 illi
1209 993 1264 1036 qui
1288 1003 1356 1024 non

296 1051 371 1075 sunt
386 1041 546 1080 contrarii,
563 1049 702 1084 possunt
722 1038 920 1084 quandoque
940 1038 1037 1071 simul
1057 1038 1148 1071 flare:
1170 1037 1254 1070 sicut
1274 1036 1304 1069 G
1325 1044 1357 1068 et

295 1087 332 1127 E,
348 1085 430 1119 idest
446 1085 461 1102 *
484 1096 581 1118 eurus
606 1093 638 1117 et
660 1083 789 1124 africus,
814 1083 1011 1127 quandoque
1036 1081 1134 1115 simul
1157 1081 1236 1114 flant
1261 1090 1292 1113 et
1316 1080 1356 1131 ad

295 1129 430 1163 eandem
453 1137 593 1172 partem;
613 1127 670 1161 sed
694 1139 761 1161 non
785 1128 923 1160 omnino
948 1139 987 1160 ex
1010 1126 1128 1160 eodem
1152 1126 1259 1168 signo,
1280 1136 1356 1169 quia

294 1185 390 1207 eurus
414 1172 469 1206 flat
492 1184 530 1205 ex
553 1173 648 1215 signo
674 1172 715 1213 G,
739 1171 857 1204 africus
881 1180 990 1204 autem
1015 1182 1032 1203 a
1056 1171 1150 1214 signo
1176 1170 1212 1203 E.
1236 1169 1355 1214 Neque

294 1219 390 1251 etiam
409 1216 487 1250 flant
511 1216 628 1249 eodem
652 1227 666 1248 s
693 1216 786 1256 iritu,
810 1215 893 1248 idest
917 1214 1044 1259 aequali
1068 1214 1162 1254 flatu,
1186 1213 1244 1247 sed
1268 1225 1355 1246 unus

293 1261 418 1294 fortiori
442 1270 474 1293 et
489 1260 569 1293 alter
588 1260 659 1293 debi
676 1260 746 1300 iori,
763 1259 946 1293 secundum
964 1259 1185 1292 diversitatem
1201 1259 1354 1291 materiae

293 1314 325 1338 et
348 1302 499 1338 contrarii
524 1304 719 1348 repellentis
745 1303 840 1337 Flant
863 1312 973 1337 autem
996 1304 1085 1336 venti
1110 1302 1262 1336 contrarii
1287 1313 1355 1335 non

292 1349 399 1389 simul,
419 1348 475 1382 sed
492 1347 672 1382 secundum
697 1347 823 1381 diversa
846 1357 995 1391 tempora
1019 1356 1051 1380 et
1074 1347 1252 1380 contraria:
1278 1347 1354 1391 quia

293 1394 528 1426 contrariorum
545 1393 723 1426 contrariae
746 1400 823 1425 sunt
844 1403 970 1432 causae,
994 1391 1119 1425 diversa
1143 1399 1254 1424 autem
1270 1399 1353 1424 tem-

291 1448 371 1481 pora
394 1446 471 1470 sunt
501 1437 659 1470 contraria
683 1436 865 1470 secundum
896 1436 1066 1481 qualitates
1096 1436 1283 1469 contrarias.
1309 1435 1356 1468 Ut

291 1481 430 1525 exempli
445 1481 546 1525 gratia
563 1482 685 1514 caecias
702 1480 783 1514 flans
804 1480 842 1514 ab
867 1482 991 1514 oriente
1016 1480 1160 1514 aestivali
1177 1479 1202 1520 *,
1219 1479 1275 1512 flat
1298 1479 1355 1512 fre-

292 1534 427 1570 quenter
457 1526 540 1558 circa
568 1526 813 1569 aequinoctium
836 1525 986 1566 vernale,
1011 1533 1043 1558 et
1067 1524 1291 1557 universaliter
1315 1523 1355 1557 ad

290 1570 453 1613 tropicum
478 1569 637 1602 aestivum
661 1569 833 1603 accedente
865 1569 949 1602 sole:
974 1569 1035 1602 libs
1059 1578 1169 1602 autem
1192 1568 1249 1602 flat
1272 1569 1355 1602 circa

291 1614 534 1658 aequinoctium
559 1613 758 1654 autumnale,
775 1613 957 1647 declinante
975 1613 1044 1647 sole
1063 1625 1081 1646 a
1097 1613 1264 1657 praedicto
1290 1622 1355 1646 tro·

315 1659 365 1691 ico
374 1670 382 1698 ;
407 1657 570 1702 zephyrus
595 1666 705 1691 autem
728 1657 810 1691 flans
841 1657 880 1691 ab
905 1658 1074 1691 occidente
1106 1657 1354 1702 aequinoctiali,

290 1670 345 1735 gat
362 1703 444 1735 circa
468 1701 654 1742 solstitium,
673 1701 726 1735 vel
751 1702 1001 1735 conversionem
1025 1702 1230 1736 aestivalem:
1255 1713 1354 1735 eurus

290 1758 368 1779 vero
393 1755 424 1778 et
447 1745 603 1789 apeliotes
628 1747 711 1779 circa
735 1746 918 1779 hiemalem.

347 1800 376 1823 2.
397 1790 524 1823 Deinde
548 1802 623 1823 cum
648 1790 739 1823 dicit:
763 1790 904 1824 Incidunt
927 1797 1027 1824 autem
1059 1799 1136 1831 etc.‚
1161 1791 1355 1824 determinat

291 1843 528 1878 consequenter
545 1834 583 1867 de
601 1834 775 1867 incidentia
794 1843 983 1868 ventorum:
996 1836 1126 1868 Dicitur
1149 1844 1259 1868 autem
1277 1847 1354 1868 ven-

290 1887 343 1911 tus
371 1878 512 1912 incidere
536 1878 645 1919 alteri,
666 1879 721 1922 qui
745 1878 826 1911 flans
851 1888 962 1912 contra
986 1879 1146 1919 alterum,
1177 1879 1254 1913 facit
1277 1891 1355 1913 eum

292 1934 424 1956 cessare.
447 1923 536 1956 Dicit
559 1934 637 1966 ergo
659 1922 748 1967 quod
767 1924 924 1967 aparctias
941 1932 973 1956 et
990 1923 1144 1957 thrascias
1165 1933 1197 1957 et
1213 1933 1354 1968 argestes

291 1968 347 2011 qui
375 1967 519 2000 boreales
544 1967 706 2008 dicuntur,
730 1968 870 2000 maxime
894 1968 1044 2001 incidunt
1067 1968 1153 2009 aliis,
1177 1978 1209 2002 et
1232 1968 1355 2002 faciunt

291 2023 347 2044 eos
373 2022 505 2044 cessare.
531 2012 571 2044 Et
594 2012 676 2044 ratio
700 2021 766 2052 est,
791 2013 866 2056 quia
890 2012 985 2045 flatus
1010 2012 1141 2046 illorum
1165 2022 1215 2046 est
1238 2013 1355 2053 nobis,

291 2056 347 2099 qui
366 2055 548 2088 habitamus
565 2055 624 2088 sub
649 2056 881 2100 septentrione,
897 2056 937 2090 de
955 2068 1075 2101 prope:
1093 2066 1125 2090 et
1145 2058 1243 2091 etiam
1259 2057 1355 2091 flatus

291 2100 438 2143 ipsorum
455 2108 504 2132 est
519 2099 631 2141 fortis,
656 2101 731 2144 quia
749 2101 781 2133 in
805 2100 880 2134 loco
900 2101 955 2134 ubi
973 2102 1125 2135 oriuntur
1147 2101 1227 2135 tales
1247 2103 1354 2143 venti,

291 2152 339 2176 est
362 2143 538 2177 multitudo
554 2145 717 2184 materiae,
737 2144 859 2178 scilicet
875 2157 913 2178 ex
960 2157 1002 2178 ua
1017 2145 1054 2179 fit
1069 2145 1231 2180 exhalatio
1256 2148 1355 2188 sicca;

291 2187 377 2220 unde
394 2187 433 2221 de
451 2187 534 2221 facili
558 2188 719 2232 repellunt
732 2199 847 2222 ventos
870 2158 1044 2224 debiliores
1062 2190 1180 2235 quibus
1193 2191 1354 2233 incidunt,

291 2240 322 2264 et
341 2232 386 2264 sic
402 2231 586 2276 frequenter
602 2232 725 2266 faciunt
741 2245 798 2266 eos
815 2245 949 2267 cessare.
971 2235 1011 2268 Et
1027 2244 1105 2268 sunt
1121 2246 1218 2268 causa
1235 2237 1354 2269 sereni-

291 2276 364 2308 tatis
388 2277 486 2309 aeris:
516 2278 591 2321 quia
615 2286 748 2322 propter
770 2278 1012 2312 vehementiam
1041 2278 1137 2312 flatus
1166 2279 1355 2324 propellunt

291 2320 534 2354 consistentiam
558 2321 695 2355 nubium
712 2323 758 2355 eis
778 2322 992 2356 obviantium.
1020 2323 1084 2357 Sed
1106 2323 1170 2358 hoc
1190 2325 1352 2368 contingit

291 2364 421 2408 quando
453 2376 519 2398 non
550 2374 626 2399 sunt
656 2366 867 2400 vehementer
896 2366 1025 2411 frigidi:
1058 2377 1136 2401 tunc
1167 2370 1256 2402 enim
1284 2381 1353 2402 non

291 2417 439 2441 serenant
462 2421 584 2450 aerem,
609 2409 665 2443 sed
690 2422 748 2444 sua
771 2410 945 2455 frigiditate
970 2413 1147 2456 inspissant
1171 2422 1203 2446 et
1229 2414 1355 2458 ingros-

290 2461 362 2485 sant
395 2465 550 2497 vaporem
578 2455 611 2487 in
643 2454 782 2495 nubem;
813 2456 897 2489 sicut
927 2457 1068 2501 exempli
1097 2458 1199 2501 gratia
1229 2459 1352 2492 caecias

290 2496 474 2541 frequenter
497 2508 674 2542 congregat
696 2499 810 2540 nubes,
825 2509 856 2534 et
877 2512 943 2534 non
964 2510 1013 2534 est
1037 2502 1175 2536 omnino
1199 2513 1352 2536 serenus:

282 2541 366 2585 'quia
381 2553 449 2574 non
465 2541 521 2575 flat
537 2544 674 2579 omnino
697 2543 869 2578 lateraliter
894 2546 977 2578 circa
994 2555 1112 2579 terram
1134 2546 1191 2580 sed
1213 2546 1354 2581 declinat

291 2586 382 2629 quasi
406 2597 518 2618 versus
543 2595 677 2628 terram,
701 2597 733 2621 et
757 2588 889 2633 quando
913 2601 930 2622 a
955 2599 1037 2623 terra
1061 2590 1249 2632 reflectitur,
1273 2601 1352 2625 tunc

290 2628 443 2673 propellit
461 2629 564 2663 nubes
589 2631 756 2666 obviantes
780 2633 819 2666 ad
844 2633 954 2667 locum
978 2646 1077 2668 suum
1101 2647 1119 2668 a
1139 2647 1207 2680 quo
1231 2636 1354 2680 incepit

291 2672 385 2713 flare,
413 2682 444 2706 et
467 2673 510 2707 ibi
534 2686 587 2708 eas
612 2686 805 2720 congregat:
836 2677 924 2722 quod
949 2679 994 2712 sic
1019 2688 1068 2712 est
1091 2691 1188 2714 causa
1212 2679 1351 2714 nubium

291 2725 323 2750 et
338 2717 477 2760 pluviae.
503 2718 598 2752 Unde
622 2719 739 2754 dicitur
762 2722 795 2754 in
817 2721 990 2765 proverbio
1015 2723 1054 2757 de
1079 2735 1188 2765 avaro,
1205 2724 1295 2770 quod
1312 2725 1352 2759 ad

292 2762 435 2805 seipsum
460 2762 556 2796 trahit
578 2766 750 2807 pecuniam
774 2766 858 2799 sicut
881 2768 1003 2800 caecias
1028 2768 1160 2802 nubem.

348 2816 383 2857 3.⁸
401 2806 528 2840 Deinde
553 2819 627 2840 cum
652 2808 745 2844 dicit:
774 2809 952 2855 Gyrationes
975 2818 1074 2846 antem
1091 2813 1176 2858 fiunt
1199 2822 1273 2854 etc.‚
1297 2813 1351 2847 de-

291 2857 441 2901 terminat
457 2850 495 2883 de
512 2853 681 2895 gyratIOne
698 2863 882 2888 ventorum.
896 2855 1002 2889 Vocat
1019 2866 1128 2890 autem
1191 2858 1351 2891 rationem

291 2903 533 2936 generationem
557 2898 645 2929 venti
670 2899 859 2943 propinqui,
884 2901 1119 2935 circumeundo
1143 2870 1349 2936 fflrizontem

292 2946 366 2980 post
382 2940 594 2972 cessationem
612 2941 717 2984 primi.
736 2942 827 2975 Sicut
842 2943 981 2988 exempli
998 2946 1110 2988 gratia,
1128 2946 1260 2990 quando
1275 2956 1351 2990 post

292 2983 504 3016 cessationem
525 2983 691 3018 subsolani
710 2996 882 3030 generatur
898 3000 1007 3029 eurus,
1033 2990 1088 3034 qui
1105 2999 1154 3023 est
1171 2991 1200 3024 ei
1217 2992 1351 3035 propin-

293 3037 386 3102 quus,
398 3035 475 3059 tunc
490 3027 606 3061 dicitur
617 3031 744 3073 gyratio
761 3040 946 3073 ventorum,
960 3034 1036 3077 quia
1047 3043 1221 3077 generatur
1234 3046 1351 3068 secun-

316 3081 370 3102 um
395 3071 557 3122 quendam
582 3085 709 3117 gyrum.
735 3075 824 3108 Dicit
839 3087 917 3119 ergo
934 3077 1024 3121 quod
1044 3079 1216 3123 gyrationes
1235 3089 1350 3112 vento-

292 3124 364 3146 rum
377 3121 551 3148 cessantzum
563 3117 595 3149 in
607 3117 720 3158 habita,
738 3119 821 3152 idest
833 3122 1059 3163 generationes
1072 3124 1280 3167 sequentium
1295 3125 1349 3168 qui

293 3166 368 3190 sunt
387 3157 497 3199 habiti,
522 3159 604 3193 idest
621 3173 857 3206 consequenter
874 3176 908 3197 se
926 3164 1081 3200 habentes
1099 3166 1138 3200 ad
1155 3167 1351 3211 praeceden-

292 3208 350 3241 tes,
361 3201 443 3235 fiunt
459 3203 639 3238 secundum
652 3206 895 3240 translationem
911 3208 989 3242 solis
995 3222 1004 3250 ;
1018 3211 1093 3254 quia
1107 3211 1156 3244 sol
1173 3223 1230 3255 per
1245 3223 1351 3245 acces—

294 3255 364 3295 sum
387 3245 428 3296 ad
453 3246 577 3280 diversa
593 3248 665 3282 loca
681 3249 785 3284 elevat
801 3251 1039 3287 exhalationem
1055 3255 1185 3296 siccam,
1202 3267 1285 3300 quae
1302 3266 1351 3290 est

294 3299 488 3333 principium
512 3301 696 3334 ventorum,
718 3303 749 3327 et
771 3295 813 3328 ita
830 3296 863 3328 in
881 3296 942 3329 illis
959 3297 1034 3331 facit
1048 3309 1350 3341 generare‚ventOS‚

294 3343 351 3374 per
367 3344 529 3367 recessum
545 3347 634 3377 vero,
648 3338 722 3381 quia
738 3339 846 3372 deficit
862 3340 1000 3374 elevatio
1017 3343 1181 3384 materiae,
1202 3343 1276 3377 facit
1293 3357 1350 3378 eos

296 3386 480 3428 cessaret-et
497 3380 571 3422 quia
589 3381 637 3413 sol
654 3382 776 3415 accedit
793 3392 824 3416 et
843 3385 964 3418 recedit
987 3387 1169 3420 secundum
1187 3388 1351 3432 quendam

295 3430 424 3462 gyrum,
442 3421 514 3454 ideo
526 3422 598 3456 facit
608 3427 787 3469 gyrationes,
801 3427 863 3460 hoc
877 3437 923 3461 est
937 3431 1162 3472 generationes
1175 3441 1350 3466 ventorum

296 3473 353 3505 per
374 3467 626 3517 gyrum.·1gi,tur
650 3470 724 3519 quia
748 3470 797 3503 sol
822 3472 928 3514 primo
953 3473 1056 3507 elevat
1076 3475 1296 3509 exhalationes
1317 3478 1350 3510 in

295 3514 423 3557 tropico
440 3510 591 3559 aestivali,
616 3512 732 3546 deinde
753 3515 784 3547 in
806 3515 946 3549 solstitio
966 3518 1155 3559 autumnali,
1181 3529 1293 3563 postea
1319 3522 1351 3554 in

296 3558 423 3594 tropico
448 3551 589 3594 hiemali,
613 3564 644 3588 et
664 3556 779 3590 deinde
797 3559 829 3591 in
852 3559 992 3594 solstitio
1016 3562 1158 3603 vernali,
1183 3564 1229 3597 sic
1253 3566 1350 3597 etiam

297 3605 532 3639 consequenter
544 3599 630 3630 venti
642 3611 675 3632 se
689 3600 806 3634 habent
820 3605 1140 3646 proportionabiliter
1150 3616 1181 3640 et
1192 3608 1350 3642 similiter.

1006 254 1593 295 METEOROLOGICORUM
1621 253 1716 289 LIB.
1748 254 1779 289 II

1471 341 1502 373 4.
1527 329 1656 363 Deinde
1681 341 1758 362 cum
1783 329 1878 362 dicit:
1906 329 2063 363 Contrarii
2079 336 2179 362 autem
2196 337 2268 369 etc.‚
2293 329 2490 363 determinat

1416 374 1455 407 de
1480 373 1649 407 effectibus
1672 382 1859 406 ventorum.
1892 373 1934 406 Et
1958 374 2042 406 circa
2066 373 2131 406 hoc
2162 373 2230 406 duo
2255 373 2348 406 facit:
2379 374 2488 417 primo
2527 415 2530 418 ἢ

1416 418 1611 451 determinat
1627 417 1667 450 de
1683 416 1853 450 effectibus
1877 417 2039 460 primariis
2048 429 2057 457 ;
2082 417 2228 450 secundo
2253 417 2293 451 de
2318 417 2488 450 effectibus

1415 461 1627 501 secundariis,
1651 460 1712 494 ibi:
1737 460 1911 500 Nebulosus
1933 467 2034 494 autem
2049 463 2067 482 *
2088 470 2148 494 etc.
2166 462 2256 495 Dicit
2279 473 2359 505 ergo
2379 462 2488 505 primo
2516 472 2528 483 ·

1415 505 1505 550 quod
1522 505 1612 538 venti
1629 505 1782 538 contrarii
1803 504 1980 549 aliquando
2004 505 2130 538 faciunt
2145 505 2244 546 idem,
2262 514 2295 538 et
2310 505 2488 550 aliquando

1415 550 1630 582 contrarium:
1648 548 1735 582 idem
1752 550 1875 582 faciunt
1891 560 1950 593 per
1966 549 2127 590 accidens,
2144 558 2176 582 et
2189 550 2349 583 contraria
2366 561 2425 593 per
2441 561 2487 590 se,

1415 605 1491 626 cuin
1515 605 1574 637 per
1605 604 1640 626 se
1669 592 1804 626 effectus
1837 594 2078 627 contrariorum
2109 594 2175 626 sint
2205 594 2369 627 contrarii.
2395 594 2488 627 Sicut

1413 637 1529 670 boreas
1553 648 1612 681 per
1635 648 1670 670 se
1701 636 1875 681 frigefacit,
1899 637 1957 671 sed
1980 649 2039 682 per
2062 637 2228 679 accidens,
2253 637 2487 682 congregando

1414 681 1537 714 scilicet
1560 680 1713 722 calidum,
1739 681 1900 715 calefacit:
1924 681 2158 726 frigefaciendo
2188 682 2277 715 enim
2299 683 2389 726 cogit
2412 682 2487 715 cali-

1414 726 1494 759 dum
1512 726 1704 769 congregari
1720 726 1754 758 in
1771 737 1872 759 unam
1896 726 1937 759 ali
1962 738 2039 759 uam
2057 735 2194 771 partem,
2212 735 2244 759 et
2267 727 2314 759 sic
2330 725 2487 767 calefacit,

1413 778 1450 803 ut
1474 769 1514 803 de
1543 769 1722 803 visceribus
1747 778 1850 803 terrae
1877 771 1912 803 in
1968 771 2052 804 ieme
2083 770 2310 815 supradictum
2333 779 2401 811 est;
2429 770 2488 805 sed

1412 813 1473 847 libs
1505 823 1537 847 et
1566 814 1690 847 caecias
1721 813 1921 848 humectant.
1951 815 2059 848 Eurus
2087 827 2168 849 vero
2196 814 2213 866 (
2243 826 2320 848 uem
2351 823 2487 859 propter

1412 858 1694 902 propinquitatem
1710 858 1752 891 ad
1775 867 1912 892 ventum
1941 858 2134 893 orientalem
2157 871 2215 904 qui
2239 870 2293 892 am
2309 858 2487 903 apeliotem

1412 902 1556 947 vocant)
1580 911 1613 935 et
1636 911 1780 946 argestes
1809 902 1991 936 desiccant:
2015 903 2074 937 sed
2098 913 2209 937 tamen
2233 915 2332 937 eurus
2363 904 2397 937 in
2420 902 2487 937 fine

1412 946 1449 979 fit
1472 958 1618 991 aquosus
1641 955 1777 991 propter
1801 947 2073 981 commixtionem
2095 949 2228 992 vaporis
2252 947 2391 983 humidi.

1470 1001 1499 1033 5.
1525 990 1655 1024 Deinde
1680 1002 1757 1024 cum
1781 990 1881 1024 dicit:
1912 991 2085 1026 Nebulosus
2115 998 2216 1026 autem
2244 1000 2326 1033 etc.‚
2354 993 2422 1036 agit
2445 991 2486 1026 de

1412 1034 1582 1068 effectibus
1611 1046 1728 1068 eorum
1752 1035 1964 1069 secundariis.
1985 1036 2027 1070 Et
2058 1035 2137 1070 dicit
2156 1035 2246 1082 quod
2271 1037 2430 1080 aparctias
2453 1045 2487 1070 et

1411 1091 1519 1113 meses
1536 1088 1614 1113 sunt
1629 1079 1739 1113 factivi
1762 1079 1915 1120 nubium,
1939 1081 2016 1125 quia
2036 1089 2114 1114 sunt
2129 1079 2350 1124 frigidissimi:
2374 1079 2486 1125 frigidi

1412 1125 1500 1157 enim
1532 1132 1582 1157 est
1613 1135 1814 1168 congregare
1850 1135 2010 1169 vaporem
2041 1133 2074 1158 et
2112 1124 2314 1159 condensare
2349 1134 2428 1159 eum
2450 1124 2486 1159 in

1411 1168 1554 1209 nubem;
1578 1168 1636 1202 sed
1660 1180 1719 1213 per
1746 1168 1915 1210 accidens,
1939 1180 2000 1213 pro
2026 1178 2075 1203 ter
2103 1169 2347 1203 vehementiam
2370 1168 2485 1210 flatus,

1411 1221 1578 1254 serenant,
1602 1212 1821 1257 propellendo
1843 1212 1949 1246 nubes
1973 1225 1991 1247 a
2037 1222 2165 1258 partem
2188 1213 2395 1247 contrariam.
2419 1212 2486 1247 Sed

1410 1257 1590 1300 generativi
1613 1257 1782 1301 grandinis
1806 1266 1843 1291 ut
1866 1257 2071 1302 frequentius
2097 1266 2175 1291 sunt
2198 1257 2287 1292 idem
2314 1257 2486 1310 aparctias,

1411 1301 1495 1335 idest
1517 1301 1644 1343 boreas,
1661 1310 1694 1336 et
1714 1301 1870 1336 thrascias
1887 1310 1920 1336 et
1943 1311 2098 1346 argestes,
2114 1310 2250 1347 propter
2272 1301 2485 1346 frigiditatem

1410 1345 1641 1380 vehementem
1666 1348 1760 1380 cuius
1784 1355 1834 1380 est
1858 1346 2042 1391 congelare.
2066 1347 2110 1381 Et
2129 1346 2308 1381 calefactivi
2331 1354 2410 1382 sunt
2428 1355 2485 1380 au-

1410 1399 1493 1431 ster,
1518 1390 1684 1435 zephyrus
1709 1400 1741 1424 et
1765 1402 1875 1432 eurus,
1901 1391 1954 1425 vel
1977 1399 2112 1443 propter
2136 1390 2335 1425 caliditatem
2355 1389 2485 1429 exhala-

1411 1435 1510 1468 tionis
1527 1434 1683 1476 elevatae,
1699 1435 1752 1469 vel
1767 1445 1904 1480 propter
1927 1435 2125 1470 caliditatem
2148 1436 2294 1480 regionis
2310 1445 2369 1480 per
2383 1445 2485 1480 quam

1410 1478 1568 1513 feruntur.
1595 1479 1701 1520 Quod
1716 1489 1827 1514 autem
1851 1479 1905 1513 hic
1927 1479 2047 1514 dicitur
2063 1479 2104 1515 de
2127 1479 2291 1515 caliditate
2306 1487 2485 1515 ventorum

1411 1523 1603 1566 australium
1627 1533 1763 1569 propter
1786 1523 1985 1558 caliditatem
2008 1536 2043 1559 re
2069 1525 2153 1559 ionis
2178 1535 2237 1569 per
2260 1534 2361 1570 quam
2381 1532 2484 1560 nans-

1410 1577 1508 1609 eunt,
1531 1580 1649 1602 verum
1673 1577 1723 1602 est
1745 1569 1846 1602 etiam
1869 1569 1903 1602 in
1927 1568 2051 1603 boreali
2074 1581 2131 1603 us:
2156 1569 2241 1602 sicut
2265 1568 2354 1603 enim
2373 1576 2485 1606 auster

1410 1621 1460 1646 est
1476 1612 1600 1647 calidus
1625 1621 1760 1658 propter
1783 1612 1980 1647 caliditatem
2000 1613 2155 1658 regionis,
2173 1614 2217 1647 ita
2241 1613 2341 1647 etiam
2354 1611 2484 1655 boreas,

1411 1658 1594 1691 contrarius
1618 1658 1667 1699 ei,
1694 1666 1745 1691 est
1766 1655 1904 1702 frigidus
1936 1667 2071 1703 propter
2100 1657 2311 1702 frigiditatem
2338 1657 2484 1702 regionis

1410 1703 1444 1736 in
1468 1713 1533 1746 qua
1557 1703 1676 1743 oritur,
1705 1710 1737 1735 et
1760 1713 1820 1746 per
1842 1713 1943 1746 quam
1967 1703 2099 1737 transit:
2128 1702 2371 1737 contrariorum
2393 1702 2484 1736 enim

1410 1745 1588 1780 effectuum
1612 1747 1646 1780 in
1669 1754 1786 1780 natura
1809 1757 1940 1791 semper
1962 1758 2080 1780 causae
2104 1755 2182 1781 sunt
2205 1746 2397 1782 contrariae.
2414 1745 2484 1781 Sed

1411 1791 1534 1824 caecias
1558 1789 1653 1824 valde
1682 1790 1863 1824 condensat
1887 1790 2037 1832 caelum,
2066 1790 2151 1825 idest
2174 1801 2301 1832 aerem,
2320 1789 2484 1832 nubibus,

1411 1844 1442 1868 et
1467 1834 1543 1876 libs,
1569 1836 1752 1880 contrarius
1776 1836 1824 1877 ei,
1848 1835 1953 1869 rarius
1976 1835 2041 1869 hoc
2064 1834 2158 1876 facit;
2183 1835 2260 1880 quia
2283 1835 2413 1873 caecias*
2434 1846 2484 1870 re-

1410 1879 1515 1913 flexus
1531 1879 1687 1924 propellit
1709 1879 1815 1913 nubes
1839 1879 1880 1914 ad
1900 1891 1999 1913 suum
2020 1879 2134 1914 locum
2149 1880 2185 1914 in
2201 1891 2270 1924 quo
2285 1891 2306 1916 a
2319 1879 2485 1924 prindpio
2514 1894 2518 1899 ·

1411 1925 1526 1964 oritur,
1543 1933 1576 1958 et
1599 1925 1698 1958 etiarn
1723 1933 1772 1958 est
1796 1923 1951 1968 frigidus:
1977 1933 2010 1958 et
2033 1935 2111 1958 cum
2135 1923 2201 1958 hoc
2224 1923 2322 1958 habet
2343 1923 2485 1963 multam

1410 1970 1581 2003 materiam
1597 1980 1698 2014 quam
1714 1968 1880 2013 propellit,
1896 1969 1973 2013 quia
1996 1968 2073 2003 loco
2097 1977 2147 2002 est
2171 1968 2378 2013 apelioticus,
2396 1968 2486 2003 ¹idest

1434 2025 1515 2058 rope
1539 2022 1676 2047 ventum
1700 2012 1894 2057 apeliotem,
1925 2013 1982 2047 ubi
2005 2012 2057 2047 sol
2087 2012 2193 2048 elevat
2221 2012 2361 2047 multam
2383 2012 2484 2047 exha-

1410 2025 1578 2091 Eitionem.
1609 2058 1650 2092 Et
1677 2058 1836 2102 aparctias
1860 2066 1893 2091 et
1916 2057 2073 2092 thrascias
2103 2066 2135 2092 et
2158 2066 2303 2102 argestes
2332 2065 2487 2093 serenant

1411 2111 1546 2147 propter
1563 2113 1695 2136 causam
1711 2102 1803 2147 prius
1819 2101 1952 2143 dictam,
1966 2113 2024 2147 per
2036 2101 2187 2136 accidens
2203 2101 2339 2144 scilicet,
2348 2110 2485 2147 propter

1410 2147 1654 2181 vehementiam
1686 2146 1793 2180 flatus.
1824 2147 1865 2180 Et
1888 2146 1988 2181 iidem
2011 2147 2113 2188 venti,
2137 2146 2287 2181 similiter
2309 2155 2349 2183 et·
2365 2157 2484 2188 meses,

1410 2191 1534 2225 faciunt
1559 2191 1816 2232 coruscationes,
1840 2191 1917 2236 quia
1938 2200 2015 2225 sunt
2039 2190 2148 2236 frigidi
2172 2200 2205 2225 et
2227 2190 2308 2225 flant
2327 2190 2367 2225 de
2376 2197 2481 2237 prope,

1410 2235 1495 2269 idest
1518 2235 1558 2270 de
1583 2235 1730 2280 partibus
1759 2234 2088 2280 septentrionalibus,
2116 2247 2200 2281 quae
2229 2244 2307 2269 sunt
2329 2234 2484 2287 frigidae;

1411 2281 1655 2314 coruscationes
1679 2281 1769 2314 enim
1800 2288 1833 2314 et
1856 2279 1986 2324 fulgura
2016 2279 2101 2316 fiunt
2124 2291 2142 2313 a
2165 2279 2304 2324 frigido:
2328 2290 2407 2325 quta
2428 2279 2484 2315 fri-

1409 2324 1602 2369 gefaciendo
1619 2324 1739 2366 nubes,
1750 2323 1992 2358 exhalationem
2008 2325 2130 2359 siccam
2145 2325 2180 2359 in
2196 2325 2276 2369 ipsis
2293 2322 2485 2361 conclusam

1410 2379 1442 2403 et
1458 2370 1714 2403 seiniaccensam
1729 2368 1863 2413 expellit
1873 2378 1906 2403 et
1918 2370 2005 2403 exire
2022 2370 2122 2414 cogit.
2139 2369 2180 2403 Et
2193 2377 2329 2421 propter
2343 2368 2484 2404 eandem

1411 2425 1543 2447 causam
1561 2413 1696 2458 quidam
1720 2414 1861 2447 istorum
1885 2422 1963 2447 sunt
1985 2413 2095 2448 factivi
2119 2413 2299 2458 grandnm,
2323 2413 2401 2459 quia
2422 2424 2483 2448 sua

1410 2457 1585 2502 frigiditate
1610 2459 1676 2491 cito
1700 2469 1764 2491 con
1788 2457 1876 2492 elant
1900 2457 2023 2492 nubem
2043 2459 2077 2492 in
2095 2457 2301 2502 grandinem.

1466 2504 1496 2536 6.
1519 2502 1648 2536 Deinde
1666 2513 1742 2535 cum
1783 2502 1851 2536 icit:
1868 2502 2034 2548 Ecnephiae
2046 2509 2146 2536 autem
2156 2503 2242 2547 fiunt
2252 2511 2326 2544 etc.‚
2338 2501 2484 2537 ostendit

1409 2547 1467 2592 qui
1490 2547 1579 2580 venti
1604 2547 1708 2590 magis
1731 2545 1856 2580 faciunt
1884 2546 2070 2591 ecnephias.
2097 2546 2277 2580 Sciendum
2297 2555 2349 2580 est
2370 2554 2484 2580 autem

1409 2590 1500 2637 quod
1531 2590 1690 2635 ecnephia
1726 2590 1900 2635 dupliciter
1937 2591 2024 2624 sumi
2053 2599 2172 2642 potest.
2197 2590 2277 2625 Uno
2308 2589 2412 2625 modo
2451 2599 2484 2624 et

1409 2634 1651 2680 principaliter,
1683 2635 1880 2680 inquantum
1909 2644 1958 2669 est
1982 2636 2116 2680 spiritus
2148 2634 2282 2680 quidam
2313 2634 2420 2669 fluens
2443 2646 2484 2669 ex

1407 2679 1551 2714 nubibus
1583 2691 1660 2713 cum
1690 2679 1848 2713 violentia
1879 2679 1919 2713 ad
1948 2689 2088 2714 terram:
2121 2689 2155 2713 et
2181 2678 2365 2714 secundum
2393 2679 2484 2714 hunc

1408 2723 1547 2758 modum
1565 2723 1835 2758 determinabitur
1851 2723 1891 2758 de
1909 2725 1979 2768 ipsa
1999 2725 2033 2758 in
2049 2725 2147 2758 tertio
2163 2723 2279 2766 huius;
2295 2723 2362 2758 alio
2377 2723 2482 2765 modo

1408 2769 1550 2803 sumitur
1561 2779 1622 2813 pro
1635 2778 1728 2802 motu
1743 2780 1875 2802 sursum
1888 2778 1943 2802 aut
1957 2768 2113 2802 deorsum
2130 2769 2369 2814 cuiuscumque
2381 2768 2482 2810 venti,

1408 2823 1543 2858 propter
1565 2812 1758 2847 violentiam
1782 2812 1914 2846 alterius
1944 2812 2135 2858 incidentis:
2160 2822 2192 2847 et
2220 2813 2267 2846 sic
2295 2812 2335 2847 de
2362 2823 2402 2847 ea
2427 2812 2482 2847 hic

1408 2858 1653 2892 determinatur.
1671 2857 1761 2891 Dicit
1777 2869 1857 2901 ergo
1875 2857 1966 2902 quod
1985 2857 2164 2902 ecnephiae
2183 2857 2326 2891 maxime
2341 2856 2427 2891 fiunt
2446 2857 2482 2891 in

1408 2912 1580 2944 autumn0,
1604 2901 1722 2936 deinde
1742 2903 1775 2936 in
1798 2913 1884 2936 vere.
1907 2902 1949 2936 Et
1967 2901 2041 2935 illos
2058 2910 2177 2936 ventos
2196 2901 2339 2936 maxime
2355 2899 2480 2936 faciunt

1407 2947 1566 2991 aparctias
1583 2955 1615 2980 et
1632 2946 1788 2980 thrascias
1805 2955 1837 2980 et
1856 2955 2014 2990 argestes;
2037 2947 2114 2991 quia
2137 2945 2316 2990 ecnephiae
2338 2945 2480 2981 maxime

1406 2991 1501 3031 fiunt,
1520 2990 1654 3035 quando
1679 2990 1779 3036 aliqui
1798 2991 1888 3025 venti
1911 2990 2063 3024 incidunt
2077 2990 2159 3032 aliis,
2183 2989 2406 3035 propellentes
2422 3001 2480 3028 eos

1407 3035 1447 3069 ad
1471 3045 1591 3069 terram
1609 3045 1745 3080 propter
1760 3035 2004 3069 vehementiam
2021 3034 2129 3076 flatus,
2146 3043 2183 3068 ut
2198 3034 2324 3069 dictum
2340 3041 2406 3069 est:
2423 3033 2481 3069 sed

1407 3080 1471 3113 hoc
1489 3079 1612 3114 faciunt
1628 3079 1784 3124 praedicti
1800 3080 1901 3119 venti,
1918 3079 1975 3124 qui
1991 3088 2069 3113 sunt
2085 3080 2219 3113 maximi
2242 3078 2338 3113 flatus
2357 3087 2391 3120 et
2411 3090 2480 3113 ma-

1405 3125 1493 3158 xime
1519 3124 1669 3158 incidunt
1693 3123 1774 3166 aliis,
1798 3133 1951 3168 utsupra
1975 3123 2101 3158 dictum
2125 3132 2185 3158 est.
2210 3123 2339 3158 Etesiae
2354 3131 2478 3165 autem,

1407 3168 1491 3202 idest
1514 3169 1603 3202 venti
1627 3168 1795 3209 annuales,
1811 3167 1892 3203 flant
1914 3167 2064 3213 gyrando
2093 3167 2278 3202 secundum
2301 3166 2479 3202 circulum:

1408 3213 1486 3257 quia
1510 3212 1731 3247 habitantibus
1756 3214 1839 3247 circa
1863 3213 2070 3247 occidentem
2093 3213 2257 3258 incipiunt
2280 3223 2298 3246 a
2322 3211 2431 3253 borea,
2448 3220 2481 3246 et

1407 3257 1592 3301 procedunt
1611 3259 1645 3291 in
1670 3257 1844 3291 thrasciam
1861 3266 1894 3290 et
1910 3258 1943 3291 in
1959 3269 1994 3291 ar
2018 3266 2134 3298 estem,
2158 3266 2190 3291 et
2209 3257 2427 3290 terminantur
2445 3256 2480 3290 in

1407 3301 1607 3346 zephyrum,
1631 3303 1687 3347 qui
1708 3311 1757 3336 est
1774 3301 1920 3345 frigidus.
1948 3302 1990 3336 Se
2033 3302 2117 3335 circa
2140 3301 2302 3335 orientem
2318 3299 2403 3335 fiunt
2418 3311 2480 3345 gy-

1407 3347 1552 3380 rationes
1569 3346 1608 3380 ab
1625 3346 1743 3380 eodem
1768 3346 1867 3380 borea
1890 3357 2004 3380 versus
2025 3345 2231 3380 occidentem
2248 3354 2281 3379 et
2295 3343 2479 3386 meridiem,

1407 3402 1446 3423 us
1471 3402 1512 3424 ue
1538 3390 1578 3424 ad
1602 3390 1779 3435 apeliotem
1803 3391 1860 3436 qui
1875 3390 1946 3424 ·flat
1969 3389 2008 3424 ab
2034 3390 2159 3424 oriente
2184 3388 2427 3435 aequinoctiali.

1449 3402 1591 3468 qDeinde
1608 3435 1800 3479 recapitulat
1824 3446 1908 3479 quae
1932 3434 2017 3469 dicta
2042 3443 2130 3476 sunt,
2155 3433 2267 3468 dicens
2284 3432 2374 3479 quod
2390 3441 2479 3467 tanta

1407 3490 1424 3511 a
1449 3478 1543 3512 nobis
1568 3479 1652 3512 dicta
1676 3480 1741 3512 sint
1764 3479 1804 3513 de
1828 3479 1953 3519 ventis,
1983 3477 2108 3513 scilicet
2131 3477 2170 3512 de
2195 3477 2393 3518 substantia,
2421 3489 2478 3523 ge-

1407 3523 1586 3563 neratione,
1603 3533 1635 3556 et
1651 3523 1691 3557 de
1708 3533 1814 3564 motu,
1833 3532 1864 3557 et
1882 3523 1921 3557 de
1946 3522 2022 3557 loco
2046 3524 2210 3567 ipsorum:
2235 3521 2342 3556 adhuc
2365 3530 2477 3556 autem

1407 3566 1447 3599 de
1461 3567 1682 3601 accidentibus
1699 3567 1944 3607 communibus,
1961 3577 1993 3601 et
2006 3568 2148 3612 propriis
2161 3565 2344 3601 secundum
2361 3577 2478 3600 unum-

1408 3622 1572 3655 quemque
1597 3612 1754 3655 ipsorum.
