2782 4134
105 585 114 593 ·
130 583 227 610 corpori
235 588 283 604 om.
294 588 315 604 P.

103 901 114 912 '⁶
129 902 206 921 autem
220 906 246 926 P,
267 905 314 920 om.

104 926 172 948 codd.
188 932 238 948 exc.
252 932 298 947 Asi,

103 954 114 964 *¹
131 959 177 974 non
193 959 221 979 Α,
238 954 316 974 extre-

103 985 141 1000 ma
153 981 181 1005 (et
191 979 315 1004 nobiliora)

104 1011 132 1031 st,
148 1012 195 1027 om.
211 1009 254 1027 cet.
265 1011 315 1026 exc.

105 1222 113 1231 ·
129 1226 179 1242 esse
198 1226 246 1241 orn.
262 1227 274 1242 P
294 1223 315 1241 et

103 1247 172 1269 codd.
184 1253 233 1268 exc.
247 1253 313 1268 noso.

103 1539 112 1548 ·
127 1537 158 1559 Et
171 1543 219 1559 orn.
234 1543 254 1558 r.

104 1591 113 1599 “
138 1590 236 1611 termino
257 1596 270 1611 Ρ
294 1593 315 1611 et

105 1616 174 1638 codd.
188 1622 238 1638 exc.
248 1622 314 1638 Aeso.

103 1861 112 1870 ·
123 1859 227 1880 emerim⁸
237 1864 285 1880 om.
293 1865 314 1880 Ρ.

103 2546 112 2557 “
121 2545 216 2566 termini
229 2550 319 2572 senape

103 2578 119 2598 ι,
131 2578 178 2593 om.
187 2578 212 2598 ῐ-·;
227 2571 316 2593 scilicet

103 2598 158 2619 add.
173 2604 194 2619 P.

347 293 421 318 202

345 358 553 396 rationibus
581 357 741 395 moveri.
771 357 882 395 Unde
905 357 1037 394 dicitur
1060 364 1148 405 post
1170 356 1412 392 Aristotelem

344 411 456 448 huius
485 411 674 460 opinionis
702 411 965 448 Archedemus
994 410 1108 446 fuisse
1137 415 1162 445 η.

402 466 433 501 5.
452 465 598 501 Deinde
619 476 706 500 cum
723 464 826 501 dicit:
851 462 1195 500 Honorabilissimo
1211 461 1310 497 enim
1327 468 1410 507 etc.,

343 518 451 567 ponit
490 517 583 554 duas
622 517 796 554 rationes.
839 517 1013 563 Quarum
1052 515 1177 563 prima
1217 521 1272 550 est
1306 514 1411 561 quod

343 572 527 619 putabant
554 569 883 606 honorabilissimo
905 568 1054 617 corpori
1081 569 1100 589 “’““
1128 566 1411 604 honorabilissi-

345 636 450 660 mam
480 630 696 672 competere
720 623 926 672 regionem,
948 622 1044 658 idest
1071 622 1216 666 locum;
1239 633 1285 657 eo
1306 621 1412 668 quod

343 677 427 713 loca
440 676 774 725 proportionantur
789 674 1011 723 corporibus
1031 674 1246 712 secundum
1276 686 1411 710 eorum

344 737 528 766 naturam.
549 729 793 766 Manifestum
814 736 868 764 est
886 735 1014 764 autem
1034 729 1139 777 quod
1153 727 1248 776 ignis
1268 734 1324 763 est
1342 728 1410 764 ho-

344 782 551 819 norabilior
588 794 704 829 quam
737 789 852 827 terra,
881 788 963 817 tum
995 789 1152 830 propter
1186 780 1408 827 claritatem,

343 843 424 872 tum
442 842 598 884 propter
615 835 793 878 virtutem
813 834 990 882 activam,
1010 842 1093 872 tum
1114 834 1227 871 etiam
1255 841 1411 882 propter

344 888 584 925 subtilitatem
619 887 746 936 ipsius.
777 887 1024 924 Manifestum
1054 896 1109 925 est
1129 887 1243 924 etiam
1266 888 1285 908 *
1304 888 1410 935 quod

343 941 490 979 termini
511 943 530 962 ²³²
550 948 636 977 sunt
655 940 860 977 nobiliores
879 941 938 977 his
957 953 1056 989 quae
1077 949 1164 978 sunt
1187 940 1410 977 intermedia

343 995 439 1031 inter
466 994 657 1040 terminos,
679 994 774 1030 sicut
800 994 984 1031 terminus
1011 995 1224 1041 terminato,
1255 1001 1292 1030 et
1320 1006 1409 1030 con-

343 1048 465 1085 tinens
494 1054 684 1084 contento.
707 1047 802 1084 Illud
821 1054 950 1084 autem
979 1048 1083 1096 quod
1104 1055 1159 1084 est
1183 1053 1408 1093 extremum,

343 1101 438 1138 idest
465 1112 699 1149 supremum,
729 1100 768 1137 in
796 1100 960 1148 mundo,
991 1108 1027 1138 et
1054 1101 1226 1138 medium
1256 1100 1408 1147 mundi,

342 1154 539 1203 ponebant
567 1166 649 1190 esse
673 1154 782 1201 quasi
811 1154 1011 1200 terminos;
1033 1167 1132 1203 quae
1159 1161 1316 1203 propter
1334 1154 1409 1190 hoc

342 1207 537 1256 ponebant
574 1219 655 1243 esse
685 1207 705 1228 '¹⁴
734 1207 970 1244 nobilissima
1006 1208 1101 1245 loca.
1133 1209 1182 1244 Et
1209 1207 1309 1254 ideo,
1339 1206 1409 1244 ista

344 1261 560 1309 cogitantes,
586 1273 665 1297 non
683 1261 879 1309 ponebant
904 1268 1044 1298 terram
1069 1261 1107 1298 in
1126 1260 1255 1298 medio
1276 1261 1410 1309 sphae-

342 1327 405 1351 rae
426 1313 639 1361 mundialis,
661 1313 729 1351 sed
756 1313 876 1362 magis
895 1314 1035 1362 ignem,
1062 1314 1126 1363 qui
1154 1322 1257 1351 tenet
1275 1326 1409 1350 secun-

343 1367 435 1404 dum
454 1368 582 1404 locum
598 1367 800 1404 nobilitatis
814 1374 901 1416 post
922 1367 1097 1404 caelestia
1116 1380 1289 1416 corpora,
1311 1379 1409 1416 quae

343 1428 429 1458 sunt
457 1421 496 1457 in
524 1428 706 1457 extremo.

396 1475 432 1511 6.
455 1474 673 1511 Secundam
693 1473 878 1511 rationem
897 1473 1005 1523 ponit
1032 1473 1101 1510 ibi:
1122 1474 1257 1510 Adhuc
1284 1479 1408 1510 autem

341 1528 592 1577 &thagorici
610 1535 678 1564 etc.
699 1528 749 1564 Et
764 1529 783 1548 ’²‘
800 1527 888 1564 dicit
906 1527 1013 1576 quod
1032 1527 1272 1576 Pythagorici
1291 1539 1410 1576 pone-

343 1581 434 1618 bant
452 1581 578 1629 ignem
598 1580 636 1617 in
659 1581 786 1618 medio
807 1581 827 1602 *
847 1580 997 1627 mundi,
1018 1588 1174 1629 propter
1193 1581 1268 1617 hoc
1292 1581 1408 1629 quod,

344 1647 432 1671 cum
461 1634 507 1671 sit
530 1634 889 1683 principalissimum
909 1634 1005 1670 inter
1026 1634 1225 1681 elementa,
1242 1634 1410 1670 maxime

344 1688 458 1725 debet
477 1688 706 1735 conservari,
723 1688 819 1724 sicut
833 1699 893 1724 res
910 1687 1096 1736 pretiosas
1115 1687 1326 1735 diligentius
1347 1700 1409 1724 cu-

344 1741 550 1778 stodimus:
587 1741 736 1778 medius
773 1748 900 1777 autem
937 1741 1044 1777 locus
1081 1740 1232 1777 videtur
1267 1741 1409 1777 habere

342 1796 457 1832 talem
487 1794 740 1832 conservandi
769 1793 1078 1842 dispositionem,
1109 1794 1216 1842 quasi
1249 1794 1411 1830 vallatus

344 1856 380 1885 et
406 1848 580 1885 firmatus
610 1860 655 1885 ex
683 1847 862 1884 omnibus
895 1859 992 1895 quae
1023 1847 1183 1884 exterius
1208 1848 1227 1868 ³¹²
1252 1847 1411 1884 circum-

343 1909 441 1938 stant
460 1902 644 1939 medium.
661 1902 710 1938 Et
724 1901 812 1938 inde
829 1907 884 1937 est
904 1901 1008 1949 quod
1023 1899 1275 1948 Pythagorici,
1292 1908 1410 1937 meta-

342 1955 498 2004 phorice
539 1956 737 2004 loquentes
752 1983 762 2001 ,
792 1953 1042 1991 nominabant
1078 1954 1177 1990 hanc
1214 1953 1410 2001 regionem

343 2021 442 2058 quae
470 2009 585 2045 habet
610 2008 748 2056 ignem,
780 2020 862 2044 esse
891 2018 1084 2043 carcerem
1112 2007 1175 2044 vel
1204 2007 1409 2044 custodiam

342 2062 456 2099 Iovis.
473 2082 497 2089 -
513 2063 562 2098 Et
581 2062 656 2098 hoc
675 2061 705 2098 si
724 2061 975 2108 intelligamus
995 2060 1122 2108 ignem
1143 2073 1225 2097 esse
1246 2060 1410 2098 custodi-

343 2123 437 2152 tum.
468 2115 508 2152 Si
536 2123 663 2152 autem
691 2114 942 2162 intelligamus
969 2111 982 2134 ⁰
1010 2114 1136 2161 ignem
1175 2126 1257 2150 esse
1287 2122 1410 2151 custo-

344 2168 524 2215 dientem,
546 2176 696 2217 oportet
716 2181 735 2204 e
757 2179 943 2205 converso
963 2167 1167 2215 intelligere
1190 2167 1295 2216 quod
1316 2167 1410 2215 ignis

344 2222 410 2270 qui
425 2222 536 2258 habet
553 2223 652 2259 hanc
671 2222 877 2271 regionem,
899 2220 995 2258 idest
1023 2220 1087 2269 qui
1116 2228 1218 2257 tenet
1238 2221 1409 2258 medium

343 2276 482 2321 locum,
499 2275 644 2313 dicatur
664 2287 790 2312 carcer
805 2274 923 2321 Iovis,
940 2274 1047 2322 quasi
1065 2274 1212 2310 habens
1230 2274 1410 2311 virtutem

345 2328 593 2366 custodiendi.
1076 2351 1079 2376 ,

398 2394 433 2430 7.
455 2382 605 2419 Deinde
634 2393 722 2418 cum
751 2381 855 2418 dicit:
889 2380 1087 2429 Tanquam
1122 2380 1286 2417 medium
1317 2388 1408 2425 etc.,

345 2435 458 2472 solvit
484 2435 718 2484 praedictam
740 2435 939 2472 rationem.
963 2435 1012 2470 Et
1031 2433 1119 2470 dicit
1139 2433 1243 2482 quod
1271 2434 1410 2482 Pytha-

346 2488 462 2536 gorici
481 2490 519 2526 in
539 2488 733 2538 praedicta
762 2487 906 2525 ratione
926 2487 1129 2524 utebantur
1156 2486 1313 2523 nomine
1334 2499 1410 2523 me-

346 2542 408 2587 dii,
430 2555 474 2578 ac
503 2542 533 2579 si
551 2542 781 2590 simpliciter,
802 2541 898 2578 idest
920 2540 1098 2587 univoce,
1121 2539 1307 2576 diceretur
1330 2551 1410 2575 me-

349 2595 453 2632 dium
483 2594 764 2642 magnitudinis,
796 2601 832 2630 et
850 2593 889 2631 id
908 2593 1013 2642 quod
1042 2600 1098 2629 est
1124 2592 1295 2629 medium
1323 2592 1410 2628 rei*

402 2752 430 2787 η)
449 2752 515 2777 alios
534 2759 571 2777 ex
589 2752 663 2779 his...
681 2751 860 2776 Archedemus
872 2751 968 2784 fuisse.
980 2764 999 2770 —
1013 2751 1063 2775 Pro
1077 2751 1157 2779 alios,
1177 2750 1280 2782 aliquos
1295 2750 1412 2780 codices;

350 2796 397 2821 pro
410 2788 522 2818 moveri,
539 2794 643 2813 movere
656 2787 731 2813 codd.
745 2795 799 2812 exc.
809 2788 843 2817 Α;
855 2786 932 2811 huius
945 2786 1078 2818 opinionis
1091 2794 1144 2811 om.
1157 2787 1175 2810 P
1191 2791 1216 2810 et
1231 2786 1305 2811 codd.
1321 2793 1374 2810 exc.
1389 2786 1412 2810 Α

350 2825 421 2856 (esse
439 2829 525 2848 tamen
545 2823 711 2847 inserendum
730 2827 799 2855 patet
820 2830 850 2847 ex
869 2821 1015 2854 contextu);
1035 2829 1082 2854 pro
1100 2821 1288 2851 Archedemus,
1302 2821 1412 2846 Arcide-

350 2860 418 2884 mius
437 2859 456 2883 P
476 2867 535 2884 cum
555 2859 686 2883 nonnullis
706 2866 736 2882 ex
755 2858 831 2884 codd.

402 2893 427 2928 θ)
447 2895 568 2927 ignem...
581 2893 768 2926 intelligamus.
788 2907 807 2912 —
826 2893 881 2917 Hoc
900 2892 1095 2917 homoteleuton
1114 2900 1167 2918 om.
1182 2893 1218 2923 Α;
1243 2896 1268 2916 et
1286 2899 1346 2917 mox
1365 2899 1412 2925 pro

349 2933 454 2962 oportet
473 2930 534 2962 legit
553 2932 696 2962 oporteret.
708 2943 726 2947 —
740 2929 794 2953 Cet.
810 2936 857 2961 pro
876 2935 890 2953 e
908 2935 1043 2956 converso,
1064 2928 1153 2960 legunt
1173 2927 1259 2953 modo.

1043 279 1114 316 DE
1144 279 1320 315 CAELO
1350 278 1420 314 ET
1450 277 1646 314 MUNDO
1676 277 1771 315 LIB.
1803 279 1834 314 ΙΙ

1470 356 1681 392 secundum
1711 363 1898 404 naturam,
1928 368 1997 406 per
2022 355 2126 405 quod
2155 355 2295 393 scilicet
2322 364 2457 395 natura
2486 356 2541 394 rei

1470 416 1734 446 conservatur:
1765 409 1861 446 sicut
1887 409 2066 447 videmus
2088 411 2106 430 ²³²
2127 409 2166 445 in
2187 409 2413 447 animalibus
2433 411 2539 460 quod
2568 420 2576 428 ·
2593 418 2689 440 dicimus
2705 425 2728 440 Δ·

2568 469 2576 477 ·
2587 466 2655 488 aliud
2663 473 2684 488 t.
2698 478 2709 483 -
2719 467 2782 489 idem

1469 473 1547 498 non
1578 464 1597 483 >²²
1628 469 1683 499 est
1709 462 1813 499 idem
1841 463 2015 500 medium
2045 475 2067 499 a
2095 475 2172 511 quo
2202 470 2336 500 natura
2366 463 2539 501 animalis

1469 576 1655 617 quantum
1691 569 1740 606 ad
1775 570 1946 618 corporis
1984 569 2308 617 magnitudinem,
2340 570 2445 618 quod
2483 577 2539 607 est

1468 622 1589 670 magis
1623 622 1837 660 umbilicus.
1867 623 1917 660 Et
1949 622 2000 659 ita
2029 630 2084 659 est
2113 623 2228 660 etiam
2257 623 2539 660 aestimandum

1467 674 1506 711 in
1533 683 1613 712 toto
1643 675 1759 722 caelo,
1790 676 1886 713 idest
1909 676 1948 713 in
1971 684 2051 713 toto
2080 677 2274 713 universo.
2306 677 2355 713 Et
2381 683 2539 725 propter

1466 729 1541 764 hoc
1561 741 1640 765 non
1660 736 1811 778 oportet
1840 742 1906 766 eos
1936 729 2108 766 dubitare
2130 729 2228 766 circa
2243 737 2367 766 totum
2385 730 2538 767 univer-

1466 794 1565 829 sum,
1582 782 1690 830 quasi
1717 782 1884 830 indigeat
1911 782 2093 830 custodia,
2114 782 2165 819 ita
2189 784 2294 831 quod
2323 789 2498 832 oporteat
2517 785 2538 804 ’ἓ

1467 847 1659 871 carcerem
1680 835 1762 872 sive
1782 835 1995 873 custodiam
2024 836 2192 873 universi
2217 836 2420 874 attribuere
2451 848 2537 873 cen-

1465 895 1536 934 tro,
1557 889 1663 937 quod
1684 895 1739 925 est
1762 889 1936 926 medium
1956 889 2243 936 magnitudinis:
2263 891 2332 927 sed
2349 891 2368 911 ²³²
2389 897 2539 939 oportet

1466 953 1649 988 quaerere
1689 942 1736 978 de
1773 953 1819 978 eo
1858 942 1963 990 quod
2001 949 2057 979 est
2090 943 2264 980 medium
2303 950 2460 980 naturae
2498 943 2537 980 in

1464 994 1666 1041 universo,
1694 994 1789 1031 sicut
1816 994 1855 1031 in
1884 995 2062 1042 animali,
2100 996 2211 1044 quale
2249 996 2295 1033 sit
2322 996 2536 1033 secundum

1465 1054 1654 1094 naturam,
1676 1054 1712 1084 et
1739 1047 1822 1096 quis
1842 1048 1948 1084 locus
1978 1048 2012 1084 ei
2036 1048 2252 1086 naturaliter
2281 1057 2474 1099 competat
2504 1051 2535 1086 *.

1518 1101 1568 1137 Et
1586 1101 1682 1137 haec
1711 1099 1788 1137 duo
1817 1100 2051 1138 manifestat:
2080 1102 2206 1150 primo
2227 1102 2382 1151 quidem
2411 1110 2536 1140 osten-

1466 1153 1559 1190 dens
1595 1153 1706 1202 quale
1734 1154 1781 1191 sit
1808 1153 1980 1191 medium
2008 1154 2176 1201 universi
2203 1161 2211 1176 ¹
2242 1157 2347 1204 quod
2375 1168 2537 1204 propor-

1464 1207 1629 1244 tionatur
1658 1207 1760 1244 cordi
1787 1206 1970 1244 animalis.
2001 1208 2050 1244 Et
2079 1207 2167 1244 dicit
2191 1208 2297 1257 quod
2326 1215 2382 1245 est
2400 1209 2537 1257 princi—

1464 1261 1572 1310 pium
1601 1260 1763 1297 aliorum
1792 1272 2020 1309 corporum,
2051 1268 2088 1297 et
2116 1261 2283 1298 maxime
2311 1261 2537 1298 honorabile

1465 1314 1561 1351 inter
1589 1313 1661 1350 alia
1689 1326 1868 1363 corpora:
1890 1321 1926 1351 et
1953 1314 2049 1350 haec
2078 1321 2134 1351 est
2152 1315 2316 1363 sphaera
2343 1315 2537 1352 stellarum

1465 1368 1641 1404 fixarum.
1658 1389 1681 1395 -
1699 1369 1791 1404 Non
1810 1374 1939 1404 autem
1961 1367 2144 1416 competit
2172 1367 2206 1404 ei
2235 1368 2342 1404 locus
2370 1367 2534 1414 medius,

1465 1422 1532 1458 sed
1552 1420 1672 1468 magis
1691 1421 1798 1458 locus
1818 1420 1977 1457 extremi
1997 1420 2243 1457 continentis:
2264 1420 2353 1469 quia
2372 1420 2411 1458 id
2431 1420 2538 1469 quod

1467 1482 1521 1511 est
1534 1474 1706 1511 medium
1722 1467 1992 1522 magnitudinis
2007 1473 2102 1510 inter
2120 1475 2204 1511 loca
2217 1473 2399 1522 universi,
2416 1474 2537 1523 magis

1466 1527 1694 1564 assimilatur
1719 1527 1854 1564 ultimo
1884 1539 2002 1575 quam
2029 1527 2229 1576 principio.
2259 1528 2310 1564 Et
2332 1528 2407 1565 hoc
2435 1527 2536 1575 ideo,

1465 1580 1554 1630 quia
1569 1580 1742 1618 medium
1758 1588 1814 1617 est
1825 1587 2045 1617 contentum
2056 1588 2093 1618 et
2108 1580 2403 1618 determinatum
2415 1580 2538 1618 omni·

1466 1635 1537 1671 bus
1556 1634 1651 1679 aliis3
1680 1634 1718 1671 id
1738 1642 1865 1670 autem
1887 1633 1993 1682 quod
2013 1634 2182 1682 estfinis,
2204 1634 2301 1671 idest
2321 1641 2536 1672 extremum

1464 1687 1560 1724 inter
1589 1699 1751 1736 corpora
1770 1687 1983 1724 secundum
2013 1687 2189 1724 ordinem
2213 1688 2400 1735 locorum,
2421 1687 2538 1725 habet

1466 1741 1652 1778 rationem
1681 1740 1966 1777 determinantis
1994 1747 2031 1777 et
2061 1741 2080 1762 *
2109 1740 2348 1778 continentis.
2375 1740 2537 1778 Manife-

1465 1802 1565 1831 stum
1585 1801 1640 1831 est
1659 1801 1788 1830 autem
1817 1793 1921 1842 quod
1941 1794 1962 1814 ‘³‘
1983 1793 2180 1830 continens
2200 1801 2256 1830 est
2275 1793 2536 1831 honorabilius

1466 1854 1658 1893 contento,
1679 1854 1716 1883 et
1734 1846 1821 1883 finis
1840 1847 1860 1867 ’¹‘
1879 1858 1997 1896 quam
2020 1846 2187 1884 finitum:
2208 1846 2298 1895 quia
2313 1853 2536 1885 contentum

1466 1908 1501 1937 et
1520 1900 1671 1938 finitum
1699 1899 1888 1948 pertinent
1912 1899 1959 1937 ad
1980 1899 2167 1936 rationem
2197 1900 2378 1937 materiae
2399 1901 2431 1947 ⁸,
2453 1911 2535 1937 esse

1464 1962 1591 1991 autem
1622 1953 1820 1990 continens
1849 1961 1884 1990 et
1912 1953 2061 2000 finiens,
2083 1953 2131 1990 ad
2160 1952 2348 1990 rationem
2377 1953 2535 2001 formae,

1465 2019 1563 2056 quae
1585 2015 1640 2044 est
1655 2006 1863 2044 substantia
1877 2006 1991 2043 totius
2012 2006 2279 2043 consistentiae
2291 2008 2310 2026 ⁴*
2326 2018 2468 2044 rerum.
2485 2007 2536 2044 Et

1463 2061 1514 2098 ita
1542 2072 1704 2109 corpora
1733 2060 1963 2097 continentia
1991 2067 2078 2097 sunt
2096 2059 2217 2108 magis
2246 2059 2432 2107 formalia,
2454 2071 2537 2097 cor-

1463 2126 1559 2163 pora
1595 2121 1721 2151 autem
1761 2121 1939 2150 contenta
1974 2120 2061 2150 sunt
2088 2112 2208 2161 magis
2236 2112 2456 2151 materialia.
2487 2113 2538 2151 Et

1463 2167 1551 2205 ideo
1571 2167 1609 2204 in
1637 2174 1717 2204 toto
1737 2166 1930 2214 universo,
1952 2165 2048 2203 sicut
2074 2173 2184 2213 terra,
2205 2178 2305 2215 quae
2334 2167 2382 2203 ab
2411 2166 2536 2204 omni-

1463 2221 1535 2257 bus
1555 2220 1768 2257 continetur
1787 2221 1819 2266 *,
1841 2221 1880 2257 in
1907 2219 2037 2257 medio
2067 2219 2234 2257 localiter
2261 2219 2450 2267 existens,
2481 2226 2538 2257 est
2562 2227 2716 2278 ξιφῶν
2727 2234 2778 2250 om-

1464 2273 1632 2311 maxime
1651 2272 1854 2310 materialis
1881 2281 1916 2310 et
1935 2272 2209 2321 ignobilissima
2233 2285 2459 2322 corporum;
2485 2272 2537 2310 ita

1465 2327 1578 2364 etiam
1606 2339 1788 2376 suprema
1815 2327 1978 2376 sphaera
2007 2334 2063 2363 est
2099 2325 2267 2363 maxime
2296 2325 2466 2364 formalis
2500 2333 2537 2364 et

1464 2380 1710 2427 nobilissima,
1742 2387 1778 2417 et
1804 2379 1901 2417 inter
1929 2380 2117 2417 elementa
2145 2379 2240 2427 ignis
2258 2385 2272 2400 ²
2292 2387 2349 2416 est
2367 2379 2535 2417 maxime

1465 2433 1662 2470 continens
1692 2441 1728 2470 et
1756 2433 1922 2470 maxime
1952 2432 2132 2469 formalis.

1518 2486 1660 2524 Ultimo
1699 2493 1827 2522 autem
1866 2485 2094 2534 epilogando
2131 2485 2320 2522 concludit
2353 2485 2460 2533 quod
2487 2486 2536 2524 de

1465 2540 1551 2576 loco
1580 2546 1700 2576 terrae
1730 2538 1887 2587 quidam
1915 2539 2057 2575 habent
2084 2539 2200 2575 talem
2237 2537 2459 2588 opinionem
2489 2538 2537 2576 si-

1469 2600 1530 2629 cut
1559 2592 1701 2629 dictum
1730 2599 1797 2628 est.

1521 2750 1539 2782 ι)
1560 2750 1596 2774 Et
1615 2750 1680 2775 haec
1700 2749 1785 2775 duo...
1799 2749 1924 2774 universi.
1937 2763 1956 2768 -
1970 2749 2006 2774 lta
2025 2749 2083 2779 PA;
2103 2749 2149 2774 sed
2169 2749 2188 2773 P
2209 2756 2263 2774 om.
2278 2749 2393 2781 quidem,
2413 2749 2485 2782 quod
2502 2749 2538 2775 At

1466 2793 1589 2818 expresse
1607 2785 1735 2815 referunt,
1755 2786 1831 2809 ceteri
1851 2785 1988 2814 insinuant,
2008 2785 2076 2809 male
2096 2785 2211 2817 legentes
2230 2784 2311 2816 quod.
2330 2785 2381 2809 Pro
2399 2785 2465 2810 haec
2483 2784 2537 2810 duo

1466 2821 1629 2862 manifestat,
1642 2821 1706 2861 {naec
1725 2820 1857 2845 dubitatio
1872 2820 2062 2853 manifestatur
2075 2819 2235 2851 BCDEFG1;
2255 2819 2334 2845 iidem
2348 2827 2396 2852 pro
2409 2819 2535 2850 universi,

1467 2856 1680 2923 maggztgdfftz
1699 2892 1828 2916 elementa
1848 2891 1925 2924 ignis.
1938 2904 1957 2910 —-
1975 2895 2002 2916 et
2020 2899 2074 2915 om.
2091 2891 2181 2921 codd.;
2197 2895 2257 2924 post
2271 2891 2401 2916 elementa
2413 2890 2462 2916 AsI
2476 2890 2536 2916 add.

1467 2934 1538 2952 vero.
1557 2940 1575 2947 —-
1594 2927 1620 2951 ln
1640 2926 1690 2952 fine
1709 2935 1756 2959 pro
1775 2927 1844 2952 sicut
1862 2926 1962 2952 dictum
1982 2929 2028 2956 est,
2050 2926 2069 2951 P
2089 2929 2145 2956 etc„
2166 2933 2220 2952 om.
2239 2926 2315 2951 codd.
2335 2933 2389 2952 exc.
2410 2927 2442 2951 Α.

2567 499 2616 515 om.
2638 494 2708 516 codd.
2731 499 2781 516 exc.

1469 523 1728 563 conservatur,
1759 516 1864 564 quod
1898 524 1954 553 est
1977 528 2054 563 cor,
2086 524 2121 552 et
2145 516 2250 564 quod
2281 524 2336 553 est
2365 517 2538 554 medium
2565 526 2610 542 *³¹-

2566 786 2575 795 *
2591 787 2713 813 oporteret
2725 791 2749 807 Α.

2564 891 2573 900 ·
2585 891 2666 913 αἰαῖ»
2676 894 2699 913 et
2708 890 2781 912 codd.

2565 923 2614 939 exc.
2629 923 2651 939 Α.

2564 1050 2705 1098 ἑοὲῗι’”’ὲξ’ἔ’
2714 1055 2737 1098 1
2756 1052 2780 1072 “

2564 1748 2574 1757 '
2589 1746 2654 1775 qnod
2666 1753 2690 1768 Ρ.

2564 1801 2573 1810 ·
2589 1801 2612 1821 et
2626 1805 2649 1821 r.

2564 1858 2573 1867 ·
2581 1856 2674 1885 fintene
2685 1862 2709 1878 Α.

2563 1909 2575 1921 ·
2595 1908 2668 1931 medi
2685 1908 2778 1931 codices

2563 1941 2614 1958 exc.
2627 1941 2677 1958 ut.

2565 2015 2574 2024 ·
2588 2014 2747 2038 communae
2763 2022 2777 2038 P

2563 2041 2671 2091 εετεεε·
2684 2047 2735 2064 ...
