2782 4134
1116 288 1227 325 CAP.
1255 287 1307 336 v,
1337 287 1490 324 LECT.
1519 286 1592 324 xv
1898 313 1903 321 .
2373 287 2449 334 317

102 382 139 399 αα
255 366 382 404 anima
401 379 424 404 a
444 378 618 416 corpore,
639 379 719 404 non
734 367 861 403 solum
876 378 956 403 non
976 374 1170 404 remaneat
1188 373 1224 388 “⁵²
1249 366 1326 404 ani-
1434 367 1470 404 6.
1482 365 1632 404 Deinde
1648 377 1737 402 cum
1753 364 1856 403 dicit:
1878 365 2115 414 Quapropter
2128 370 2183 402 est
2195 365 2343 414 quidem
2364 371 2449 412 etc.,

256 420 346 467 mal,
362 419 430 456 sed
450 419 563 456 etiam
581 420 685 456 nulla
699 431 787 468 pars
805 419 991 466 animalis,
1012 419 1082 456 nisi
1101 419 1324 469 aequivoce,
1381 419 1571 457 concludit
1607 418 1835 468 epilogando
1874 430 2068 455 summam
2103 418 2320 455 solutionis:
2355 417 2450 454 scili-

14 479 171 532 '2⁶3¹ssss
180 485 228 528 ξιιμ
254 479 298 510 ut
316 471 450 509 dicitur
469 473 501 508 ΙΙ
521 473 568 509 de
584 473 726 509 Anima
745 472 781 518 *;
801 479 931 509 tamen
950 472 1101 509 videtur
1119 473 1225 520 quod
1245 485 1326 509 rna-
1381 480 1439 510 cet
1467 473 1573 521 quod
1600 471 1895 521 quodammodo
1924 471 2115 520 quaelibet
2134 483 2223 520 pars
2253 470 2374 508 carnis
2394 477 2451 507 est

159 521 166 528 '
200 521 217 571 ᾗ
256 524 311 573 gis
333 532 422 574 post
443 532 611 562 mortem
639 525 810 562 animalis
839 532 1035 562 remaneat
1059 537 1147 562 caro
1176 533 1242 563 aut
1270 538 1324 573 οε,
1380 533 1502 573 aucta,
1523 525 1662 563 scilicet
1689 524 1913 574 accipiendo
1943 537 2097 562 carnem
2122 524 2336 561 secundum
2364 535 2449 572 spe-

0 577 122 623 }·a·⁰⁴·
256 590 375 627 quam
403 590 541 616 manus
577 585 643 615 aut
669 577 888 625 brachium,
915 578 954 615 in
991 577 1129 627 quibus
1155 578 1176 601 '¹‘
1203 578 1326 626 magis
1381 579 1497 625 ciem;
1528 586 1564 616 et
1591 578 1883 628 quodammodo
1921 590 2021 626 non,
2051 577 2190 615 scilicet
2225 576 2448 626 accipiendo

0 636 7 643 ·
256 638 441 681 apparent
468 631 709 681 operationes
737 630 901 668 animae.
1381 644 1535 669 carnem
1563 632 1776 669 secundum
1804 631 2015 669 materiam.

310 788 356 822 αα)
369 796 422 815 non
437 792 738 815 remaneat.-remanet
750 789 809 815 edd.
819 790 866 820 ab,
877 793 1016 815 remaneat
1028 791 1056 820 P.
1067 797 1119 815 non
1133 793 1255 815 remanet
1267 790 1322 815 C.-
1375 797 1431 823 cap.
1445 798 1469 821 x,
1488 798 1514 815 n.
1533 798 1541 814 1
1550 798 1575 821 1;
1595 790 1621 815 S.
1635 789 1686 816 Th.
1701 790 1745 816 lib.
1757 791 1817 822 vn,
1837 791 1895 816 lect.
1909 790 1945 825 x).
1958 804 1978 811 -
1994 789 2045 815 Pro
2062 789 2135 823 quod
2154 789 2276 823 magIs...
2294 790 2449 818 remaneat,

256 824 308 850 Pro
322 824 355 850 ΙΙ
367 824 402 850 cle
414 825 520 854 Anima,
540 824 594 850 VII
607 824 762 859 Metaphys.
775 826 807 857 A,
826 825 851 850 V
863 825 1017 859 Metaphys.
1039 826 1078 851 Ca
1092 825 1135 858 (cf.
1148 825 1207 851 Did.
1219 825 1263 851 lib.
1276 825 1319 857 VI,
1375 825 1462 859 magis
1513 825 1576 858 quia
1593 829 1730 851 remaneat
1743 826 1774 858 A,
1793 826 1865 859 quod
1883 826 1971 859 magix
1983 829 2049 858 post
2062 825 2165 851 animal
2177 827 2298 850 remanet
2317 824 2364 849 Ca.

267 2675 302 2693 ,μ
