2782 4134
21 459 64 488 ’ἐι
71 466 95 488 in
101 466 205 494 planetis
212 472 234 488 Λ.

45 673 178 696 velocium
191 680 213 696 Α.
228 689 230 691 -

33 2322 105 2346 Num.
119 2329 137 2345 1.

32 3075 152 3101 durabilia
165 3076 220 3098 edit.
231 3087 234 3090 ·

65 3106 88 3125 et
95 3102 164 3125 codd.
170 3109 220 3125 exc.

1106 275 1218 312 CAP.
1249 276 1320 323 IX,
1351 276 1503 313 LECT.

263 349 437 386 velocius
453 359 643 389 movetur.
661 353 788 389 Tanto
809 359 939 389 autem
961 359 1016 390 est
1033 353 1156 390 maior
1176 354 1334 391 circulus

264 401 303 439 in
323 415 400 451 quo
417 412 597 441 movetur
616 406 732 452 stella,
750 412 893 453 quanto
909 405 948 442 in
967 407 1130 454 sphaera
1145 408 1335 444 stellarum

263 455 427 493 fixarum
446 457 567 505 magis
587 458 698 495 distat
722 470 744 495 a
771 459 881 506 polo;
901 458 940 494 in
967 459 1126 507 planetis
1156 468 1284 497 autem
1315 462 1334 482 ’³⁴

263 517 407 556 quanto
436 510 557 558 magis
594 511 732 548 distant
759 523 781 548 a
815 518 955 548 centr0.
995 513 1045 548 Et
1080 512 1167 549 ideo
1202 525 1333 550 secun-

264 561 357 599 dum
386 563 676 612 proportionem
692 563 976 611 elongationum
997 565 1188 602 stellarum
1210 567 1257 602 ab
1278 566 1333 602 in—

261 614 401 663 vicem,
418 616 500 653 sive
521 616 633 653 etiam
652 629 674 653 a
695 624 823 654 centro
837 617 900 654 vel
916 630 938 654 a
956 618 1066 666 polis,
1083 619 1333 666 comprehen-

263 668 406 706 debant
424 669 508 706 fieri
529 669 787 707 diversitatem
806 670 1052 707 velocitatum
1066 671 1087 692 ’ss
1106 671 1145 707 in
1165 671 1333 708 motibus

262 722 467 781 stellarum,
489 730 526 759 et
542 735 612 771 per
631 735 869 771 consequens
889 723 1059 760 acuitatis
1088 731 1124 760 et
1142 724 1332 771 gravitatis

261 774 300 812 in
318 774 424 812 sonis
443 787 587 812 earum.
609 775 859 813 Inveniebant
892 785 1020 814 autern
1050 777 1331 825 elongationem

261 828 341 864 sive
365 827 558 865 distantias
579 829 599 850 *
620 841 702 865 esse
726 829 940 867 secundum
967 830 1236 890 proportiones
1263 843 1331 867 nu-

260 881 434 928 merales,
456 893 554 929 quae
583 881 725 919 faciunt
753 882 954 920 musicales
983 883 1269 928 consonantias;
1297 892 1332 921 et

259 933 348 971 ideo
368 934 572 971 dicebant*
588 936 693 983 quod
713 948 831 972 sonus
851 944 1039 973 astrorum
1056 949 1154 986 quae
1170 949 1330 974 moven-

224 994 320 1024 ·tur
347 987 386 1025 in
405 987 572 1034 circuitu,
594 995 649 1025 est
673 989 970 1026 harmonicus*
962 1019 970 1035 ,
1001 1002 1116 1039 quem
1139 991 1332 1028 vocabant

257 1052 401 1088 vocem,
421 1049 578 1090 propter
602 1042 678 1078 hoc
706 1043 812 1090 quod
839 1044 1035 1092 ponebant
1064 1056 1226 1093 corpora
1247 1057 1330 1081 cae-

258 1095 381 1132 lestia·
393 1107 474 1132 esse
503 1094 681 1132 animata.

310 1160 349 1196 4.
378 1148 528 1186 Deinde
558 1160 647 1194 cum
677 1148 784 1186 dicit:
819 1149 1006 1191 Quoniam
1031 1156 1157 1187 autem
1179 1151 1329 1187 irratio-

258 1202 485 1248 nabile-etc.‚
503 1201 667 1239 ostendit
686 1202 885 1250 quomodo
907 1203 1116 1240 obviabant
1137 1205 1156 1223 ⁹⁵
1177 1203 1328 1240 cuidam

222 1282 229 1288 .
259 1255 495 1293 dubitationi.
513 1255 642 1291 Primo
659 1267 748 1303 ergo
763 1255 784 1277 *
799 1256 907 1304 ponit
922 1256 1209 1294 dubitationem.
1227 1257 1327 1293 Cum

259 1308 362 1346 enim
399 1321 470 1346 nos
507 1309 720 1346 habeamus
758 1308 930 1346 auditum
969 1322 1048 1358 quo
1085 1322 1157 1346 nos
1187 1322 1328 1346 sonum

256 1362 490 1412 percipimus
518 1361 543 1408 ς,
573 1361 724 1399 videtur
751 1374 829 1399 non
859 1375 940 1400 esse
970 1362 1192 1400 rationabile
1222 1363 1328 1411 quod

257 1427 338 1454 non
365 1415 585 1453 audiremus
612 1421 690 1452 tam
709 1427 890 1463 magnam
918 1427 1070 1463 vocem,
1101 1415 1131 1452 si
1156 1428 1201 1452 ex
1220 1424 1328 1453 motu

257 1476 448 1506 astrorum
475 1468 706 1518 proveniret.

311 1521 490 1559 Secundo
515 1521 586 1558 ibi:
617 1532 771 1558 causam
796 1521 907 1558 huius
927 1528 1009 1568 etc.‚
1040 1521 1204 1559 ostendit
1231 1534 1327 1570 quo-

256 1575 376 1613 modo
404 1574 494 1611 huic
517 1573 741 1611 dubitationi
767 1574 987 1612 obviabant.
1018 1574 1206 1612 Dicebant
1226 1575 1327 1613 enirn

254 1629 355 1666 hanc
383 1639 466 1665 esse
497 1639 652 1664 causam
678 1639 798 1675 quare
826 1628 925 1665 hanc
947 1630 965 1647 ’ἡ
993 1640 1133 1665 vocem
1162 1641 1242 1666 non
1260 1641 1326 1665 au—

255 1681 393 1728 dimus,
410 1680 500 1730 quia
515 1681 536 1703 *²
556 1680 682 1718 statim
698 1693 786 1718 cum
806 1681 1012 1728 nascimur,
1029 1681 1198 1719 coexistit
1213 1682 1324 1719 nobis

253 1734 322 1773 iste
351 1746 487 1781 sonus;
517 1742 553 1771 et
575 1734 664 1772 ideo
693 1746 773 1771 non
800 1742 926 1784 potest
954 1735 1065 1772 nobis
1093 1735 1325 1773 manifestari

252 1789 358 1839 per*
377 1799 491 1825 suum
521 1787 753 1837 oppositum,
784 1788 890 1836 quod
920 1796 975 1825 est
1003 1788 1210 1834 silentium;
1229 1790 1325 1826 haec

254 1841 358 1879 enim
387 1841 477 1888 duo,
507 1841 646 1879 scilicet
671 1853 750 1879 vox
779 1849 816 1878 et
842 1841 1046 1889 silentium,
1067 1854 1136 1890 per
1164 1855 1205 1880 se
1229 1843 1325 1880 invi-

254 1907 340 1933 cem
358 1900 373 1919 η
401 1894 655 1933 diiudicantur
682 1902 718 1932 et
746 1894 1021 1933 discernuntur.
1055 1896 1166 1933 Unde
1191 1896 1326 1934 accidit

252 1948 475 1987 hominibus
510 1948 557 1986 de
587 1960 683 1985 sono
714 1948 933 1986 caelestium
963 1961 1190 1998 corporum,
1230 1949 1326 1986 sicut

253 2001 389 2040 accidit
416 2001 700 2039 malleatoribus
728 2002 844 2049 aeris,
878 2002 943 2050 qui
979 2010 1136 2051 propter
1164 2015 1323 2040 consue-

251 2055 425 2094 tudinem
453 2055 562 2103 quasi
590 2067 670 2092 non
698 2055 863 2093 sentiunt
891 2055 1144 2095 differentiam
1175 2056 1260 2094 soni
1288 2065 1325 2094 et

252 2108 398 2157 silentii,
420 2121 467 2146 eo
496 2108 602 2158 quod
631 2121 741 2146 aures
771 2121 906 2146 eorum
935 2117 1024 2146 sunt
1047 2109 1226 2159 impletae
1254 2111 1323 2147 hu-

252 2161 420 2200 iusmodi
448 2174 558 2200 sono.

310 2217 343 2253 5.
364 2215 496 2252 Tertio
516 2215 589 2252 ibi:
612 2216 726 2252 Haec
747 2221 874 2252 autem
898 2216 1216 2263 quemadmodum
1237 2224 1321 2263 etc.‚

251 2268 446 2318 improbat
465 2268 604 2306 dictam
625 2268 934 2318 responsionem;
952 2268 1083 2306 dicens
1102 2269 1208 2317 quod
1228 2269 1324 2306 sicut

253 2322 368 2360 etiam
391 2321 495 2372 prius
515 2323 535 2344 *
555 2322 720 2360 diximus
741 2320 765 2370 ⁰,
790 2323 886 2359 haec
906 2322 1081 2360 dicuntur
1100 2323 1148 2359 ab
1169 2322 1222 2359 eis
1241 2323 1322 2360 alli-

252 2375 402 2422 cienter,
431 2375 529 2413 idest
556 2376 769 2413 secundum
790 2375 984 2424 quandam
1002 2375 1243 2425 probabilem
1265 2389 1321 2413 ra-

250 2429 395 2466 tionem
411 2441 510 2477 quae
525 2429 638 2466 allicit
652 2441 762 2466 aures
777 2428 993 2476 hominum,
1010 2436 1047 2466 et
1061 2430 1213 2475 musice,
1225 2429 1323 2467 idest

250 2482 462 2520 secundum
498 2482 664 2520 musicas
702 2482 878 2530 rationes,
908 2482 976 2519 sed
1003 2495 1083 2519 non
1111 2483 1321 2520 secundum

249 2536 466 2581 veritatem3
495 2535 731 2585 impossibile
761 2535 863 2572 enim
889 2543 944 2573 est
963 2536 1068 2585 quod
1095 2537 1171 2573 hoc
1199 2537 1319 2574 modo

250 2601 292 2627 se
322 2589 501 2627 habeant.
541 2589 642 2636 Quia
679 2589 710 2626 si
748 2601 911 2639 corpora
948 2589 1121 2626 caelestia
1154 2590 1322 2627 facerent

249 2650 329 2680 tam
357 2654 520 2691 magnos
549 2655 677 2691 sonos,
707 2655 788 2680 non
816 2643 941 2680 solum
966 2651 1021 2680 est
1043 2642 1320 2681 inconveniens

250 2695 357 2745 quod
383 2695 476 2733 nihil
513 2708 647 2733 eorum
685 2695 879 2743 audiatur,

250 2748 440 2796 nituntur;
478 2749 547 2787 sed
576 2749 690 2786 etiam
717 2749 992 2787 inconveniens
1021 2758 1077 2787 est
1104 2751 1208 2798 quod
1239 2763 1319 2788 cor-

247 2814 345 2852 pora
363 2802 542 2840 inferiora
560 2802 650 2840 nihil
677 2803 868 2852 patiantur
896 2803 944 2839 ab
972 2803 1042 2840 illis
1068 2803 1183 2851 sonis,
1205 2804 1319 2841 etiam

249 2855 280 2893 si
308 2867 376 2893 eos
403 2868 483 2893 non
519 2856 692 2893 sentiant.
731 2856 917 2893 Videmus
953 2856 1055 2893 enim
1092 2857 1197 2905 quod
1235 2858 1319 2894 soni

250 2909 475 2946 excellentes
497 2909 695 2947 destruunt
722 2922 800 2946 non
830 2910 954 2946 solum
981 2910 1154 2947 auditum
1174 2911 1318 2948 anima-

249 2962 354 3009 lium,
371 2963 438 3000 sed
458 2963 572 3000 etiam
587 2963 778 3012 quaedam
798 2975 960 3012 corpora
979 2963 1202 3010 inanimata;
1224 2964 1319 3001 sicut

250 3027 368 3052 sonus
395 3015 550 3053 tonitrui
578 3016 712 3064 frangit
739 3016 896 3065 lapides,
927 3024 963 3053 et
991 3017 1106 3054 ctiam
1135 3018 1207 3054 alia
1236 3030 1318 3054 cor-

248 3080 344 3118 pora
372 3068 525 3106 duriora
554 3070 590 3117 ²⁸⁸,
621 3069 716 3107 sicut
742 3070 886 3107 sermm
915 3078 952 3107 et
979 3070 1154 3107 aedificia
1183 3079 1219 3108 et
1247 3071 1318 3108 alia

248 3121 480 3159 huiusmodi.
512 3122 630 3169 Quod
657 3123 814 3172 quidem
844 3123 1024 3171 contingit
1044 3136 1124 3161 non
1143 3124 1193 3161 ita
1212 3125 1316 3173 quod

249 3187 412 3224 corpora
445 3175 653 3213 inanimata
688 3176 878 3225 patiantur
906 3189 928 3213 a
955 3189 1052 3214 sono
1090 3178 1317 3226 inquantum

299 3317 325 3351 ζ)
348 3318 414 3343 Cum
432 3318 502 3343 enim
522 3325 570 3343 nos
588 3318 732 3343 habeamus
744 3319 867 3344 auditum
880 3327 932 3352 quo
946 3327 993 3344 nos
1005 3327 1098 3345 sonum
1114 3320 1285 3352 percipimus.
1297 3333 1316 3338 -

250 3354 316 3378 Cum
336 3354 405 3378 enim
425 3361 478 3378 non
497 3353 640 3379 habeamus
660 3354 782 3379 auditum
797 3355 980 3387 perceptivum
1002 3355 1072 3381 vocis
1092 3363 1157 3388 quos
1178 3356 1245 3387 (quo
1261 3355 1314 3386 sA)

246 3389 328 3414 etiam
342 3389 415 3414 sonis
428 3387 519 3422 (sonos
533 3388 581 3423 ΒΑ)
597 3397 650 3421 per
663 3397 711 3415 nos
725 3390 894 3422 percepimus
908 3391 944 3420 A;
962 3391 1027 3415 Cum
1040 3391 1110 3415 enim
1124 3398 1172 3415 nos
1191 3391 1315 3415 habemus

245 3423 370 3449 auditum
383 3425 567 3456 perceptivum
582 3425 660 3455 vocis,
679 3433 731 3458 quo
745 3433 798 3458 per
817 3433 864 3451 nos
882 3433 975 3451 sonum
991 3427 1084 3458 (sonos
1099 3426 1135 3458 E)
1150 3425 1314 3458 percipimus

247 3459 334 3484 ceteri.

300 3495 327 3526 η)
340 3502 392 3527 per
403 3501 431 3520 se
443 3494 564 3520 invicem.
573 3509 592 3515 —-
600 3496 693 3528 seipsis
705 3496 815 3522 invicem
826 3497 854 3526 P,
865 3497 928 3529 quia
942 3504 970 3521 se
984 3496 1094 3521 invicem
1109 3495 1184 3520 codd.
1195 3502 1247 3519 exc.
1258 3495 1314 3518 A.-

247 3530 299 3555 Pro
312 3530 414 3555 Unde...
429 3530 462 3555 de
474 3538 547 3561 sono,
562 3531 637 3556 Unde
650 3532 688 3556 ita
702 3532 801 3557 accidit
814 3532 963 3557 hominibus
973 3532 1006 3556 de
1015 3530 1167 3556 huiusmodi
1180 3536 1245 3554 sono
1258 3530 1313 3553 A.-

246 3565 305 3590 Lin.
320 3573 377 3598 seq.
390 3573 439 3599 pro
458 3563 664 3596 malleatoribus,
680 3568 752 3600 quod
770 3567 829 3592 hab.
844 3568 919 3592 codd.
933 3572 958 3591 et
976 3567 1016 3591 ed.
1035 3565 1108 3594 1516,
1125 3565 1158 3589 de
1177 3565 1312 3588 malleato-

247 3601 321 3626 ribus
341 3601 375 3632 P;
394 3609 442 3633 pro
460 3601 514 3634 qui,
534 3605 561 3627 et
578 3602 614 3632 E,
634 3603 705 3635 quod
724 3607 773 3627 cet.

300 3634 324 3669 θ)
341 3636 470 3662 diximus.
479 3637 543 3662 —Ita
557 3638 632 3662 codd.
645 3643 671 3662 et
685 3638 725 3662 ed.
740 3636 819 3669 1516;
833 3638 945 3662 dicimus
959 3637 988 3661 P.
1001 3650 1020 3654 -
1034 3636 1084 3660 Pro
1099 3635 1163 3659 haec
1177 3634 1312 3662 dicuntur,

918 2696 1024 2746 quod
1062 2696 1132 2745 ipsi
1169 2698 1330 2734 solvere·

1534 277 1624 313 XIV

1392 362 1448 391 est
1468 355 1664 403 quoddam
1693 356 1872 392 sensibile
1900 368 1970 405 per
1993 356 2181 404 auditum,
2212 358 2279 395 sed
2298 358 2458 406 inquan-

1390 416 1472 444 tum
1493 408 1604 445 simul
1624 421 1711 446 cum
1732 421 1829 446 sono
1850 409 1893 446 fit
1911 410 2122 447 vehemens
2141 411 2336 459 percussio
2361 411 2457 448 aeris

2386 281 2456 327 175

1392 469 1427 497 et
1445 469 1572 498 motus
1601 462 1729 510 ipsius,
1750 462 1845 499 sicut
1863 463 2119 512 Philosophus
2149 463 2236 500 dicit
2255 464 2293 500 in
2320 465 2351 500 II
2375 465 2394 485 *
2413 465 2458 501 de
2484 476 2492 486 ·

1389 514 1530 551 Anima
1552 517 1582 552 ²²².
1607 516 1706 552 Cum
1734 515 1844 563 igitur
1872 528 2032 565 corpora
2053 516 2226 553 caelestia
2246 529 2344 565 quae
2373 529 2456 554 mo-

1389 574 1538 614 ventur,
1564 568 1636 606 sint
1655 576 1734 605 tam
1756 569 1775 590 '¹‘
1794 569 1984 606 maximae
2013 569 2245 618 quantitatis;
2276 577 2312 606 et
2339 582 2455 607 sonus

1391 631 1536 667 eorum,
1554 621 1584 658 si
1599 622 1652 669 fit,
1669 629 1819 670 oportet
1834 623 1938 670 quod
1954 623 2193 660 transcendat
2210 623 2229 644 *
2244 623 2455 660 secundum
2483 630 2515 659 'e

1389 684 1588 710 excessum
1608 687 1748 711 sonum
1776 675 1929 712 tonitrui
1959 684 1994 713 et
2017 676 2227 724 quemlibet
2253 676 2369 712 alium
2396 689 2456 713 so—

1389 737 1495 771 num,
1526 727 1738 764 secundum
1766 729 2055 776 proportionem
2084 729 2353 777 magnitudinis
2373 741 2455 766 cor-

1387 790 1527 826 porum
1558 780 1791 825 caelestium;
1822 783 1940 818 multo
1969 782 2089 830 magis
2118 782 2375 819 necessarium
2399 789 2455 819 est

1388 831 1492 890 quod
1513 844 1630 869 sonus
1645 834 1862 870 caelestium
1882 843 2087 883 corporum
2102 847 2224 884 usque
2243 836 2320 872 huc
2335 837 2355 857 ⁵⁵
2369 847 2454 884 per-

1386 884 1554 932 tingeret,
1576 893 1612 922 et
1641 886 1744 934 quod
1769 895 1867 923 esset
1898 887 2139 925 intolerabilis
2172 888 2351 926 fortitudo
2371 888 2454 926 vio-

1386 938 1521 974 lentiae
1541 938 1650 986 illius,
1668 951 1785 987 quam
1805 939 1956 977 inferret
1982 942 2020 978 in
2049 941 2287 979 inferioribus
2317 953 2452 991 corpo-
2475 973 2477 975 .

1386 990 1500 1028 ribus.

1439 1045 1547 1081 Patet
1576 1045 1689 1081 etiam
1727 1044 1799 1081 alio
1828 1045 1947 1082 modo
1976 1053 1983 1066 ¹
2013 1047 2117 1095 quod
2151 1059 2283 1084 eorum
2313 1047 2450 1084 solutio

1385 1109 1464 1134 non
1484 1105 1539 1134 est
1562 1098 1769 1134 sufficiens:
1800 1098 1888 1146 quia
1917 1101 2151 1137 consuetudo
2172 1100 2350 1138 audiendi
2370 1113 2451 1138 ma-

1384 1162 1481 1198 gnos
1516 1163 1652 1197 sonos,
1687 1163 1766 1188 non
1798 1152 1923 1188 solum
1950 1153 2078 1203 :aufert
2111 1153 2377 1191 discretionem
2410 1154 2451 1191 il-

1384 1205 1510 1240 lorum
1545 1216 1750 1250 sonorum,
1781 1205 1847 1242 sed
1878 1205 1990 1242 etiarn
2018 1206 2201 1254 aliorum;
2230 1207 2326 1244 sicut
2357 1208 2451 1244 mal-

1384 1257 1545 1293 leatores
1574 1257 1670 1294 aeris
1698 1269 1777 1294 non
1804 1266 1964 1307 possunt
1991 1259 2186 1308 percipere
2210 1260 2304 1297 alios
2333 1272 2450 1297 sonos

1383 1309 1574 1347 minimos.
1610 1310 1722 1348 Unde
1760 1310 1790 1347 si
1826 1319 1982 1360 propter
2019 1314 2333 1350 consuetudinem
2371 1326 2451 1351 non

1381 1375 1587 1411 possumus
1618 1366 1635 1383 *⁵
1663 1364 1795 1401 'audire
1825 1377 1941 1402 sonos
1971 1366 2187 1403 caelestium
2223 1379 2448 1416 corporum,

1382 1417 1464 1465 pari
1493 1417 1637 1454 ratione
1666 1429 1737 1454 nec
1765 1417 1858 1454 alios
1887 1430 2003 1455 sonos
2031 1419 2162 1456 audire
2190 1432 2402 1468 possemus.

1436 1471 1472 1507 6.
1493 1470 1652 1507 Videtur
1679 1478 1819 1518 autem,
1847 1479 1890 1508 ut
1918 1471 2134 1520 Simplicius
2165 1473 2252 1509 dicit
2278 1473 2316 1509 in
2344 1485 2449 1510 com-

1383 1531 1525 1570 mento,
1538 1523 1711 1560 sustineri
1725 1536 1838 1572 posse
1851 1525 2089 1572 Pythagorae
2104 1526 2241 1574 positio
2259 1533 2389 1563 contra
2404 1538 2448 1564 ea

1382 1589 1479 1625 quae
1494 1576 1556 1613 hic
1566 1577 1786 1614 Aristoteles
1798 1577 1896 1614 dicit.
1910 1577 2040 1615 Primo
2052 1579 2206 1627 quidem
2222 1579 2312 1628 quia
2325 1587 2449 1627 potest

1382 1630 1455 1667 dici
1483 1630 1589 1679 quod
1617 1630 1700 1667 soni
1724 1636 1737 1651 ’‘
1767 1630 1985 1667 caelestium
2015 1643 2221 1680 corporum
2250 1644 2329 1669 non
2361 1640 2448 1669 sunt

1382 1683 1601 1733 corruptivi,
1631 1684 1699 1721 sed
1727 1683 1847 1731 magis
1877 1685 2129 1722 conservativi
2156 1693 2191 1722 et
2208 1685 2446 1732 vivificativi;

1381 1737 1476 1774 sicut
1496 1745 1532 1774 et
1551 1744 1679 1774 motus
1709 1737 1801 1774 caeli
1826 1745 1882 1774 est
1901 1745 1942 1774 ut
1958 1737 2036 1774 vita
2056 1738 2247 1786 quaedam
2267 1738 2448 1776 omnibus

1380 1798 1514 1827 natura
1543 1790 1798 1838 existentibus,
1827 1798 1869 1827 ut
1897 1790 2031 1828 dicitur
2058 1791 2096 1828 in
2114 1792 2201 1828 VIII
2221 1793 2358 1840 Physic
2374 1793 2405 1829 ³⁸.
2423 1813 2447 1820 -

1381 1844 1559 1881 Similiter
1588 1843 1702 1880 etiam
1732 1845 1751 1865 ‘¹²
1780 1843 1886 1893 quod
1920 1856 1991 1881 nos
2019 1856 2097 1881 non
2126 1844 2302 1882 audimus
2331 1857 2447 1882 sonos

1379 1897 1596 1934 caelestium
1627 1909 1845 1946 corporum,
1874 1898 1948 1934 hoc
1977 1910 2056 1934 non
2084 1898 2266 1946 contingit
2292 1906 2448 1948 propter

1379 1950 1706 1998 consuetudinem,
1728 1950 1823 1987 sicut
1842 1950 1903 1987 hic
1922 1950 2076 1996 dicitur;
2097 1951 2187 1999 quia
2207 1952 2446 2000 Pythagorici

1378 2005 1508 2042 dicunt
1527 2005 1784 2053 Pythagoram
1804 2005 1919 2040 talem
1944 2004 2187 2041 harmoniam
2213 2005 2446 2053 quandoque

1378 2058 1580 2104 audivisse,
1603 2057 1668 2105 qui
1687 2066 1817 2094 tamen
1837 2058 1856 2076 ⁶
1887 2060 2091 2094 consuetus
2111 2057 2179 2094 fuit
2199 2070 2284 2094 eam
2303 2058 2443 2106 audire,

1376 2111 1472 2148 sicut
1501 2119 1537 2148 et
1562 2111 1633 2148 alii.
1665 2110 1743 2148 Sed
1775 2111 1850 2147 hoc
1885 2110 2013 2147 dicunt
2045 2110 2217 2148 accidere
2252 2111 2340 2160 quia
2367 2124 2446 2148 non

1376 2165 1507 2202 omnia
1531 2164 1720 2201 sensibilia
1740 2171 1827 2201 sunt
1846 2164 2133 2213 proportionata
2153 2164 2332 2201 omnibus
2361 2177 2444 2202 sen-

1376 2219 1492 2265 sibus,
1507 2225 1548 2254 ut
1563 2218 1612 2254 ab
1633 2217 1686 2254 eis
1701 2217 1846 2266 percipi
1860 2218 2022 2266 possint;
2039 2217 2134 2254 sicut
2149 2218 2288 2254 multos
2305 2218 2443 2255 odores

1374 2271 1589 2321 percipiunt
1603 2283 1728 2317 canes,
1746 2283 1844 2320 quos
1859 2271 2037 2308 homines
2051 2270 2247 2320 percipere
2263 2284 2341 2308 non
2355 2284 2443 2321 pos-

1376 2332 1475 2362 sunt.
1497 2325 1546 2361 Et
1573 2324 1742 2361 similiter
1774 2331 1899 2373 potest
1933 2324 2006 2361 dici
2035 2325 2139 2373 quod
2173 2325 2255 2361 soni
2284 2325 2333 2361 illi
2366 2337 2443 2361 non

1374 2386 1461 2416 sunt
1479 2377 1743 2428 perceptibiles
1772 2378 1943 2414 humano
1973 2378 2116 2415 auditui
2145 2378 2181 2425 '⁸,
2212 2377 2281 2414 nisi
2309 2378 2442 2427 aliquis

1374 2433 1514 2468 habeat
1532 2443 1687 2468 sensum
1704 2433 1724 2453 ’¹²
1740 2431 1932 2467 elevatum
1951 2438 1988 2468 et
2007 2431 2244 2480 depuratum,
2267 2431 2360 2468 sicut
2377 2432 2442 2468 ha-

1375 2485 1456 2522 buit
1474 2485 1720 2533 Pythagoras.
1743 2484 1932 2531 Quamvis
1952 2484 2023 2522 dici
2040 2484 2159 2533 possit
2178 2483 2283 2532 quod
2303 2485 2440 2533 Pytha-

1373 2551 1485 2586 goras
1513 2538 1657 2575 audivit
1684 2537 1906 2574 huiusmodi
1933 2550 2073 2574 sonum
2093 2550 2171 2575 non
2195 2550 2264 2586 per
2287 2550 2442 2574 sensum

1373 2592 1535 2639 auditus,
1557 2591 1623 2628 sed
1645 2592 1913 2639 cognoscendo
1927 2591 1941 2612 ²
1960 2592 2227 2640 proportiones
2243 2603 2288 2627 ex
2304 2591 2442 2639 quibus

1374 2645 1434 2682 illa
1452 2644 1654 2682 harmonia
1674 2644 1921 2681 constituitur.

1427 2711 1463 2746 7.
1495 2698 1572 2735 Sed
1600 2699 1695 2735 haee
1729 2710 1807 2735 non
1845 2698 2023 2734 videntur
2059 2697 2258 2734 veritatem
2286 2698 2439 2734 habere.

1374 2752 1506 2789 Primo
1535 2751 1692 2811 quidem
1718 2750 1808 2799 quia
1835 2751 2012 2788 videmus
2037 2750 2153 2798 quod,
2175 2750 2260 2787 licet
2280 2762 2440 2798 corpora

1374 2805 1548 2842 caelestia
1585 2804 1658 2842 sint
1695 2816 1809 2841 causa
1837 2804 1856 2823 ⁹³
1885 2804 2004 2850 vitae,
2036 2811 2071 2840 et
2106 2804 2311 2852 praecipue
2353 2803 2438 2849 sol,

1372 2866 1502 2895 tamen
1521 2858 1645 2906 fulgor
1664 2857 1744 2894 eius
1765 2857 1974 2916 corrumpit
1991 2856 2118 2893 Visum
2147 2864 2331 2901 nostrum,
2350 2867 2438 2904 pro—

1371 2920 1456 2961 pter
1493 2913 1568 2948 hoc
1605 2907 1710 2960 quod
1748 2910 1827 2947 eius
1864 2910 2153 2959 proportionem
2198 2908 2367 2944 excedit:
2403 2915 2438 2944 et

1372 2966 1508 3002 eadem
1537 2964 1681 3001 ratione
1719 2976 1836 3000 sonus
1874 2963 1938 3011 qui
1967 2974 2010 2998 ex
2040 2969 2147 2998 motu
2172 2961 2322 2997 illorum
2357 2972 2436 2996 cor-

1370 3031 1510 3067 porum
1544 3017 1781 3067 proveniret‚
1815 3024 1970 3065 propter
2006 3014 2063 3051 sui
2091 3015 2110 3035 ³¹*
2139 3025 2334 3050 excessum
2368 3025 2436 3049 no-

1371 3080 1489 3108 strum
1509 3071 1678 3108 auditum
1701 3075 1970 3127 corrumperet.
1988 3088 2011 3095 -
2028 3067 2203 3103 Secundo
2220 3066 2320 3114 quia,
2342 3065 2437 3102 sicut

1371 3125 1578 3161 intellectus
1598 3131 1653 3160 est
1671 3122 1909 3179 perceptivus
1938 3119 2111 3157 omnium
2139 3118 2433 3166 intelligibilium,

1370 3178 1421 3214 ita
1450 3189 1582 3214 sensus
1613 3183 1667 3212 est
1693 3174 1933 3223 perceptivus
1967 3171 2139 3208 omnium
2179 3171 2432 3219 sensibilium,

1370 3319 1419 3343 hoc
1437 3318 1536 3342 dicitur
1555 3317 1611 3347 PD;
1632 3316 1678 3340 sed
1698 3316 1729 3340 cf.
1743 3315 1806 3339 infra
1825 3315 1873 3339 hoc
1886 3314 1964 3339 modo
1979 3320 2007 3338 se
2025 3313 2147 3338 habeant.
2161 3327 2180 3332 -
2191 3313 2289 3338 Ibidem
2308 3318 2367 3338 ante
2385 3314 2434 3339 hoc

1370 3354 1447 3378 modo
1467 3353 1540 3377 codd.
1554 3359 1607 3376 exc.
1622 3351 1673 3383 ΑρῙ
1693 3351 1790 3374 addunt
1808 3350 1850 3374 hic
1867 3350 1909 3373 vel
1928 3349 1984 3378 hoc,
2004 3349 2045 3373 ed.
2064 3347 2129 3373 1516
2148 3349 2220 3374 haec.

1423 3388 1440 3419 ι)
1457 3388 1534 3412 Patet
1546 3387 1626 3411 etiam
1641 3386 1695 3410 alio
1708 3385 1815 3409 modo—
1827 3385 1916 3408 Etiam
1929 3384 1983 3408 alio
1996 3383 2074 3408 modo
2089 3387 2203 3416 apparet
2216 3384 2270 3409 P.—
2279 3384 2342 3409 Post
2353 3392 2432 3409 unam

1368 3425 1410 3448 lin.
1424 3431 1471 3455 pro
1490 3421 1683 3449 discretionem,
1704 3419 1899 3444 distinctionem
1919 3420 1946 3443 P.

1421 3459 1446 3490 κ)
1461 3457 1530 3482 soni.
1537 3456 1675 3481 s-onusP
1689 3461 1714 3480 et
1728 3455 1802 3479 codd.
1814 3462 1866 3479 exc.
1877 3455 1982 3479 ACG.—
1996 3454 2053 3478 Lin.
2063 3461 2119 3487 seq.
2129 3457 2156 3479 et
2168 3454 2322 3488 vivificativi
2334 3462 2388 3479 om.
2400 3455 2431 3480 A.

1366 3493 1449 3517 -Pro
1467 3493 1535 3517 s1'cut
1553 3494 1592 3519 et,
1618 3491 1686 3515 sicut
1709 3490 1789 3515 etiam
1809 3491 1840 3514 A.
1858 3504 1878 3508 -
1895 3490 1945 3514 Pro
1968 3489 2088 3514 omnibus
2113 3493 2212 3514 natura
2237 3489 2429 3519 existentibus,

1368 3528 1487 3553 omnibus
1506 3526 1681 3551 existentibus
1700 3526 1719 3549 P
1738 3531 1764 3550 et
1783 3526 1857 3550 codd.
1877 3533 1930 3550 exc.
1944 3525 1980 3554 A;
2000 3525 2031 3549 cf.
2047 3525 2096 3550 loc.
2111 3525 2153 3550 cit.

1419 3561 1447 3596 λ)
1467 3562 1665 3595 Pythagoras..
1668 3561 1734 3585 .sed
1751 3560 1941 3593 cognoscendo.
1960 3574 1981 3579 -
1997 3560 2169 3594 Pythagoras
2188 3567 2239 3585 non
2259 3560 2364 3585 audivit
2381 3560 2429 3585 hu-

1366 3597 1481 3622 iusmodi
1494 3604 1587 3622 sonum
1596 3603 1648 3628 per
1660 3596 1756 3628 species
1770 3596 1886 3624 auditus,
1901 3595 2000 3620 scilicet
2013 3596 2195 3629 cognoscendo
2210 3596 2244 3627 P;
2258 3596 2332 3620 codd.
2343 3603 2396 3621 exc.
2406 3597 2430 3620 A

1365 3641 1418 3657 om.
1433 3640 1494 3661 non,
1515 3637 1539 3656 et
1557 3639 1604 3664 pro
1623 3638 1726 3656 sensum
1746 3631 1841 3656 habent
1858 3631 1956 3663 species
1974 3636 2002 3656 ut
2021 3630 2049 3655 P.

2508 476 2532 497 in
2551 475 2611 497 libro
2627 477 2696 498 codd.

2483 523 2695 552 ‘Cap.Vi11‚n.2

2483 556 2544 578 sqq.;
2555 551 2579 573 S.
2586 551 2630 573 Th.
2631 541 2695 574 lect.

2483 583 2554 640 {wiffam
2569 610 2616 625 om.
2633 610 2653 625 ε.

2516 632 2696 652 ertranseatco·

2482 656 2558 682 dices;
2574 657 2604 678 cf.
2616 661 2671 679 text.

2482 846 2491 855 ·
2502 845 2546 866 huc
2556 851 2632 867 omm-

2476 1374 2484 1383 ·
2497 1378 2623 1400 possemus
2637 1379 2660 1394 A.

2473 1801 2484 1812 ⁸
2508 1801 2540 1823 Ca
2559 1818 2565 1823 .
2579 1807 2602 1825 Γ,
2622 1807 2644 1822 n.
2662 1807 2684 1826 1;

2474 1828 2499 1850 S.
2521 1828 2542 1849 T
2561 1845 2566 1850 .
2590 1828 2641 1849 lect.
2662 1834 2685 1854 1,

2474 1860 2497 1875 n.
2512 1860 2532 1875 2.

2473 1883 2483 1890 ¹¹
2498 1883 2575 1902 autem
2589 1887 2609 1902 P.

2473 2072 2481 2081 ·
2493 2073 2569 2093 tamen
2578 2078 2625 2094 om.
2634 2078 2683 2094 esc.

2470 2391 2479 2401 “
2494 2390 2576 2412 auditu
2590 2396 2627 2412 ΑΒ.

2468 2444 2480 2455 “
2494 2443 2599 2465 auditum
2614 2450 2634 2465 r.

2468 2807 2575 2826 'causae
2584 2812 2610 2830 1²3
2623 2805 2679 2827 edit.

2467 2832 2511 2859 15¹6
2527 2838 2578 2853 cum
2594 2831 2662 2853 codd.

2464 3026 2552 3046 'suum
2567 3031 2588 3046 Α.
