2782 4134
95 629 212 660 'quidem
231 629 269 650 hic
290 633 312 651 et

96 663 145 684 seq.
161 656 200 678 lin.
216 662 263 677 om.
274 662 297 678 Α,

95 1058 144 1077 'ut
157 1062 179 1077 Α.

95 1488 104 1496 ·
120 1486 144 1508 S.
155 1486 200 1508 Th.
211 1486 262 1507 lect.
278 1493 305 1511 x;

95 1513 147 1534 Did.
156 1513 196 1534 lib.
205 1513 244 1539 XI,
254 1519 304 1540 cap.

95 1546 141 1567 vin,
153 1545 174 1561 n.
186 1546 210 1575 ¹9
226 1545 262 1567 sq.

342 284 414 331 198

339 362 429 400 alias
444 362 639 410 sphaeras:
657 367 739 397 tum
756 368 939 409 quantum
956 361 1004 397 ad
1014 360 1145 406 vitam,
1158 360 1247 407 quia
1263 358 1402 396 scilicet

337 416 453 452 habet
477 414 704 451 nobiliorem
725 412 886 460 vitamss,
907 421 1038 462 utpote
1067 413 1212 449 habens
1241 413 1400 449 nobilio-

338 481 421 505 rem
441 468 628 513 animam;
648 475 729 503 tum
755 475 938 515 quantum
959 466 1008 502 ad
1026 467 1100 502 hoc
1117 465 1223 512 quod
1243 474 1298 502 est
1318 478 1399 502 esse

337 521 564 571 principium
582 519 890 568 uniuscuiusque,
912 519 1000 578 quia
1016 519 1156 555 scilicet
1178 518 1401 555 universalis

339 575 535 611 causalitas
555 573 673 620 magis
703 573 882 621 competit
900 572 1046 635 primae
1075 572 1258 619 sphaerae
1283 583 1400 619 quam

338 628 447 664 alicui
467 627 637 664 aliarum.
661 626 768 672 Quae
794 626 978 684 quidem
973 624 1208 660 excellentia
1229 624 1400 661 conside-

338 681 410 718 rari
438 687 563 729 potest
592 691 636 715 ex
664 679 797 715 tribus:
818 678 942 727 primo
972 678 1128 726 quidem
1149 677 1237 726 quia
1265 677 1400 714 imme-

338 734 472 771 diatius
501 732 693 770 ordinatur
721 731 768 767 ad
796 731 962 780 primum
990 738 1200 777 motorem3
1231 732 1399 768 secundo

337 787 426 847 quia
456 786 620 823 continet
648 792 683 820 et
720 785 881 821 revolvit
910 797 1045 821 omnes
1075 785 1163 821 alias
1197 786 1399 833 sphaeras;

336 840 445 877 tertio
474 847 600 876 autem
630 839 718 888 quia
750 839 864 875 habet
902 845 1050 874 motum
1079 838 1399 886 simplicissimum

338 901 373 930 et
399 893 696 930 velocissimum.
719 891 964 929 Manifestum
995 899 1050 928 est
1078 899 1204 928 autem
1228 891 1333 950 quod
1361 891 1399 928 id

337 947 441 995 quod
470 954 525 982 est
551 945 831 982 nobilissimum
861 952 897 982 et
916 945 1036 993 magis
1065 944 1231 982 activum
1260 945 1299 981 in
1319 957 1400 981 cor-

335 1000 493 1059 poribus
522 998 755 1045 caelestibus,
786 1005 842 1034 est
870 998 991 1043 stella;
1022 998 1126 1057 quod
1155 998 1318 1035 ostendit
1346 999 1399 1034 lu-

336 1052 531 1089 minositas
559 1052 687 1100 ipsius.
716 1052 764 1088 Et
792 1051 879 1088 ideo
910 1051 1143 1089 conveniens
1173 1059 1226 1088 est
1255 1053 1399 1100 quod²²²

334 1106 458 1154 prima
486 1106 646 1164 sphaera
673 1105 842 1142 abundet
869 1105 907 1142 in
927 1105 1165 1142 multitudine
1194 1106 1399 1153 stellarum,

334 1171 403 1208 per
432 1158 757 1207 comparationem
786 1158 834 1195 ad
863 1159 954 1195 alias
982 1159 1173 1207 sphaeras.

390 1214 423 1249 3.
447 1212 486 1248 Si
505 1224 597 1248 vero
619 1223 882 1270 supponamus
902 1213 1006 1261 quod
1026 1213 1187 1260 sphaera
1207 1213 1399 1249 stellarum

333 1266 496 1303 fixarum
529 1277 608 1301 non
640 1265 686 1301 sit
718 1277 897 1324 suprema
925 1266 1111 1314 sphaera,
1150 1266 1218 1303 sed
1251 1265 1297 1302 sit
1329 1265 1401 1302 alia

334 1319 493 1367 sphaera
528 1331 572 1355 ea
610 1318 781 1366 superior
810 1323 841 1366 ⁷,
875 1318 914 1355 in
942 1331 1019 1367 qua
1051 1320 1151 1356 nulla
1184 1327 1239 1356 est
1274 1320 1398 1366 stella,

333 1372 423 1409 nihil
453 1372 576 1408 differt
590 1372 639 1408 ad
658 1371 911 1420 propositum.
943 1372 1044 1419 Quia
1063 1380 1191 1409 motus
1215 1374 1398 1433 sphaerae

333 1438 411 1462 non
437 1433 492 1462 est
520 1425 590 1461 nisi
618 1433 773 1474 propter
800 1432 949 1462 motum
979 1427 1117 1473 stellae,
1139 1433 1180 1462 ut
1209 1426 1368 1463 dicitur
1360 1439 1398 1463 111

332 1479 402 1516 XII
418 1479 633 1528 Metaphys.
639 1479 675 1499 *·
667 1478 797 1515 ,unde
816 1478 875 1515 ille
896 1486 1022 1516 motus
1043 1491 1244 1528 supremae
1264 1480 1398 1528 sphae-

332 1544 407 1579 rae,
424 1544 522 1580 quae
539 1539 639 1568 caret
653 1531 778 1578 stellis,
795 1530 1020 1569 ordinatur⁸
1039 1533 1089 1570 ad
1108 1540 1258 1570 motum
1279 1534 1398 1570 stella-

333 1598 418 1623 rum
433 1585 610 1630 fixarum3
632 1585 737 1632 sicut,
749 1561 960 1622 s'ecundum
980 1586 1156 1634 antiquos
1175 1587 1397 1634 astrologos,

331 1637 594 1687 unusquisque
613 1638 764 1687 planeta
784 1639 899 1675 habet
917 1639 1054 1676 multas
1074 1640 1254 1688 sphaeras
1270 1652 1399 1676 caren-

332 1700 387 1729 tes
416 1693 530 1739 stella,
565 1691 756 1728 ordinatas
785 1692 834 1728 ad
862 1699 1012 1729 motum
1041 1693 1166 1729 stellae
1195 1693 1367 1730 infixae
1359 1706 1397 1730 m

331 1745 463 1782 ultima
483 1756 626 1781 earum.
658 1745 707 1781 Et
725 1745 936 1782 secundum
955 1746 1042 1793 hoc,
1065 1754 1251 1794 quantum
1270 1746 1319 1783 ad
1339 1759 1398 1783 or-

333 1799 459 1836 dinem
477 1806 614 1845 motus,
636 1797 696 1834 illa
715 1798 876 1846 sphaera
895 1798 1019 1847 prima
1033 1775 1177 1836 'cadit
1169 1812 1206 1836 in
1231 1799 1398 1837 eundem

332 1851 507 1889 ordinem
528 1863 615 1888 curn
635 1851 796 1899 sphaera
815 1852 1007 1888 stellarum
1035 1852 1211 1889 fixarum.
1238 1854 1399 1901 Propter

332 1905 437 1953 quod
458 1905 570 1941 etiam
590 1904 810 1941 Aristoteles
834 1904 1023 1952 signanter
1048 1905 1136 1942 dicit
1160 1917 1241 1942 esse
1261 1907 1398 1943 multas

332 1958 455 1995 stellas
480 1957 691 1994 secundum
718 1957 881 2005 primam
908 1958 1083 1995 lationem
1105 1964 1133 2005 ²,
1163 1971 1242 1995 non
1271 1967 1398 1996 autem

333 2012 544 2048 secundum
563 2010 728 2059 primam
747 2012 971 2058 sphaeram:
996 2011 1084 2060 quia
1102 2011 1259 2048 lationes
1280 2012 1399 2049 deter-

331 2064 524 2101 minantur
536 2063 755 2103 necundum
777 2064 912 2111 stellas,
932 2072 1089 2113 propter
1113 2077 1208 2113 quas
1229 2065 1399 2102 deferen-

333 2118 400 2154 das
434 2124 638 2154 moventur
669 2118 872 2165 sphaerae,
907 2130 986 2154 non
1023 2125 1152 2154 autem
1185 2119 1397 2156 secundum

331 2171 522 2219 sphaeras.
558 2170 644 2206 Hoc
677 2177 804 2206 autem
839 2171 964 2207 solum
997 2170 1107 2208 infert
1137 2171 1243 2219 quod
1271 2179 1399 2209 motus

331 2223 522 2260 stellarum
551 2223 713 2260 fixarum
743 2236 821 2260 non
851 2224 919 2260 erit
952 2223 1110 2260 omnino
1144 2224 1323 2273 simplex,
1358 2233 1399 2262 ut

329 2275 549 2313 Aristoteles
578 2276 805 2325 supponit,
776 2276 790 2302 t
826 2278 894 2314 sed
923 2276 1157 2325 compositus
1178 2289 1223 2314 ex
1247 2278 1398 2315 duobus

329 2329 507 2366 motibus.

381 2394 419 2430 4.
442 2382 660 2419 Secundam
698 2382 884 2419 rationem
912 2383 1021 2442 ponit
1057 2382 1131 2419 ibi:
1160 2383 1246 2420 Erit
1271 2389 1396 2421 autem

330 2436 454 2484 utique
474 2443 561 2472 etc.·
552 2448 685 2483 ,quae
706 2435 862 2484 quidem
883 2436 1044 2473 sumitur
1072 2436 1284 2473 secundum
1308 2450 1396 2486 pro-

326 2489 544 2538 portionem
565 2488 812 2526 multitudinis
832 2490 1024 2526 stellarum
1045 2490 1092 2527 ad
1117 2489 1396 2527 multitudinem

329 2550 516 2579 motuum.
548 2542 596 2579 Et
625 2542 712 2579 dicit
739 2543 814 2579 hoc
839 2543 943 2591 quod
972 2542 1011 2579 in
1031 2542 1264 2580 dubitatione
1288 2543 1396 2592 poni-

328 2602 398 2642 tur,
418 2596 630 2632 secundum
646 2595 832 2632 rationem
847 2602 861 2620 ‘¹
878 2595 1061 2633 accidere.
1083 2596 1186 2632 Nam
1201 2596 1324 2644 prima
1343 2597 1394 2633 la-

327 2648 380 2685 tio
406 2661 493 2685 cum
513 2648 559 2686 sit
580 2661 669 2696 una,
692 2650 904 2687 secundum
933 2661 1019 2686 eam
1043 2656 1250 2686 moventur
1276 2650 1394 2686 multa

329 2701 546 2738 caelestium
567 2714 773 2751 corporum
802 2705 916 2751 (quae
935 2710 1051 2740 vocat
1070 2713 1232 2750 corpora
1252 2703 1392 2749 divina,

327 2762 483 2803 propter
502 2755 558 2792 sui
577 2756 900 2804 perpetuitatem):
921 2755 1116 2792 inferiores
1137 2763 1266 2792 autem
1286 2755 1392 2792 latio-

329 2819 407 2855 nes,
430 2809 569 2845 multae
590 2821 722 2846 earum
751 2817 910 2846 movent
933 2821 1055 2846 unum
1079 2821 1217 2858 corpus
1246 2810 1390 2855 solum3

381 2982 406 3016 β)
426 2983 580 3009 nobiliorem
600 2984 691 3009 vitam.
705 2984 870 3009 —meliorem
890 2984 972 3009 vitam
992 2985 1011 3009 P
1031 2990 1057 3009 et
1075 2985 1150 3010 codd.
1167 2993 1219 3010 exc.
1240 2986 1277 3015 A;
1298 2985 1355 3010 ideo
1374 2986 1393 3010 P

328 3018 403 3043 etiam
423 3027 470 3051 pro
490 3020 606 3051 sequenti
626 3019 781 3044 nobiliorem
801 3020 862 3052 legit
882 3020 1024 3045 meliorem.

380 3054 407 3087 γ)
426 3061 458 3079 ea
476 3055 637 3087 superium·
649 3061 680 3080 ea
699 3055 812 3088 inferior
830 3055 976 3084 A.fa1se
970 3064 995 3080 in
1019 3061 1148 3081 contextu.
1161 3056 1250 3080 -Lin.
1271 3063 1327 3089 seq.
1346 3064 1393 3088 pro

329 3089 402 3118 nihil,
418 3097 463 3114 nec
477 3090 497 3115 P
511 3095 536 3114 et
550 3091 624 3115 codd.
638 3098 692 3116 exc.
707 3091 763 3115 A.—
778 3091 813 3115 lbi
833 3090 885 3116 nisi
898 3094 1014 3123 propter
1033 3095 1141 3122 motum,
1157 3091 1208 3116 nisi
1222 3099 1274 3123 per
1293 3095 1392 3117 motum

329 3124 402 3149 codd.
422 3133 474 3149 exc.
494 3126 526 3150 A.

382 3158 405 3192 δ)
425 3164 499 3185 caret
517 3161 606 3190 stellis,
627 3161 779 3187 ordinatur.
797 3175 815 3180 -
833 3165 908 3187 caret
926 3162 1003 3187 stella
1022 3162 1192 3187 ordinabitur
1211 3163 1247 3193 A;
1268 3167 1316 3188 cet.
1336 3170 1393 3188 cor-

329 3200 452 3227 rumpunt
470 3196 551 3221 stellis
570 3196 714 3221 ordinatur
732 3197 757 3221 in
775 3197 914 3222 stellarum
938 3198 1153 3223 ordinandarum
1168 3199 1209 3223 vel
1222 3198 1300 3223 stella
1318 3199 1392 3223 ordi-

330 3230 427 3254 nanda.
445 3244 464 3249 ——
482 3231 544 3255 Post
563 3239 639 3256 unam
659 3232 752 3256 lineam
772 3240 820 3274 pro
839 3233 924 3261 habet,
944 3233 1040 3259 habeat
1059 3234 1087 3264 B,
1106 3234 1218 3259 habebat
1237 3239 1284 3259 cet.

383 3266 404 3296 ε)
420 3266 539 3297 primam
558 3267 723 3292 lationem.—-
703 3268 849 3299 —flprimam
865 3269 1022 3294 locutionem
1038 3269 1069 3294 A.
1083 3269 1170 3294 -Lin.
1190 3277 1245 3302 seq.
1263 3277 1310 3301 pro
1329 3269 1392 3302 quia

330 3300 441 3325 lationes
460 3301 677 3331 determinantur,
698 3303 775 3335 quasi
793 3304 936 3329 locutiones
956 3302 1058 3337 (corrig.
1079 3304 1104 3329 in
1123 3304 1246 3339 lationes)
1267 3305 1391 3330 determi-

331 3337 475 3366 nenturA;
490 3344 537 3368 pro
552 3337 771 3368 determinantur,
788 3339 967 3364 terminantur
981 3340 1010 3371 E,
1026 3340 1236 3365 determinentur
1245 3345 1293 3366 cet.
1309 3339 1391 3374 (quod

331 3370 412 3394 innuit
430 3371 567 3402 legendum
586 3380 644 3396 esse
664 3373 739 3404 quasi
758 3381 816 3398 cum
835 3373 880 3408 A).

383 3404 409 3436 ζ)
429 3406 509 3439 insert
527 3407 598 3439 quod
617 3411 734 3433 motus...
753 3410 886 3441 supponit.
903 3423 922 3428 —
940 3409 1039 3442 ingerit
1058 3411 1130 3443 quod
1148 3414 1235 3436 motus
1253 3411 1390 3436 stellarum

325 3439 451 3472 fixarum
471 3448 521 3466 non
541 3445 579 3466 est
598 3443 704 3467 omnino
726 3444 853 3475 simplex
878 3445 946 3469 sicut
965 3444 1029 3471 dicit
1047 3446 1203 3471 Aristoteles
1221 3450 1248 3471 et
1266 3446 1392 3478 supponit

332 3475 351 3499 P
371 3480 396 3499 et
415 3476 488 3500 codd.
508 3484 561 3501 exc.
580 3477 610 3501 A.
630 3477 716 3502 Lectio
731 3479 796 3503 dicit
813 3480 968 3505 Aristoteles
981 3484 1007 3505 et
1024 3482 1149 3513 supponit
1167 3482 1268 3506 videtur
1280 3482 1391 3506 indicare

333 3510 398 3535 dicit
415 3511 552 3535 oscitanter
571 3512 692 3543 scriptum
706 3513 785 3538 fuisse
798 3522 844 3545 pro
858 3516 990 3546 supponit.
1006 3516 1104 3541 Revera
1119 3518 1272 3542 Aristoteles
1285 3517 1325 3541 hic
1340 3525 1391 3541 non

331 3545 401 3605 ἓίἕίῐ,
421 3546 466 3570 sed
486 3547 607 3579 supponit
626 3552 725 3572 motum
744 3550 878 3574 stellarum
901 3549 1009 3575 fixarum
1035 3559 1093 3576 esse
1111 3552 1218 3577 ornnino
1238 3552 1391 3585 simplicem.

391 3586 450 3605 text.

386 3616 412 3648 η)
432 3616 574 3641 secundum
594 3617 732 3642 rationem.
745 3619 918 3644 -secundum
939 3621 1057 3646 ordinem
1078 3622 1112 3653 A;
1132 3622 1163 3647 cf.
1183 3628 1290 3649 textum.
1301 3623 1391 3647 -Lin.

1033 284 1103 319 DE
1134 282 1310 319 CAELO
1340 282 1410 318 ET
1440 280 1634 318 MUNDO
1665 280 1759 317 LIB.
1791 282 1822 317 II

1458 360 1546 408 quia
1566 359 1755 407 quaelibet
1783 360 1975 396 stellarum
1995 358 2216 404 errantium,
2237 357 2335 395 idest
2356 359 2524 407 planeta-

1458 425 1553 459 rum,
1575 420 1754 449 movetur
1770 413 1941 461 pluribus
1962 412 2142 459 motibus,
2159 419 2200 448 ut
2219 423 2333 460 supra
2347 413 2367 433 ’⁸
2382 412 2563 450 dictum

1458 473 1524 502 est.
1545 442 1609 502 'Sic
1629 465 1738 513 igitur
1757 473 1891 503 natura
1911 463 2028 502 facit⁰
2052 465 2246 514 quandam
2265 465 2524 514 proportionis

1457 518 1722 567 aequalitatem
1749 519 1846 556 inter
1865 519 1987 556 stellas
2012 519 2107 555 fixas
2134 526 2170 555 et
2197 519 2378 567 planetas,
2401 526 2437 555 et
2465 532 2524 556 or-

1457 572 1583 609 dinate
1613 584 1676 608 eas
1706 571 1891 620 disponit:
1921 573 1972 609 ita
2000 572 2139 609 scilicet
2166 571 2272 620 quod
2303 571 2370 608 uni
2397 571 2524 620 primo

1457 625 1580 662 motui
1598 625 1764 662 attribuit
1778 626 1895 663 multa
1915 637 2089 674 corpora,
2107 625 2202 662 idest
2220 625 2360 661 multas
2379 625 2524 671 stellas;

1458 691 1477 715 e
1499 690 1685 715 converso
1705 686 1834 715 autem
1855 679 1953 716 circa
1971 680 2153 728 planetas,
2171 679 2238 715 uni
2250 678 2413 726 corpori,
2429 677 2526 715 idest

1456 731 1522 768 uni
1551 732 1689 779 stellae,
1715 731 1881 768 attribuit
1900 733 2040 769 multos
2059 740 2238 769 motus.-
2255 732 2304 768 Et
2323 731 2525 768 rationabi-

1456 784 1577 821 liter*
1596 785 1647 822 ita
1676 785 1872 822 distribuit.
1903 786 2006 822 Nam
2034 787 2209 834 planetae
2229 792 2316 822 sunt
2344 785 2452 834 quasi
2470 785 2524 822 in-

1456 845 1665 875 strumenta
1707 839 1897 886 quaedam
1932 851 2135 899 supremae
2172 839 2378 888 sphaerae,
2417 838 2525 888 quasi

1456 891 1712 940 principaliter
1741 893 1759 911 '⁶
1789 891 1932 939 agentis
1956 892 1994 928 in
2023 892 2267 941 corporibus,
2298 892 2524 941 inquantum

1455 944 1616 994 planetis
1644 944 1899 982 mediantibus
1929 945 2219 1004 quodammodo
2250 945 2469 982 deferuntur
2490 953 2526 982 et

1457 1005 1681 1046 coaptantur
1708 1004 1715 1018 ⁴
1753 997 1979 1046 multiplices
2010 998 2166 1035 virtutes
2205 999 2396 1035 stellarum
2433 999 2525 1036 fixa-

1457 1063 1543 1087 rum
1572 1051 1619 1088 ad
1648 1051 1744 1088 haec
1762 1050 1952 1088 inferiora.
1974 1053 2274 1089 Instrumentum
2296 1060 2425 1089 autem
2453 1052 2526 1100 agit

1456 1104 1682 1163 inquantum
1721 1111 1777 1140 est
1805 1111 1971 1151 motum,
2001 1104 2207 1164 principale
2243 1113 2371 1142 autern
2409 1117 2525 1153 agens

1456 1157 1530 1205 agit
1558 1157 1771 1194 secundum
1790 1157 1955 1194 formam
1985 1165 2021 1194 et
2038 1157 2218 1195 virtutem
2245 1158 2459 1207 propriam:
2490 1166 2526 1195 et

1455 1210 1543 1248 ideo
1559 1210 1792 1248 conveniens
1812 1218 1867 1247 est
1890 1211 1995 1259 quod
2015 1223 2194 1260 suprema
2220 1212 2382 1260 sphaera
2405 1211 2526 1248 abun-

1457 1251 1545 1301 det
1537 1277 1576 1301 m
1605 1263 1844 1301 multitudine
1864 1264 2098 1323 stellarum,
2090 1277 2128 1301 in
2148 1264 2287 1312 quibus
2312 1264 2527 1301 radicantur

1457 1318 1629 1355 diversae
1656 1317 1813 1355 virtutes
1842 1317 2008 1365 activae,
2038 1318 2242 1366 planetae
2247 1325 2376 1355 autem
2405 1318 2526 1354 abun-

1456 1372 1547 1408 dant
1575 1371 1613 1408 in
1641 1370 1879 1408 multitudine
1908 1379 2098 1408 motuum.

1510 1425 1685 1462 Salvatur
1704 1432 1832 1461 autem
1854 1425 1950 1460 haec
1974 1425 2069 1461 ratio
2090 1424 2204 1462 etiam
2225 1424 2438 1462 secundum
2455 1435 2527 1472 po·

1455 1477 1631 1514 sitionem
1661 1477 1939 1515 modernorum
1968 1478 2247 1526 astrologorum
2270 1478 2300 1514 *.
2326 1475 2428 1514 Nam
2458 1475 2525 1514 etsi
2551 1481 2653 1530 22¹0«,

1454 1532 1614 1591 sphaera
1648 1532 1841 1568 stellarum
1873 1530 2037 1568 fixarum
2074 1531 2214 1568 habeat
2250 1506 2348 1568 duos
2376 1537 2523 1590 motus,

1455 1584 1659 1622 minimum
1685 1592 1814 1622 tamen
1843 1583 1890 1620 de
1919 1585 2088 1622 secundo
2119 1585 2295 1622 eorum*
2313 1583 2561 1633 participats

1455 1638 1520 1687 qui
1547 1638 1782 1675 tardissimus
1810 1645 1866 1675 est
1893 1637 1932 1674 in
1960 1650 2016 1674 ea.

1513 1693 1545 1728 5.
1567 1691 1737 1728 Tertiam
1765 1691 1952 1729 rationem
1980 1690 2088 1740 ponit
2115 1691 2186 1728 ibi:
2204 1672 2268 1728 ‘Et
2287 1690 2412 1727 adhuc
2431 1702 2524 1740 pro-

1448 1750 1535 1793 pter
1552 1746 1624 1781 hoc
1643 1753 1731 1782 etc.·
1723 1757 1848 1793 ,quae
1868 1744 2025 1804 quidem
2046 1743 2207 1781 sumitur
2226 1755 2272 1780 ex
2285 1743 2523 1781 multitudine

1454 1798 1702 1846 sphaerarum
1722 1798 1963 1835 moventium
1986 1809 2306 1847 unumquemque
2323 1798 2525 1846 *planeta-

1455 1863 1551 1898 rum,
1573 1851 1787 1888 secundum
1806 1851 2015 1900 positiones
2043 1850 2288 1899 antiquorum
2316 1851 2525 1911 astrologo-

1455 1917 1552 1941 rum.
1562 1905 1611 1941 Et
1626 1904 1712 1941 dicit
1727 1905 1831 1952 quod
1846 1904 2003 1941 ideo³in
2019 1903 2189 1952 quolibet
2203 1904 2401 1953 apparenti
2415 1911 2525 1942 motu

1454 1958 1693 2006 planetarum
1713 1957 1903 1994 invenitur
1923 1970 2044 1994 unum
2064 1965 2212 1994 tantum
2233 1970 2372 2006 corpus
2396 1958 2524 1995 stellae

1455 2023 1554 2059 quae
1575 2018 1767 2057 movetur,
1789 2011 1878 2060 quia
1897 2011 2016 2048 multa
2038 2023 2201 2060 corpora
2221 2011 2418 2060 sphaerica
2437 2019 2526 2049 sunt

1455 2077 1554 2114 quae
1582 2071 1741 2101 movent
1759 2065 1922 2110 stellam3
1948 2063 1999 2102 ita
2019 2064 2159 2101 scilicet
2179 2064 2283 2114 quod
2311 2065 2396 2102 illae
2425 2076 2524 2114 quae

1448 2118 1611 2166 primae,
1628 2117 1725 2154 idest
1743 2117 1970 2166 superiores,
1987 2125 2074 2154 sunt
2088 2117 2258 2155 motivae
2276 2117 2374 2156 illius
2389 2118 2525 2167 sphae-

1455 2183 1519 2207 rae
1548 2183 1647 2220 quae
1677 2178 1732 2208 est
1759 2171 1797 2208 in
1825 2171 1916 2218 fine,
1939 2178 1975 2207 et
1993 2183 2091 2220 quae
2119 2172 2234 2208 habet
2262 2171 2300 2208 in
2329 2184 2370 2208 se
2397 2171 2522 2221 ipsam

1454 2224 1618 2270 stellam;
1635 2224 1722 2273 quia
1733 2224 1838 2261 stella
1853 2231 2032 2262 movetur
2042 2224 2205 2262 infixam
2214 2224 2349 2262 ultima
2363 2225 2525 2274 sphaera

1454 2253 1660 2314 multarlim
1697 2278 1947 2326 sphaerarum
1986 2278 2247 2315 ordinatarum
2284 2278 2335 2315 ad
2371 2286 2523 2316 motum

1452 2331 1565 2368 11111115
1585 2332 1768 2380 sphaerae
1789 2337 1802 2351 '‘
1831 2332 1907 2378 (vel
1934 2339 2060 2381 potest
2087 2331 2240 2379 intelligi
2259 2332 2366 2380 quod
2389 2331 2524 2369 ultima

1451 2385 1614 2433 sphaera
1651 2392 1707 2421 est
1744 2383 2036 2433 quodammodo
2075 2384 2242 2432 alligata
2262 2384 2523 2433 superioribus

1452 2437 1635 2486 sphaeris,
1667 2445 1703 2474 et
1730 2437 1943 2474 secundum
1973 2449 2106 2474 earum
2134 2444 2285 2474 motum
2314 2439 2520 2484 movetur).

1452 2490 1698 2527 Manifestum
1727 2497 1783 2526 est
1811 2497 1940 2527 autem
1969 2490 2075 2539 quod
2097 2502 2354 2550 unaquaeque
2382 2491 2521 2528 harum

1451 2544 1698 2592 sphaerarum
1731 2550 1786 2580 est
1814 2555 1953 2592 corpus
1973 2543 2182 2592 quoddam.
2203 2541 2265 2580 Sic
2284 2543 2395 2592 igitur
2415 2555 2520 2582 com-

1450 2609 1567 2633 mune
1596 2609 1693 2645 opus
1721 2595 1732 2617 ²
1761 2596 1936 2633 omnium
1961 2597 2210 2645 sphaerarum
2238 2597 2520 2635 revolventium

1449 2650 1642 2698 planetam
1658 2657 1713 2686 est
1732 2649 1839 2697 illius,
1857 2649 1952 2687 idest
1971 2651 2154 2699 sphaerae
2175 2662 2377 2710 supremae
2397 2650 2436 2687 in
2455 2649 2519 2688 illo

1449 2703 1595 2750 ordine,
1612 2715 1711 2751 quae
1727 2679 1890 2740 revolvit
1908 2715 2043 2740 omnes
2058 2703 2270 2741 inferiores:
2288 2703 2376 2752 quia
2390 2710 2520 2742 motus

1446 2756 1603 2793 infimae
1633 2756 1858 2805 sphaerae‚'
1850 2769 1888 2793 in
1913 2769 1988 2816 qua
2009 2764 2064 2793 est
2083 2757 2245 2805 planeta,
2267 2764 2323 2794 est
2341 2756 2518 2806 proprius

1447 2817 1574 2846 motus
1589 2815 1608 2836 μ
1628 2817 1664 2846 et
1683 2809 1889 2846 naturalis
1880 2809 1996 2859 ipsius
2015 2811 2210 2859 planetae;
2240 2817 2368 2847 motus
2388 2817 2517 2848 autem

1447 2993 1503 3019 seq.
1517 2993 1564 3018 pro
1578 2989 1726 3016 moventur,
1741 2989 1846 3011 movent
1858 2986 1934 3010 codd.
1949 2993 2002 3011 exc.
2013 2986 2103 3010 AsEF.
2110 2985 2172 3011 -lbi
2186 2985 2328 3020 inferiores
2336 2989 2426 3013 autem
2438 2987 2517 3013 latio-

1447 3028 1500 3050 nes,
1515 3022 1536 3045 A
1552 3029 1642 3046 rursus
1662 3026 1781 3054 corrupte
1800 3021 1861 3054 legit
1881 3018 1981 3050 Ioc6es;
2000 3021 2022 3045 D
2037 3029 2091 3047 om.
2105 3021 2233 3051 Iationes5
2252 3029 2300 3055 pro
2314 3026 2443 3048 sti-nemra
2457 3030 2517 3048 sen-

1446 3057 1540 3082 tentiae
1559 3056 1590 3081 cf.
1606 3057 1649 3081 lib.
1663 3057 1680 3085 1.
1696 3057 1753 3082 lect.
1767 3064 1825 3082 xxix
1844 3061 1897 3081 not.
1915 3054 1937 3086 ξ.

1500 3090 1524 3124 0)
1544 3095 1644 3117 natura
1657 3092 1768 3126 facin-
1749 3092 1818 3117 -Ita
1831 3092 1869 3121 A;
1885 3092 1920 3116 sE
1935 3092 1995 3125 legit
2002 3092 2075 3126 facit
2089 3097 2149 3124 post
2163 3091 2360 3125 aequalitatem,
2373 3092 2419 3118 ubi
2434 3092 2456 3118 C
2464 3100 2516 3125 po-

1445 3127 1514 3158 suit‚·
1533 3132 1582 3152 cet.
1601 3132 1626 3152 et
1645 3127 1664 3152 P
1683 3127 1803 3152 omittunt
1815 3127 1927 3161 facit.—
1909 3127 1990 3152 —Pro
2009 3135 2054 3152 eas
2072 3127 2198 3159 disponit,
2219 3128 2290 3160 quod
2307 3127 2404 3153 habent
2421 3135 2516 3153 omnes

1446 3147 1529 3194 codd„
1541 3163 1560 3187 P
1575 3163 1637 3195 legit
1650 3170 1695 3188 eas
1709 3163 1849 3195 disposuit.

1500 3198 1518 3231 ι)
1538 3198 1696 3232 deseruntur
1714 3201 1739 3223 et
1755 3201 1959 3230 coaptantur-
1939 3199 2013 3223 -Sic
2032 3198 2120 3231 legunt
2134 3199 2191 3230 PA;
2211 3203 2260 3225 cet.
2274 3198 2376 3224 codices
2395 3203 2517 3232 corrupte

1446 3235 1535 3266 legunt
1560 3234 1715 3259 deservetur
1737 3241 1775 3259 ex
1797 3241 1828 3259 eo
1851 3237 2026 3266 coaptantur,
2052 3234 2123 3266 quod
2149 3234 2172 3258 sl
2196 3234 2299 3267 corrigit
2317 3235 2342 3259 in
2361 3234 2516 3259 deser-vetun-

1445 3276 1482 3294 ex
1500 3276 1532 3294 ea
1544 3273 1571 3294 et
1584 3272 1756 3301 coaptantur.
1773 3269 1824 3294 Pro
1843 3270 1963 3299 virtutes,
1980 3269 2050 3302 quod
2065 3269 2175 3302 legimus
2194 3276 2254 3294 cum
2272 3269 2329 3299 Asi
2344 3269 2364 3294 P
2377 3269 2455 3294 habet
2473 3269 2514 3294 in-

1438 3304 1577 3339 fluentiae,
1598 3312 1688 3337 margo
1707 3305 1731 3330 G
1748 3305 1881 3335 actiones‚·
1902 3311 1951 3331 cet.
1971 3306 2087 3330 diversas
2106 3305 2285 3338 corruptiones
2305 3304 2425 3330 exhibent
2442 3303 2515 3330 verbi

1446 3340 1566 3365 virtutes.

1498 3376 1524 3407 κ)
1540 3375 1619 3400 unius
1631 3375 1846 3407 sphaerae.-1ta
1859 3376 1895 3405 A;
1911 3375 2115 3408 uniuscuiusque
2128 3375 2259 3408 sphaerae
2273 3379 2330 3405 cet„
2348 3375 2515 3401 uniuscuius-

1445 3418 1495 3443 que
1514 3411 1549 3441 P;
1569 3412 1615 3435 sed
1635 3412 1667 3436 de
1686 3411 1728 3436 illa
1747 3411 1804 3436 sola
1822 3411 1933 3444 sphaera
1951 3412 1976 3437 in
1995 3419 2047 3444 qua
2066 3411 2141 3436 stella
2159 3409 2279 3442 infigitur,
2299 3418 2388 3436 sermo
2406 3415 2456 3437 est.

1498 3445 1515 3470 λ
1535 3446 1581 3471 Sic
1599 3446 1683 3479 igitur
1701 3454 1840 3472 commune
1853 3454 1959 3479 opus.-
1940 3447 2023 3471 -Pro
2042 3446 2134 3480 igitur,
2151 3448 2180 3471 ut
2198 3446 2234 3477 A;
2254 3446 2273 3471 P
2288 3446 2349 3479 legit
2368 3446 2414 3471 Sic
2428 3445 2517 3479 igitur

1445 3485 1483 3507 est
1498 3489 1563 3513 opus
1575 3489 1721 3510 commune,
1737 3482 1797 3514 quin
1810 3483 1853 3507 lin.
1869 3490 1924 3515 seq.
1939 3490 1998 3507 cum
2011 3482 2085 3507 codd.
2100 3489 2153 3507 exc.
2165 3481 2187 3506 A
2203 3484 2242 3506 est
2256 3481 2327 3506 illius
2346 3481 2414 3506 idest
2432 3486 2517 3506 mns-

1445 3517 1517 3550 ponit
1536 3517 1604 3542 idest
1622 3521 1661 3542 est
1680 3518 1762 3547 illius,
1788 3525 1841 3550 quo
1860 3518 1926 3542 facto
1946 3525 2039 3543 sensus
2059 3517 2165 3550 periret.
2186 3517 2234 3541 nisi
2254 3517 2391 3542 adderetur
2409 3520 2463 3546 esu
2481 3515 2514 3541 cf

1445 3557 1579 3577 textum.-
1594 3553 1643 3577 Pro
1662 3560 1730 3586 quae
1744 3554 1862 3582 revolvit,
1883 3560 1934 3586 quo
1953 3553 2065 3578 revolvit
2083 3553 2157 3578 codd.

1499 3589 1527 3622 μ.)
1544 3589 1672 3630 proprius
1688 3592 1783 3613 motus.
1797 3601 1816 3608 -
1832 3589 1938 3620 primus
1958 3591 2044 3614 motus
2063 3588 2147 3617 codd.;
2162 3587 2194 3612 cf.
2209 3593 2343 3613 textum.·-
2356 3587 2435 3612 Linea
2454 3593 2512 3619 seq.

1445 3631 1492 3656 pro
1511 3624 1595 3655 quasi,
1615 3623 1661 3656 qui
1680 3624 1699 3648 P
1719 3629 1744 3648 et
1762 3624 1864 3648 codices
1879 3632 1932 3649 exc.
1946 3625 1983 3654 A;
2003 3624 2049 3648 sed
2069 3623 2179 3656 legendo
2197 3623 2255 3656 qui,
2275 3627 2402 3648 structura
2421 3621 2496 3655 perit.

2578 417 2643 439 Lect.
2653 423 2712 446 xvn,
2722 423 2747 440 n.
2754 423 2767 440 2

2551 791 2768 814 ‘Raaonabititer

2552 819 2630 839 autem
2643 824 2667 840 A.

2553 896 2737 946 {iffle'ssssf‘f
2744 899 2768 920 ‘²

2682 1481 2767 1504 horum

2672 1524 2679 1531 ·
2686 1514 2737 1530 ssxc.
2742 1515 2767 1532 A·

2576 1597 2657 1614 eorm
2671 1598 2720 1615 0111.
2729 1598 2752 1615 Α.

2552 1808 2561 1817 ·
2567 1807 2760 1856 ’mmm‘

2551 1912 2626 1934 'ideo
2633 1918 2682 1935 om.
2690 1919 2712 1935 r.
2720 1925 2732 1931 -
2739 1913 2766 1936 in

2552 1945 2600 1962 om.
2613 1945 2702 1962 nurci.
