2782 4134
104 532 115 541 '
131 530 167 552 Cf.
182 535 245 551 num.
261 535 281 557 5.

106 635 115 644 '
131 635 227 655 lunares
241 640 254 655 Ρ
269 634 318 660 (hic

105 664 127 682 et
141 661 164 682 in
178 661 246 686 vers.)

105 903 116 914 ⁸
125 902 287 924 mathematico
295 909 316 924 Ρ.

106 1062 115 1071 ·
131 1061 179 1082 sint
192 1061 316 1088 sphaerica

104 1095 126 1109 Α.

104 1593 233 1621 'sequitur
246 1599 266 1619 Ρ,
277 1598 314 1613 se-

104 1622 189 1647 quetur
195 1619 261 1641 codd.
264 1625 312 1641 exc.

103 1653 148 1668 Αει.

77 1865 82 1870 ·
105 1860 113 1867 ·
130 1858 193 1879 Lect.
209 1864 247 1879 xx.

103 1908 114 1918 ⁸
122 1907 177 1935 quia
186 1907 314 1929 add.codd.

105 1962 113 1971 ¹
124 1962 161 1981 est
174 1966 222 1983 om.
233 1960 299 1982 codd.

350 285 424 331 184

345 362 526 410 contingit
553 361 658 411 quod
685 361 866 410 paulatim
895 367 1053 408 augetur
1082 359 1161 395 eius
1182 358 1327 395 claritas
1345 358 1408 395 vel

344 415 573 453 obscuritas:
612 414 716 463 quod
753 427 831 451 non
869 413 1098 460 contingeret
1134 411 1408 458 cuiuscumque

346 476 443 505 esset
471 468 620 505 alterius
648 468 791 515 figurae
817 479 932 515 quam
962 464 1190 513 sphaericae.

399 523 434 558 8.
457 521 635 558 Secundo
656 519 819 557 ostendit
838 519 938 556 idem
954 519 973 539 *
987 529 1056 566 per
1075 516 1318 563 astrologicas
1339 516 1407 552 ob-

345 574 589 620 servationes,
611 586 656 610 ex
685 573 819 621 quibus
844 571 1101 607 manifestatur
1120 570 1226 618 quod
1250 569 1407 619 eclipses

345 627 433 664 solis
453 635 540 664 sunt
558 626 748 663 lunulares
768 626 799 672 ἢ
824 625 919 661 idest
938 623 1122 659 arcuales:
1147 621 1278 671 incipit
1306 621 1408 658 enim

345 681 402 717 sol
421 679 614 716 obscurari
633 677 842 715 secundum
862 676 1052 712 arcualem
1072 675 1248 723 figuram,
1268 687 1338 724 per
1352 675 1407 712 in-

345 733 628 792 terpositionem
648 732 758 767 lunae
779 730 873 766 inter
892 741 962 765 nos
983 736 1018 765 et
1037 729 1169 765 solem.
1192 728 1309 775 Quod
1329 741 1407 765 non

346 786 576 833 contingeret
594 784 664 820 nisi
683 784 771 819 luna
786 789 884 819 esset
898 781 1116 840 sphaericae
1137 781 1299 829 figurae:
1326 794 1408 818 cor-

344 851 439 888 pora
468 838 567 874 enim
586 835 781 885 sphaerica
800 847 839 871 se
859 834 1025 871 invicem
1046 842 1175 871 secant
1193 835 1406 872 secundum

345 892 513 928 arcuales
542 889 736 948 sectiones,
766 895 807 924 ut
827 900 849 924 a
868 887 1186 924 mathematicis*
1210 889 1404 936 probatur.

399 944 460 980 Sic
479 943 596 990 igitur,
613 942 643 978 si
661 953 782 978 unum
802 948 944 977 astrum
965 948 1020 977 est
1038 941 1124 988 tale,
1146 941 1285 977 scilicet
1304 941 1404 987 luna,

346 1008 580 1044 consequens
619 1002 673 1031 est
701 993 806 1042 quod
830 993 960 1030 omnia
985 993 1096 1030 etiam
1125 994 1197 1030 alia
1217 1001 1315 1030 astra
1334 993 1408 1030 sint

344 1048 560 1099 sphaericae
580 1048 722 1095 figurae
739 1048 771 1083 ²³².
789 1047 905 1094 Quod
926 1046 1081 1096 quidem
1100 1047 1279 1084 fundatur
1293 1058 1407 1095 super

342 1103 417 1139 hoc
436 1101 538 1150 quod
558 1112 693 1136 omnes
713 1100 839 1137 stellae
861 1108 948 1137 sunt
967 1099 1140 1137 eiusdem
1159 1107 1327 1137 naturae.

396 1167 430 1203 9.
474 1153 573 1190 Dicit
610 1160 738 1190 autem
774 1155 967 1190 Averroes
1000 1153 1038 1190 in
1076 1165 1146 1190 suo
1185 1160 1404 1190 commento

341 1207 446 1256 quod
473 1214 559 1243 sunt
587 1205 759 1243 eiusdem
787 1213 944 1244 naturae
976 1206 1015 1243 in
1043 1206 1190 1255 specie,
1220 1206 1270 1243 ita
1302 1206 1408 1254 quod

342 1272 475 1297 omnes
495 1260 622 1296 stellae
651 1266 738 1296 sunt
766 1259 861 1296 sicut
887 1259 1085 1297 individua
1123 1259 1295 1296 eiusdem
1325 1271 1408 1308 spe-

342 1313 420 1350 ciei.
452 1313 567 1359 Quod
596 1312 752 1361 quidem
782 1312 980 1349 manifeste
1012 1320 1066 1349 est
1099 1313 1246 1350 falsum.
1278 1313 1406 1350 Primo

341 1366 494 1415 quidem
522 1365 628 1414 quia,
649 1365 679 1402 si
700 1373 825 1402 essent
853 1365 1027 1403 eiusdem
1047 1365 1198 1414 speciei,
1223 1367 1409 1403 haberent

342 1419 494 1456 easdem
524 1418 649 1468 specie
687 1419 946 1467 operationes,
977 1426 1013 1455 et
1041 1419 1198 1457 eosdem
1237 1419 1405 1467 effectus,

341 1473 434 1509 sicut
455 1479 558 1532 patet
575 1472 614 1508 in
638 1472 818 1509 omnibus
837 1473 952 1509 rebus
973 1472 1207 1516 naturalibus
1237 1472 1408 1510 eiusdem

341 1525 522 1574 speciei-
498 1525 710 1563 -Secundo
726 1525 827 1574 quia,
841 1538 928 1563 cum
944 1533 1071 1563 motus
1092 1525 1310 1563 caelestium
1327 1538 1407 1563 cor-

339 1589 478 1628 porum
507 1578 579 1615 sint
613 1579 819 1626 naturales,
845 1586 1066 1628 sequeretur
1095 1581 1114 1600 *
1144 1580 1248 1628 quod
1277 1579 1408 1616 omnia

341 1645 500 1681 corpora
521 1632 693 1669 caelestia
707 1632 892 1670 haberent
910 1632 1280 1681 uniformes-motus:
1302 1634 1407 1681 quod

340 1693 441 1735 patet
478 1698 558 1722 esse
593 1686 730 1722 falsum
763 1693 846 1723 tum
876 1687 922 1724 de
956 1685 1117 1735 planetis
1149 1698 1218 1734 per
1251 1699 1407 1736 compa-

342 1739 525 1776 rationem
549 1738 625 1775 ad
617 1739 794 1787 invicem,
815 1747 896 1777 tum
919 1751 989 1788 per
1010 1739 1338 1788 comparationem
1358 1740 1407 1777 ad

341 1792 463 1829 stellas
483 1792 587 1829 fixas.
600 1792 764 1829 -Tertio
784 1793 873 1842 quia
892 1793 967 1829 hoc
987 1800 1178 1852 repugnat
1185 1793 1408 1841 perfectioni

342 1845 558 1882 caelestium
588 1858 805 1894 corporum.
827 1846 1010 1883 Probavit
1038 1846 1141 1883 enim
1170 1846 1208 1883 in
1236 1846 1361 1895 primo
1387 1847 1407 1867 '¹‘

341 1898 557 1936 Aristoteles
586 1899 691 1948 quod
715 1901 734 1919 ⁴⁶
761 1900 987 1938 universum
1017 1907 1073 1936 est
1101 1900 1327 1947 perfectum,
1359 1912 1405 1936 eo

342 1952 445 2001 quod
474 1960 528 1989 est
555 1965 676 1989 unum
710 1955 851 2000 (unum
889 1953 991 1990 enim
1021 1961 1078 1990 est
1096 1953 1116 1974 *
1145 1953 1184 1990 in
1216 1965 1294 1990 una
1322 1966 1406 2002 spe-

343 2005 428 2052 cie):
459 2018 504 2042 ex
531 2006 605 2042 hoc
634 2006 735 2043 enim
765 2014 921 2055 apparet
949 2007 1056 2055 quod
1085 2014 1232 2044 constat
1255 2019 1301 2044 ex
1329 2014 1408 2044 tota

342 2171 450 2197 cumque
469 2167 535 2189 esset
553 2164 578 2188 in
597 2164 696 2189 circum
716 2164 773 2197 (vel
793 2164 911 2197 certum)
931 2165 1003 2198 quod
1021 2169 1102 2195 essen
1121 2165 1171 2190 hoc
1189 2165 1282 2190 ultimo
1307 2166 1365 2191 loco
1387 2166 1406 2191 P

343 2199 532 2232 corruptionem
553 2200 654 2232 corrigit
673 2200 698 2224 in
717 2200 789 2226 circa
808 2207 866 2225 eam
885 2201 909 2225 si
927 2204 1002 2226 esset.

395 2233 419 2269 ξ)
436 2235 497 2267 quia
511 2243 607 2260 unum.
609 2235 772 2268 ...speciei-
786 2236 849 2268 quia
864 2243 946 2261 unum
962 2243 1013 2261 non
1026 2236 1136 2268 suscipit
1150 2237 1298 2271 perfectam
1314 2244 1408 2269 opera-

344 2270 440 2295 tionem
459 2271 554 2303 speciei
567 2271 586 2296 P
602 2276 627 2296 et
646 2272 719 2296 codd.
735 2279 788 2296 exc.
803 2272 866 2297 Α.-
880 2272 937 2298 Lin.
951 2279 1008 2305 seq.
1022 2280 1070 2305 pro
1085 2272 1202 2302 iuvatur,
1217 2273 1240 2297 A
1254 2273 1410 2298 adiuvatur.

1041 282 1112 318 DE
1143 280 1318 317 CAELO
1348 280 1418 316 ET
1448 278 1642 315 MUNDO
1673 278 1767 315 LIB.
1799 279 1831 315 II

1463 356 1620 393 materia
1635 369 1726 393 suae
1747 357 1898 406 speciei.
1918 356 2030 395 Unde
2047 363 2083 393 et
2101 357 2176 393 hoc
2196 356 2245 394 ad
2259 356 2534 405 perfectionem

1463 409 1682 446 caelestium
1703 422 1910 459 corporum
1929 410 2110 459 pertinet,
2137 409 2243 458 quod
2263 409 2309 446 sit
2334 421 2455 446 unum
2474 422 2536 446 so-

1462 463 1543 499 lum
1571 462 1610 499 in
1629 475 1706 500 una
1734 463 1872 512 specie.
1893 463 2080 510 Videmus
2100 463 2203 500 enim
2227 462 2266 499 in
2293 462 2535 499 inferioribus

1464 516 1688 564 corporibus
1706 517 1825 553 multa
1839 516 2037 555 individua
2053 529 2135 553 esse
2150 515 2264 553 unius
2279 515 2430 565 speciei,
2446 527 2535 564 pro-

1461 576 1546 618 pter
1574 569 1739 618 aliquam
1767 569 2031 619 impotentiam
2053 571 2084 617 ²³,
2104 570 2167 607 vel
2187 569 2277 618 quia
2299 581 2422 605 unum
2440 567 2536 605 indi-

1461 622 1624 659 viduum
1649 635 1728 660 non
1746 630 1873 672 potest
1891 636 2045 672 semper
2070 623 2228 669 durare3
2252 622 2356 659 unde
2385 628 2536 670 oportet

1462 676 1568 724 quod
1601 676 1746 725 species
1768 684 2015 714 conservetur
2034 677 2054 698 '³‘
2079 689 2149 725 per
2177 675 2462 713 successionem
2479 674 2536 711 in-

1463 729 1710 766 dividuorum
1746 729 1785 766 in
1823 730 1960 767 eadem
1988 730 2127 779 specie.
2163 730 2268 766 Turn
2303 728 2417 765 etiarn
2446 727 2536 776 quia

1462 795 1584 819 unurn
1603 782 1845 820 individuum
1861 795 1940 820 non
1960 783 2100 820 sufficit
2114 783 2163 820 ad
2177 782 2386 832 perfectam
2401 793 2536 830 opera-

1461 835 1607 872 tionem
1623 835 1762 884 speciei
1777 833 1806 882 ‘3
1827 836 1923 873 sicut
1941 836 2108 873 maxime
2122 843 2226 885 patet
2243 836 2283 872 in
2301 834 2535 881 hominibus,

1463 900 1628 936 quorum
1652 901 1752 925 unus
1771 889 1922 926 iuvatur
1941 890 1990 926 ab
2015 889 2088 926 alio
2109 889 2148 926 in
2167 902 2237 926 sua
2257 888 2492 938 operatione.
2509 908 2534 915 -

1462 941 1628 978 Pertinet
1657 941 1771 978 etiam
1797 942 1918 990 magis
1942 943 1992 980 acl
2010 942 2285 991 perfectionem
2313 940 2481 979 universi
2502 941 2535 978 ²².

1462 994 1721 1043 multiplicatio
1751 994 1983 1044 specierum,
2014 1008 2103 1033 cum
2131 995 2178 1033 sit
2205 995 2388 1042 formalis,
2418 1007 2536 1044 quam

1462 1046 1722 1095 multiplicatio
1751 1047 2051 1096 individuorum,
2083 1061 2181 1097 quae
2201 1056 2258 1086 est
2281 1049 2301 1070 *
2318 1047 2534 1085 materialis.

1516 1101 1624 1137 Patet
1651 1100 1766 1137 etiam
1795 1101 1984 1138 rationem
2012 1113 2131 1150 quam
2158 1101 2303 1140 inducit
2331 1113 2414 1138 esse
2448 1101 2536 1139 ridi-

1463 1154 1643 1190 culosam.
1665 1153 1766 1190 Dicit
1790 1154 1894 1192 enim
1923 1155 2031 1202 quod
2059 1154 2090 1191 si
2119 1162 2246 1191 essent
2275 1154 2426 1192 diversa
2454 1166 2537 1192 cor-

1461 1219 1558 1255 pora
1587 1206 1762 1244 caelestia
1784 1206 1958 1244 diversae
1987 1207 2135 1256 species
2162 1207 2276 1245 unius
2296 1207 2457 1256 generis,
2477 1219 2536 1245 se-

1462 1267 1641 1309 queretur
1662 1260 1767 1310 quod
1787 1273 1951 1309 corpora
1970 1260 2146 1298 caelestia
2166 1268 2293 1298 essent
2314 1260 2535 1298 materialia.

1463 1314 1550 1350 Hoc
1569 1313 1671 1350 enirn
1691 1314 1813 1351 multo
1833 1314 1955 1362 magis
1974 1314 2154 1363 sequitur,
2172 1314 2203 1351 si
2220 1325 2424 1363 ponamuS,
2440 1313 2538 1351 sicut

1461 1366 1542 1416 ipse
1561 1367 1659 1414 vult,
1686 1367 1835 1404 dlversa
1859 1379 2021 1417 corpora
2048 1367 2223 1404 caelestia
2248 1379 2332 1404 esse
2357 1366 2453 1404 sicut
2480 1366 2536 1404 di-

1461 1433 1574 1458 versa
1602 1419 1800 1458 individua
1827 1420 1940 1458 unius
1969 1420 2130 1470 speciei;
2160 1420 2248 1470 quia
2275 1419 2535 1470 multiplicatio

1462 1473 1751 1511 individuorum
1785 1473 1824 1511 in
1855 1486 1934 1511 una
1966 1474 2092 1524 specie
2128 1474 2171 1511 fit
2201 1486 2272 1523 per
2305 1473 2536 1512 divisionem

1463 1527 1657 1565 materiae.
1689 1527 1878 1574 Quamvis
1906 1539 1986 1565 non
2015 1535 2190 1577 oporteat
2209 1529 2229 1549 ²⁸
2258 1540 2282 1564 a
2310 1526 2537 1576 corporibus

1463 1580 1687 1618 caelestibus
1711 1580 1873 1618 totaliter
1899 1581 2100 1618 materiam
2122 1580 2334 1619 excludere.
2365 1581 2459 1618 Non
2477 1592 2536 1618 se-

1462 1634 1589 1684 quitur
1609 1628 1723 1671 etiam
1742 1639 1766 1681 ⁰,
1787 1634 1818 1671 si
1839 1646 2002 1684 corpora
2031 1634 2205 1672 caelestia
2223 1634 2390 1671 habeant
2416 1641 2535 1672 mate-

1463 1688 1569 1734 riam,
1600 1687 1706 1736 quod
1725 1687 1799 1724 sint
1817 1687 2048 1736 generabilia
2077 1695 2113 1725 et
2142 1687 2416 1737 corruptibilia,
2436 1694 2479 1724 ut
2496 1686 2535 1725 in

1462 1740 1586 1790 primo
1618 1742 1637 1762 ᾖ
1666 1740 1840 1778 habiturn
1870 1748 1937 1778 est.

1517 1794 1580 1831 Sic
1598 1794 1709 1842 igitur
1737 1794 1943 1831 dicendum
1963 1801 2019 1831 est
2047 1794 2152 1843 quod
2172 1805 2336 1843 corpora
2361 1793 2537 1832 caelestia

1462 1855 1549 1884 sunt
1566 1847 1679 1884 unius
1699 1855 1856 1884 naturae
1872 1844 2099 1884 secundum'
2106 1859 2235 1895 genus·
2246 1846 2280 1894 ⁴¹,
2297 1846 2536 1885 diversarum

1462 1908 1589 1938 autem
1604 1908 1826 1938 naturarum
1837 1900 2049 1938 secundum
2059 1900 2240 1949 speciem.
2253 1900 2392 1948 Figura
2406 1907 2536 1938 autem

1462 1954 1660 2003 sphaerica
1683 1954 1851 2004 sequitur
1869 1954 1908 1992 in
1929 1954 1983 1992 eis
2009 1961 2185 1992 naturam
2204 1953 2365 2003 generis,
2385 1953 2483 1991 sicut
2500 1960 2538 1992 et

1463 2015 1590 2045 motus
1619 2007 1820 2045 circularis.

1518 2166 1544 2200 ο)
1564 2167 1625 2192 Νοη
1645 2167 1766 2200 sequitur
1784 2167 1874 2192 etiam.
1887 2180 1907 2187 —-
1925 2167 1982 2193 Nec
2000 2170 2157 2199 sequeretur
2175 2167 2211 2198 A,
2232 2167 2268 2192 Et
2287 2174 2340 2193 non
2358 2166 2480 2201 sequitur
2491 2166 2536 2192 BC

1463 2202 1532 2232 DFI.
1551 2202 1611 2228 Non
1631 2203 1752 2235 sequitur
1770 2202 1804 2231 E.
1826 2203 1861 2228 Et
1880 2210 1933 2228 non
1952 2202 2074 2235 sequitur
2092 2202 2164 2235 quod
2182 2203 2216 2228 G.
2230 2216 2251 2222 -
2269 2203 2321 2228 Pro
2346 2203 2462 2228 habeant
2478 2208 2536 2228 ma-

1464 2237 1568 2279 teriam,
1589 2238 1686 2264 habent
1705 2238 1846 2263 materiam
1866 2238 1978 2264 codices.
1996 2251 2015 2259 —-
2033 2239 2113 2264 Linea
2132 2239 2252 2271 sequenti
2270 2239 2293 2264 A
2313 2238 2372 2265 add.
2390 2238 2459 2264 libro
2477 2242 2537 2264 unte

1459 2281 1560 2305 primo.

2562 575 2574 587 ⁶
2590 576 2752 605 imper—'fectio-

2562 608 2614 624 nem
2627 609 2649 624 Α.

2563 682 2574 693 “
2580 684 2749 705 conserventur
2754 689 2778 706 P.

2663 832 2676 864 Ε

2564 944 2574 953 '
2595 942 2666 964 unius

2563 975 2578 991 ι»
2585 972 2607 991 et
2619 969 2689 992 codd.
2697 975 2777 992 exc.»

2564 1050 2573 1059 ·
2595 1054 2646 1071 cum
2667 1049 2700 1071 u't
2719 1055 2734 1072 ι»
2754 1052 2780 1072 et

2565 1075 2635 1098 codd.
2650 1081 2701 1098 uc.
2713 1082 2737 1098 Α.

2563 1535 2574 1546 ’
2592 1538 2688 1565 oportet
2707 1537 2781 1560 codd.

2563 1568 2614 1585 exc.
2627 1569 2652 1586 Α.

2662 1648 2676 1666 ο

2563 1750 2572 1759 ”
2586 1749 2652 1772 Lect-
2663 1755 2696 1778 vl,
2709 1755 2732 1772 n.
2745 1749 2768 1771 6.

2562 1854 2781 1931 ffiz‘zz‘z'mt:
