2782 4134
91 813 102 823 ·
116 811 151 833 Cf.
165 811 218 833 lect.
233 815 280 836 xm,

91 845 114 860 n.
124 843 144 866 5.

91 917 102 927 ’
116 921 145 937 ex
158 921 204 937 om.
219 920 262 936 Pel.

89 1389 99 1399 ⁸
113 1387 181 1410 Num.
196 1386 218 1408 6.

88 1703 97 1713 ·
111 1702 173 1724 Lect.
188 1708 220 1730 m,
235 1708 258 1723 n.
272 1708 293 1729 7.

87 2022 97 2031 '¹
112 2020 222 2049 quidquid
234 2026 256 2042 Ρ.

88 2390 165 2411 'aliud
171 2390 238 2412 codd.
246 2396 295 2412 exc.

89 2422 133 2438 sci.

89 2448 99 2458 *
107 2447 195 2469 scilicet
205 2454 253 2470 om.
259 2454 294 2469 ιε.

91 2549 101 2559 *
108 2547 170 2570 Lect-
177 2554 222 2575 xm,
232 2554 296 2577 n.13;

91 2574 120 2596 cf.
130 2574 185 2596 ibid.
200 2581 224 2596 n.
234 2581 260 2597 11.

193 2703 207 2727 ὃ

94 2815 104 2825 '
118 2814 150 2835 sit
162 2820 208 2836 om.
223 2815 291 2836 codd.

93 2842 113 2851 ·”
127 2847 173 2862 ηοη
186 2847 234 2863 om.
249 2848 269 2863 Ρ.

96 2920 105 2929 “
125 2919 160 2941 cf.
179 2920 230 2942 lect.
244 2927 284 2942 xm

94 2950 133 2967 nn.
143 2951 165 2973 9,
180 2952 208 2974 ¹3-

327 256 376 291 60

326 330 492 367 corporibus
513 334 541 356 et
560 325 655 355 vacuis
675 321 858 359 intermediis.
870 336 889 341 —
903 321 930 348 8.
952 319 1073 354 Urgetur
1092 314 1287 344 universahter
1306 312 1377 354 haec

325 370 398 399 ratio
425 370 462 397 ad
489 366 692 396 destruendum
719 362 862 391 infinitum
889 358 1131 396 qualitercumque
1159 358 1291 389 ponatur.
1321 350 1376 377 Ub1

327 410 403 439 enim
423 418 483 437 non
497 413 538 435 est
552 405 679 434 medium
693 411 786 439 neque
805 407 970 433 extremum,
992 397 1030 424 ibi
1051 404 1111 423 non
1132 399 1174 421 est
1194 399 1310 419 sursum
1325 398 1375 416 ne-

327 458 382 487 que
404 449 554 480 deorsum;
575 452 602 473 et
623 445 660 472 ita
681 452 740 471 non
762 448 803 469 est
828 441 907 468 locus
930 446 988 474 quo
1009 442 1131 470 corpora
1155 432 1285 473 ferantur
1295 434 1376 456 motu

325 495 412 517 recto.
434 487 551 515 Sublato
565 491 660 513 autem
678 483 752 517 loco,
774 481 898 509 aufertur
909 483 1013 505 motus.
1035 476 1111 510 Ergo
1132 471 1226 499 nullus
1247 475 1299 497 erit
1313 476 1377 495 mo-

389 717 392 721 ·
473 684 476 686 ’
498 720 506 725 --
538 700 549 716 ²*
570 723 572 725 v
590 692 789 731 rationibus
803 687 976 738 physicis,
993 685 1088 722 idest
1102 695 1199 732 quae
1220 692 1375 719 sumun-

395 741 424 785 ἔ
450 735 576 793 ἰὲῑὲἴὲοίὶς
588 755 646 784 tur
673 757 716 781 ex
742 741 902 792 propriis
922 738 1096 776 scientiae
1112 735 1299 780 naturalis,
1315 733 1376 770 hic

328 802 486 840 ostendit
512 801 613 837 idem
641 796 842 835 rationibus
870 793 998 841 logicis
1024 793 1055 839 *,
1075 790 1171 827 idest
1199 800 1295 848 quae
1315 799 1375 846 su-

326 863 479 893 muntur
506 865 550 889 ex
587 850 767 899 aliquibus
805 844 1131 884 communioribus
1167 852 1374 899 prmmpus,

324 909 386 946 vel
406 920 450 944 ex
470 908 488 928 ’³‘
508 904 690 953 aliquibus
708 900 966 950 probabilibus
987 906 1022 935 et
1040 909 1119 934 non
1143 905 1378 952 necessarus..

325 962 374 998 Et
400 961 473 996 hoc
501 965 555 994 est
574 956 676 1005 quod
705 954 807 992 dicit:
828 958 890 999 est,
911 952 1007 989 idest
1033 948 1222 996 contingit,
1244 958 1374 984 conari

326 1013 374 1050 ad
404 1010 637 1061 propositum
666 1006 943 1045 ostendendum
977 1002 1250 1047 rationabilius,
1279 1000 1375 1037 idest

324 1065 442 1113 magis
467 1075 536 1112 per
561 1062 662 1099 viam
690 1060 851 1108 logicam
879 1057 916 1104 β,
945 1058 1010 1103 sic,
1040 1056 1135 1093 idest
1162 1053 1373 1091 secundum

325 1118 484 1155 rationes
511 1121 718 1164 sequentes.
749 1113 859 1150 Unde
889 1111 960 1148 alia
993 1110 1112 1147 littera
1145 1107 1292 1157 planior
1321 1113 1375 1142 est

324 1182 420 1219 quae
449 1169 500 1205 sic
531 1168 660 1204 habet:
698 1166 821 1215 magis
853 1170 977 1201 autem
1014 1163 1134 1212 logice
1171 1167 1225 1197 est
1258 1171 1374 1209 argu-

323 1222 483 1259 mentari
507 1226 543 1257 et
565 1221 618 1257 sic
644 1225 668 1256 ⁷.
696 1219 824 1256 Primo
859 1224 986 1254 autem
1016 1215 1178 1252 ostendit
1203 1212 1374 1263 proposi-

323 1283 401 1312 tum
422 1274 469 1311 de
498 1285 654 1322 corpore
673 1272 818 1309 infinito
839 1270 1035 1315 continuo;
1056 1267 1225 1305 secundo
1253 1266 1301 1303 de
1320 1266 1374 1302 in-

322 1328 426 1365 finito
463 1338 540 1362 non
573 1325 771 1373 continuo,
804 1324 873 1361 ibi:
906 1323 949 1360 Si
978 1328 1102 1359 autem
1145 1333 1218 1358 non
1260 1319 1374 1356 conti·

322 1392 437 1417 nuum
467 1379 486 1400 '¹‘
514 1386 581 1416 etc.

375 1445 408 1469 2.
449 1431 556 1468 Circa
592 1431 758 1480 primum
795 1430 871 1467 duo
911 1428 1005 1465 facit.
1044 1427 1174 1464 Primo
1213 1424 1375 1462 ostendit

322 1485 424 1535 quod
443 1497 578 1534 corpus
596 1484 795 1531 infinitum,
820 1482 997 1520 similium
1017 1480 1180 1530 partium
1201 1479 1372 1526 existens,

321 1551 399 1575 non
417 1545 540 1587 potest
558 1537 703 1575 moveri
723 1535 957 1574 circulariter.
979 1534 1095 1582 Quod
1116 1532 1271 1583 quidem
1286 1544 1375 1581 pro-

322 1592 385 1628 bat
410 1603 478 1640 per
504 1592 597 1639 hoc,
626 1591 729 1640 quod
756 1589 890 1627 infiniti
918 1601 995 1626 non
1031 1595 1085 1625 est
1113 1586 1266 1636 aliquod
1294 1597 1372 1622 me-

322 1644 446 1691 dium,
475 1644 567 1681 sicut
593 1656 663 1680 nec
693 1651 919 1680 extremum:
949 1649 1075 1679 motus
1099 1648 1227 1677 autem
1256 1639 1372 1676 circu-

320 1697 405 1734 laris
434 1704 488 1733 est
515 1697 611 1734 circa
639 1697 821 1744 medium,
849 1703 891 1732 ut
918 1707 1031 1744 supra
1054 1695 1074 1716 ³⁸
1097 1693 1269 1731 habitum
1298 1700 1371 1730 est:

321 1762 408 1798 ergo
438 1757 505 1786 etc.

374 1804 407 1840 3.
430 1802 604 1839 Secundo
625 1802 786 1840 ostendit
803 1801 920 1839 tribus
940 1799 1148 1837 rationibus
1167 1799 1272 1848 quod
1292 1811 1371 1836 non

321 1863 375 1893 est
401 1855 579 1905 possibile
606 1855 710 1905 quod
737 1856 809 1892 tale
839 1866 975 1903 corpus
994 1853 1185 1891 infinitum
1213 1865 1371 1890 movea-

320 1916 379 1946 tur
406 1916 511 1945 motu
538 1917 652 1946 recto.
679 1910 852 1956 Quarum
878 1907 1001 1956 prima
1034 1907 1116 1944 talis
1145 1914 1210 1944 est.
1241 1907 1371 1944 Omne

322 1974 458 2011 corpus
487 1962 588 2010 quod
607 1970 784 1999 movetur
811 1969 918 1998 motu
938 1967 1051 2007 recto,
1073 1967 1196 2010 potest
1223 1959 1372 1997 moveri

321 2014 533 2052 naturaliter
547 2022 582 2052 et
600 2028 667 2064 per
684 2015 912 2052 violentiam.
939 2014 1055 2061 Quod
1086 2015 1104 2035 *²
1132 2021 1260 2051 autem
1289 2025 1372 2050 mo-

319 2075 430 2105 vetur
463 2079 531 2117 per
557 2068 793 2116 violentiam,
823 2069 935 2105 habet
966 2068 1135 2117 'aliquem
1171 2069 1300 2105 locum
1334 2066 1372 2104 in

322 2133 436 2169 quem
463 2129 638 2158 movetur
664 2122 866 2169 violenter;
895 2128 932 2158 et
959 2133 1074 2158 omne
1107 2121 1209 2170 quod
1239 2132 1372 2158 move·

321 2181 381 2210 tur
398 2174 621 2222 naturaliter,
638 2175 751 2212 habet
769 2175 933 2224 aliquem
953 2175 1080 2212 locum
1099 2175 1138 2212 in
1153 2187 1268 2224 quem
1290 2187 1372 2211 mo-

321 2234 430 2264 vetur
448 2229 670 2265 naturaliter.
692 2229 817 2265 Locus
837 2236 964 2266 autem
984 2228 1109 2265 omnis
1130 2236 1184 2265 est
1204 2228 1372 2277 aequalis

315 2280 453 2320 locato.
476 2280 538 2317 Sic
558 2293 644 2330 ergo
664 2289 841 2330 sequetur
859 2281 962 2330 quod
982 2282 1053 2319 sint
1072 2282 1148 2319 duo
1168 2282 1252 2319 loca
1270 2288 1373 2318 tanta

322 2340 502 2382 quantum
531 2341 585 2371 est
613 2347 748 2384 corpus
772 2335 971 2382 infinitum,
992 2335 1030 2373 in
1059 2347 1223 2384 quorum
1251 2347 1373 2372 unum

321 2393 496 2423 movetur
520 2387 714 2435 violenter,
736 2395 772 2425 et
798 2388 837 2425 in
864 2388 978 2426 aliurn
1000 2389 1020 2410 *⁸
1041 2389 1266 2426 naturaliter.
1288 2389 1374 2425 Hoc

322 2446 447 2476 autem
466 2446 521 2476 est
538 2440 780 2490 impossibile,
797 2442 934 2479 scilicet
949 2443 968 2464 *
984 2442 1088 2491 quod
1107 2442 1180 2479 sint
1199 2442 1276 2479 duo
1291 2443 1375 2479 loca

323 2492 475 2539 infinita,
501 2493 594 2530 sicut
621 2502 657 2531 et
684 2495 788 2542 quod
816 2495 888 2532 sint
916 2496 991 2532 duo
1021 2495 1167 2533 infinita
1201 2508 1373 2545 corpora,

323 2552 364 2581 ut
399 2557 512 2593 supra
539 2548 558 2568 *
586 2547 755 2584 habitum
784 2555 850 2585 est.

377 2597 610 2646 Relinquitur
637 2612 726 2648 ergo
759 2601 862 2650 quod
882 2601 1026 2638 nullum
1051 2614 1187 2651 corpus
1206 2603 1374 2639 naturale

326 2650 371 2687 sit
405 2650 601 2689 infinitum.
626 2653 770 2690 Dicitur
796 2662 922 2692 autem
944 2662 1102 2704 utraque
1130 2655 1223 2692 ratio
1252 2656 1375 2706 logica

328 2718 408 2742 esse
436 2702 460 2751 δ,
485 2706 573 2752 quia
600 2706 769 2754 procedit
796 2719 839 2744 ex
873 2720 918 2744 eo
947 2709 1050 2756 quod
1089 2709 1267 2757 contingit
1295 2722 1376 2746 cor—

326 2758 409 2807 pori
438 2758 581 2796 infinito
619 2759 839 2808 inquantum
877 2768 932 2797 est
973 2761 1179 2809 infinitum,
1214 2763 1293 2799 sive
1331 2762 1377 2800 sit

327 2812 633 2849 mathematicum
653 2812 731 2849 sive
751 2813 796 2850 sit
825 2815 843 2835 '¹‘
869 2815 1046 2862 naturale,
1072 2815 1208 2852 scilicet
1236 2828 1313 2853 non
1334 2817 1376 2838 *⁸

326 2865 465 2902 habere
493 2865 678 2911 medium,
708 2873 743 2902 et
770 2878 847 2903 non
876 2867 1014 2905 habere
1052 2862 1191 2917 aliquid
1219 2870 1376 2919 aequale

293 2937 298 2948 ³
328 2925 428 2955 extra
447 2930 497 2955 se.
529 2919 650 2968 Supra
668 2919 688 2939 *
707 2926 834 2956 autem
854 2920 979 2968 posuit
998 2920 1120 2970 aliqua
1140 2921 1286 2969 similia,
1309 2924 1376 2961 sed

327 2983 404 3008 non
427 2979 605 3020 tanquam
633 2971 862 3021 principalia,
889 2974 955 3011 sed
979 2981 1159 3023 tanquam
1185 2984 1378 3025 assumpta

329 3024 377 3060 ad
401 3024 738 3062 manifestationem
767 3026 939 3063 aliorum.

350 3175 355 3180 ι
383 3140 409 3173 α)
429 3141 609 3167 universaliter
632 3150 683 3168 non
701 3150 756 3168 esse
777 3151 882 3176 corpus.
899 3159 918 3163 -
937 3145 1122 3170 universaliter
1145 3153 1313 3180 corrumpunt
1337 3155 1378 3172 co-

332 3175 408 3205 dices,
422 3177 531 3209 exceptis
545 3177 629 3208 AsGI,
648 3178 674 3202 in
692 3179 764 3204 nobis
770 3187 779 3209 ;
801 3179 819 3203 Ρ
835 3180 936 3212 corrigit
956 3181 1065 3213 legendo
1085 3182 1184 3207 nullum
1199 3189 1254 3207 esse
1271 3190 1380 3215 corpusJ

333 3209 364 3250 cs:
375 3210 435 3250 lect.
448 3218 504 3242 xm,
523 3219 549 3252 n.
566 3219 574 3236 ι
597 3220 685 3245 sqq.—
699 3213 747 3238 Pro
766 3215 897 3247 physicis,
917 3216 986 3248 quod
1006 3217 1116 3249 legimus
1136 3224 1196 3242 cum
1214 3219 1249 3247 A.
1264 3219 1380 3250 praeha—

334 3244 393 3269 bms
411 3246 466 3286 BQ,
484 3246 670 3278 philosophicis
692 3248 724 3279 1³3
744 3250 818 3274 ceteri
838 3255 863 3275 et
881 3251 940 3276 edit.
958 3250 1023 3276 1516
1043 3252 1193 3285 aequivoca;
1213 3253 1246 3278 cf.
1260 3254 1317 3278 lect.
1331 3254 1380 3285 cit„

334 3287 359 3303 n.
375 3278 503 3306 5.—L1nea
517 3282 633 3314 sequenti
647 3290 693 3314 pro
705 3284 830 3315 propriis,
842 3286 982 3318 principiis
996 3288 1023 3317 P;
1039 3287 1096 3312 loco
1106 3289 1221 3320 proxime
1231 3289 1272 3314 cit.
1282 3294 1380 3314 utrum-

335 3321 385 3346 que
402 3314 514 3356 habetur,
533 3317 624 3349 legitur
642 3325 733 3350 nempe
751 3325 787 3343 ex
800 3321 918 3352 propriis
931 3322 1081 3354 principiis.

389 3347 414 3383 β)
434 3350 499 3375 idest
517 3352 601 3384 magis
615 3359 666 3384 per
684 3353 753 3378 viam
772 3354 892 3387 logicam.
904 3370 923 3375 -
936 3357 1021 3390 magis
1041 3366 1093 3383 orn.
1108 3358 1135 3388 Ρ,
1149 3366 1203 3391 quo
1217 3359 1315 3384 omisso
1330 3367 1382 3385 non

336 3384 480 3444 :ggazntitgr
499 3386 590 3418 gradus
609 3389 794 3420 comparativus
812 3390 882 3414 verbi
900 3392 1093 3418 rationabilius.
1107 3394 1170 3418 Post
1183 3395 1228 3424 sic,
1245 3403 1292 3428 pro
1307 3395 1382 3426 idest,

1025 239 1094 276 DE
1124 234 1298 274 CAELO
1328 233 1398 269 ET
1427 226 1621 267 MUNDO
1651 225 1745 262 LIB.
1777 224 1790 259 I

1431 314 1485 342 tus,
1508 305 1588 342 quod
1603 309 1644 331 est
1658 300 1845 338 impossibile.
1861 317 1880 321 -
1895 309 1923 337 9.
1945 299 2044 328 Tertia
2066 299 2150 327 ratio.
2171 299 2296 336 Oportet
2314 301 2425 335 ponere
2450 298 2506 327 alia

1431 355 1504 383 quae
1526 349 1679 372 moventur
1699 350 1814 369 sursum
1835 341 1997 369 secundum
2018 346 2162 375 naturam,
2178 346 2206 367 et
2219 339 2276 368 alia
2294 348 2369 376 quae
2384 348 2506 367 moven-

1430 394 1476 414 tur
1490 386 1626 412 deorsum
1648 381 1810 410 secundum
1831 387 1975 408 naturam.
1997 381 2074 416 Ergo
2096 389 2157 407 non
2176 379 2277 407 omnia
2290 379 2398 407 habent
2412 378 2506 416 gravi-

1431 432 1527 459 tatem,
1539 431 1634 459 neque
1649 420 1750 450 omnia
1763 421 1870 449 habent
1887 420 2041 455 levitatem,
2056 419 2129 448 sicut
2143 419 2246 456 opinio
2260 418 2408 456 praedicta
2422 421 2462 455 (n.
2475 419 2505 455 6)

1431 465 1566 502 ponebat.
1582 478 1602 483 -
1614 461 1753 498 Epilogus
1775 466 1803 489 et
1823 460 1984 489 conclusio.

1483 582 1520 617 4.
1543 567 1763 606 Secundam
1801 567 1990 604 rationem
2023 566 2133 616 ponit
2164 565 2235 603 ibi:
2263 566 2400 603 Adhuc
2426 566 2506 603 sive

1431 629 1567 660 natura
1581 622 1694 658 hahet
1706 627 1789 657 etc.:
1807 632 1905 669 quae
1917 622 1937 642 ³¹⁸
1948 620 2030 657 talis
2046 627 2112 657 est.
2131 619 2220 656 Sive
2237 619 2384 657 dicatur
2397 619 2506 669 quod

1431 688 1568 725 corpus
1588 674 1780 711 infinitum
1801 681 2005 711 moveatur
2024 681 2133 710 motu
2148 681 2252 710 recto
2272 673 2503 721 naturaliter,

1430 729 1510 767 sive
1539 741 1608 777 per
1643 727 1892 775 violentiam,
1922 734 2086 777 utroque
2115 727 2236 765 modo
2266 734 2417 776 oportet
2448 725 2504 764 di-

1430 795 1514 819 cere
1534 788 1545 802 ’
1568 781 1673 830 quod
1692 780 1738 818 sit
1756 780 1927 829 potentia
1952 793 2118 818 movens
2138 793 2278 830 corpus
2297 780 2503 818 infinitum:

1429 843 1626 873 ostensum
1651 841 1707 871 est
1734 833 1838 870 enim
1858 833 1897 870 in
1914 834 1984 872 VII
2005 841 2043 871 et
2064 834 2153 871 VIII
2175 834 2326 883 I'ltysic.
2349 835 2370 856 *
2398 835 2505 883 quod
2533 841 2543 850 '

1430 901 1547 926 omne
1566 888 1671 936 quod
1701 894 1882 924 movetur
1897 887 1946 924 ab
1971 887 2044 924 alio
2065 895 2256 935 movetur,
2277 899 2358 926 non
2377 889 2504 926 solum

1429 943 1468 979 in
1496 941 1554 978 his
1574 953 1673 990 quae
1701 947 1910 978 moventur
1930 953 2002 990 per
2027 940 2265 989 violentiam,
2287 942 2336 979 de
2364 941 2504 991 quibus

1429 995 1550 1043 magis
1575 1002 1632 1031 est
1650 993 1909 1042 manifestum,
1930 994 1999 1031 sed
2019 993 2133 1031 etiam
2153 995 2192 1032 in
2219 994 2279 1032 his
2298 1007 2399 1044 quae
2419 1007 2505 1032 mo-

1428 1057 1567 1086 ventur
1595 1046 1830 1095 naturaliter,
1860 1046 1957 1084 sicut
1984 1059 2148 1096 corpora
2179 1048 2312 1096 gravia
2340 1056 2377 1086 et
2404 1049 2505 1086 levia

1428 1109 1635 1139 moventur
1645 1113 1667 1137 a
1678 1108 1882 1148 generante
1897 1101 1960 1138 vel
1975 1113 1999 1137 a
2009 1102 2030 1123 *
2041 1108 2267 1139 removente
2281 1102 2503 1151 prohibens.

1430 1156 1530 1192 Cum
1551 1162 1680 1192 autem
1700 1153 1835 1191 fortius
1854 1165 1935 1191 non
1963 1161 2168 1191 moveatur
2186 1166 2210 1192 a
2229 1154 2413 1203 debiliori,
2433 1155 2504 1193 im-

1427 1208 1608 1258 possibile
1629 1215 1686 1245 est
1704 1207 1811 1257 quod
1829 1206 2035 1255 infinitum,
2057 1207 2165 1245 cuius
2187 1207 2310 1246 virtus
2334 1216 2390 1246 est
2410 1210 2431 1231 *
2449 1209 2505 1246 in·
2532 1215 2543 1225 ·

1428 1262 1545 1309 finita,
1568 1268 1772 1299 moveatur
1791 1273 1814 1298 a
1832 1260 2003 1310 potentia
2031 1260 2138 1299 finita
2158 1261 2371 1300 moventis:
2400 1262 2506 1301 unde

1429 1315 1651 1364 relinquitur
1669 1314 1775 1363 quod
1804 1322 1956 1364 oportet
1973 1314 2187 1364 potentiam
2206 1315 2401 1353 moventis
2421 1328 2505 1354 esse

1428 1369 1628 1406 infinitam.
1650 1367 1899 1405 Manifestum
1920 1375 1976 1405 est
1990 1375 2120 1405 autem
2145 1369 2265 1418 quod,
2285 1368 2317 1406 si
2335 1369 2506 1419 potentia

1429 1421 1476 1459 sit
1504 1422 1672 1469 infinita,
1703 1421 1772 1458 erit
1808 1421 1863 1459 rei
1890 1421 2079 1459 infinitae:
2110 1429 2147 1459 et
2175 1435 2196 1459 e
2230 1434 2443 1470 converso,
2472 1422 2506 1461 si

1430 1488 1569 1525 corpus
1589 1475 1636 1513 sit
1653 1475 1858 1523 infinitum,
1880 1483 2032 1525 oportet
2050 1475 2156 1525 quod
2173 1475 2295 1514 virtus
2315 1476 2397 1514 eius
2418 1476 2439 1497 ‘
2459 1476 2508 1514 sit

1428 1529 1585 1567 infinita.
1608 1529 1648 1566 Si
1669 1541 1759 1578 ergo
1781 1536 1837 1566 est
1856 1541 1996 1579 corpus
2015 1529 2209 1567 infinitum
2234 1529 2341 1579 quod
2368 1542 2504 1568 move-

1428 1590 1507 1629 tur,
1538 1595 1695 1620 necesse
1725 1590 1781 1620 est
1809 1581 1916 1632 quod
1945 1594 2086 1632 corpus
2119 1594 2285 1621 movens
2314 1583 2361 1621 sit
2389 1583 2505 1622 etiam

1427 1636 1632 1674 infinitum.
1653 1636 1866 1673 Probatum
1882 1642 1938 1673 est
1953 1636 2111 1674 enimin
2129 1636 2187 1674 his
2205 1648 2304 1686 quae
2322 1637 2370 1674 de
2387 1642 2504 1685 motu,

1426 1689 1522 1727 idest
1549 1690 1588 1727 in
1607 1690 1695 1727 VIII
1723 1689 1874 1738 Physic.
1902 1690 1924 1710 ²*
1948 1689 1974 1736 ζ,
2000 1690 2107 1739 quod
2135 1690 2284 1727 nullum
2306 1690 2506 1728 finitorum
2533 1699 2543 1709 ·

1426 1743 1543 1780 habet
1560 1743 1742 1781 virtutem
1762 1742 1966 1791 infinitam,
1988 1755 2061 1780 nec
2079 1742 2237 1793 aliquod
2265 1743 2505 1782 infinitorum

1426 1797 1542 1834 habet
1568 1796 1750 1834 virtutem
1778 1796 1940 1835 finitam.
1967 1795 2032 1834 Sic
2058 1796 2171 1845 igitur
2196 1804 2301 1846 patet
2328 1796 2447 1847 quod,
2476 1796 2507 1835 si

1427 1851 1473 1888 sit
1502 1863 1642 1900 corpus
1669 1850 1863 1888 infinitum
1892 1849 1999 1900 quod
2027 1857 2208 1888 movetur
2238 1858 2350 1888 motu
2378 1857 2504 1899 recto,

1428 1911 1580 1954 oportet
1598 1904 1705 1953 quod
1724 1911 1930 1942 moveatur
1947 1916 1971 1942 a
1990 1915 2152 1953 corpore
2172 1903 2335 1942 infinito.
2354 1903 2395 1942 Si
2414 1915 2506 1954 ergo

1427 1970 1620 2007 ponamus
1653 1957 1760 2007 quod
1792 1958 1867 1995 hoc
1889 1958 1908 1979 *
1937 1969 2077 2007 corpus
2107 1957 2299 1995 infinitum
2325 1956 2508 2007 contingit
2533 1965 2544 1976 ·

1427 2011 1577 2049 moveri
1598 2018 1635 2049 et
1653 2011 1868 2049 secundum
1889 2018 2066 2048 naturam
2090 2018 2127 2048 et
2144 2018 2297 2060 praeter
2315 2018 2505 2060 naturam,

1428 2064 1598 2102 similiter
1626 2064 1819 2113 continget
1835 2070 1850 2088 ’¹
1874 2064 2089 2102 secundum
2117 2070 2325 2114 utrumque
2343 2071 2507 2103 ‘motum

1428 2118 1535 2168 quod
1564 2117 1637 2156 sint
1665 2118 1743 2156 duo
1772 2117 1932 2166 infinita,
1953 2117 2095 2155 scilicet
2121 2117 2215 2156 illud
2241 2117 2348 2168 quod
2373 2124 2510 2157 movet

1426 2173 1493 2218 sic,
1522 2171 1619 2210 idest
1647 2171 1867 2209 naturaliter
1884 2171 1948 2209 vel
1975 2171 2176 2219 violenter,
2201 2179 2240 2209 et
2273 2171 2376 2209 aliud
2399 2170 2508 2221 quod

1429 2233 1619 2262 movetur.
1651 2225 1738 2262 Hoc
1767 2233 1898 2262 autem
1933 2233 1989 2262 est
2016 2224 2269 2274 impossibile,
2299 2225 2408 2274 quod
2434 2220 2512 2270 sint

1429 2279 1507 2317 duo
1547 2291 1711 2328 corpora
1747 2278 1916 2326 infinita,
1945 2285 1988 2316 ut
2015 2291 2132 2328 supra
2162 2279 2183 2300 ⁸*
2211 2285 2408 2316 ostensum
2438 2286 2506 2316 est.

1429 2333 1532 2381 Ergo
1553 2345 1633 2370 non
1653 2339 1709 2370 est
1726 2331 1908 2382 possibile
1929 2344 2011 2369 esse
2033 2344 2173 2382 corpus
2193 2331 2385 2370 infinitum
2401 2331 2509 2382 quod

1430 2393 1636 2424 moveatur
1663 2392 1774 2423 motu
1807 2393 1922 2423 recto.
1939 2406 1963 2414 -
1981 2386 2088 2422 Haec
2117 2385 2233 2423 etiam
2261 2384 2356 2423 ratio
2385 2385 2509 2434 logica

1431 2447 1498 2487 est,
1519 2439 1609 2489 quia
1627 2438 1800 2489 procedit
1820 2451 1866 2476 ex
1886 2438 2085 2476 communi
2110 2438 2343 2488 proprietate
2371 2437 2509 2476 infiniti

1431 2493 1614 2542 corporis,
1640 2492 1747 2542 quod
1775 2492 1915 2530 scilicet
1943 2505 2022 2530 non
2050 2493 2191 2530 habeat
2217 2500 2321 2530 extra
2345 2504 2386 2529 se
2406 2491 2508 2531 aliud

1431 2558 1571 2596 corpus
1599 2546 1770 2596 aequale.

1484 2601 1615 2637 Potest
1629 2608 1759 2638 autem
1781 2599 1801 2620 ‘¹
1816 2611 1862 2636 ex
1876 2599 1949 2636 hac
1970 2599 2116 2637 ratione
2137 2598 2314 2637 concludi
2343 2610 2424 2637 non
2447 2610 2509 2636 so·
2537 2606 2548 2616 ·

1430 2654 1511 2691 lum
1540 2653 1646 2704 quod
1675 2653 1749 2691 sint
1786 2653 1863 2690 duo
1897 2652 2066 2701 infinita,
2095 2652 2164 2690 sed
2191 2652 2313 2702 plura.
2344 2653 2449 2690 Nam
2478 2651 2508 2690 si

1431 2720 1571 2756 corpus
1600 2706 1791 2744 infinitum
1821 2714 2001 2744 movetur
2029 2706 2260 2754 naturaliter,
2282 2717 2422 2756 corpus
2442 2717 2509 2743 na-

1430 2761 1597 2798 turaliter
1625 2760 1752 2810 ipsum
1782 2761 1802 2780 '¹
1828 2771 1994 2797 movens
2023 2760 2092 2797 erit
2120 2759 2330 2807 infinitum3
2351 2766 2388 2796 et
2418 2757 2510 2810 quia

1433 2814 1612 2863 contingit
1649 2814 1775 2863 ipsum
1814 2813 1964 2851 moveri
1991 2813 2198 2861 violenter,
2230 2824 2369 2862 corpus
2402 2811 2508 2862 quod

1432 2876 1564 2905 movet
1583 2868 1710 2917 ipsum
1729 2867 1917 2905 violenter
1946 2866 2015 2904 erit
2033 2867 2241 2914 infinitum,
2264 2874 2301 2903 et
2319 2865 2374 2903 sic
2397 2871 2510 2903 erunt

1432 2921 1500 2959 tria
1528 2921 1686 2959 infinita.
1702 2942 1726 2949 -
1743 2922 1902 2969 Rursus,
1923 2920 2012 2970 quia
2031 2927 2161 2958 motus
2184 2919 2250 2969 qui
2280 2926 2336 2957 est
2362 2918 2510 2957 violen-

1432 2983 1491 3013 tus
1519 2975 1598 3023 uni,
1620 2983 1676 3013 est
1695 2974 1874 3012 naturalis
1893 2974 2011 3021 alteri,
2031 2982 2074 3011 ut
2092 2985 2209 3024 supra
2227 2974 2248 2995 ⁸¹
2267 2972 2413 3011 dictum
2433 2979 2508 3021 ost,

1433 3037 1613 3078 sequetur
1641 3028 1755 3066 etiam
1785 3027 1892 3077 quod
1920 3027 1966 3065 sit
1994 3027 2097 3065 aliud
2126 3039 2265 3078 corpus
2294 3025 2508 3076 infinitum,

1434 3149 1513 3173 detur
1538 3149 1595 3178 PD;
1620 3156 1668 3182 pro
1693 3151 1822 3181 utraque,
1848 3147 1938 3181 utique
1957 3147 1977 3172 P
1996 3152 2022 3172 et
2047 3146 2150 3172 codices
2175 3145 2288 3179 excepti·
2306 3147 2343 3177 Λς
2368 3145 2510 3179 teg-ndum

1435 3191 1494 3208 esse
1514 3187 1641 3217 utraque,
1667 3188 1737 3218 putet
1756 3191 1787 3209 ex
1805 3183 1844 3209 eis
1862 3191 1930 3216 quae
1955 3188 2102 3216 sequuntur
2126 3187 2187 3216 post
2205 3182 2270 3207 dun
2290 3182 2385 3212 lium,
2409 3181 2511 3207 acilius

1435 3227 1486 3244 non
1512 3220 1608 3245 habere
1634 3219 1764 3250 medium,
1784 3219 1856 3252 quod
1880 3218 1985 3252 respicit
2007 3223 2191 3252 argumentum
2209 3218 2236 3242 in
2260 3224 2333 3243 num.
2354 3223 2382 3247 ει,
2406 3219 2434 3242 et
2456 3222 2510 3242 nou

1435 3254 1530 3280 habere
1554 3255 1658 3288 aliquid
1680 3255 1792 3288 aequale
1809 3258 1893 3280 extra
1911 3262 1952 3285 se,
1979 3254 2051 3288 quod
2074 3253 2180 3287 respicit
2202 3257 2386 3286 ugumeumm
2409 3251 2436 3277 iu
2459 3251 2511 3278 hoc

1436 3297 1507 3315 num.
1523 3290 1545 3315 3.

1489 3326 1510 3358 ε)
1531 3329 1643 3359 utroque
1661 3326 1740 3352 modo
1759 3328 1865 3359 oportet
1883 3326 1981 3352 dicere.
1994 3339 2013 3344 —
2030 3325 2086 3351 sive
2105 3327 2218 3357 utroque
2236 3323 2324 3354 modo,
2344 3325 2451 3356 oportet
2469 3322 2510 3348 di-

1435 3367 1494 3386 cere
1513 3361 1532 3385 Ρ
1552 3367 1640 3387 contra
1659 3362 1734 3387 codd.
1749 3366 1774 3387 et
1792 3366 1900 3387 textum.

1490 3395 1514 3429 ζ)
1534 3404 1601 3429 quae
1619 3398 1653 3423 de
1673 3401 1760 3427 motu,
1781 3397 1850 3423 idest
1862 3397 1888 3422 in
1910 3396 1981 3422 VIII'
1992 3395 2100 3431 Physic-
2113 3408 2133 3415 -
2146 3401 2214 3428 quae
2232 3394 2265 3420 de
2283 3397 2357 3419 motu
2372 3393 2464 3427 primo
2482 3393 2510 3419 in

1443 3431 1509 3456 VIII
1524 3433 1630 3466 Physic.
1645 3434 1679 3464 [²3
1699 3433 1731 3458 cf.
1750 3438 1892 3466 utrumque
1918 3437 2025 3458 textum.
2038 3445 2059 3452 ·-
2070 3431 2127 3457 Lin.
2142 3437 2199 3463 eoq-
2218 3435 2279 3463 post
2305 3429 2436 3464 infinitam
2451 3436 2511 3463 pet*—

337 3488 356 3513 d
390 3453 416 3494 Τ)
436 3458 474 3495 est
491 3457 672 3497 argumentari
690 3461 715 3482 et
733 3458 778 3483 sic.
789 3472 808 3478 -
820 3463 859 3484 est
872 3468 904 3501 'ac
923 3465 951 3502 ετ.
973 3470 1025 3487 om.
1048 3464 1077 3489 P.
1097 3477 1115 3483 —
1129 3465 1251 3497 Sequenti
1271 3466 1315 3491 lin.
1336 3474 1384 3499 pro
1438 3467 1519 3499 gitD:
1535 3475 1580 3493 nec
1592 3468 1702 3501 aliquod
1712 3468 1879 3501 infinitorum
1890 3469 1969 3494 habet
1982 3468 2109 3493 virtutem
2121 3465 2263 3499 infinitam,
2275 3472 2323 3491 nec
2331 3465 2444 3499 aliquod
2452 3470 2510 3496 etc.;

357 3495 370 3513 e
389 3490 491 3522 infinito
509 3498 560 3515 non
578 3495 708 3522 continuo,
723 3493 755 3518 de
772 3495 923 3525 corporibus
942 3498 1050 3530 infinitis
1069 3506 1178 3525 numero
1193 3507 1244 3525 non
1259 3501 1384 3527 continuo
1439 3507 1478 3527 eet
1497 3504 1613 3535 repetitio
1631 3504 1810 3529 homoteleuti.

338 3524 412 3548 codd.
425 3531 477 3550 exc.
491 3525 528 3556 A,
547 3525 578 3550 de
597 3534 647 3551 non
665 3527 787 3553 continuo
806 3529 840 3559 1>;
859 3530 890 3556 cf.
903 3539 927 3555 n.
941 3531 966 3556 6.

391 3558 416 3592 δ)
435 3559 542 3585 Dicitur
565 3564 652 3586 autem
676 3565 786 3595 utraque
809 3565 877 3590 ratio
901 3567 987 3599 logica
1010 3574 1073 3594 esse.
1091 3583 1110 3588 -
1127 3570 1177 3594 Pro
1196 3571 1316 3602 Dicitur,
1344 3571 1385 3597 Vi-

1491 3538 1519 3569 η)
1538 3539 1661 3564 similiter
1678 3540 1825 3572 continget.
1838 3553 1858 3559 -
1870 3539 1994 3565 similiter
2007 3545 2061 3564 om.
2075 3538 2108 3569 Α,
2120 3537 2170 3563 hoc
2187 3537 2326 3571 continget
2340 3537 2374 3568 ol,
2386 3535 2435 3563 sed
2445 3542 2509 3562 oon·

1439 3573 1524 3606 tinget
1543 3580 1590 3599 cet.
1603 3589 1621 3594 -
1635 3574 1686 3599 Pro
1705 3578 1814 3605 motum,
1834 3575 1943 3601 modum
1962 3574 1992 3600 P.

2533 628 2543 638 ·
2558 629 2624 651 rano
2637 636 2660 653 ν.

2532 1479 2707 1504 'mma

2535 2283 2750 2313 ‘laet-mma.

2537 2757 2752 2788 ‘meodi-

2537 2791 2588 2809 ἕζε-
2601 2793 2625 2809 Δ.

2537 2976 2750 3005 'mummu-
