2554 4062
2302 288 2364 314 xm

166 343 318 384 ninus:
361 360 375 380 ‹
406 343 588 399 Scripsit
626 343 755 385 etiam
787 356 919 397 super
951 344 1270 400 philosophiam
1305 348 1602 392 Aristotelis...
1628 364 1758 406 super
1790 358 1875 394 tres
1908 353 2042 395 libros
2074 354 2127 395 de
2164 356 2291 398 Caelo
2324 363 2369 399 et

166 405 335 447 Mundo
369 406 694 460 (Historiarum,
731 411 836 460 part.
860 406 935 454 III,
971 406 1029 447 tit.
1055 421 1170 456 xvm,
1197 422 1287 464 cap.
1312 425 1351 459 x,
1377 413 1412 462 ξ.
1439 412 1494 466 2).
1522 431 1535 447 »

293 469 342 509 In
376 468 565 510 editione
597 467 743 516 Piaua,
779 468 969 523 genuina
1001 470 1250 512 s.Thomae
1285 473 1498 528 expositio
1533 475 1772 530 completur
1804 477 1987 519 lectione
2014 484 2170 520 octava
2202 481 2244 521 in
2278 487 2362 522 ter-

166 530 274 572 tium
308 531 477 579 librum,
512 543 610 571 cum
644 529 725 570 illis
753 530 900 572 verbis
940 548 955 567 ‹
981 531 1128 573 dicens
1163 534 1436 577 manifestum
1467 550 1563 578 esse
1597 538 1717 592 quod
1750 538 1835 579 sint
1868 540 2089 590 elementa,
2116 547 2157 582 et
2189 550 2363 598 propter

167 593 274 648 quid
316 593 402 634 sint
434 598 534 641 etc.;
559 610 572 628 ›
614 598 716 647 post
757 605 870 647 quae
914 593 1125 635 adnotant
1171 596 1379 638 editores:
1432 617 1445 634 ‹
1472 599 1895 642 Commentariorum
1933 616 1967 643 s.
1990 602 2188 644 Thomae
2235 618 2364 660 super

166 655 337 697 tertium
371 655 526 696 librum
560 653 614 695 de
650 654 779 696 Caelo
811 658 855 696 et
883 656 1330 703 MundorAristotelis
1365 660 1482 709 finis,
1519 675 1630 715 quae
1664 669 1801 703 morte
1840 670 2100 718 praeve-ntus
2134 666 2362 708 absolvere

166 731 256 759 non
289 717 440 772 potuit.
465 734 479 752 ι
519 712 578 758 Et
610 730 761 758 revera
782 717 841 758 ibi
865 718 1215 761 constituendum
1239 734 1335 762 esse
1358 722 1489 763 finem
1521 725 1815 766 commentarii
1849 739 1882 767 s.
1906 727 2125 776 Doctoris,
2150 729 2363 784 colligitur

165 779 390 821 manifeste
423 785 516 820 tum
549 792 603 820 ex
637 779 872 829 codicibus,
908 787 999 822 tum
1034 795 1087 822 ex
1121 782 1293 824 diversa
1326 785 1491 825 ratione
1525 787 1856 836 commentandi,
1887 801 2000 842 quae
2031 802 2163 830 unam
2196 797 2360 845 partem

164 842 221 883 ab
254 842 388 883 altera
419 855 597 897 prorsus
631 841 867 898 distinguit.
892 867 912 874 -
933 844 1090 885 Nullus
1117 845 1231 886 enim
1261 846 1402 887 codex
1435 847 1544 888 ultra
1565 849 1796 902 praefatam
1819 850 2049 892 lectionem
2082 852 2256 894 exhibet
2285 854 2361 894 ali-

165 904 271 959 quid
306 903 361 945 de
395 904 668 959 expositione
701 919 734 946 s.
768 905 990 947 Thomae:
1026 906 1159 948 immo
1199 908 1343 962 plures
1376 915 1477 964 post
1523 915 1722 952 octavam
1762 912 1989 953 lectionem
2031 913 2240 955 adnotant
2283 916 2358 956 'ex-

164 979 313 1022 presse
346 966 559 1021 reliquum
582 968 960 1010 commentationis
982 982 1070 1010 non
1096 983 1192 1011 esse
1216 971 1362 1025 ipsius.
1395 972 1438 1012 A
1461 971 1519 1012 ita
1539 972 1706 1014 scribit:
1747 990 1762 1010 ‹
1787 974 1972 1028 Explicit
1990 974 2098 1016 liber
2119 976 2361 1018 s.Thomae

165 1028 220 1070 de
253 1029 435 1084 Aquino
469 1043 600 1084 super
632 1030 800 1071 librum·
828 1029 1076 1073 Aristotelis
1114 1032 1167 1073 de
1204 1033 1332 1074 Caelo
1364 1037 1409 1074 et
1435 1034 1632 1083 Mundo:
1656 1053 1670 1070 ι
1711 1036 1766 1076 Β;
1809 1055 1822 1072 ‹
1851 1036 2073 1078 Sententia
2105 1051 2140 1078 s.
2163 1038 2360 1080 Thomae

163 1104 296 1146 super
326 1091 484 1134 librum
516 1091 570 1133 de
604 1092 733 1134 Caelo
764 1096 809 1134 el
827 1093 995 1135 Mundo
1028 1094 1115 1135 exit
1142 1095 1339 1145 feliciter;
1364 1114 1378 1133 »
1405 1097 1467 1137 E:
1509 1113 1524 1134 ι
1550 1089 1809 1151 Usque'huc
1831 1098 1956 1139 frater
1977 1099 2193 1149 Thomas;
2217 1118 2232 1138 »
2262 1102 2356 1143 Par.

163 1154 263 1197 Nat.
285 1155 382 1196 Lat.
413 1153 584 1207 16154:
627 1173 641 1192 ‹
664 1155 767 1196 Non
800 1155 983 1197 habetur
1023 1157 1120 1211 plus
1155 1157 1210 1198 de
1243 1157 1417 1199 Thoma
1450 1172 1582 1213 quam
1627 1159 1719 1201 ista.
1761 1178 1775 1195 ι
1817 1161 1977 1202 Confer
2010 1162 2137 1203 etiarn
2171 1162 2359 1213 Echard,

160 1216 550 1272 ,smptosssord
573 1217 754 1266 Praed„
790 1219 917 1260 Tom.
943 1219 972 1268 Ι,
997 1232 1095 1275 pag.
1123 1221 1226 1271 284.
1251 1243 1270 1250 -
1293 1220 1428 1273 Quod
1450 1227 1595 1271 autem
1617 1222 1767 1263 attinet
1788 1222 1844 1263 ad
1877 1223 2224 1277 supplementum
2246 1226 2359 1266 Petri

163 1278 221 1323 de
254 1279 465 1321 Alvernia
497 1279 570 1335 (de
604 1294 694 1335 quo
727 1280 830 1322 vide
862 1281 1046 1329 Echard,
1081 1282 1160 1322 loc.
1198 1282 1278 1331 cit„
1313 1295 1411 1338 pag.
1449 1284 1566 1337 289),
1592 1290 1793 1325 notamus
1826 1285 1868 1326 in
1902 1285 2163 1340 quibusdam
2200 1287 2359 1328 codici—

163 1341 248 1384 bus
281 1341 341 1383 ibi
374 1342 568 1397 praecise
606 1343 810 1397 incipere,
850 1343 925 1383 ubi
963 1343 1215 1385 terminatur
1248 1345 1462 1399 expositio
1496 1347 1763 1388 s.Doctoris.
1788 1348 1992 1388 Attamen
2028 1361 2081 1389 ex
2113 1348 2205 1389 aliis
2239 1349 2359 1390 codi-

163 1404 288 1447 cibus
321 1404 596 1446 manifestum
630 1409 696 1446 est
729 1417 782 1446 ea
813 1405 942 1446 etiam
982 1419 1095 1460 quae
1117 1406 1381 1461 praecedunt
1417 1407 1473 1449 de
1506 1408 1631 1450 tertio
1661 1409 1784 1458 libro,
1812 1410 1986 1450 Petrum
2023 1417 2360 1452 commentatum

163 1479 274 1509 esse.
308 1467 371 1509 Ut
402 1472 548 1508 autem
582 1467 787 1508 omnibus
822 1473 967 1522 pateat
1000 1468 1239 1510 differentia
1261 1483 1373 1524 quae
1406 1470 1515 1511 inter
1546 1471 1794 1512 huiusmodi
1827 1472 2174 1526 supplementum
2209 1479 2250 1514 et
2281 1486 2359 1529 ge-

163 1529 344 1571 nuinum
377 1529 736 1570 commentarium
770 1543 803 1571 s,
840 1529 1039 1571 Thomae
1074 1531 1316 1580 intercedit,
1352 1538 1443 1573 tum
1477 1533 1624 1587 quoad
1662 1534 1806 1575 stilum
1852 1539 1944 1575 tum
1987 1534 2135 1588 quoad
2181 1535 2360 1577 modum

158 1590 411 1647 exponendi
445 1591 695 1633 Aristotelis
728 1598 907 1641 textum,
943 1592 1032 1634 duo
1065 1593 1164 1635 loca
1195 1594 1459 1644 subiicimus,
1496 1608 1549 1636 ex
1583 1595 1733 1636 codice
1754 1596 1966 1637 Vaticano
2003 1597 2145 1638 2181:
2176 1610 2361 1651 quorum

160 1666 298 1698 mum
331 1654 507 1696 exhibet
552 1654 719 1696 initium
752 1654 917 1710 primae
964 1655 1162 1697 lectionis
1208 1657 1517 1712 supplementi;
1552 1657 1754 1707 alterum,
1788 1658 1968 1713 primam
2018 1664 2183 1713 partem
2215 1659 2362 1701 tertiae

161 1716 372 1766 lectionis,
408 1730 462 1758 ex
495 1717 568 1758 illo
603 1717 702 1758 loco
737 1717 811 1758 ubi
846 1717 1003 1759 desinit
1036 1719 1253 1774 expositio
1287 1733 1320 1761 s.
1346 1719 1555 1762 Thomae.

278 1795 414 1826 ’Ῑκιτῐσκ
436 1804 551 1826 eman
572 1805 736 1827 Lucrtoms
759 1795 857 1826 Pam
880 1806 922 1827 nu
945 1799 1120 1828 Amanum.
1141 1815 1154 1821 -
1169 1797 1222 1828 De
1237 1798 1349 1838 primo
1372 1798 1498 1839 quidem
1515 1799 1620 1840 igitur
1637 1799 1736 1830 caelo.
1761 1798 1849 1830 Cum
1865 1799 2080 1841 Philosophus
2097 1798 2270 1839 complevit
2285 1809 2361 1830 con-

156 1839 387 1882 &orationem
409 1840 450 1872 de
473 1839 663 1881 corporibus
686 1840 886 1881 simplicibus
909 1851 991 1882 quae
1015 1841 1148 1872 mobilia
1171 1849 1246 1873 sunt
1269 1842 1350 1873 circa
1373 1843 1518 1874 medium
1541 1843 1732 1875 circulariter
1755 1850 1879 1883 natura,
1899 1844 2010 1876 transit
2031 1845 2072 1875 ad
2095 1844 2360 1875 considerandum

161 1884 202 1917 de
226 1884 414 1926 corporibus
445 1884 644 1926 simplicibus
668 1895 750 1927 quae
780 1885 912 1916 mobilia
945 1892 1020 1917 sunt
1043 1887 1221 1918 secundum
1245 1894 1392 1918 naturam
1415 1894 1507 1919 motu
1532 1896 1618 1919 recto
1642 1898 1660 1919 a
1682 1887 1791 1919 medio
1814 1888 1864 1919 vel
1883 1889 1923 1919 ad
1947 1888 2100 1920 medium.
2134 1888 2175 1919 Et
2198 1887 2278 1919 circa
2299 1888 2362 1919 hoc

156 1928 270 1972 'primo
294 1929 388 1970 ponit
410 1929 628 1970 prooemium.
653 1929 804 1961 Secundo
829 1939 903 1961 cum
928 1930 1020 1961 dicit:
1044 1929 1142 1962 Prius
1164 1931 1290 1972 quidem
1315 1932 1435 1973 igitur,
1459 1932 1665 1974 prosequitur
1686 1932 1855 1963 intentum.
1881 1932 1916 1963 ln
1941 1933 2127 1976 prooemio,
2154 1932 2260 1973 primo
2284 1942 2361 1963 con-

158 1973 319 2012 mando
342 1983 376 2006 se
399 1974 441 2005 ad
463 1974 694 2015 praecedentia,
718 1974 876 2015 recolligit
898 1975 1106 2007 determinata
1122 1976 1210 2016 prius
1232 1976 1266 2007 in
1289 1976 1352 2007 hoc
1375 1983 1519 2008 tractatu.
1544 1977 1694 2008 Secundo
1718 1987 1793 2008 curn
1817 1977 1907 2008 dicit:
1935 1977 2097 2015 Quoniam
2121 1982 2240 2015 autem,
2262 1977 2362 2008 recol-

157 2017 231 2062 b’gjt
252 2018 466 2051 intentionem
489 2029 582 2050 suam
605 2019 687 2051 circa
709 2026 813 2051 totam
836 2019 1001 2051 scientiam
1024 2020 1214 2052 naturalem.
1238 2020 1350 2052 Tertio
1374 2031 1450 2052 cum
1474 2021 1567 2053 dicit:
1591 2022 1643 2053 De
1659 2022 1769 2063 primo
1792 2022 1918 2063 quidem
1943 2023 2057 2064 igitur,
2082 2023 2135 2054 dat
2149 2021 2360 2053 intentionem

161 2064 255 2095 itiam
278 2069 423 2104 respectu
449 2063 668 2095 dicendorum.

285 2107 399 2139 Primo
419 2107 516 2149 igitur
538 2108 625 2146 dicit,
649 2109 740 2150 quod
762 2107 796 2139 in
813 2108 1074 2149 praecedentibus
1098 2109 1194 2142 huius
1218 2109 1379 2141 doctrinae
1403 2110 1636 2142 considerantes
1660 2110 1918 2151 pertransivimus
1942 2111 1981 2142 de
1998 2111 2085 2142 caelo
2109 2110 2214 2152 primo
2237 2117 2268 2142 et
2290 2121 2361 2152 par—

161 2152 249 2194 q‘bu}
269 2152 350 2185 eius.
375 2153 514 2184 Intendit
536 2160 646 2184 autem
669 2163 726 2195 per
748 2154 874 2184 caelum
898 2160 1000 2185 totam
1023 2154 1194 2186 essentiam
1216 2154 1381 2196 quintam,
1405 2165 1488 2197 quae
1511 2162 1658 2196 aggregat
1681 2155 1790 2187 omnia
1820 2165 1955 2196 corpora
1978 2155 2159 2196 superiora,
2183 2166 2266 2197 quae
2288 2163 2362 2186 sunt

161 2196 291 2236 alterius
315 2203 445 2228 naturae
468 2197 508 2228 ab
525 2196 574 2228 his
590 2197 842 2238 generabilibus;
866 2198 956 2239 quod
976 2197 1090 2230 dicitur
1106 2200 1251 2240 primum
1278 2206 1422 2240 respectu
1445 2199 1581 2231 istorum
1605 2199 1811 2240 inferiorum,
1836 2207 1867 2231 et
1894 2201 2071 2232 secundum
2094 2200 2306 2241 positionem,
2331 2206 2362 2231 et

162 2239 343 2273 seeundum
365 2247 506 2282 tempus,
527 2247 559 2272 et
574 2242 753 2272 secundum
777 2242 1008 2274 causalitatem:
1033 2249 1066 2274 et
1087 2252 1145 2285 per
1160 2248 1277 2284 partes
1299 2250 1407 2274 autem
1432 2244 1511 2282 eius,
1536 2243 1695 2284 sphaeras,
1720 2254 1803 2285 quae
1826 2251 1997 2275 moventur
2019 2244 2218 2276 circulariter.
2243 2245 2362 2275 Iterum

161 2285 426 2328 ‚amavimus
448 2286 488 2318 de
511 2286 602 2317 astris
625 2295 707 2328 quae
741 2293 915 2318 moventur
935 2287 969 2318 in
991 2287 1064 2328 ipso
1087 2287 1194 2326 eaelo,
1217 2288 1331 2319 adnata
1353 2288 1432 2329 ipsis
1454 2288 1615 2329 sphaeris,
1639 2289 1832 2320 declarantes
1855 2299 1892 2320 ex
1920 2289 2038 2330 quibus
2061 2289 2256 2328 consistunt,
2280 2298 2361 2330 quo·

162 2330 251 2363 niam
274 2331 314 2362 de
336 2337 450 2362 natura
474 2330 626 2362 essentiae
649 2331 798 2372 quintae3
822 2338 853 2362 et
876 2331 983 2372 qualia
1007 2332 1166 2372 quaedam
1189 2339 1264 2363 sunt
1287 2333 1466 2364 secundum
1489 2339 1654 2371 naturam,
1678 2333 1834 2374 quoniam
1856 2333 2028 2375 sphaerica,
2053 2334 2231 2365 secundum
2246 2343 2279 2364 se
2295 2343 2361 2364 non

162 2374 307 2415 mobilia,
328 2375 384 2406 sed
409 2381 502 2406 motu
526 2375 744 2416 sphaerarum,
768 2382 798 2406 et
814 2375 963 2414 animata,
987 2383 1017 2407 et
1036 2376 1234 2407 intellectum
1259 2384 1290 2408 et
1312 2377 1533 2419 operationem
1555 2377 1775 2418 participantia
1795 2378 1972 2409 secundum
1986 2377 2236 2419 Philosophum:
2258 2377 2360 2408 adhuc

160 2424 273 2452 tutem
294 2420 452 2462 quoniam
475 2419 636 2460 ingenita,
670 2426 702 2451 et
723 2419 995 2461 incorruptibilia,
1027 2427 1058 2451 et
1079 2419 1286 2452 inalterabilia
1312 2421 1441 2462 proprie
1465 2421 1547 2452 dicta
1570 2421 1771 2460 alteratione,
1801 2429 1832 2453 et
1854 2423 1892 2452 ab
1917 2422 2006 2453 omni
2029 2422 2155 2453 mortali
2179 2421 2360 2453 difficultate

160 2470 296 2506 temon·
327 2464 361 2496 Si
384 2471 495 2496 autem
523 2464 639 2506 aliquis
662 2464 797 2506 diceret,
828 2465 919 2506 quod
941 2475 999 2506 per
1021 2466 1145 2496 caelum
1169 2465 1315 2506 intelligit
1343 2466 1512 2507 sphaeram
1543 2466 1709 2505 ultimam,
1739 2473 1816 2498 tunc
1839 2467 1994 2498 diceretur
2014 2468 2159 2508 primum
2183 2466 2360 2498 secundum

161 2508 358 2551 positionem
381 2515 519 2548 tantum,
543 2515 687 2551 respectu
712 2509 862 2540 omnium
885 2509 1092 2548 inferiorum;
1124 2517 1155 2541 et
1177 2520 1234 2550 per
1250 2516 1364 2551 partes
1388 2511 1455 2543 eius
1478 2510 1653 2542 intenderet
1682 2511 1828 2542 dextrum
1852 2518 1882 2542 et
1905 2511 2068 2542 sinistrum
2092 2511 2168 2542 eius.
2199 2511 2262 2542 Sed
2284 2517 2360 2542 tunc

119 2592 123 2597 κ
162 2559 231 2585 non
246 2552 444 2594 recolligeret
467 2553 579 2584 omnia
594 2554 803 2585 determinata
824 2553 858 2584 in
874 2554 1026 2585 omnibus
1050 2554 1311 2595 praecedentibus
1334 2554 1433 2586 libris.
1457 2554 1490 2586 Si
1506 2561 1614 2586 autem
1637 2554 1812 2586 intenderet
1827 2565 1884 2596 per
1895 2553 2019 2586 caeliam
2043 2562 2149 2586 totum
2165 2555 2359 2593 universum,

161 2594 239 2632 t'unc
263 2598 418 2631 diceretur
434 2600 581 2640 primum
605 2598 687 2630 sicut
709 2605 818 2630 totum
840 2605 987 2639 respectu
1010 2599 1162 2639 partium,
1186 2606 1217 2630 et
1230 2605 1346 2640 partes
1367 2599 1436 2630 eius
1458 2606 1591 2640 possent
1613 2599 1675 2631 dici
1699 2600 1861 2640 sphaerae,
1885 2600 1966 2631 sicut
1988 2600 2086 2641 prius.
2112 2600 2174 2631 Sed
2196 2600 2272 2630 huic
2293 2610 2360 2630 non

162 2643 372 2686 concordaret
394 2644 485 2684 quod
508 2643 663 2685 sequitur,
686 2641 793 2675 adhuc
813 2649 922 2675 autem
946 2644 987 2675 de
1010 2645 1043 2675 in
1068 2645 1136 2685 ipso
1160 2644 1236 2675 latis
1258 2645 1375 2683 astris,
1400 2654 1484 2686 quae
1506 2644 1636 2686 proprie
1659 2654 1726 2675 non
1748 2650 1918 2676 moventur
1940 2645 1974 2675 in
1997 2651 2067 2676 toto
2090 2645 2226 2684 mundo,
2251 2644 2306 2675 sed
2327 2644 2361 2675 in

162 2691 252 2732 parte
275 2687 344 2719 eius
368 2698 450 2730 quae
475 2687 660 2719 naturaliter
683 2687 914 2720 circumfertur.
1153 2693 1156 2696 ’

175 2733 178 2736 '
207 2733 210 2734 ⁷
290 2733 414 2763 hurum
436 2742 569 2764 runnu
592 2742 755 2764 Luc-rioms
778 2742 921 2763 umsnuu.
939 2750 954 2757 -
971 2732 1094 2764 Deinde
1121 2742 1196 2764 cum
1228 2732 1321 2764 dicit:
1351 2733 1467 2765 Utrum
1496 2739 1623 2772 autem,
1650 2733 1783 2775 inquirit
1809 2739 1891 2775 quot
1919 2734 2098 2765 secundum
2126 2743 2299 2764 numerum
2332 2739 2362 2763 et

161 2777 272 2819 qualia
294 2783 370 2808 sunt
391 2777 572 2810 secundm
601 2784 766 2808 naturam:
796 2784 828 2809 et
850 2777 1006 2818 quoniam
1029 2777 1081 2808 alii
1104 2778 1194 2809 aliter
1217 2785 1248 2809 et
1270 2778 1360 2810 aliter
1382 2778 1611 2819 opinabantur,
1640 2785 1744 2810 narrat
1771 2778 1805 2808 in
1827 2778 1889 2809 isto
1913 2778 2005 2810 tertio
2030 2778 2199 2819 opiniones
2225 2778 2361 2808 aliorum

163 2828 195 2853 et
217 2822 377 2863 reprobat,
393 2832 496 2864 pauca
519 2822 762 2853 determinando
786 2822 965 2853 secundum
987 2822 1200 2855 intentionem
1223 2833 1326 2854 suam.
1352 2823 1442 2860 Quot
1465 2829 1573 2857 autem
1596 2830 1671 2855 sunt
1694 2823 1872 2854 secundum
1886 2823 2061 2862 veritatem,
2079 2829 2110 2854 et
2125 2823 2240 2864 qualia,
2260 2822 2364 2862 magis

163 2865 371 2897 determinate
394 2866 542 2898 ostendet
563 2866 646 2897 libro
669 2867 709 2898 de
728 2863 955 2898 Generatione.
979 2865 1089 2897 Primo
1117 2866 1213 2907 igitur
1242 2866 1375 2908 inquirit
1401 2867 1440 2898 de
1463 2877 1599 2898 numero
1623 2867 1778 2908 ipsorum.
1804 2867 1951 2898 Secundo
1983 2878 2058 2898 cum
2088 2867 2179 2898 dicit:
2201 2867 2360 2904 Quoniam

162 2915 272 2941 autem
293 2912 408 2951 [neque
431 2911 570 2953 infinita,
588 2911 738 2951 ostendit]
765 2911 872 2952 qualia
895 2918 986 2949 sunt,
1003 2911 1160 2952 quoniam
1182 2911 1384 2951 generabilia,
1401 2919 1432 2943 et
1455 2913 1634 2953 quomodo.
1660 2911 1752 2943 Circa
1775 2911 1916 2952 primum
1939 2912 2044 2952 primo
2068 2911 2240 2952 praemittit
2261 2911 2362 2941 inten-

162 2954 288 2990 tionem
315 2965 408 2987 suam
432 2962 464 2987 et
482 2955 630 2987 ordinem
654 2955 886 2988 considerandi.
910 2956 1060 2987 Secundo
1085 2965 1160 2987 cum
1183 2956 1275 2988 dicit:
1298 2957 1421 2988 Nullus
1442 2957 1527 2988 enim
1550 2958 1612 2994 sic,
1638 2956 1852 2997 prosequitur.
1877 2957 1912 2986 ln
1935 2956 2039 2996 prima
2061 2962 2148 2997 parte
2171 2955 2256 2994 dicit,
2274 2955 2363 2996 quod

165 2999 295 3033 ostenso
319 3000 410 3041 quod
434 3007 509 3032 sunt
532 3000 699 3039 elementa,
724 3010 924 3042 consequens
948 3007 995 3031 est
1019 3000 1218 3031 considerare
1242 3001 1280 3031 de
1304 3011 1452 3038 nurnero,
1477 3007 1558 3042 quot
1581 3007 1666 3040 sunt,
1691 3007 1800 3032 utrum
1822 3000 1911 3031 finita
1933 3001 1984 3031 vel
2007 2999 2142 3039 infinita;
2168 3007 2197 3030 et
2221 2999 2245 3030 si
2262 2998 2362 3038 finita,

163 3049 247 3084 quot
269 3044 449 3075 secundum
472 3052 663 3076 numerum:
689 3051 721 3076 et
743 3045 849 3086 primo
874 3045 1143 3076 considerandum
1167 3044 1225 3076 erit
1238 3045 1328 3086 quod
1352 3055 1418 3076 non
1433 3045 1496 3076 sint
1510 3044 1643 3083 infinita,
1660 3044 1742 3076 sicut
1765 3045 1965 3075 crediderunt
1987 3045 2129 3086 quidam,
2146 3050 2223 3084 puta
2238 3046 2363 3074 Anaxa-

164 3098 270 3129 ὅστις,
294 3088 500 3121 Democritus
523 3096 554 3120 et
570 3090 769 3131 Leucippus:
794 3090 876 3121 inter
898 3100 982 3131 quae
1004 3090 1110 3131 primo
1135 3090 1403 3121 considerandum
1427 3090 1485 3121 erit
1507 3090 1597 3131 quod
1619 3100 1686 3120 non
1707 3089 1769 3121 sint
1791 3089 1913 3120 infinita
1937 3089 2018 3121 sicut
2041 3089 2185 3120 dixerunt
2207 3095 2363 3129 ponentes

163 3132 322 3163 elementa
346 3142 414 3163 esse
437 3132 680 3173 homoeomera,
705 3135 986 3176 quemadmodum
1008 3137 1212 3175 Anaxagoras
1237 3141 1268 3165 et
1290 3141 1458 3176 sequentes
1481 3135 1600 3175 ipsum.
1798 3163 1802 3167 .

292 3176 417 3207 Deinde
441 3186 516 3208 cum
533 3177 627 3209 dicit:
652 3178 775 3210 Nullus
797 3180 881 3210 enim
905 3180 962 3217 sic,
983 3179 1188 3220 prosequitur
1201 3186 1212 3209 :>
1235 3185 1266 3210 et
1278 3178 1385 3219 primo
1405 3178 1575 3219 opiniones
1592 3177 1782 3219 ponentium
1800 3178 1954 3208 elementa
1970 3177 2100 3209 infinita.
2125 3177 2272 3208 Secundo
2289 3187 2363 3208 cum

166 3221 263 3253 dicit:
292 3219 456 3262 Quoniam
480 3227 589 3253 autem
612 3232 761 3262 necesse,
785 3223 879 3264 ponit
901 3219 1072 3264 opiniones
1095 3223 1287 3264 ponentium
1303 3223 1498 3254 elementum
1515 3233 1619 3254 unum
1638 3232 1705 3253 esse
1721 3229 1856 3253 tantum.
1881 3222 1996 3253 Adhuc
2019 3222 2052 3252 in
2068 3222 2171 3263 prima
2185 3229 2273 3262 parte
2289 3222 2363 3252 facit

163 3266 256 3308 quod
280 3266 402 3297 dictum
426 3272 482 3298 est.
508 3267 657 3298 Secundo
681 3277 758 3299 cum
780 3268 874 3299 dicit:
895 3268 1011 3300 Adhuc
1032 3269 1062 3300 si
1085 3270 1274 3309 unicuique,
1299 3268 1391 3309 ponit
1407 3268 1564 3299 rationem
1578 3267 1743 3308 propriam
1762 3267 1984 3298 ostendentem
1999 3267 2155 3298 elementa
2178 3266 2266 3297 finita
2285 3276 2362 3297 esse.

166 3309 260 3342 Circa
276 3310 420 3351 primum
435 3310 541 3352 primo
558 3310 720 3352 improbat
743 3311 933 3352 opinionem
956 3314 1163 3353 Anaxagorae
1187 3319 1363 3354 ponentem
1388 3312 1543 3342 elementa
1568 3311 1798 3341 homoeomera
1821 3318 1905 3350 esse;
1929 3311 2070 3342 secundo
2095 3322 2169 3342 cum
2185 3311 2274 3342 dicit:
2301 3311 2364 3342 Sed

165 3355 274 3386 adhuc
288 3365 392 3396 neque
406 3360 443 3386 ut
458 3355 564 3394 alteri,
578 3355 768 3396 opinionem
783 3356 958 3387 Democriti
975 3363 1007 3388 et
1022 3357 1178 3398 Leucippi
1190 3357 1381 3397 ponentium
1397 3366 1532 3396 corpora
1541 3355 1752 3386 indivisibilia.
1767 3354 1859 3386 Circa
1873 3355 2015 3396 primurn
2024 3355 2115 3396 ponit
2130 3355 2268 3386 rationes
2283 3362 2362 3386 tres:

165 3400 341 3431 secundam
372 3410 448 3431 cum
471 3400 566 3431 dicit:
596 3400 712 3431 Adhuc
741 3406 849 3432 autem
870 3402 918 3432 sic
939 3407 1122 3439 sumentes;
1150 3401 1276 3432 tertiam
1307 3411 1382 3432 cum
1413 3401 1508 3432 dicit:
1537 3400 1652 3431 Adhuc
1674 3401 1703 3431 si
1729 3410 1844 3440 conius
1871 3411 1891 3431 a
1924 3410 2068 3441 corpore.
2093 3401 2128 3431 In
2151 3400 2253 3440 prima
2276 3406 2363 3440 parte

164 3443 250 3483 dicit,
275 3444 366 3486 quod
388 3444 498 3475 nullus
522 3444 777 3485 supponentium
800 3445 882 3476 sicut
909 3445 1094 3485 dignitatem
1118 3456 1253 3486 corpora
1275 3445 1506 3476 homoeomera
1526 3443 1682 3476 elementa
1699 3454 1776 3483 esse,
1794 3451 1876 3475 recte
1899 3445 2012 3486 accipit
2035 3451 2181 3475 naturam
2204 3444 2362 3475 elementi.

164 3488 217 3519 Ad
243 3498 375 3519 sensum
399 3489 486 3519 enim
514 3496 644 3530 apparet
668 3489 769 3520 multa
795 3499 931 3529 corpora
955 3489 1134 3530 composita
1157 3490 1389 3520 homoeomera
1413 3499 1500 3527 esse,
1525 3495 1555 3519 et
1579 3488 1746 3519 divisibilia
1770 3499 1836 3519 esse
1863 3489 1896 3519 in
1922 3489 2170 3527 homoeomera,
2196 3489 2276 3519 sicut
2300 3498 2364 3519 car-

165 3542 242 3563 nem
265 3539 299 3564 et
314 3543 352 3564 os
375 3539 407 3564 et
421 3533 602 3574 lignum·et
625 3533 764 3574 lapidem
789 3539 819 3564 et
841 3533 1048 3571 huiusmodi;
1071 3543 1155 3574 quae
1178 3534 1289 3565 omnia
1312 3533 1491 3573 composita
1515 3543 1583 3564 esse
1605 3534 1781 3573 probantur
1804 3544 1860 3574 per
1888 3534 2137 3574 segregationem
2160 3533 2296 3564 afiorum
2324 3533 2363 3563 ab

164 3576 252 3617 ipsis,
275 3584 355 3618 puta
377 3577 460 3618 ignis
483 3585 515 3610 et
529 3585 629 3610 terrae
653 3585 683 3609 et
702 3578 976 3609 intermediorum.
1001 3578 1166 3615 Quoniam
1188 3578 1285 3621 igitur
1307 3579 1435 3609 nullum
1459 3577 1715 3618 compositorum
1740 3588 1777 3608 ex
1793 3578 1980 3619 corporibus
2004 3585 2050 3609 est
2070 3578 2273 3616 elementum,
2297 3587 2363 3607 ma-

165 3620 319 3653 nifestum
344 3629 391 3653 est
414 3622 504 3664 quod
526 3623 759 3653 homoeomera
774 3632 916 3663 ‘corpora
940 3632 1006 3652 non
1031 3629 1106 3652 sunt
1129 3622 1295 3661 elementa,
1327 3622 1382 3652 sed
1406 3632 1522 3663 corpus
1546 3622 1585 3652 ad
1610 3623 1699 3664 quod
1722 3622 1782 3652 alia
1806 3622 2017 3662 resolvuntur,
2034 3622 2201 3653 inexistens
2225 3622 2268 3652 eis
2293 3627 2363 3652 actu

165 3665 217 3696 vel
238 3666 373 3710 virtute,
396 3666 588 3698 indivisibile
611 3667 645 3698 in
669 3667 730 3697 alia
753 3677 887 3707 corpora
911 3666 1019 3707 priora
1042 3667 1138 3697 altera
1161 3666 1282 3707 specie,
1307 3666 1388 3697 sicut
1412 3666 1534 3697 dictum
1558 3672 1604 3697 est
1627 3666 1725 3707 prius.
