<?xml version="1.0" encoding="UTF-8"?>
<!DOCTYPE html PUBLIC "-//W3C//DTD XHTML 1.0 Transitional//EN"
    "http://www.w3.org/TR/xhtml1/DTD/xhtml1-transitional.dtd">
<html xmlns="http://www.w3.org/1999/xhtml" xml:lang="en" lang="en">
 <head>
  <title>
</title>
<meta http-equiv="Content-Type" content="text/html;charset=utf-8" />
  <meta name='ocr-system' content='tesseract 3.04.00' />
  <meta name='ocr-capabilities' content='ocr_page ocr_carea ocr_par ocr_line ocrx_word'/>
</head>
<body>
  <div class='ocr_page' id='page_1' title='image "./operaomniaiussui03thom/operaomniaiussui03thom_0318.png"; bbox 0 0 2782 4134; ppageno 0'>
   <div class='ocr_carea' id='block_1_1' title="bbox 403 304 480 341">
    <p class='ocr_par' dir='ltr' id='par_1_1' title="bbox 403 304 480 341">
     <span class='ocr_line' id='line_1_1' title="bbox 403 304 480 341; baseline -0.026 0"><span class='ocrx_word' id='word_1_1' title='bbox 403 304 480 341; x_wconf 88' lang='lat'>274</span> 
     </span>
    </p>
   </div>
   <div class='ocr_carea' id='block_1_2' title="bbox 400 371 1464 472">
    <p class='ocr_par' dir='ltr' id='par_1_2' title="bbox 400 371 1464 472">
     <span class='ocr_line' id='line_1_2' title="bbox 400 371 1464 421; baseline -0.001 -13"><span class='ocrx_word' id='word_1_2' title='bbox 400 372 446 409; x_wconf 92' lang='lat' dir='ltr'>sit</span> <span class='ocrx_word' id='word_1_3' title='bbox 465 372 568 409; x_wconf 93' lang='lat' dir='ltr'>idem</span> <span class='ocrx_word' id='word_1_4' title='bbox 597 373 701 421; x_wconf 90' lang='lat' dir='ltr'>quod</span> <span class='ocrx_word' id='word_1_5' title='bbox 721 372 900 409; x_wconf 86' lang='lat' dir='ltr'>alteratio.</span> <span class='ocrx_word' id='word_1_6' title='bbox 929 373 978 408; x_wconf 91' lang='lat' dir='ltr'>Et</span> <span class='ocrx_word' id='word_1_7' title='bbox 1006 372 1180 421; x_wconf 91' lang='lat' dir='ltr'>quamvis</span> <span class='ocrx_word' id='word_1_8' title='bbox 1200 372 1275 408; x_wconf 91' lang='lat' dir='ltr'>hoc</span> <span class='ocrx_word' id='word_1_9' title='bbox 1294 372 1341 408; x_wconf 90' lang='lat' dir='ltr'>sit</span> <span class='ocrx_word' id='word_1_10' title='bbox 1369 371 1464 408; x_wconf 86' lang='lat' dir='ltr'>diffi-</span> 
     </span>
     <span class='ocr_line' id='line_1_3' title="bbox 401 424 1463 472; baseline -0.001 -11"><span class='ocrx_word' id='word_1_11' title='bbox 401 425 468 461; x_wconf 93' lang='lat' dir='ltr'>cile</span> <span class='ocrx_word' id='word_1_12' title='bbox 489 425 650 472; x_wconf 89' lang='lat' dir='ltr'>solvere,</span> <span class='ocrx_word' id='word_1_13' title='bbox 670 433 800 462; x_wconf 90' lang='lat' dir='ltr'>tamen</span> <span class='ocrx_word' id='word_1_14' title='bbox 824 425 1010 462; x_wconf 88' lang='lat' dir='ltr'>debemus</span> <span class='ocrx_word' id='word_1_15' title='bbox 1033 432 1176 461; x_wconf 87' lang='lat' dir='ltr'>tentare</span> <span class='ocrx_word' id='word_1_16' title='bbox 1196 425 1344 460; x_wconf 90' lang='lat' dir='ltr'>solvere</span> <span class='ocrx_word' id='word_1_17' title='bbox 1365 424 1463 460; x_wconf 93' lang='lat' dir='ltr'>hanc</span> 
     </span>
    </p>
   </div>
   <div class='ocr_carea' id='block_1_3' title="bbox 401 477 1461 578">
    <p class='ocr_par' dir='ltr' id='par_1_3' title="bbox 401 477 1461 578">
     <span class='ocr_line' id='line_1_4' title="bbox 401 477 671 515; baseline 0 -1"><span class='ocrx_word' id='word_1_18' title='bbox 401 477 671 515; x_wconf 86' lang='lat' dir='ltr'>difficultatem.</span> 
     </span>
     <span class='ocr_line' id='line_1_5' title="bbox 454 529 1461 578; baseline 0 -12"><span class='ocrx_word' id='word_1_19' title='bbox 454 531 489 566; x_wconf 84' lang='lat'>6.</span> <span class='ocrx_word' id='word_1_20' title='bbox 511 530 659 567; x_wconf 88' lang='lat' dir='ltr'>Deinde</span> <span class='ocrx_word' id='word_1_21' title='bbox 689 543 776 567; x_wconf 92' lang='lat' dir='ltr'>cum</span> <span class='ocrx_word' id='word_1_22' title='bbox 806 530 913 567; x_wconf 91' lang='lat' dir='ltr'>dicit:</span> <span class='ocrx_word' id='word_1_23' title='bbox 941 529 1172 576; x_wconf 83' lang='lat' dir='ltr'>Principium</span> <span class='ocrx_word' id='word_1_24' title='bbox 1209 534 1334 566; x_wconf 87' lang='lat' dir='ltr'>autem</span> <span class='ocrx_word' id='word_1_25' title='bbox 1365 537 1461 578; x_wconf 89' lang='lat' dir='ltr'>etc.,</span> 
     </span>
    </p>
   </div>
   <div class='ocr_carea' id='block_1_4' title="bbox 205 581 1462 1636">
    <p class='ocr_par' dir='ltr' id='par_1_4' title="bbox 205 581 1462 1636">
     <span class='ocr_line' id='line_1_6' title="bbox 205 581 1459 631; baseline 0 -12"><span class='ocrx_word' id='word_1_26' title='bbox 205 604 208 606; x_wconf 75' lang='lat'>,</span> <span class='ocrx_word' id='word_1_27' title='bbox 259 594 280 607; x_wconf 75' lang='grc' dir='ltr'>ω</span> <span class='ocrx_word' id='word_1_28' title='bbox 398 583 570 631; x_wconf 84' lang='lat' dir='ltr'>procedit</span> <span class='ocrx_word' id='word_1_29' title='bbox 584 583 633 619; x_wconf 90' lang='lat' dir='ltr'>ad</span> <span class='ocrx_word' id='word_1_30' title='bbox 653 583 877 620; x_wconf 92' lang='lat' dir='ltr'>solvendum</span> <span class='ocrx_word' id='word_1_31' title='bbox 898 588 915 602; x_wconf 68' lang='grc' dir='ltr'><strong><em>ω</em></strong></span> <span class='ocrx_word' id='word_1_32' title='bbox 934 581 1168 630; x_wconf 87' lang='lat' dir='ltr'>praedictam</span> <span class='ocrx_word' id='word_1_33' title='bbox 1189 581 1459 619; x_wconf 90' lang='lat' dir='ltr'>difficultatem.</span> 
     </span>
     <span class='ocr_line' id='line_1_7' title="bbox 399 634 1462 684; baseline 0.001 -12"><span class='ocrx_word' id='word_1_34' title='bbox 399 637 448 672; x_wconf 87' lang='lat' dir='ltr'>Et</span> <span class='ocrx_word' id='word_1_35' title='bbox 466 636 589 684; x_wconf 92' lang='lat' dir='ltr'>primo</span> <span class='ocrx_word' id='word_1_36' title='bbox 609 636 812 684; x_wconf 86' lang='lat' dir='ltr'>praemittit</span> <span class='ocrx_word' id='word_1_37' title='bbox 831 635 924 672; x_wconf 91' lang='lat' dir='ltr'>duas</span> <span class='ocrx_word' id='word_1_38' title='bbox 944 634 1198 682; x_wconf 85' lang='lat' dir='ltr'>quaestiones,</span> <span class='ocrx_word' id='word_1_39' title='bbox 1215 647 1312 683; x_wconf 92' lang='lat' dir='ltr'>quae</span> <span class='ocrx_word' id='word_1_40' title='bbox 1333 648 1462 673; x_wconf 92' lang='lat' dir='ltr'>neces—</span> 
     </span>
     <span class='ocr_line' id='line_1_8' title="bbox 399 687 1459 735; baseline 0.002 -11"><span class='ocrx_word' id='word_1_41' title='bbox 399 689 518 725; x_wconf 89' lang='lat' dir='ltr'>sariae</span> <span class='ocrx_word' id='word_1_42' title='bbox 533 696 618 725; x_wconf 91' lang='lat' dir='ltr'>sunt</span> <span class='ocrx_word' id='word_1_43' title='bbox 633 689 680 726; x_wconf 90' lang='lat' dir='ltr'>ad</span> <span class='ocrx_word' id='word_1_44' title='bbox 695 689 922 725; x_wconf 91' lang='lat' dir='ltr'>solvendum</span> <span class='ocrx_word' id='word_1_45' title='bbox 937 687 1171 735; x_wconf 85' lang='lat' dir='ltr'>praedictam</span> <span class='ocrx_word' id='word_1_46' title='bbox 1187 687 1459 735; x_wconf 90' lang='lat' dir='ltr'>difficultatem;</span> 
     </span>
     <span class='ocr_line' id='line_1_9' title="bbox 398 739 1460 792; baseline 0.001 -15"><span class='ocrx_word' id='word_1_47' title='bbox 398 741 567 778; x_wconf 89' lang='lat' dir='ltr'>secundo</span> <span class='ocrx_word' id='word_1_48' title='bbox 597 753 660 777; x_wconf 92' lang='lat' dir='ltr'>eas</span> <span class='ocrx_word' id='word_1_49' title='bbox 697 740 956 788; x_wconf 84' lang='lat' dir='ltr'>prosequitur,</span> <span class='ocrx_word' id='word_1_50' title='bbox 987 739 1058 776; x_wconf 87' lang='lat' dir='ltr'>ibi:</span> <span class='ocrx_word' id='word_1_51' title='bbox 1086 741 1176 777; x_wconf 89' lang='lat' dir='ltr'>Hoc</span> <span class='ocrx_word' id='word_1_52' title='bbox 1204 741 1352 789; x_wconf 86' lang='lat' dir='ltr'>quidem</span> <span class='ocrx_word' id='word_1_53' title='bbox 1390 742 1460 792; x_wconf 79' lang='lat' dir='ltr'>igi-</span> 
     </span>
     <span class='ocr_line' id='line_1_10' title="bbox 398 792 1460 843; baseline 0.002 -13"><span class='ocrx_word' id='word_1_54' title='bbox 398 799 459 830; x_wconf 87' lang='lat' dir='ltr'>tur</span> <span class='ocrx_word' id='word_1_55' title='bbox 485 793 505 815; x_wconf 69' lang='lat'>&#39;³‘</span> <span class='ocrx_word' id='word_1_56' title='bbox 534 801 600 830; x_wconf 89' lang='lat' dir='ltr'>etc.</span> <span class='ocrx_word' id='word_1_57' title='bbox 618 814 641 820; x_wconf 97' lang='lat'>-</span> <span class='ocrx_word' id='word_1_58' title='bbox 657 793 756 830; x_wconf 92' lang='lat' dir='ltr'>Dicit</span> <span class='ocrx_word' id='word_1_59' title='bbox 777 805 864 840; x_wconf 87' lang='lat' dir='ltr'>ergo</span> <span class='ocrx_word' id='word_1_60' title='bbox 889 792 1015 841; x_wconf 90' lang='lat' dir='ltr'>primo</span> <span class='ocrx_word' id='word_1_61' title='bbox 1037 794 1141 841; x_wconf 92' lang='lat' dir='ltr'>quod</span> <span class='ocrx_word' id='word_1_62' title='bbox 1159 794 1390 843; x_wconf 91' lang='lat' dir='ltr'>principium</span> <span class='ocrx_word' id='word_1_63' title='bbox 1411 796 1460 832; x_wconf 88' lang='lat' dir='ltr'>ad</span> 
     </span>
     <span class='ocr_line' id='line_1_11' title="bbox 398 845 1459 896; baseline 0.002 -13"><span class='ocrx_word' id='word_1_64' title='bbox 398 846 623 883; x_wconf 89' lang='lat' dir='ltr'>solvendum</span> <span class='ocrx_word' id='word_1_65' title='bbox 652 846 780 882; x_wconf 92' lang='lat' dir='ltr'>omnia</span> <span class='ocrx_word' id='word_1_66' title='bbox 807 845 1011 894; x_wconf 87' lang='lat' dir='ltr'>praedicta,</span> <span class='ocrx_word' id='word_1_67' title='bbox 1033 854 1184 895; x_wconf 86' lang='lat' dir='ltr'>oportet</span> <span class='ocrx_word' id='word_1_68' title='bbox 1211 848 1382 896; x_wconf 90' lang='lat' dir='ltr'>accipere</span> <span class='ocrx_word' id='word_1_69' title='bbox 1411 849 1459 885; x_wconf 87' lang='lat' dir='ltr'>ab</span> 
     </span>
     <span class='ocr_line' id='line_1_12' title="bbox 396 898 1460 948; baseline 0.002 -12"><span class='ocrx_word' id='word_1_70' title='bbox 396 901 469 936; x_wconf 90' lang='lat' dir='ltr'>hoc</span> <span class='ocrx_word' id='word_1_71' title='bbox 480 905 515 920; x_wconf 54' lang='grc' dir='ltr'>αα</span> <span class='ocrx_word' id='word_1_72' title='bbox 531 899 634 947; x_wconf 89' lang='lat' dir='ltr'>quod</span> <span class='ocrx_word' id='word_1_73' title='bbox 653 898 859 947; x_wconf 91' lang='lat' dir='ltr'>inquiratur</span> <span class='ocrx_word' id='word_1_74' title='bbox 876 899 1002 947; x_wconf 93' lang='lat' dir='ltr'>primo</span> <span class='ocrx_word' id='word_1_75' title='bbox 1023 899 1192 948; x_wconf 90' lang='lat' dir='ltr'>quidem,</span> <span class='ocrx_word' id='word_1_76' title='bbox 1213 907 1341 937; x_wconf 91' lang='lat' dir='ltr'>utrum</span> <span class='ocrx_word' id='word_1_77' title='bbox 1361 901 1460 938; x_wconf 89' lang='lat' dir='ltr'>entia</span> 
     </span>
     <span class='ocr_line' id='line_1_13' title="bbox 395 951 1459 1001; baseline 0.002 -12"><span class='ocrx_word' id='word_1_78' title='bbox 395 951 576 989; x_wconf 90' lang='lat' dir='ltr'>naturalia</span> <span class='ocrx_word' id='word_1_79' title='bbox 604 952 656 988; x_wconf 89' lang='lat' dir='ltr'>sic</span> <span class='ocrx_word' id='word_1_80' title='bbox 680 959 907 999; x_wconf 89' lang='lat' dir='ltr'>generentur</span> <span class='ocrx_word' id='word_1_81' title='bbox 935 960 971 989; x_wconf 92' lang='lat' dir='ltr'>et</span> <span class='ocrx_word' id='word_1_82' title='bbox 990 953 1193 989; x_wconf 91' lang='lat' dir='ltr'>alterentur</span> <span class='ocrx_word' id='word_1_83' title='bbox 1221 961 1256 990; x_wconf 92' lang='lat' dir='ltr'>et</span> <span class='ocrx_word' id='word_1_84' title='bbox 1277 966 1459 1001; x_wconf 88' lang='lat' dir='ltr'>augmen-</span> 
     </span>
     <span class='ocr_line' id='line_1_14' title="bbox 395 1004 1460 1055; baseline 0.002 -13"><span class='ocrx_word' id='word_1_85' title='bbox 395 1013 518 1042; x_wconf 85' lang='lat' dir='ltr'>tentur</span> <span class='ocrx_word' id='word_1_86' title='bbox 537 1011 572 1040; x_wconf 88' lang='lat' dir='ltr'>et</span> <span class='ocrx_word' id='word_1_87' title='bbox 592 1004 785 1055; x_wconf 84' lang='lat' dir='ltr'>contrariis</span> <span class='ocrx_word' id='word_1_88' title='bbox 804 1005 971 1042; x_wconf 89' lang='lat' dir='ltr'>motibus</span> <span class='ocrx_word' id='word_1_89' title='bbox 991 1013 1233 1053; x_wconf 90' lang='lat' dir='ltr'>moveantur,</span> <span class='ocrx_word' id='word_1_90' title='bbox 1259 1007 1363 1055; x_wconf 91' lang='lat' dir='ltr'>quod</span> <span class='ocrx_word' id='word_1_91' title='bbox 1387 1007 1460 1044; x_wconf 92' lang='lat' dir='ltr'>sint</span> 
     </span>
     <span class='ocr_line' id='line_1_15' title="bbox 395 1057 1459 1106; baseline 0.002 -11"><span class='ocrx_word' id='word_1_92' title='bbox 395 1058 542 1105; x_wconf 90' lang='lat' dir='ltr'>aliquae</span> <span class='ocrx_word' id='word_1_93' title='bbox 556 1058 702 1106; x_wconf 86' lang='lat' dir='ltr'>primae</span> <span class='ocrx_word' id='word_1_94' title='bbox 717 1057 996 1106; x_wconf 85' lang='lat' dir='ltr'>magnitudines</span> <span class='ocrx_word' id='word_1_95' title='bbox 1010 1058 1267 1106; x_wconf 87' lang='lat' dir='ltr'>indivisibiles,</span> <span class='ocrx_word' id='word_1_96' title='bbox 1279 1060 1341 1096; x_wconf 91' lang='lat' dir='ltr'>vel</span> <span class='ocrx_word' id='word_1_97' title='bbox 1356 1060 1459 1097; x_wconf 90' lang='lat' dir='ltr'>nulla</span> 
     </span>
     <span class='ocr_line' id='line_1_16' title="bbox 395 1110 1458 1157; baseline 0.003 -11"><span class='ocrx_word' id='word_1_98' title='bbox 395 1118 450 1147; x_wconf 92' lang='lat' dir='ltr'>est</span> <span class='ocrx_word' id='word_1_99' title='bbox 468 1110 691 1157; x_wconf 87' lang='lat' dir='ltr'>magnitudo</span> <span class='ocrx_word' id='word_1_100' title='bbox 720 1110 970 1148; x_wconf 87' lang='lat' dir='ltr'>indivisibilis:</span> <span class='ocrx_word' id='word_1_101' title='bbox 989 1112 1064 1148; x_wconf 92' lang='lat' dir='ltr'>hoc</span> <span class='ocrx_word' id='word_1_102' title='bbox 1084 1111 1186 1148; x_wconf 91' lang='lat' dir='ltr'>enim</span> <span class='ocrx_word' id='word_1_103' title='bbox 1206 1112 1369 1149; x_wconf 88' lang='lat' dir='ltr'>multum</span> <span class='ocrx_word' id='word_1_104' title='bbox 1390 1112 1458 1150; x_wconf 90' lang='lat' dir='ltr'>dif-</span> 
     </span>
     <span class='ocr_line' id='line_1_17' title="bbox 393 1162 1458 1214; baseline 0.003 -15"><span class='ocrx_word' id='word_1_105' title='bbox 393 1164 462 1200; x_wconf 91' lang='lat' dir='ltr'>fert</span> <span class='ocrx_word' id='word_1_106' title='bbox 481 1162 529 1199; x_wconf 92' lang='lat' dir='ltr'>ad</span> <span class='ocrx_word' id='word_1_107' title='bbox 543 1163 795 1213; x_wconf 91' lang='lat' dir='ltr'>propositum.</span> <span class='ocrx_word' id='word_1_108' title='bbox 819 1165 998 1202; x_wconf 88' lang='lat' dir='ltr'>Secundo</span> <span class='ocrx_word' id='word_1_109' title='bbox 1023 1171 1150 1212; x_wconf 85' lang='lat' dir='ltr'>autem</span> <span class='ocrx_word' id='word_1_110' title='bbox 1171 1172 1321 1213; x_wconf 89' lang='lat' dir='ltr'>oportet</span> <span class='ocrx_word' id='word_1_111' title='bbox 1339 1165 1458 1214; x_wconf 92' lang='lat' dir='ltr'>inqui-</span> 
     </span>
     <span class='ocr_line' id='line_1_18' title="bbox 247 1215 1456 1266; baseline 0.001 -12"><span class='ocrx_word' id='word_1_112' title='bbox 247 1221 277 1254; x_wconf 80' lang='grc' dir='ltr'>ββ</span> <span class='ocrx_word' id='word_1_113' title='bbox 393 1228 487 1263; x_wconf 90' lang='lat' dir='ltr'>rere,</span> <span class='ocrx_word' id='word_1_114' title='bbox 509 1215 539 1252; x_wconf 87' lang='lat' dir='ltr'>si</span> <span class='ocrx_word' id='word_1_115' title='bbox 560 1224 646 1253; x_wconf 90' lang='lat' dir='ltr'>sunt</span> <span class='ocrx_word' id='word_1_116' title='bbox 669 1216 816 1264; x_wconf 90' lang='lat' dir='ltr'>aliquae</span> <span class='ocrx_word' id='word_1_117' title='bbox 841 1217 1121 1265; x_wconf 89' lang='lat' dir='ltr'>magnitudines</span> <span class='ocrx_word' id='word_1_118' title='bbox 1145 1217 1391 1256; x_wconf 90' lang='lat' dir='ltr'>indivisibiles</span> <span class='ocrx_word' id='word_1_119' title='bbox 1410 1217 1456 1266; x_wconf 69' lang='grc' dir='ltr'>βΡ,</span> 
     </span>
     <span class='ocr_line' id='line_1_19' title="bbox 391 1269 1458 1319; baseline 0.004 -14"><span class='ocrx_word' id='word_1_120' title='bbox 391 1276 518 1306; x_wconf 89' lang='lat' dir='ltr'>utrum</span> <span class='ocrx_word' id='word_1_121' title='bbox 536 1269 620 1306; x_wconf 91' lang='lat' dir='ltr'>illae</span> <span class='ocrx_word' id='word_1_122' title='bbox 639 1269 919 1317; x_wconf 89' lang='lat' dir='ltr'>magnitudines</span> <span class='ocrx_word' id='word_1_123' title='bbox 938 1270 1012 1307; x_wconf 90' lang='lat' dir='ltr'>sint</span> <span class='ocrx_word' id='word_1_124' title='bbox 1039 1283 1213 1319; x_wconf 87' lang='lat' dir='ltr'>corpora,</span> <span class='ocrx_word' id='word_1_125' title='bbox 1238 1271 1334 1308; x_wconf 85' lang='lat' dir='ltr'>sieut</span> <span class='ocrx_word' id='word_1_126' title='bbox 1357 1271 1458 1309; x_wconf 86' lang='lat' dir='ltr'>dixe-</span> 
     </span>
     <span class='ocr_line' id='line_1_20' title="bbox 391 1322 1456 1373; baseline 0.004 -15"><span class='ocrx_word' id='word_1_127' title='bbox 391 1330 477 1358; x_wconf 89' lang='lat' dir='ltr'>runt</span> <span class='ocrx_word' id='word_1_128' title='bbox 504 1322 745 1360; x_wconf 91' lang='lat' dir='ltr'>Democritus</span> <span class='ocrx_word' id='word_1_129' title='bbox 774 1330 811 1359; x_wconf 92' lang='lat' dir='ltr'>et</span> <span class='ocrx_word' id='word_1_130' title='bbox 839 1322 1067 1372; x_wconf 91' lang='lat' dir='ltr'>Leucippus,</span> <span class='ocrx_word' id='word_1_131' title='bbox 1087 1324 1150 1360; x_wconf 92' lang='lat' dir='ltr'>vel</span> <span class='ocrx_word' id='word_1_132' title='bbox 1179 1323 1252 1360; x_wconf 91' lang='lat' dir='ltr'>sint</span> <span class='ocrx_word' id='word_1_133' title='bbox 1269 1324 1456 1373; x_wconf 85' lang='lat' dir='ltr'>planities,</span> 
     </span>
     <span class='ocr_line' id='line_1_21' title="bbox 391 1375 1455 1424; baseline 0.004 -13"><span class='ocrx_word' id='word_1_134' title='bbox 391 1375 486 1411; x_wconf 90' lang='lat' dir='ltr'>idest</span> <span class='ocrx_word' id='word_1_135' title='bbox 514 1375 750 1424; x_wconf 90' lang='lat' dir='ltr'>superficies,</span> <span class='ocrx_word' id='word_1_136' title='bbox 781 1375 876 1412; x_wconf 91' lang='lat' dir='ltr'>sicut</span> <span class='ocrx_word' id='word_1_137' title='bbox 903 1376 1010 1412; x_wconf 89' lang='lat' dir='ltr'>Plato</span> <span class='ocrx_word' id='word_1_138' title='bbox 1039 1376 1186 1424; x_wconf 89' lang='lat' dir='ltr'>scripsit</span> <span class='ocrx_word' id='word_1_139' title='bbox 1217 1377 1257 1413; x_wconf 93' lang='lat' dir='ltr'>in</span> <span class='ocrx_word' id='word_1_140' title='bbox 1289 1378 1455 1415; x_wconf 87' lang='lat' dir='ltr'>Timaeo.</span> 
     </span>
     <span class='ocr_line' id='line_1_22' title="bbox 443 1428 1455 1479; baseline 0.002 -14"><span class='ocrx_word' id='word_1_141' title='bbox 443 1440 479 1476; x_wconf 91' lang='lat'>7.</span> <span class='ocrx_word' id='word_1_142' title='bbox 501 1428 650 1465; x_wconf 91' lang='lat' dir='ltr'>Deinde</span> <span class='ocrx_word' id='word_1_143' title='bbox 679 1440 768 1465; x_wconf 92' lang='lat' dir='ltr'>cum</span> <span class='ocrx_word' id='word_1_144' title='bbox 797 1428 904 1465; x_wconf 91' lang='lat' dir='ltr'>dicit:</span> <span class='ocrx_word' id='word_1_145' title='bbox 934 1430 1024 1465; x_wconf 89' lang='lat' dir='ltr'>Hoc</span> <span class='ocrx_word' id='word_1_146' title='bbox 1051 1429 1200 1478; x_wconf 85' lang='lat' dir='ltr'>quidem</span> <span class='ocrx_word' id='word_1_147' title='bbox 1226 1430 1344 1479; x_wconf 81' lang='lat' dir='ltr'>igitur</span> <span class='ocrx_word' id='word_1_148' title='bbox 1372 1438 1455 1479; x_wconf 90' lang='lat' dir='ltr'>etc.,</span> 
     </span>
     <span class='ocr_line' id='line_1_23' title="bbox 388 1481 1455 1531; baseline 0.002 -13"><span class='ocrx_word' id='word_1_149' title='bbox 388 1481 632 1530; x_wconf 89' lang='lat' dir='ltr'>prosequitur</span> <span class='ocrx_word' id='word_1_150' title='bbox 658 1481 885 1530; x_wconf 88' lang='lat' dir='ltr'>praemissas</span> <span class='ocrx_word' id='word_1_151' title='bbox 913 1481 933 1503; x_wconf 79' lang='lat'>&#39;¹‘</span> <span class='ocrx_word' id='word_1_152' title='bbox 966 1481 1219 1531; x_wconf 84' lang='lat' dir='ltr'>quaestiones.</span> <span class='ocrx_word' id='word_1_153' title='bbox 1254 1483 1303 1519; x_wconf 92' lang='lat' dir='ltr'>Et</span> <span class='ocrx_word' id='word_1_154' title='bbox 1329 1483 1455 1531; x_wconf 89' lang='lat' dir='ltr'>primo</span> 
     </span>
     <span class='ocr_line' id='line_1_24' title="bbox 240 1534 1454 1584; baseline 0 -11"><span class='ocrx_word' id='word_1_155' title='bbox 240 1547 272 1573; x_wconf 74' lang='grc' dir='ltr'>Π</span> <span class='ocrx_word' id='word_1_156' title='bbox 387 1534 630 1584; x_wconf 91' lang='lat' dir='ltr'>prosequitur</span> <span class='ocrx_word' id='word_1_157' title='bbox 649 1535 870 1581; x_wconf 91' lang='lat' dir='ltr'>secundam,</span> <span class='ocrx_word' id='word_1_158' title='bbox 886 1547 1004 1583; x_wconf 93' lang='lat' dir='ltr'>quam</span> <span class='ocrx_word' id='word_1_159' title='bbox 1026 1540 1055 1562; x_wconf 76' lang='lat'>⁷⁷</span> <span class='ocrx_word' id='word_1_160' title='bbox 1070 1535 1224 1573; x_wconf 88' lang='lat' dir='ltr'>brevius</span> <span class='ocrx_word' id='word_1_161' title='bbox 1239 1536 1454 1584; x_wconf 81' lang='lat' dir='ltr'>pertransit3</span> 
     </span>
     <span class='ocr_line' id='line_1_25' title="bbox 389 1587 1454 1636; baseline 0.002 -12"><span class='ocrx_word' id='word_1_162' title='bbox 389 1588 558 1624; x_wconf 89' lang='lat' dir='ltr'>secundo</span> <span class='ocrx_word' id='word_1_163' title='bbox 587 1587 830 1636; x_wconf 87' lang='lat' dir='ltr'>prosequitur</span> <span class='ocrx_word' id='word_1_164' title='bbox 857 1588 1034 1636; x_wconf 89' lang='lat' dir='ltr'>primam,</span> <span class='ocrx_word' id='word_1_165' title='bbox 1063 1588 1140 1625; x_wconf 89' lang='lat' dir='ltr'>ibi:</span> <span class='ocrx_word' id='word_1_166' title='bbox 1172 1589 1304 1626; x_wconf 86' lang='lat' dir='ltr'>Habet</span> <span class='ocrx_word' id='word_1_167' title='bbox 1329 1595 1454 1626; x_wconf 87' lang='lat' dir='ltr'>autem</span> 
     </span>
    </p>
   </div>
   <div class='ocr_carea' id='block_1_5' title="bbox 158 796 319 823">
    <p class='ocr_par' dir='ltr' id='par_1_5' title="bbox 158 796 319 823">
     <span class='ocr_line' id='line_1_26' title="bbox 158 796 319 823; baseline -0.006 -5"><span class='ocrx_word' id='word_1_168' title='bbox 158 798 167 806; x_wconf 76' lang='lat'>¹</span> <span class='ocrx_word' id='word_1_169' title='bbox 183 796 253 818; x_wconf 86' lang='lat' dir='ltr'>Num.</span> <span class='ocrx_word' id='word_1_170' title='bbox 271 801 319 823; x_wconf 81' lang='lat' dir='ltr'>seq.</span> 
     </span>
    </p>
   </div>
   <div class='ocr_carea' id='block_1_6' title="bbox 244 906 278 923">
    <p class='ocr_par' dir='ltr' id='par_1_6' title="bbox 244 906 278 923">
     <span class='ocr_line' id='line_1_27' title="bbox 244 906 278 923; baseline 0 0"><span class='ocrx_word' id='word_1_171' title='bbox 244 906 278 923; x_wconf 71' lang='grc' dir='ltr'>αα</span> 
     </span>
    </p>
   </div>
   <div class='ocr_carea' id='block_1_7' title="bbox 150 1488 289 1510">
    <p class='ocr_par' dir='ltr' id='par_1_7' title="bbox 150 1488 289 1510">
     <span class='ocr_line' id='line_1_28' title="bbox 150 1488 289 1510; baseline 0.007 -1"><span class='ocrx_word' id='word_1_172' title='bbox 150 1490 159 1498; x_wconf 85' lang='grc'><em>·</em></span> <span class='ocrx_word' id='word_1_173' title='bbox 176 1488 252 1510; x_wconf 82' lang='lat' dir='ltr'>dictas</span> <span class='ocrx_word' id='word_1_174' title='bbox 267 1494 289 1510; x_wconf 74' lang='grc' dir='ltr'>Β.</span> 
     </span>
    </p>
   </div>
   <div class='ocr_carea' id='block_1_8' title="bbox 209 1583 226 1596">
    <p class='ocr_par' dir='ltr' id='par_1_8' title="bbox 209 1583 226 1596">
     <span class='ocr_line' id='line_1_29' title="bbox 209 1583 226 1596; baseline 0 0"><span class='ocrx_word' id='word_1_175' title='bbox 209 1583 226 1596; x_wconf 70' lang='lat' dir='ltr'>-b</span> 
     </span>
    </p>
   </div>
   <div class='ocr_carea' id='block_1_9' title="bbox 149 1640 1454 1900">
    <p class='ocr_par' dir='ltr' id='par_1_9' title="bbox 151 1640 1454 1848">
     <span class='ocr_line' id='line_1_30' title="bbox 151 1640 1453 1690; baseline 0.003 -15"><span class='ocrx_word' id='word_1_176' title='bbox 151 1647 160 1656; x_wconf 81' lang='grc'>·</span> <span class='ocrx_word' id='word_1_177' title='bbox 174 1646 237 1668; x_wconf 64' lang='lat' dir='ltr'>Lect·</span> <span class='ocrx_word' id='word_1_178' title='bbox 252 1653 304 1675; x_wconf 76' lang='lat' dir='ltr'>seci-</span> <span class='ocrx_word' id='word_1_179' title='bbox 388 1641 640 1689; x_wconf 87' lang='lat' dir='ltr'>quaestionem</span> <span class='ocrx_word' id='word_1_180' title='bbox 661 1640 680 1662; x_wconf 71' lang='lat'>&#39;¹‘</span> <span class='ocrx_word' id='word_1_181' title='bbox 701 1648 769 1677; x_wconf 92' lang='lat' dir='ltr'>etc.</span> <span class='ocrx_word' id='word_1_182' title='bbox 788 1640 898 1677; x_wconf 88' lang='lat' dir='ltr'>Circa</span> <span class='ocrx_word' id='word_1_183' title='bbox 916 1640 1085 1689; x_wconf 91' lang='lat' dir='ltr'>primum</span> <span class='ocrx_word' id='word_1_184' title='bbox 1106 1641 1307 1679; x_wconf 74' lang='lat' dir='ltr'>duo‘facit:</span> <span class='ocrx_word' id='word_1_185' title='bbox 1327 1642 1453 1690; x_wconf 92' lang='lat' dir='ltr'>primo</span> 
     </span>
     <span class='ocr_line' id='line_1_31' title="bbox 388 1693 1454 1743; baseline 0.002 -13"><span class='ocrx_word' id='word_1_186' title='bbox 388 1693 551 1731; x_wconf 91' lang='lat' dir='ltr'>ostendit</span> <span class='ocrx_word' id='word_1_187' title='bbox 580 1693 867 1731; x_wconf 87' lang='lat' dir='ltr'>convenientius</span> <span class='ocrx_word' id='word_1_188' title='bbox 895 1694 1088 1742; x_wconf 89' lang='lat' dir='ltr'>posuisse,</span> <span class='ocrx_word' id='word_1_189' title='bbox 1114 1702 1301 1743; x_wconf 89' lang='lat' dir='ltr'>quantum</span> <span class='ocrx_word' id='word_1_190' title='bbox 1331 1695 1380 1732; x_wconf 90' lang='lat' dir='ltr'>ad</span> <span class='ocrx_word' id='word_1_191' title='bbox 1410 1707 1454 1733; x_wconf 93' lang='lat' dir='ltr'>ea</span> 
     </span>
     <span class='ocr_line' id='line_1_32' title="bbox 387 1746 1452 1795; baseline 0.002 -12"><span class='ocrx_word' id='word_1_192' title='bbox 387 1759 485 1795; x_wconf 91' lang='lat' dir='ltr'>quae</span> <span class='ocrx_word' id='word_1_193' title='bbox 514 1747 800 1784; x_wconf 90' lang='lat' dir='ltr'>considerantur</span> <span class='ocrx_word' id='word_1_194' title='bbox 819 1746 858 1783; x_wconf 91' lang='lat' dir='ltr'>in</span> <span class='ocrx_word' id='word_1_195' title='bbox 882 1746 1036 1783; x_wconf 90' lang='lat' dir='ltr'>scientia</span> <span class='ocrx_word' id='word_1_196' title='bbox 1064 1747 1233 1794; x_wconf 89' lang='lat' dir='ltr'>naturali,</span> <span class='ocrx_word' id='word_1_197' title='bbox 1254 1748 1452 1785; x_wconf 94' lang='lat' dir='ltr'>Democri-</span> 
     </span>
     <span class='ocr_line' id='line_1_33' title="bbox 385 1799 1452 1848; baseline 0.002 -12"><span class='ocrx_word' id='word_1_198' title='bbox 385 1806 467 1836; x_wconf 89' lang='lat' dir='ltr'>tum</span> <span class='ocrx_word' id='word_1_199' title='bbox 496 1812 613 1848; x_wconf 94' lang='lat' dir='ltr'>quam</span> <span class='ocrx_word' id='word_1_200' title='bbox 642 1800 858 1845; x_wconf 82' lang='lat' dir='ltr'>Platonem3</span> <span class='ocrx_word' id='word_1_201' title='bbox 887 1799 1057 1837; x_wconf 90' lang='lat' dir='ltr'>secundo</span> <span class='ocrx_word' id='word_1_202' title='bbox 1078 1812 1234 1837; x_wconf 89' lang='lat' dir='ltr'>causam</span> <span class='ocrx_word' id='word_1_203' title='bbox 1262 1801 1375 1838; x_wconf 92' lang='lat' dir='ltr'>huius</span> <span class='ocrx_word' id='word_1_204' title='bbox 1395 1814 1452 1838; x_wconf 90' lang='lat' dir='ltr'>as-</span> 
     </span>
    </p>

    <p class='ocr_par' dir='ltr' id='par_1_10' title="bbox 149 1852 1065 1900">
     <span class='ocr_line' id='line_1_34' title="bbox 149 1852 1065 1900; baseline 0.003 -14"><span class='ocrx_word' id='word_1_205' title='bbox 149 1858 306 1886; x_wconf 74' lang='lat' dir='ltr'>·Num-seq-</span> <span class='ocrx_word' id='word_1_206' title='bbox 386 1852 517 1900; x_wconf 89' lang='lat' dir='ltr'>signat,</span> <span class='ocrx_word' id='word_1_207' title='bbox 537 1852 606 1889; x_wconf 89' lang='lat' dir='ltr'>ibi:</span> <span class='ocrx_word' id='word_1_208' title='bbox 642 1853 766 1889; x_wconf 89' lang='lat' dir='ltr'>Causa</span> <span class='ocrx_word' id='word_1_209' title='bbox 794 1857 920 1889; x_wconf 89' lang='lat' dir='ltr'>autem</span> <span class='ocrx_word' id='word_1_210' title='bbox 948 1852 968 1874; x_wconf 70' lang='lat'>’¹‘</span> <span class='ocrx_word' id='word_1_211' title='bbox 997 1859 1065 1889; x_wconf 90' lang='lat' dir='ltr'>etc.</span> 
     </span>
    </p>
   </div>
   <div class='ocr_carea' id='block_1_10' title="bbox 135 1905 1452 2802">
    <p class='ocr_par' dir='ltr' id='par_1_11' title="bbox 144 1905 1450 2114">
     <span class='ocr_line' id='line_1_35' title="bbox 437 1905 1450 1954; baseline 0.002 -12"><span class='ocrx_word' id='word_1_212' title='bbox 437 1905 535 1942; x_wconf 90' lang='lat' dir='ltr'>Dicit</span> <span class='ocrx_word' id='word_1_213' title='bbox 563 1917 651 1953; x_wconf 90' lang='lat' dir='ltr'>ergo</span> <span class='ocrx_word' id='word_1_214' title='bbox 680 1905 804 1954; x_wconf 90' lang='lat' dir='ltr'>primo</span> <span class='ocrx_word' id='word_1_215' title='bbox 834 1906 951 1954; x_wconf 91' lang='lat' dir='ltr'>quod,</span> <span class='ocrx_word' id='word_1_216' title='bbox 977 1905 1071 1942; x_wconf 91' lang='lat' dir='ltr'>sicut</span> <span class='ocrx_word' id='word_1_217' title='bbox 1098 1905 1136 1943; x_wconf 93' lang='lat' dir='ltr'>in</span> <span class='ocrx_word' id='word_1_218' title='bbox 1156 1907 1206 1942; x_wconf 94' lang='grc' dir='ltr'>ΙΙΙ</span> <span class='ocrx_word' id='word_1_219' title='bbox 1226 1906 1272 1943; x_wconf 82' lang='lat' dir='ltr'>de</span> <span class='ocrx_word' id='word_1_220' title='bbox 1297 1907 1410 1944; x_wconf 89' lang='lat' dir='ltr'>Caelo</span> <span class='ocrx_word' id='word_1_221' title='bbox 1429 1907 1450 1929; x_wconf 69' lang='lat'>‘¹‘</span> 
     </span>
     <span class='ocr_line' id='line_1_36' title="bbox 385 1958 1448 2007; baseline 0.002 -12"><span class='ocrx_word' id='word_1_222' title='bbox 385 1958 526 1995; x_wconf 89' lang='lat' dir='ltr'>dictum</span> <span class='ocrx_word' id='word_1_223' title='bbox 555 1966 634 2006; x_wconf 91' lang='lat' dir='ltr'>est,</span> <span class='ocrx_word' id='word_1_224' title='bbox 667 1958 942 1996; x_wconf 90' lang='lat' dir='ltr'>inconveniens</span> <span class='ocrx_word' id='word_1_225' title='bbox 981 1966 1036 1996; x_wconf 92' lang='lat' dir='ltr'>est</span> <span class='ocrx_word' id='word_1_226' title='bbox 1063 1959 1138 1995; x_wconf 94' lang='lat' dir='ltr'>hoc</span> <span class='ocrx_word' id='word_1_227' title='bbox 1179 1958 1306 2007; x_wconf 91' lang='lat' dir='ltr'>ipsum</span> <span class='ocrx_word' id='word_1_228' title='bbox 1336 1960 1448 1997; x_wconf 92' lang='lat' dir='ltr'>etiam</span> 
     </span>
     <span class='ocr_line' id='line_1_37' title="bbox 384 2011 1449 2061; baseline 0.002 -13"><span class='ocrx_word' id='word_1_229' title='bbox 384 2011 596 2048; x_wconf 90' lang='lat' dir='ltr'>secundum</span> <span class='ocrx_word' id='word_1_230' title='bbox 625 2024 665 2048; x_wconf 94' lang='lat' dir='ltr'>se</span> <span class='ocrx_word' id='word_1_231' title='bbox 696 2011 989 2058; x_wconf 91' lang='lat' dir='ltr'>consideratum,</span> <span class='ocrx_word' id='word_1_232' title='bbox 1016 2012 1122 2061; x_wconf 93' lang='lat' dir='ltr'>quod</span> <span class='ocrx_word' id='word_1_233' title='bbox 1152 2024 1314 2061; x_wconf 90' lang='lat' dir='ltr'>corpora</span> <span class='ocrx_word' id='word_1_234' title='bbox 1342 2020 1449 2050; x_wconf 91' lang='lat' dir='ltr'>natu-</span> 
     </span>
     <span class='ocr_line' id='line_1_38' title="bbox 144 2064 1447 2114; baseline 0.002 -13"><span class='ocrx_word' id='word_1_235' title='bbox 144 2073 154 2084; x_wconf 84' lang='lat'><em>·</em></span> <span class='ocrx_word' id='word_1_236' title='bbox 169 2073 314 2101; x_wconf 71' lang='lat' dir='ltr'>superficiem</span> <span class='ocrx_word' id='word_1_237' title='bbox 333 2079 356 2095; x_wconf 60' lang='lat' dir='ltr'>A·</span> <span class='ocrx_word' id='word_1_238' title='bbox 384 2064 473 2102; x_wconf 92' lang='lat' dir='ltr'>ralia</span> <span class='ocrx_word' id='word_1_239' title='bbox 501 2065 738 2102; x_wconf 90' lang='lat' dir='ltr'>resolvantur</span> <span class='ocrx_word' id='word_1_240' title='bbox 765 2077 887 2113; x_wconf 93' lang='lat' dir='ltr'>usque</span> <span class='ocrx_word' id='word_1_241' title='bbox 912 2065 961 2102; x_wconf 89' lang='lat' dir='ltr'>ad</span> <span class='ocrx_word' id='word_1_242' title='bbox 989 2064 1208 2114; x_wconf 89' lang='lat' dir='ltr'>superficies</span> <span class='ocrx_word' id='word_1_243' title='bbox 1227 2065 1264 2102; x_wconf 72' lang='grc' dir='ltr'>*ε</span> <span class='ocrx_word' id='word_1_244' title='bbox 1294 2072 1331 2102; x_wconf 92' lang='lat' dir='ltr'>et</span> <span class='ocrx_word' id='word_1_245' title='bbox 1350 2064 1447 2103; x_wconf 58' lang='lat' dir='ltr'>&#39;ideo</span> 
     </span>
    </p>

    <p class='ocr_par' dir='ltr' id='par_1_12' title="bbox 383 2117 1448 2167">
     <span class='ocr_line' id='line_1_39' title="bbox 383 2117 1448 2167; baseline 0.002 -13"><span class='ocrx_word' id='word_1_246' title='bbox 383 2118 502 2165; x_wconf 90' lang='lat' dir='ltr'>magis</span> <span class='ocrx_word' id='word_1_247' title='bbox 531 2125 586 2154; x_wconf 91' lang='lat' dir='ltr'>est</span> <span class='ocrx_word' id='word_1_248' title='bbox 613 2117 850 2165; x_wconf 87' lang='lat' dir='ltr'>rationabile,</span> <span class='ocrx_word' id='word_1_249' title='bbox 877 2117 908 2155; x_wconf 91' lang='lat' dir='ltr'>si</span> <span class='ocrx_word' id='word_1_250' title='bbox 936 2117 1010 2155; x_wconf 91' lang='lat' dir='ltr'>sint</span> <span class='ocrx_word' id='word_1_251' title='bbox 1037 2117 1184 2167; x_wconf 91' lang='lat' dir='ltr'>aliquae</span> <span class='ocrx_word' id='word_1_252' title='bbox 1222 2118 1448 2166; x_wconf 89' lang='lat' dir='ltr'>magnitudi-</span> 
     </span>
    </p>

    <p class='ocr_par' dir='ltr' id='par_1_13' title="bbox 382 2171 1448 2220">
     <span class='ocr_line' id='line_1_40' title="bbox 382 2171 1448 2220; baseline 0.002 -13"><span class='ocrx_word' id='word_1_253' title='bbox 382 2183 450 2207; x_wconf 90' lang='lat' dir='ltr'>nes</span> <span class='ocrx_word' id='word_1_254' title='bbox 468 2171 722 2217; x_wconf 83' lang='lat' dir='ltr'>indivisibiles,</span> <span class='ocrx_word' id='word_1_255' title='bbox 740 2183 784 2208; x_wconf 87' lang='lat' dir='ltr'>ex</span> <span class='ocrx_word' id='word_1_256' title='bbox 803 2171 940 2220; x_wconf 91' lang='lat' dir='ltr'>quibus</span> <span class='ocrx_word' id='word_1_257' title='bbox 961 2183 1123 2219; x_wconf 90' lang='lat' dir='ltr'>corpora</span> <span class='ocrx_word' id='word_1_258' title='bbox 1141 2171 1324 2208; x_wconf 89' lang='lat' dir='ltr'>naturalia</span> <span class='ocrx_word' id='word_1_259' title='bbox 1344 2184 1448 2209; x_wconf 91' lang='lat' dir='ltr'>com-</span> 
     </span>
    </p>

    <p class='ocr_par' dir='ltr' id='par_1_14' title="bbox 237 2221 1448 2326">
     <span class='ocr_line' id='line_1_41' title="bbox 237 2221 1448 2273; baseline 0.002 -13"><span class='ocrx_word' id='word_1_260' title='bbox 237 2228 266 2270; x_wconf 59' lang='grc' dir='ltr'>δῖ)</span> <span class='ocrx_word' id='word_1_261' title='bbox 381 2231 587 2272; x_wconf 85' lang='lat' dir='ltr'>ponuntur,</span> <span class='ocrx_word' id='word_1_262' title='bbox 614 2224 718 2273; x_wconf 88' lang='lat' dir='ltr'>quod</span> <span class='ocrx_word' id='word_1_263' title='bbox 745 2224 967 2261; x_wconf 91' lang='lat' dir='ltr'>huiusmodi</span> <span class='ocrx_word' id='word_1_264' title='bbox 996 2221 1026 2246; x_wconf 57' lang='grc' dir='ltr'><em>ὃὸ</em></span> <span class='ocrx_word' id='word_1_265' title='bbox 1049 2224 1326 2272; x_wconf 88' lang='lat' dir='ltr'>magnitudines</span> <span class='ocrx_word' id='word_1_266' title='bbox 1354 2225 1448 2263; x_wconf 92' lang='lat' dir='ltr'>indi-</span> 
     </span>
     <span class='ocr_line' id='line_1_42' title="bbox 381 2276 1447 2326; baseline 0.001 -12"><span class='ocrx_word' id='word_1_267' title='bbox 381 2276 548 2314; x_wconf 90' lang='lat' dir='ltr'>visibiles</span> <span class='ocrx_word' id='word_1_268' title='bbox 577 2277 647 2314; x_wconf 92' lang='lat' dir='ltr'>sint</span> <span class='ocrx_word' id='word_1_269' title='bbox 667 2289 839 2326; x_wconf 89' lang='lat' dir='ltr'>corpora,</span> <span class='ocrx_word' id='word_1_270' title='bbox 860 2289 976 2325; x_wconf 93' lang='lat' dir='ltr'>quam</span> <span class='ocrx_word' id='word_1_271' title='bbox 996 2277 1103 2326; x_wconf 94' lang='lat' dir='ltr'>quod</span> <span class='ocrx_word' id='word_1_272' title='bbox 1121 2277 1193 2314; x_wconf 92' lang='lat' dir='ltr'>sint</span> <span class='ocrx_word' id='word_1_273' title='bbox 1211 2278 1447 2326; x_wconf 88' lang='lat' dir='ltr'>superficies:</span> 
     </span>
    </p>

    <p class='ocr_par' dir='ltr' id='par_1_15' title="bbox 382 2330 1448 2379">
     <span class='ocr_line' id='line_1_43' title="bbox 382 2330 1448 2379; baseline 0.001 -12"><span class='ocrx_word' id='word_1_274' title='bbox 382 2330 558 2377; x_wconf 91' lang='lat' dir='ltr'>quamvis</span> <span class='ocrx_word' id='word_1_275' title='bbox 588 2338 623 2367; x_wconf 91' lang='lat' dir='ltr'>et</span> <span class='ocrx_word' id='word_1_276' title='bbox 650 2331 725 2367; x_wconf 92' lang='lat' dir='ltr'>hoc</span> <span class='ocrx_word' id='word_1_277' title='bbox 747 2330 872 2379; x_wconf 90' lang='lat' dir='ltr'>ipsum</span> <span class='ocrx_word' id='word_1_278' title='bbox 901 2330 1061 2367; x_wconf 89' lang='lat' dir='ltr'>multam</span> <span class='ocrx_word' id='word_1_279' title='bbox 1090 2330 1448 2368; x_wconf 89' lang='lat' dir='ltr'>irrationabilitatem</span> 
     </span>
    </p>

    <p class='ocr_par' dir='ltr' id='par_1_16' title="bbox 381 2383 1451 2433">
     <span class='ocr_line' id='line_1_44' title="bbox 381 2383 1451 2433; baseline 0.002 -14"><span class='ocrx_word' id='word_1_280' title='bbox 381 2383 532 2430; x_wconf 90' lang='lat' dir='ltr'>habeat,</span> <span class='ocrx_word' id='word_1_281' title='bbox 552 2383 690 2420; x_wconf 87' lang='lat' dir='ltr'>scilicet</span> <span class='ocrx_word' id='word_1_282' title='bbox 718 2383 824 2431; x_wconf 92' lang='lat' dir='ltr'>quod</span> <span class='ocrx_word' id='word_1_283' title='bbox 852 2383 925 2420; x_wconf 90' lang='lat' dir='ltr'>sint</span> <span class='ocrx_word' id='word_1_284' title='bbox 944 2383 1070 2431; x_wconf 90' lang='lat' dir='ltr'>aliqua</span> <span class='ocrx_word' id='word_1_285' title='bbox 1098 2396 1260 2433; x_wconf 91' lang='lat' dir='ltr'>corpora</span> <span class='ocrx_word' id='word_1_286' title='bbox 1283 2383 1451 2422; x_wconf 89' lang='lat' dir='ltr'>indivisi-</span> 
     </span>
    </p>

    <p class='ocr_par' dir='ltr' id='par_1_17' title="bbox 135 2435 1452 2696">
     <span class='ocr_line' id='line_1_45' title="bbox 382 2435 1448 2485; baseline 0.002 -13"><span class='ocrx_word' id='word_1_287' title='bbox 382 2435 479 2483; x_wconf 91' lang='lat' dir='ltr'>bilia,</span> <span class='ocrx_word' id='word_1_288' title='bbox 509 2448 555 2472; x_wconf 87' lang='lat' dir='ltr'>ex</span> <span class='ocrx_word' id='word_1_289' title='bbox 582 2435 719 2485; x_wconf 91' lang='lat' dir='ltr'>quibus</span> <span class='ocrx_word' id='word_1_290' title='bbox 747 2448 910 2485; x_wconf 90' lang='lat' dir='ltr'>corpora</span> <span class='ocrx_word' id='word_1_291' title='bbox 942 2436 1124 2473; x_wconf 91' lang='lat' dir='ltr'>naturalia</span> <span class='ocrx_word' id='word_1_292' title='bbox 1153 2444 1448 2485; x_wconf 87' lang='lat' dir='ltr'>componantur,</span> 
     </span>
     <span class='ocr_line' id='line_1_46' title="bbox 135 2488 1447 2537; baseline 0.001 -12"><span class='ocrx_word' id='word_1_293' title='bbox 135 2497 353 2525; x_wconf 68' lang='lat' dir='ltr'>*Lib-111‚c-1v‚</span> <span class='ocrx_word' id='word_1_294' title='bbox 384 2488 478 2525; x_wconf 90' lang='lat' dir='ltr'>sicut</span> <span class='ocrx_word' id='word_1_295' title='bbox 505 2488 643 2537; x_wconf 87' lang='lat' dir='ltr'>partim</span> <span class='ocrx_word' id='word_1_296' title='bbox 673 2496 869 2526; x_wconf 88' lang='lat' dir='ltr'>ostensum</span> <span class='ocrx_word' id='word_1_297' title='bbox 905 2496 960 2526; x_wconf 90' lang='lat' dir='ltr'>est</span> <span class='ocrx_word' id='word_1_298' title='bbox 995 2489 1033 2526; x_wconf 93' lang='lat' dir='ltr'>in</span> <span class='ocrx_word' id='word_1_299' title='bbox 1067 2489 1162 2525; x_wconf 91' lang='lat' dir='ltr'>libro</span> <span class='ocrx_word' id='word_1_300' title='bbox 1191 2490 1237 2526; x_wconf 88' lang='lat' dir='ltr'>de</span> <span class='ocrx_word' id='word_1_301' title='bbox 1273 2489 1387 2526; x_wconf 90' lang='lat' dir='ltr'>Caelo</span> <span class='ocrx_word' id='word_1_302' title='bbox 1415 2489 1447 2536; x_wconf 86' lang='lat'>*,</span> 
     </span>
     <span class='ocr_line' id='line_1_47' title="bbox 136 2530 1452 2590; baseline 0.001 -12"><span class='ocrx_word' id='word_1_303' title='bbox 136 2530 356 2578; x_wconf 37' lang='lat' dir='ltr'>Peditum„</span> <span class='ocrx_word' id='word_1_304' title='bbox 386 2548 421 2578; x_wconf 91' lang='lat' dir='ltr'>et</span> <span class='ocrx_word' id='word_1_305' title='bbox 448 2541 586 2590; x_wconf 89' lang='lat' dir='ltr'>partim</span> <span class='ocrx_word' id='word_1_306' title='bbox 615 2541 709 2578; x_wconf 87' lang='lat' dir='ltr'>infra</span> <span class='ocrx_word' id='word_1_307' title='bbox 727 2541 748 2564; x_wconf 77' lang='lat'><em>*</em></span> <span class='ocrx_word' id='word_1_308' title='bbox 775 2541 918 2590; x_wconf 91' lang='lat' dir='ltr'>patebit</span> <span class='ocrx_word' id='word_1_309' title='bbox 945 2547 979 2578; x_wconf 85' lang='lat'>“.</span> <span class='ocrx_word' id='word_1_310' title='bbox 1018 2541 1096 2578; x_wconf 89' lang='lat' dir='ltr'>Sed</span> <span class='ocrx_word' id='word_1_311' title='bbox 1123 2549 1254 2579; x_wconf 88' lang='lat' dir='ltr'>tamen</span> <span class='ocrx_word' id='word_1_312' title='bbox 1279 2541 1366 2579; x_wconf 92' lang='lat' dir='ltr'>ideo</span> <span class='ocrx_word' id='word_1_313' title='bbox 1396 2549 1452 2579; x_wconf 90' lang='lat' dir='ltr'>est</span> 
     </span>
     <span class='ocr_line' id='line_1_48' title="bbox 139 2583 1450 2643; baseline 0 -12"><span class='ocrx_word' id='word_1_314' title='bbox 139 2583 192 2605; x_wconf 49' lang='grc' dir='ltr'>’κη’</span> <span class='ocrx_word' id='word_1_315' title='bbox 231 2613 254 2630; x_wconf 74' lang='lat' dir='ltr'>es</span> <span class='ocrx_word' id='word_1_316' title='bbox 385 2594 504 2642; x_wconf 89' lang='lat' dir='ltr'>magis</span> <span class='ocrx_word' id='word_1_317' title='bbox 519 2594 738 2631; x_wconf 88' lang='lat' dir='ltr'>rationabile</span> <span class='ocrx_word' id='word_1_318' title='bbox 753 2606 896 2643; x_wconf 91' lang='lat' dir='ltr'>ponere</span> <span class='ocrx_word' id='word_1_319' title='bbox 913 2606 1075 2642; x_wconf 88' lang='lat' dir='ltr'>corpora</span> <span class='ocrx_word' id='word_1_320' title='bbox 1089 2593 1323 2631; x_wconf 89' lang='lat' dir='ltr'>indivisibilia</span> <span class='ocrx_word' id='word_1_321' title='bbox 1333 2607 1450 2643; x_wconf 92' lang='lat' dir='ltr'>quam</span> 
     </span>
     <span class='ocr_line' id='line_1_49' title="bbox 386 2646 1452 2696; baseline 0 -12"><span class='ocrx_word' id='word_1_322' title='bbox 386 2647 615 2696; x_wconf 91' lang='lat' dir='ltr'>superficies,</span> <span class='ocrx_word' id='word_1_323' title='bbox 632 2646 721 2695; x_wconf 91' lang='lat' dir='ltr'>quia</span> <span class='ocrx_word' id='word_1_324' title='bbox 739 2647 796 2683; x_wconf 85' lang='lat' dir='ltr'>his</span> <span class='ocrx_word' id='word_1_325' title='bbox 815 2647 879 2695; x_wconf 90' lang='lat' dir='ltr'>qui</span> <span class='ocrx_word' id='word_1_326' title='bbox 893 2654 1041 2695; x_wconf 91' lang='lat' dir='ltr'>ponunt</span> <span class='ocrx_word' id='word_1_327' title='bbox 1064 2659 1226 2695; x_wconf 90' lang='lat' dir='ltr'>corpora</span> <span class='ocrx_word' id='word_1_328' title='bbox 1249 2646 1452 2684; x_wconf 90' lang='lat' dir='ltr'>indivisibi-</span> 
     </span>
    </p>

    <p class='ocr_par' dir='ltr' id='par_1_18' title="bbox 146 2698 1452 2802">
     <span class='ocr_line' id='line_1_50' title="bbox 146 2698 1452 2748; baseline 0.002 -14"><span class='ocrx_word' id='word_1_329' title='bbox 146 2713 155 2722; x_wconf 89' lang='lat'><strong>·</strong></span> <span class='ocrx_word' id='word_1_330' title='bbox 170 2712 323 2734; x_wconf 75' lang='lat' dir='ltr'>convenitne</span> <span class='ocrx_word' id='word_1_331' title='bbox 338 2715 359 2734; x_wconf 73' lang='lat' dir='ltr'>et</span> <span class='ocrx_word' id='word_1_332' title='bbox 386 2700 433 2737; x_wconf 90' lang='lat' dir='ltr'>lia</span> <span class='ocrx_word' id='word_1_333' title='bbox 453 2713 534 2737; x_wconf 92' lang='lat' dir='ltr'>esse</span> <span class='ocrx_word' id='word_1_334' title='bbox 549 2699 731 2748; x_wconf 89' lang='lat' dir='ltr'>principia</span> <span class='ocrx_word' id='word_1_335' title='bbox 751 2711 955 2748; x_wconf 88' lang='lat' dir='ltr'>corporum</span> <span class='ocrx_word' id='word_1_336' title='bbox 976 2698 1214 2746; x_wconf 88' lang='lat' dir='ltr'>naturalium,</span> <span class='ocrx_word' id='word_1_337' title='bbox 1237 2699 1414 2747; x_wconf 91' lang='lat' dir='ltr'>contingit</span> <span class='ocrx_word' id='word_1_338' title='bbox 1432 2699 1452 2722; x_wconf 77' lang='lat'>&#39;¹‘</span> 
     </span>
     <span class='ocr_line' id='line_1_51' title="bbox 148 2738 1452 2802; baseline -0.001 -12"><span class='ocrx_word' id='word_1_339' title='bbox 148 2738 201 2761; x_wconf 58' lang='lat' dir='ltr'>‘dd’</span> <span class='ocrx_word' id='word_1_340' title='bbox 387 2753 579 2801; x_wconf 89' lang='lat' dir='ltr'>assignare</span> <span class='ocrx_word' id='word_1_341' title='bbox 596 2764 750 2789; x_wconf 90' lang='lat' dir='ltr'>causam</span> <span class='ocrx_word' id='word_1_342' title='bbox 771 2751 1021 2800; x_wconf 89' lang='lat' dir='ltr'>generationis</span> <span class='ocrx_word' id='word_1_343' title='bbox 1043 2759 1079 2788; x_wconf 90' lang='lat' dir='ltr'>et</span> <span class='ocrx_word' id='word_1_344' title='bbox 1094 2751 1336 2789; x_wconf 86' lang='lat' dir='ltr'>alterationis:</span> <span class='ocrx_word' id='word_1_345' title='bbox 1353 2765 1452 2802; x_wconf 91' lang='lat' dir='ltr'>quae</span> 
     </span>
    </p>
   </div>
   <div class='ocr_carea' id='block_1_11' title="bbox 144 1915 355 1943">
    <p class='ocr_par' dir='ltr' id='par_1_19' title="bbox 144 1915 355 1943">
     <span class='ocr_line' id='line_1_52' title="bbox 144 1915 355 1943; baseline 0 -6"><span class='ocrx_word' id='word_1_346' title='bbox 144 1915 297 1943; x_wconf 73' lang='lat' dir='ltr'>⁸Cap.v11‚n.6</span> <span class='ocrx_word' id='word_1_347' title='bbox 305 1921 355 1943; x_wconf 86' lang='lat' dir='ltr'>sqq.</span> 
     </span>
    </p>
   </div>
   <div class='ocr_carea' id='block_1_12' title="bbox 379 2890 1450 2961">
    <p class='ocr_par' dir='ltr' id='par_1_20' title="bbox 379 2890 1450 2961">
     <span class='ocr_line' id='line_1_53' title="bbox 439 2890 1450 2925; baseline -0.001 -8"><span class='ocrx_word' id='word_1_348' title='bbox 439 2892 471 2925; x_wconf 89' lang='grc' dir='ltr'>ω)</span> <span class='ocrx_word' id='word_1_349' title='bbox 490 2891 652 2917; x_wconf 78' lang='lat' dir='ltr'>solvendum.</span> <span class='ocrx_word' id='word_1_350' title='bbox 664 2905 684 2910; x_wconf 94' lang='lat'>—</span> <span class='ocrx_word' id='word_1_351' title='bbox 696 2890 850 2916; x_wconf 81' lang='lat' dir='ltr'>solvendam</span> <span class='ocrx_word' id='word_1_352' title='bbox 869 2891 892 2914; x_wconf 93' lang='lat' dir='ltr'>A</span> <span class='ocrx_word' id='word_1_353' title='bbox 910 2890 952 2915; x_wconf 86' lang='lat' dir='ltr'>hic</span> <span class='ocrx_word' id='word_1_354' title='bbox 969 2895 994 2915; x_wconf 87' lang='lat' dir='ltr'>et</span> <span class='ocrx_word' id='word_1_355' title='bbox 1007 2895 1106 2922; x_wconf 78' lang='lat' dir='ltr'>postea.</span> <span class='ocrx_word' id='word_1_356' title='bbox 1119 2904 1138 2909; x_wconf 92' lang='lat'>—</span> <span class='ocrx_word' id='word_1_357' title='bbox 1152 2890 1203 2914; x_wconf 85' lang='lat' dir='ltr'>Pro</span> <span class='ocrx_word' id='word_1_358' title='bbox 1213 2890 1383 2922; x_wconf 77' lang='lat' dir='ltr'>praedictam</span> <span class='ocrx_word' id='word_1_359' title='bbox 1399 2891 1450 2924; x_wconf 74' lang='lat' dir='ltr'>dir-</span> 
     </span>
     <span class='ocr_line' id='line_1_54' title="bbox 379 2925 1450 2961; baseline -0.002 -8"><span class='ocrx_word' id='word_1_360' title='bbox 379 2928 544 2961; x_wconf 82' lang='lat' dir='ltr'>ficultatem,</span> <span class='ocrx_word' id='word_1_361' title='bbox 563 2927 662 2952; x_wconf 84' lang='lat' dir='ltr'>dictam</span> <span class='ocrx_word' id='word_1_362' title='bbox 675 2926 836 2960; x_wconf 71' lang='lat' dir='ltr'>facultatem</span> <span class='ocrx_word' id='word_1_363' title='bbox 855 2933 900 2951; x_wconf 88' lang='lat' dir='ltr'>seu</span> <span class='ocrx_word' id='word_1_364' title='bbox 920 2925 1105 2959; x_wconf 76' lang='lat' dir='ltr'>difficultatem</span> <span class='ocrx_word' id='word_1_365' title='bbox 1119 2925 1152 2957; x_wconf 87' lang='lat' dir='ltr'>C;</span> <span class='ocrx_word' id='word_1_366' title='bbox 1172 2933 1219 2958; x_wconf 90' lang='lat' dir='ltr'>pro</span> <span class='ocrx_word' id='word_1_367' title='bbox 1233 2926 1327 2950; x_wconf 89' lang='lat' dir='ltr'>eodem</span> <span class='ocrx_word' id='word_1_368' title='bbox 1346 2925 1450 2951; x_wconf 83' lang='lat' dir='ltr'>inferius</span> 
     </span>
    </p>
   </div>
   <div class='ocr_carea' id='block_1_13' title="bbox 385 2963 1451 3030">
    <p class='ocr_par' dir='ltr' id='par_1_21' title="bbox 385 2963 1451 3030">
     <span class='ocr_line' id='line_1_55' title="bbox 385 2963 1451 3030; baseline -0.002 -8"><span class='ocrx_word' id='word_1_369' title='bbox 385 2963 492 3030; x_wconf 52' lang='lat' dir='ltr'>eamag.</span> <span class='ocrx_word' id='word_1_370' title='bbox 504 2997 537 3022; x_wconf 71' lang='lat' dir='ltr'>ab</span> <span class='ocrx_word' id='word_1_371' title='bbox 556 2997 613 3022; x_wconf 82' lang='lat' dir='ltr'>hoc.</span> <span class='ocrx_word' id='word_1_372' title='bbox 626 3010 646 3016; x_wconf 87' lang='lat'>-</span> <span class='ocrx_word' id='word_1_373' title='bbox 659 2996 696 3021; x_wconf 71' lang='lat' dir='ltr'>aa</span> <span class='ocrx_word' id='word_1_374' title='bbox 714 2996 763 3022; x_wconf 80' lang='lat' dir='ltr'>hoc</span> <span class='ocrx_word' id='word_1_375' title='bbox 781 2995 866 3021; x_wconf 71' lang='lat' dir='ltr'>reah.</span> <span class='ocrx_word' id='word_1_376' title='bbox 884 3009 903 3015; x_wconf 92' lang='lat'>-</span> <span class='ocrx_word' id='word_1_377' title='bbox 920 2996 1027 3028; x_wconf 81' lang='lat' dir='ltr'>quidem</span> <span class='ocrx_word' id='word_1_378' title='bbox 1040 3003 1093 3020; x_wconf 89' lang='lat' dir='ltr'>om.</span> <span class='ocrx_word' id='word_1_379' title='bbox 1108 2995 1152 3025; x_wconf 74' lang='lat' dir='ltr'>Pb,</span> <span class='ocrx_word' id='word_1_380' title='bbox 1172 2995 1233 3028; x_wconf 83' lang='lat' dir='ltr'>quia</span> <span class='ocrx_word' id='word_1_381' title='bbox 1251 3003 1269 3020; x_wconf 81' lang='lat' dir='ltr'>a</span> <span class='ocrx_word' id='word_1_382' title='bbox 1288 2996 1324 3028; x_wconf 79' lang='lat' dir='ltr'>(et</span> <span class='ocrx_word' id='word_1_383' title='bbox 1338 2996 1370 3028; x_wconf 85' lang='lat' dir='ltr'>c)</span> <span class='ocrx_word' id='word_1_384' title='bbox 1390 2997 1451 3028; x_wconf 84' lang='lat' dir='ltr'>legit</span> 
     </span>
    </p>
   </div>
   <div class='ocr_carea' id='block_1_14' title="bbox 381 3031 1451 3662">
    <p class='ocr_par' dir='ltr' id='par_1_22' title="bbox 386 3031 1450 3129">
     <span class='ocr_line' id='line_1_56' title="bbox 386 3031 1450 3064; baseline -0.002 -6"><span class='ocrx_word' id='word_1_385' title='bbox 386 3033 571 3058; x_wconf 87' lang='lat' dir='ltr'>necessarium.</span> <span class='ocrx_word' id='word_1_386' title='bbox 585 3045 603 3051; x_wconf 98' lang='lat'>-</span> <span class='ocrx_word' id='word_1_387' title='bbox 616 3032 667 3056; x_wconf 87' lang='lat' dir='ltr'>Pro</span> <span class='ocrx_word' id='word_1_388' title='bbox 686 3032 757 3064; x_wconf 83' lang='lat' dir='ltr'>quod</span> <span class='ocrx_word' id='word_1_389' title='bbox 775 3031 830 3056; x_wconf 87' lang='lat' dir='ltr'>sint</span> <span class='ocrx_word' id='word_1_390' title='bbox 847 3031 954 3063; x_wconf 80' lang='lat' dir='ltr'>aliquae</span> <span class='ocrx_word' id='word_1_391' title='bbox 968 3031 1075 3063; x_wconf 81' lang='lat' dir='ltr'>primae</span> <span class='ocrx_word' id='word_1_392' title='bbox 1094 3031 1300 3063; x_wconf 76' lang='lat' dir='ltr'>magnitudines,</span> <span class='ocrx_word' id='word_1_393' title='bbox 1315 3032 1384 3056; x_wconf 86' lang='lat' dir='ltr'>sicut</span> <span class='ocrx_word' id='word_1_394' title='bbox 1401 3032 1450 3056; x_wconf 91' lang='lat' dir='ltr'>ali-</span> 
     </span>
     <span class='ocr_line' id='line_1_57' title="bbox 386 3065 1450 3101; baseline -0.001 -8"><span class='ocrx_word' id='word_1_395' title='bbox 386 3076 453 3101; x_wconf 86' lang='lat' dir='ltr'>quae</span> <span class='ocrx_word' id='word_1_396' title='bbox 472 3067 669 3100; x_wconf 79' lang='lat' dir='ltr'>magnitudines</span> <span class='ocrx_word' id='word_1_397' title='bbox 684 3068 718 3098; x_wconf 73' lang='lat' dir='ltr'>B,</span> <span class='ocrx_word' id='word_1_398' title='bbox 737 3070 777 3092; x_wconf 84' lang='lat' dir='ltr'>est</span> <span class='ocrx_word' id='word_1_399' title='bbox 791 3066 949 3100; x_wconf 76' lang='lat' dir='ltr'>magnitudo</span> <span class='ocrx_word' id='word_1_400' title='bbox 962 3074 1024 3096; x_wconf 80' lang='lat' dir='ltr'>om..</span> <span class='ocrx_word' id='word_1_401' title='bbox 1036 3071 1062 3091; x_wconf 87' lang='lat' dir='ltr'>et</span> <span class='ocrx_word' id='word_1_402' title='bbox 1073 3074 1121 3099; x_wconf 84' lang='lat' dir='ltr'>pro</span> <span class='ocrx_word' id='word_1_403' title='bbox 1134 3065 1233 3099; x_wconf 69' lang='lat' dir='ltr'>differt,</span> <span class='ocrx_word' id='word_1_404' title='bbox 1248 3067 1352 3100; x_wconf 81' lang='lat' dir='ltr'>confert</span> <span class='ocrx_word' id='word_1_405' title='bbox 1365 3066 1450 3097; x_wconf 63' lang='lat' dir='ltr'>Peos,</span> 
     </span>
     <span class='ocr_line' id='line_1_58' title="bbox 386 3104 543 3129; baseline -0.006 0"><span class='ocrx_word' id='word_1_406' title='bbox 386 3104 418 3129; x_wconf 83' lang='lat' dir='ltr'>cf.</span> <span class='ocrx_word' id='word_1_407' title='bbox 437 3108 543 3128; x_wconf 87' lang='lat' dir='ltr'>textum.</span> 
     </span>
    </p>

    <p class='ocr_par' dir='ltr' id='par_1_23' title="bbox 381 3136 1451 3240">
     <span class='ocr_line' id='line_1_59' title="bbox 440 3136 1450 3172; baseline 0.001 -10"><span class='ocrx_word' id='word_1_408' title='bbox 440 3137 481 3172; x_wconf 80' lang='grc' dir='ltr'>ββ)</span> <span class='ocrx_word' id='word_1_409' title='bbox 501 3137 698 3171; x_wconf 82' lang='lat' dir='ltr'>magnitudines</span> <span class='ocrx_word' id='word_1_410' title='bbox 718 3137 898 3162; x_wconf 78' lang='lat' dir='ltr'>indivisibiles.</span> <span class='ocrx_word' id='word_1_411' title='bbox 916 3150 935 3156; x_wconf 92' lang='lat'><em>-</em></span> <span class='ocrx_word' id='word_1_412' title='bbox 953 3136 1126 3162; x_wconf 73' lang='lat' dir='ltr'>indivisibiles</span> <span class='ocrx_word' id='word_1_413' title='bbox 1144 3144 1198 3161; x_wconf 88' lang='lat' dir='ltr'>om.</span> <span class='ocrx_word' id='word_1_414' title='bbox 1216 3137 1271 3162; x_wconf 85' lang='lat' dir='ltr'>AB.</span> <span class='ocrx_word' id='word_1_415' title='bbox 1289 3151 1307 3156; x_wconf 92' lang='lat'>-</span> <span class='ocrx_word' id='word_1_416' title='bbox 1321 3137 1372 3162; x_wconf 86' lang='lat' dir='ltr'>Pro</span> <span class='ocrx_word' id='word_1_417' title='bbox 1391 3144 1450 3163; x_wconf 87' lang='lat' dir='ltr'>cor-</span> 
     </span>
     <span class='ocr_line' id='line_1_60' title="bbox 381 3172 1451 3206; baseline -0.001 -7"><span class='ocrx_word' id='word_1_418' title='bbox 381 3181 461 3206; x_wconf 86' lang='lat' dir='ltr'>pora,</span> <span class='ocrx_word' id='word_1_419' title='bbox 481 3173 535 3198; x_wconf 90' lang='lat' dir='ltr'>alia</span> <span class='ocrx_word' id='word_1_420' title='bbox 547 3180 661 3205; x_wconf 87' lang='lat' dir='ltr'>corpora</span> <span class='ocrx_word' id='word_1_421' title='bbox 675 3173 704 3203; x_wconf 82' lang='lat' dir='ltr'>B,</span> <span class='ocrx_word' id='word_1_422' title='bbox 717 3179 860 3205; x_wconf 79' lang='lat' dir='ltr'>corporeae</span> <span class='ocrx_word' id='word_1_423' title='bbox 879 3172 970 3201; x_wconf 88' lang='lat' dir='ltr'>PCab,·</span> <span class='ocrx_word' id='word_1_424' title='bbox 992 3179 1039 3204; x_wconf 86' lang='lat' dir='ltr'>pro</span> <span class='ocrx_word' id='word_1_425' title='bbox 1059 3173 1100 3197; x_wconf 80' lang='lat' dir='ltr'>vel</span> <span class='ocrx_word' id='word_1_426' title='bbox 1118 3172 1179 3200; x_wconf 84' lang='lat' dir='ltr'>sint,</span> <span class='ocrx_word' id='word_1_427' title='bbox 1195 3172 1236 3197; x_wconf 83' lang='lat' dir='ltr'>vel</span> <span class='ocrx_word' id='word_1_428' title='bbox 1252 3173 1322 3198; x_wconf 82' lang='lat' dir='ltr'>sicut</span> <span class='ocrx_word' id='word_1_429' title='bbox 1335 3172 1420 3198; x_wconf 82' lang='lat' dir='ltr'>PCab.</span> <span class='ocrx_word' id='word_1_430' title='bbox 1432 3186 1451 3192; x_wconf 86' lang='lat'>—-</span> 
     </span>
     <span class='ocr_line' id='line_1_61' title="bbox 387 3207 1158 3240; baseline -0.003 -6"><span class='ocrx_word' id='word_1_431' title='bbox 387 3210 437 3234; x_wconf 82' lang='lat' dir='ltr'>Pro</span> <span class='ocrx_word' id='word_1_432' title='bbox 450 3208 571 3233; x_wconf 86' lang='lat' dir='ltr'>omnibus</span> <span class='ocrx_word' id='word_1_433' title='bbox 591 3208 623 3233; x_wconf 88' lang='lat' dir='ltr'>cf.</span> <span class='ocrx_word' id='word_1_434' title='bbox 643 3212 748 3233; x_wconf 81' lang='lat' dir='ltr'>textum.</span> <span class='ocrx_word' id='word_1_435' title='bbox 765 3221 785 3228; x_wconf 87' lang='lat'><em>-</em></span> <span class='ocrx_word' id='word_1_436' title='bbox 803 3207 871 3233; x_wconf 84' lang='lat' dir='ltr'>idest</span> <span class='ocrx_word' id='word_1_437' title='bbox 888 3207 1041 3240; x_wconf 75' lang='lat' dir='ltr'>superficies</span> <span class='ocrx_word' id='word_1_438' title='bbox 1060 3215 1113 3232; x_wconf 88' lang='lat' dir='ltr'>om.</span> <span class='ocrx_word' id='word_1_439' title='bbox 1129 3207 1158 3232; x_wconf 88' lang='lat' dir='ltr'>C.</span> 
     </span>
    </p>

    <p class='ocr_par' dir='ltr' id='par_1_24' title="bbox 383 3242 1451 3311">
     <span class='ocr_line' id='line_1_62' title="bbox 438 3242 1451 3277; baseline 0 -9"><span class='ocrx_word' id='word_1_440' title='bbox 438 3244 482 3277; x_wconf 87' lang='grc' dir='ltr'>γγ)</span> <span class='ocrx_word' id='word_1_441' title='bbox 501 3243 651 3273; x_wconf 86' lang='lat' dir='ltr'>secundam,</span> <span class='ocrx_word' id='word_1_442' title='bbox 666 3250 755 3276; x_wconf 87' lang='lat' dir='ltr'>quam.</span> <span class='ocrx_word' id='word_1_443' title='bbox 765 3257 785 3262; x_wconf 96' lang='lat'><em>-</em></span> <span class='ocrx_word' id='word_1_444' title='bbox 797 3243 941 3268; x_wconf 86' lang='lat' dir='ltr'>secundam</span> <span class='ocrx_word' id='word_1_445' title='bbox 960 3243 1140 3276; x_wconf 84' lang='lat' dir='ltr'>quaestionem</span> <span class='ocrx_word' id='word_1_446' title='bbox 1153 3242 1217 3276; x_wconf 85' lang='lat' dir='ltr'>quia</span> <span class='ocrx_word' id='word_1_447' title='bbox 1229 3243 1260 3268; x_wconf 85' lang='lat' dir='ltr'>A.</span> <span class='ocrx_word' id='word_1_448' title='bbox 1272 3257 1291 3262; x_wconf 91' lang='lat'><em>-</em></span> <span class='ocrx_word' id='word_1_449' title='bbox 1303 3243 1354 3268; x_wconf 86' lang='lat' dir='ltr'>Pro</span> <span class='ocrx_word' id='word_1_450' title='bbox 1372 3243 1451 3269; x_wconf 90' lang='lat' dir='ltr'>Circa</span> 
     </span>
     <span class='ocr_line' id='line_1_63' title="bbox 383 3278 848 3311; baseline 0 -8"><span class='ocrx_word' id='word_1_451' title='bbox 383 3279 510 3311; x_wconf 84' lang='lat' dir='ltr'>primum,</span> <span class='ocrx_word' id='word_1_452' title='bbox 533 3278 611 3303; x_wconf 89' lang='lat' dir='ltr'>Circa</span> <span class='ocrx_word' id='word_1_453' title='bbox 625 3278 744 3310; x_wconf 84' lang='lat' dir='ltr'>primam</span> <span class='ocrx_word' id='word_1_454' title='bbox 763 3278 848 3304; x_wconf 86' lang='lat' dir='ltr'>PCab.</span> 
     </span>
    </p>

    <p class='ocr_par' dir='ltr' id='par_1_25' title="bbox 388 3313 1451 3417">
     <span class='ocr_line' id='line_1_64' title="bbox 440 3313 1451 3346; baseline 0.001 -8"><span class='ocrx_word' id='word_1_455' title='bbox 440 3313 479 3346; x_wconf 79' lang='grc' dir='ltr'>ὃὸ)</span> <span class='ocrx_word' id='word_1_456' title='bbox 498 3314 521 3338; x_wconf 87' lang='lat' dir='ltr'>si</span> <span class='ocrx_word' id='word_1_457' title='bbox 539 3313 592 3339; x_wconf 88' lang='lat' dir='ltr'>sint</span> <span class='ocrx_word' id='word_1_458' title='bbox 610 3314 715 3346; x_wconf 84' lang='lat' dir='ltr'>aliquae</span> <span class='ocrx_word' id='word_1_459' title='bbox 725 3331 732 3338; x_wconf 95' lang='lat'>.</span> <span class='ocrx_word' id='word_1_460' title='bbox 743 3330 750 3338; x_wconf 90' lang='lat'>.</span> <span class='ocrx_word' id='word_1_461' title='bbox 763 3331 769 3339; x_wconf 93' lang='lat'>.</span> <span class='ocrx_word' id='word_1_462' title='bbox 788 3313 859 3346; x_wconf 84' lang='lat' dir='ltr'>quod</span> <span class='ocrx_word' id='word_1_463' title='bbox 877 3313 1036 3339; x_wconf 85' lang='lat' dir='ltr'>huiusmodi.</span> <span class='ocrx_word' id='word_1_464' title='bbox 1050 3327 1069 3332; x_wconf 95' lang='lat'>—</span> <span class='ocrx_word' id='word_1_465' title='bbox 1083 3313 1155 3346; x_wconf 81' lang='lat' dir='ltr'>quod</span> <span class='ocrx_word' id='word_1_466' title='bbox 1168 3313 1252 3346; x_wconf 85' lang='lat' dir='ltr'>(quod</span> <span class='ocrx_word' id='word_1_467' title='bbox 1264 3314 1289 3339; x_wconf 85' lang='lat' dir='ltr'>si</span> <span class='ocrx_word' id='word_1_468' title='bbox 1302 3314 1343 3339; x_wconf 92' lang='lat' dir='ltr'>ed.</span> <span class='ocrx_word' id='word_1_469' title='bbox 1356 3313 1383 3346; x_wconf 84' lang='lat' dir='ltr'>b)</span> <span class='ocrx_word' id='word_1_470' title='bbox 1397 3314 1451 3339; x_wconf 87' lang='lat' dir='ltr'>sint</span> 
     </span>
     <span class='ocr_line' id='line_1_65' title="bbox 388 3348 1449 3382; baseline 0.001 -9"><span class='ocrx_word' id='word_1_471' title='bbox 388 3349 527 3381; x_wconf 88' lang='lat' dir='ltr'>aliquae..</span> <span class='ocrx_word' id='word_1_472' title='bbox 546 3352 572 3373; x_wconf 89' lang='lat' dir='ltr'>et</span> <span class='ocrx_word' id='word_1_473' title='bbox 590 3349 661 3381; x_wconf 87' lang='lat' dir='ltr'>quod</span> <span class='ocrx_word' id='word_1_474' title='bbox 679 3348 830 3374; x_wconf 82' lang='lat' dir='ltr'>huiusmodi</span> <span class='ocrx_word' id='word_1_475' title='bbox 847 3348 938 3378; x_wconf 85' lang='lat' dir='ltr'>PCab,·</span> <span class='ocrx_word' id='word_1_476' title='bbox 957 3349 978 3374; x_wconf 92' lang='lat' dir='ltr'>C</span> <span class='ocrx_word' id='word_1_477' title='bbox 992 3349 1083 3381; x_wconf 83' lang='lat' dir='ltr'>repetit</span> <span class='ocrx_word' id='word_1_478' title='bbox 1102 3348 1202 3374; x_wconf 79' lang='lat' dir='ltr'>homot.</span> <span class='ocrx_word' id='word_1_479' title='bbox 1214 3356 1252 3374; x_wconf 78' lang='lat' dir='ltr'>ex</span> <span class='ocrx_word' id='word_1_480' title='bbox 1270 3349 1395 3382; x_wconf 87' lang='lat' dir='ltr'>quibus..</span> <span class='ocrx_word' id='word_1_481' title='bbox 1410 3349 1449 3374; x_wconf 86' lang='lat' dir='ltr'>in-</span> 
     </span>
     <span class='ocr_line' id='line_1_66' title="bbox 389 3378 1405 3417; baseline 0.001 -9"><span class='ocrx_word' id='word_1_482' title='bbox 389 3383 538 3408; x_wconf 83' lang='lat' dir='ltr'>divisibiles.</span> <span class='ocrx_word' id='word_1_483' title='bbox 555 3397 574 3402; x_wconf 99' lang='lat'>-</span> <span class='ocrx_word' id='word_1_484' title='bbox 591 3384 641 3408; x_wconf 86' lang='lat' dir='ltr'>Pro</span> <span class='ocrx_word' id='word_1_485' title='bbox 661 3383 922 3409; x_wconf 83' lang='lat' dir='ltr'>irrationabilitatem</span> <span class='ocrx_word' id='word_1_486' title='bbox 943 3378 1098 3417; x_wconf 72' lang='grc' dir='ltr'>(ἀλογίαν),</span> <span class='ocrx_word' id='word_1_487' title='bbox 1118 3384 1356 3410; x_wconf 82' lang='lat' dir='ltr'>rationabilitatem</span> <span class='ocrx_word' id='word_1_488' title='bbox 1376 3384 1405 3409; x_wconf 86' lang='grc' dir='ltr'>Ρ.</span> 
     </span>
    </p>

    <p class='ocr_par' dir='ltr' id='par_1_26' title="bbox 389 3418 1449 3480">
     <span class='ocr_line' id='line_1_67' title="bbox 442 3418 1449 3452; baseline 0.003 -10"><span class='ocrx_word' id='word_1_489' title='bbox 442 3418 475 3451; x_wconf 85' lang='grc' dir='ltr'>εε)</span> <span class='ocrx_word' id='word_1_490' title='bbox 495 3421 521 3443; x_wconf 86' lang='lat' dir='ltr'>et</span> <span class='ocrx_word' id='word_1_491' title='bbox 535 3419 638 3450; x_wconf 85' lang='lat' dir='ltr'>partim</span> <span class='ocrx_word' id='word_1_492' title='bbox 658 3419 731 3452; x_wconf 76' lang='lat' dir='ltr'>infra</span> <span class='ocrx_word' id='word_1_493' title='bbox 747 3419 860 3451; x_wconf 88' lang='lat' dir='ltr'>patebit.</span> <span class='ocrx_word' id='word_1_494' title='bbox 877 3432 897 3438; x_wconf 93' lang='lat'>-</span> <span class='ocrx_word' id='word_1_495' title='bbox 915 3419 972 3444; x_wconf 83' lang='lat' dir='ltr'>Hoc</span> <span class='ocrx_word' id='word_1_496' title='bbox 990 3426 1043 3444; x_wconf 89' lang='lat' dir='ltr'>om.</span> <span class='ocrx_word' id='word_1_497' title='bbox 1062 3418 1147 3445; x_wconf 86' lang='lat' dir='ltr'>PCab.</span> <span class='ocrx_word' id='word_1_498' title='bbox 1165 3433 1183 3439; x_wconf 96' lang='lat'>-</span> <span class='ocrx_word' id='word_1_499' title='bbox 1201 3427 1280 3452; x_wconf 89' lang='lat' dir='ltr'>quam</span> <span class='ocrx_word' id='word_1_500' title='bbox 1331 3419 1449 3445; x_wconf 75' lang='lat' dir='ltr'>indivisi-</span> 
     </span>
     <span class='ocr_line' id='line_1_68' title="bbox 389 3453 1358 3480; baseline 0.002 -2"><span class='ocrx_word' id='word_1_501' title='bbox 389 3453 452 3478; x_wconf 87' lang='lat' dir='ltr'>bilia</span> <span class='ocrx_word' id='word_1_502' title='bbox 470 3460 523 3478; x_wconf 88' lang='lat' dir='ltr'>om.</span> <span class='ocrx_word' id='word_1_503' title='bbox 542 3454 571 3478; x_wconf 85' lang='lat' dir='ltr'>B.</span> <span class='ocrx_word' id='word_1_504' title='bbox 1354 3476 1358 3480; x_wconf 84' lang='lat'>.</span> 
     </span>
    </p>

    <p class='ocr_par' dir='ltr' id='par_1_27' title="bbox 389 3487 1449 3618">
     <span class='ocr_line' id='line_1_69' title="bbox 442 3487 1449 3521; baseline 0.004 -9"><span class='ocrx_word' id='word_1_505' title='bbox 442 3487 482 3520; x_wconf 85' lang='grc' dir='ltr'>ζζ)</span> <span class='ocrx_word' id='word_1_506' title='bbox 502 3491 664 3513; x_wconf 85' lang='lat' dir='ltr'>transmutat</span> <span class='ocrx_word' id='word_1_507' title='bbox 681 3488 783 3521; x_wconf 88' lang='lat' dir='ltr'>aliquid</span> <span class='ocrx_word' id='word_1_508' title='bbox 806 3497 887 3514; x_wconf 86' lang='lat' dir='ltr'>unum</span> <span class='ocrx_word' id='word_1_509' title='bbox 901 3492 927 3514; x_wconf 93' lang='lat' dir='ltr'>et</span> <span class='ocrx_word' id='word_1_510' title='bbox 942 3489 1020 3515; x_wconf 86' lang='lat' dir='ltr'>idem.</span> <span class='ocrx_word' id='word_1_511' title='bbox 1033 3503 1051 3508; x_wconf 99' lang='lat'><em>-</em></span> <span class='ocrx_word' id='word_1_512' title='bbox 1063 3493 1227 3515; x_wconf 83' lang='lat' dir='ltr'>transmutat</span> <span class='ocrx_word' id='word_1_513' title='bbox 1241 3498 1322 3516; x_wconf 88' lang='lat' dir='ltr'>unum</span> <span class='ocrx_word' id='word_1_514' title='bbox 1335 3493 1361 3516; x_wconf 89' lang='lat' dir='ltr'>et</span> <span class='ocrx_word' id='word_1_515' title='bbox 1373 3490 1449 3515; x_wconf 88' lang='lat' dir='ltr'>aliud</span> 
     </span>
     <span class='ocr_line' id='line_1_70' title="bbox 390 3523 1448 3559; baseline 0.003 -12"><span class='ocrx_word' id='word_1_516' title='bbox 390 3523 522 3552; x_wconf 85' lang='lat' dir='ltr'>editiones,</span> <span class='ocrx_word' id='word_1_517' title='bbox 545 3526 707 3548; x_wconf 83' lang='lat' dir='ltr'>transmutat</span> <span class='ocrx_word' id='word_1_518' title='bbox 729 3531 810 3548; x_wconf 88' lang='lat' dir='ltr'>unum</span> <span class='ocrx_word' id='word_1_519' title='bbox 824 3524 849 3548; x_wconf 87' lang='lat' dir='ltr'>in</span> <span class='ocrx_word' id='word_1_520' title='bbox 870 3525 945 3549; x_wconf 87' lang='lat' dir='ltr'>aliud</span> <span class='ocrx_word' id='word_1_521' title='bbox 959 3524 988 3549; x_wconf 89' lang='lat' dir='ltr'>C.</span> <span class='ocrx_word' id='word_1_522' title='bbox 1007 3525 1102 3550; x_wconf 85' lang='lat' dir='ltr'>Confer</span> <span class='ocrx_word' id='word_1_523' title='bbox 1116 3525 1173 3550; x_wconf 89' lang='lat' dir='ltr'>lect.</span> <span class='ocrx_word' id='word_1_524' title='bbox 1186 3533 1210 3556; x_wconf 79' lang='lat' dir='ltr'>V,</span> <span class='ocrx_word' id='word_1_525' title='bbox 1230 3533 1301 3551; x_wconf 91' lang='lat' dir='ltr'>num.</span> <span class='ocrx_word' id='word_1_526' title='bbox 1316 3534 1340 3559; x_wconf 91' lang='lat'>7.</span> <span class='ocrx_word' id='word_1_527' title='bbox 1354 3539 1374 3544; x_wconf 97' lang='lat'>-</span> <span class='ocrx_word' id='word_1_528' title='bbox 1387 3526 1448 3550; x_wconf 85' lang='lat' dir='ltr'>Post</span> 
     </span>
     <span class='ocr_line' id='line_1_71' title="bbox 390 3558 1448 3590; baseline 0.004 -8"><span class='ocrx_word' id='word_1_529' title='bbox 390 3558 484 3582; x_wconf 85' lang='lat' dir='ltr'>lineam</span> <span class='ocrx_word' id='word_1_530' title='bbox 503 3565 550 3590; x_wconf 86' lang='lat' dir='ltr'>pro</span> <span class='ocrx_word' id='word_1_531' title='bbox 573 3558 706 3583; x_wconf 83' lang='lat' dir='ltr'>diversum</span> <span class='ocrx_word' id='word_1_532' title='bbox 724 3558 804 3583; x_wconf 86' lang='lat' dir='ltr'>situm</span> <span class='ocrx_word' id='word_1_533' title='bbox 823 3562 850 3584; x_wconf 86' lang='lat' dir='ltr'>et</span> <span class='ocrx_word' id='word_1_534' title='bbox 867 3559 1003 3590; x_wconf 88' lang='lat' dir='ltr'>ordinem,</span> <span class='ocrx_word' id='word_1_535' title='bbox 1024 3560 1180 3586; x_wconf 82' lang='lat' dir='ltr'>divisionem</span> <span class='ocrx_word' id='word_1_536' title='bbox 1199 3561 1402 3587; x_wconf 86' lang='lat' dir='ltr'>ordinationum</span> <span class='ocrx_word' id='word_1_537' title='bbox 1421 3564 1448 3586; x_wconf 90' lang='lat' dir='ltr'>et</span> 
     </span>
     <span class='ocr_line' id='line_1_72' title="bbox 389 3593 536 3618; baseline -0.007 0"><span class='ocrx_word' id='word_1_538' title='bbox 389 3593 487 3618; x_wconf 87' lang='lat' dir='ltr'>situum</span> <span class='ocrx_word' id='word_1_539' title='bbox 507 3593 536 3618; x_wconf 86' lang='lat' dir='ltr'>B.</span> 
     </span>
    </p>

    <p class='ocr_par' dir='ltr' id='par_1_28' title="bbox 443 3628 1448 3662">
     <span class='ocr_line' id='line_1_73' title="bbox 443 3628 1448 3662; baseline 0.005 -10"><span class='ocrx_word' id='word_1_540' title='bbox 443 3628 486 3660; x_wconf 88' lang='grc' dir='ltr'>ηη)</span> <span class='ocrx_word' id='word_1_541' title='bbox 505 3628 586 3653; x_wconf 86' lang='lat' dir='ltr'>color.</span> <span class='ocrx_word' id='word_1_542' title='bbox 603 3642 622 3647; x_wconf 94' lang='lat'>—</span> <span class='ocrx_word' id='word_1_543' title='bbox 639 3629 713 3653; x_wconf 85' lang='lat' dir='ltr'>calor</span> <span class='ocrx_word' id='word_1_544' title='bbox 731 3628 793 3657; x_wconf 86' lang='lat' dir='ltr'>Cab,</span> <span class='ocrx_word' id='word_1_545' title='bbox 814 3629 859 3654; x_wconf 87' lang='lat' dir='ltr'>sed</span> <span class='ocrx_word' id='word_1_546' title='bbox 873 3629 893 3654; x_wconf 92' lang='lat' dir='ltr'>C</span> <span class='ocrx_word' id='word_1_547' title='bbox 907 3637 936 3654; x_wconf 87' lang='lat' dir='ltr'>se</span> <span class='ocrx_word' id='word_1_548' title='bbox 955 3629 1066 3662; x_wconf 76' lang='lat' dir='ltr'>corrigit.</span> <span class='ocrx_word' id='word_1_549' title='bbox 1079 3643 1098 3649; x_wconf 93' lang='lat'>-</span> <span class='ocrx_word' id='word_1_550' title='bbox 1111 3630 1181 3656; x_wconf 88' lang='lat' dir='ltr'>aliae</span> <span class='ocrx_word' id='word_1_551' title='bbox 1199 3636 1224 3656; x_wconf 86' lang='lat' dir='ltr'>et</span> <span class='ocrx_word' id='word_1_552' title='bbox 1243 3632 1379 3656; x_wconf 85' lang='lat' dir='ltr'>naturales</span> <span class='ocrx_word' id='word_1_553' title='bbox 1393 3639 1448 3656; x_wconf 90' lang='lat' dir='ltr'>om.</span> 
     </span>
    </p>
   </div>
   <div class='ocr_carea' id='block_1_15' title="bbox 907 291 2077 331">
    <p class='ocr_par' dir='ltr' id='par_1_29' title="bbox 907 291 2077 331">
     <span class='ocr_line' id='line_1_74' title="bbox 907 291 2077 331; baseline -0.002 -1"><span class='ocrx_word' id='word_1_554' title='bbox 907 294 978 330; x_wconf 92' lang='lat' dir='ltr'>DE</span> <span class='ocrx_word' id='word_1_555' title='bbox 1008 293 1395 331; x_wconf 88' lang='lat' dir='ltr'>GENERATIONE</span> <span class='ocrx_word' id='word_1_556' title='bbox 1424 292 1495 329; x_wconf 95' lang='lat' dir='ltr'>ET</span> <span class='ocrx_word' id='word_1_557' title='bbox 1525 291 1908 329; x_wconf 89' lang='lat' dir='ltr'>CORRUPTIONE</span> <span class='ocrx_word' id='word_1_558' title='bbox 1938 293 2032 329; x_wconf 90' lang='lat' dir='ltr'>LIB.</span> <span class='ocrx_word' id='word_1_559' title='bbox 2063 294 2077 329; x_wconf 94' lang='lat' dir='ltr'>I</span> 
     </span>
    </p>
   </div>
   <div class='ocr_carea' id='block_1_16' title="bbox 1504 370 2587 2801">
    <p class='ocr_par' dir='ltr' id='par_1_30' title="bbox 1505 370 2587 2153">
     <span class='ocr_line' id='line_1_75' title="bbox 1519 370 2587 419; baseline 0.005 -13"><span class='ocrx_word' id='word_1_560' title='bbox 1519 370 1674 419; x_wconf 91' lang='lat' dir='ltr'>quidem</span> <span class='ocrx_word' id='word_1_561' title='bbox 1703 371 1881 418; x_wconf 88' lang='lat' dir='ltr'>alteratio,</span> <span class='ocrx_word' id='word_1_562' title='bbox 1903 371 1996 408; x_wconf 92' lang='lat' dir='ltr'>sicut</span> <span class='ocrx_word' id='word_1_563' title='bbox 2025 371 2167 408; x_wconf 84' lang='lat' dir='ltr'>dictum</span> <span class='ocrx_word' id='word_1_564' title='bbox 2200 378 2255 408; x_wconf 93' lang='lat' dir='ltr'>est</span> <span class='ocrx_word' id='word_1_565' title='bbox 2281 371 2327 419; x_wconf 66' lang='lat'>²³⁸,</span> <span class='ocrx_word' id='word_1_566' title='bbox 2361 379 2587 411; x_wconf 91' lang='lat' dir='ltr'>transmutat</span> 
     </span>
     <span class='ocr_line' id='line_1_76' title="bbox 1518 422 2586 473; baseline 0.004 -14"><span class='ocrx_word' id='word_1_567' title='bbox 1518 422 1659 472; x_wconf 90' lang='lat' dir='ltr'>aliquid</span> <span class='ocrx_word' id='word_1_568' title='bbox 1678 435 1800 461; x_wconf 90' lang='lat' dir='ltr'>unum</span> <span class='ocrx_word' id='word_1_569' title='bbox 1821 432 1858 461; x_wconf 91' lang='lat' dir='ltr'>et</span> <span class='ocrx_word' id='word_1_570' title='bbox 1883 423 2036 461; x_wconf 53' lang='lat' dir='ltr'>idem&#39;ss</span> <span class='ocrx_word' id='word_1_571' title='bbox 2063 436 2132 472; x_wconf 92' lang='lat' dir='ltr'>per</span> <span class='ocrx_word' id='word_1_572' title='bbox 2151 425 2345 473; x_wconf 89' lang='lat' dir='ltr'>quandam</span> <span class='ocrx_word' id='word_1_573' title='bbox 2366 427 2586 463; x_wconf 92' lang='lat' dir='ltr'>conversio—</span> 
     </span>
     <span class='ocr_line' id='line_1_77' title="bbox 1517 476 2586 526; baseline 0.004 -14"><span class='ocrx_word' id='word_1_574' title='bbox 1517 488 1608 512; x_wconf 90' lang='lat' dir='ltr'>nem</span> <span class='ocrx_word' id='word_1_575' title='bbox 1625 488 1830 524; x_wconf 90' lang='lat' dir='ltr'>corporum</span> <span class='ocrx_word' id='word_1_576' title='bbox 1844 476 2194 524; x_wconf 77' lang='lat' dir='ltr'>indivisibilium‚·et</span> <span class='ocrx_word' id='word_1_577' title='bbox 2207 489 2277 526; x_wconf 92' lang='lat' dir='ltr'>per</span> <span class='ocrx_word' id='word_1_578' title='bbox 2291 477 2407 515; x_wconf 91' lang='lat' dir='ltr'>alium</span> <span class='ocrx_word' id='word_1_579' title='bbox 2423 479 2586 516; x_wconf 89' lang='lat' dir='ltr'>modum</span> 
     </span>
     <span class='ocr_line' id='line_1_78' title="bbox 1518 530 2584 579; baseline 0.004 -15"><span class='ocrx_word' id='word_1_580' title='bbox 1518 535 1713 565; x_wconf 90' lang='lat' dir='ltr'>contactus</span> <span class='ocrx_word' id='word_1_581' title='bbox 1733 530 1946 567; x_wconf 91' lang='lat' dir='ltr'>secundum</span> <span class='ocrx_word' id='word_1_582' title='bbox 1975 530 2170 567; x_wconf 91' lang='lat' dir='ltr'>diversum</span> <span class='ocrx_word' id='word_1_583' title='bbox 2194 530 2308 566; x_wconf 89' lang='lat' dir='ltr'>situm</span> <span class='ocrx_word' id='word_1_584' title='bbox 2338 538 2374 567; x_wconf 88' lang='lat' dir='ltr'>et</span> <span class='ocrx_word' id='word_1_585' title='bbox 2397 531 2584 579; x_wconf 88' lang='lat' dir='ltr'>ordinem,</span> 
     </span>
     <span class='ocr_line' id='line_1_79' title="bbox 1518 582 2586 631; baseline 0.003 -13"><span class='ocrx_word' id='word_1_586' title='bbox 1518 588 1555 618; x_wconf 92' lang='lat' dir='ltr'>et</span> <span class='ocrx_word' id='word_1_587' title='bbox 1583 582 1695 619; x_wconf 91' lang='lat' dir='ltr'>etiam</span> <span class='ocrx_word' id='word_1_588' title='bbox 1724 583 1938 619; x_wconf 91' lang='lat' dir='ltr'>secundum</span> <span class='ocrx_word' id='word_1_589' title='bbox 1968 582 2219 620; x_wconf 87' lang='lat' dir='ltr'>differentiam</span> <span class='ocrx_word' id='word_1_590' title='bbox 2247 583 2470 631; x_wconf 86' lang='lat' dir='ltr'>figurarum,</span> <span class='ocrx_word' id='word_1_591' title='bbox 2491 584 2586 621; x_wconf 90' lang='lat' dir='ltr'>sicut</span> 
     </span>
     <span class='ocr_line' id='line_1_80' title="bbox 1515 635 2584 683; baseline 0.002 -12"><span class='ocrx_word' id='word_1_592' title='bbox 1515 635 1685 683; x_wconf 91' lang='lat' dir='ltr'>ponebat</span> <span class='ocrx_word' id='word_1_593' title='bbox 1708 635 1963 682; x_wconf 91' lang='lat' dir='ltr'>Democritus,</span> <span class='ocrx_word' id='word_1_594' title='bbox 1993 635 2186 683; x_wconf 89' lang='lat' dir='ltr'>assignans</span> <span class='ocrx_word' id='word_1_595' title='bbox 2215 648 2371 672; x_wconf 91' lang='lat' dir='ltr'>causam</span> <span class='ocrx_word' id='word_1_596' title='bbox 2400 637 2584 674; x_wconf 85' lang='lat' dir='ltr'>alteratio-</span> 
     </span>
     <span class='ocr_line' id='line_1_81' title="bbox 1516 687 2584 736; baseline 0.002 -12"><span class='ocrx_word' id='word_1_597' title='bbox 1516 687 1584 724; x_wconf 90' lang='lat' dir='ltr'>nis.</span> <span class='ocrx_word' id='word_1_598' title='bbox 1617 688 1728 725; x_wconf 89' lang='lat' dir='ltr'>Unde</span> <span class='ocrx_word' id='word_1_599' title='bbox 1760 688 2003 725; x_wconf 90' lang='lat' dir='ltr'>Democritus</span> <span class='ocrx_word' id='word_1_600' title='bbox 2030 689 2200 736; x_wconf 84' lang='lat' dir='ltr'>ponebat</span> <span class='ocrx_word' id='word_1_601' title='bbox 2228 688 2335 736; x_wconf 93' lang='lat' dir='ltr'>quod</span> <span class='ocrx_word' id='word_1_602' title='bbox 2365 689 2471 726; x_wconf 89' lang='lat' dir='ltr'>color</span> <span class='ocrx_word' id='word_1_603' title='bbox 2490 695 2519 713; x_wconf 75' lang='lat'>&#39;¹⁷¹</span> <span class='ocrx_word' id='word_1_604' title='bbox 2547 697 2584 727; x_wconf 91' lang='lat' dir='ltr'>et</span> 
     </span>
     <span class='ocr_line' id='line_1_82' title="bbox 1515 740 2583 791; baseline 0.002 -14"><span class='ocrx_word' id='word_1_605' title='bbox 1515 740 1609 777; x_wconf 89' lang='lat' dir='ltr'>aliae</span> <span class='ocrx_word' id='word_1_606' title='bbox 1619 741 1839 778; x_wconf 90' lang='lat' dir='ltr'>huiusmodi</span> <span class='ocrx_word' id='word_1_607' title='bbox 1853 741 2051 789; x_wconf 92' lang='lat' dir='ltr'>qualitates</span> <span class='ocrx_word' id='word_1_608' title='bbox 2062 741 2349 789; x_wconf 90' lang='lat' dir='ltr'>naturales,non</span> <span class='ocrx_word' id='word_1_609' title='bbox 2359 741 2431 778; x_wconf 93' lang='lat' dir='ltr'>sint</span> <span class='ocrx_word' id='word_1_610' title='bbox 2445 742 2583 791; x_wconf 90' lang='lat' dir='ltr'>aliquid</span> 
     </span>
     <span class='ocr_line' id='line_1_83' title="bbox 1515 793 2584 844; baseline 0.003 -15"><span class='ocrx_word' id='word_1_611' title='bbox 1515 793 1661 830; x_wconf 91' lang='lat' dir='ltr'>habens</span> <span class='ocrx_word' id='word_1_612' title='bbox 1695 806 1777 830; x_wconf 90' lang='lat' dir='ltr'>esse</span> <span class='ocrx_word' id='word_1_613' title='bbox 1810 794 1932 831; x_wconf 85' lang='lat' dir='ltr'>fixum</span> <span class='ocrx_word' id='word_1_614' title='bbox 1959 794 1999 831; x_wconf 91' lang='lat' dir='ltr'>in</span> <span class='ocrx_word' id='word_1_615' title='bbox 2027 802 2181 831; x_wconf 86' lang='lat' dir='ltr'>natura:</span> <span class='ocrx_word' id='word_1_616' title='bbox 2210 794 2278 832; x_wconf 91' lang='lat' dir='ltr'>sed</span> <span class='ocrx_word' id='word_1_617' title='bbox 2306 795 2412 842; x_wconf 92' lang='lat' dir='ltr'>quod</span> <span class='ocrx_word' id='word_1_618' title='bbox 2443 794 2584 844; x_wconf 83' lang='lat' dir='ltr'>aliquid</span> 
     </span>
     <span class='ocr_line' id='line_1_84' title="bbox 1513 846 2579 896; baseline 0.003 -14"><span class='ocrx_word' id='word_1_619' title='bbox 1513 846 1666 883; x_wconf 91' lang='lat' dir='ltr'>videtur</span> <span class='ocrx_word' id='word_1_620' title='bbox 1694 847 1906 883; x_wconf 92' lang='lat' dir='ltr'>coloratum</span> <span class='ocrx_word' id='word_1_621' title='bbox 1924 846 1945 869; x_wconf 75' lang='lat'>’¹‘</span> <span class='ocrx_word' id='word_1_622' title='bbox 1962 859 2032 896; x_wconf 92' lang='lat' dir='ltr'>per</span> <span class='ocrx_word' id='word_1_623' title='bbox 2059 848 2254 896; x_wconf 91' lang='lat' dir='ltr'>quandam</span> <span class='ocrx_word' id='word_1_624' title='bbox 2282 847 2579 894; x_wconf 77' lang='lat' dir='ltr'>conversionem,</span> 
     </span>
     <span class='ocr_line' id='line_1_85' title="bbox 1512 898 2582 949; baseline 0.003 -14"><span class='ocrx_word' id='word_1_625' title='bbox 1512 898 1609 936; x_wconf 91' lang='lat' dir='ltr'>idest</span> <span class='ocrx_word' id='word_1_626' title='bbox 1635 911 1705 947; x_wconf 92' lang='lat' dir='ltr'>per</span> <span class='ocrx_word' id='word_1_627' title='bbox 1725 899 1889 947; x_wconf 90' lang='lat' dir='ltr'>aliquam</span> <span class='ocrx_word' id='word_1_628' title='bbox 1907 899 2156 938; x_wconf 90' lang='lat' dir='ltr'>variationem</span> <span class='ocrx_word' id='word_1_629' title='bbox 2186 912 2394 949; x_wconf 90' lang='lat' dir='ltr'>corporum</span> <span class='ocrx_word' id='word_1_630' title='bbox 2418 900 2582 938; x_wconf 91' lang='lat' dir='ltr'>indivisi-</span> 
     </span>
     <span class='ocr_line' id='line_1_86' title="bbox 1513 951 2582 991; baseline 0.004 -4"><span class='ocrx_word' id='word_1_631' title='bbox 1513 951 1644 987; x_wconf 91' lang='lat' dir='ltr'>bilium</span> <span class='ocrx_word' id='word_1_632' title='bbox 1673 952 1886 989; x_wconf 91' lang='lat' dir='ltr'>secundum</span> <span class='ocrx_word' id='word_1_633' title='bbox 1914 952 2089 990; x_wconf 88' lang='lat' dir='ltr'>ordinem</span> <span class='ocrx_word' id='word_1_634' title='bbox 2118 960 2155 990; x_wconf 90' lang='lat' dir='ltr'>et</span> <span class='ocrx_word' id='word_1_635' title='bbox 2182 953 2306 990; x_wconf 91' lang='lat' dir='ltr'>situm.</span> <span class='ocrx_word' id='word_1_636' title='bbox 2334 953 2582 991; x_wconf 86' lang='lat' dir='ltr'>Manifestum</span> 
     </span>
     <span class='ocr_line' id='line_1_87' title="bbox 1514 1003 2581 1055; baseline 0.004 -15"><span class='ocrx_word' id='word_1_637' title='bbox 1514 1011 1569 1040; x_wconf 93' lang='lat' dir='ltr'>est</span> <span class='ocrx_word' id='word_1_638' title='bbox 1597 1003 1699 1040; x_wconf 92' lang='lat' dir='ltr'>enim</span> <span class='ocrx_word' id='word_1_639' title='bbox 1725 1004 1829 1052; x_wconf 92' lang='lat' dir='ltr'>quod</span> <span class='ocrx_word' id='word_1_640' title='bbox 1849 1004 2039 1053; x_wconf 91' lang='lat' dir='ltr'>quaedam</span> <span class='ocrx_word' id='word_1_641' title='bbox 2065 1005 2175 1042; x_wconf 91' lang='lat' dir='ltr'>nobis</span> <span class='ocrx_word' id='word_1_642' title='bbox 2194 1013 2393 1055; x_wconf 88' lang='lat' dir='ltr'>apparent,</span> <span class='ocrx_word' id='word_1_643' title='bbox 2414 1018 2581 1055; x_wconf 88' lang='lat' dir='ltr'>quorum</span> 
     </span>
     <span class='ocr_line' id='line_1_88' title="bbox 1513 1056 2582 1106; baseline 0.005 -14"><span class='ocrx_word' id='word_1_644' title='bbox 1513 1056 1732 1105; x_wconf 89' lang='lat' dir='ltr'>apparentia</span> <span class='ocrx_word' id='word_1_645' title='bbox 1770 1065 1946 1094; x_wconf 90' lang='lat' dir='ltr'>causatur</span> <span class='ocrx_word' id='word_1_646' title='bbox 1973 1069 2019 1094; x_wconf 85' lang='lat' dir='ltr'>ex</span> <span class='ocrx_word' id='word_1_647' title='bbox 2055 1057 2183 1106; x_wconf 92' lang='lat' dir='ltr'>aliquo</span> <span class='ocrx_word' id='word_1_648' title='bbox 2212 1059 2331 1096; x_wconf 90' lang='lat' dir='ltr'>modo</span> <span class='ocrx_word' id='word_1_649' title='bbox 2366 1059 2582 1097; x_wconf 87' lang='lat' dir='ltr'>reflexionis</span> 
     </span>
     <span class='ocr_line' id='line_1_89' title="bbox 1513 1109 2581 1159; baseline 0.004 -14"><span class='ocrx_word' id='word_1_650' title='bbox 1513 1109 1727 1146; x_wconf 90' lang='lat' dir='ltr'>secundum</span> <span class='ocrx_word' id='word_1_651' title='bbox 1756 1109 1923 1158; x_wconf 91' lang='lat' dir='ltr'>aliquem</span> <span class='ocrx_word' id='word_1_652' title='bbox 1942 1110 2117 1147; x_wconf 89' lang='lat' dir='ltr'>ordinem</span> <span class='ocrx_word' id='word_1_653' title='bbox 2138 1118 2174 1147; x_wconf 91' lang='lat' dir='ltr'>et</span> <span class='ocrx_word' id='word_1_654' title='bbox 2192 1111 2305 1148; x_wconf 86' lang='lat' dir='ltr'>situm</span> <span class='ocrx_word' id='word_1_655' title='bbox 2324 1109 2362 1159; x_wconf 79' lang='lat'>⁰⁹,</span> <span class='ocrx_word' id='word_1_656' title='bbox 2391 1111 2488 1149; x_wconf 92' lang='lat' dir='ltr'>sicut</span> <span class='ocrx_word' id='word_1_657' title='bbox 2505 1112 2581 1150; x_wconf 92' lang='lat' dir='ltr'>for-</span> 
     </span>
     <span class='ocr_line' id='line_1_90' title="bbox 1512 1162 2581 1211; baseline 0.004 -13"><span class='ocrx_word' id='word_1_658' title='bbox 1512 1174 1578 1198; x_wconf 90' lang='lat' dir='ltr'>ma</span> <span class='ocrx_word' id='word_1_659' title='bbox 1606 1174 1704 1211; x_wconf 90' lang='lat' dir='ltr'>quae</span> <span class='ocrx_word' id='word_1_660' title='bbox 1724 1169 1881 1211; x_wconf 89' lang='lat' dir='ltr'>apparet</span> <span class='ocrx_word' id='word_1_661' title='bbox 1907 1162 1947 1199; x_wconf 89' lang='lat' dir='ltr'>in</span> <span class='ocrx_word' id='word_1_662' title='bbox 1970 1163 2139 1211; x_wconf 92' lang='lat' dir='ltr'>speculo,</span> <span class='ocrx_word' id='word_1_663' title='bbox 2166 1170 2203 1200; x_wconf 90' lang='lat' dir='ltr'>et</span> <span class='ocrx_word' id='word_1_664' title='bbox 2224 1163 2321 1201; x_wconf 92' lang='lat' dir='ltr'>sicut</span> <span class='ocrx_word' id='word_1_665' title='bbox 2348 1164 2495 1201; x_wconf 90' lang='lat' dir='ltr'>colores</span> <span class='ocrx_word' id='word_1_666' title='bbox 2521 1165 2581 1203; x_wconf 91' lang='lat' dir='ltr'>iri-</span> 
     </span>
     <span class='ocr_line' id='line_1_91' title="bbox 1513 1214 2582 1264; baseline 0.004 -13"><span class='ocrx_word' id='word_1_667' title='bbox 1513 1215 1588 1262; x_wconf 89' lang='lat' dir='ltr'>dis,</span> <span class='ocrx_word' id='word_1_668' title='bbox 1620 1222 1656 1252; x_wconf 90' lang='lat' dir='ltr'>et</span> <span class='ocrx_word' id='word_1_669' title='bbox 1693 1214 1765 1252; x_wconf 88' lang='lat' dir='ltr'>alia</span> <span class='ocrx_word' id='word_1_670' title='bbox 1799 1215 2033 1253; x_wconf 90' lang='lat' dir='ltr'>huiusmodi.</span> <span class='ocrx_word' id='word_1_671' title='bbox 2068 1215 2179 1252; x_wconf 92' lang='lat' dir='ltr'>Talia</span> <span class='ocrx_word' id='word_1_672' title='bbox 2215 1228 2305 1264; x_wconf 90' lang='lat' dir='ltr'>ergo</span> <span class='ocrx_word' id='word_1_673' title='bbox 2344 1216 2582 1256; x_wconf 84' lang='lat' dir='ltr'>existimabat</span> 
     </span>
     <span class='ocr_line' id='line_1_92' title="bbox 1513 1268 2581 1318; baseline 0.004 -14"><span class='ocrx_word' id='word_1_674' title='bbox 1513 1280 1596 1305; x_wconf 91' lang='lat' dir='ltr'>esse</span> <span class='ocrx_word' id='word_1_675' title='bbox 1624 1268 1868 1305; x_wconf 89' lang='lat' dir='ltr'>Democritus</span> <span class='ocrx_word' id='word_1_676' title='bbox 1897 1280 2034 1305; x_wconf 90' lang='lat' dir='ltr'>omnes</span> <span class='ocrx_word' id='word_1_677' title='bbox 2062 1268 2206 1306; x_wconf 89' lang='lat' dir='ltr'>formas</span> <span class='ocrx_word' id='word_1_678' title='bbox 2235 1277 2271 1306; x_wconf 94' lang='lat' dir='ltr'>et</span> <span class='ocrx_word' id='word_1_679' title='bbox 2298 1269 2495 1318; x_wconf 90' lang='lat' dir='ltr'>qualitates</span> <span class='ocrx_word' id='word_1_680' title='bbox 2523 1282 2581 1308; x_wconf 90' lang='lat' dir='ltr'>re-</span> 
     </span>
     <span class='ocr_line' id='line_1_93' title="bbox 1512 1321 2580 1372; baseline 0.004 -15"><span class='ocrx_word' id='word_1_681' title='bbox 1512 1333 1598 1358; x_wconf 89' lang='lat' dir='ltr'>rum</span> <span class='ocrx_word' id='word_1_682' title='bbox 1626 1321 1874 1366; x_wconf 81' lang='lat' dir='ltr'>naturalium:</span> <span class='ocrx_word' id='word_1_683' title='bbox 1905 1329 1942 1358; x_wconf 93' lang='lat' dir='ltr'>et</span> <span class='ocrx_word' id='word_1_684' title='bbox 1969 1321 2183 1358; x_wconf 91' lang='lat' dir='ltr'>secundum</span> <span class='ocrx_word' id='word_1_685' title='bbox 2211 1322 2303 1369; x_wconf 93' lang='lat' dir='ltr'>hoc,</span> <span class='ocrx_word' id='word_1_686' title='bbox 2333 1323 2536 1372; x_wconf 91' lang='lat' dir='ltr'>suppositis</span> <span class='ocrx_word' id='word_1_687' title='bbox 2563 1330 2580 1345; x_wconf 73' lang='lat'>‘⁸</span> 
     </span>
     <span class='ocr_line' id='line_1_94' title="bbox 1511 1373 2580 1424; baseline 0.005 -14"><span class='ocrx_word' id='word_1_688' title='bbox 1511 1373 1589 1411; x_wconf 91' lang='lat' dir='ltr'>suis</span> <span class='ocrx_word' id='word_1_689' title='bbox 1616 1373 1826 1422; x_wconf 87' lang='lat' dir='ltr'>principiis,</span> <span class='ocrx_word' id='word_1_690' title='bbox 1857 1386 1902 1411; x_wconf 91' lang='lat' dir='ltr'>ex</span> <span class='ocrx_word' id='word_1_691' title='bbox 1931 1374 2146 1411; x_wconf 91' lang='lat' dir='ltr'>diversitate</span> <span class='ocrx_word' id='word_1_692' title='bbox 2165 1375 2362 1424; x_wconf 85' lang='lat' dir='ltr'>positionis</span> <span class='ocrx_word' id='word_1_693' title='bbox 2382 1383 2419 1414; x_wconf 89' lang='lat' dir='ltr'>et</span> <span class='ocrx_word' id='word_1_694' title='bbox 2437 1376 2580 1415; x_wconf 87' lang='lat' dir='ltr'>ordinis</span> 
     </span>
     <span class='ocr_line' id='line_1_95' title="bbox 1512 1427 2580 1467; baseline 0.004 -4"><span class='ocrx_word' id='word_1_695' title='bbox 1512 1427 1692 1464; x_wconf 90' lang='lat' dir='ltr'>causabat</span> <span class='ocrx_word' id='word_1_696' title='bbox 1729 1439 1887 1464; x_wconf 91' lang='lat' dir='ltr'>omnem</span> <span class='ocrx_word' id='word_1_697' title='bbox 1924 1427 2180 1465; x_wconf 90' lang='lat' dir='ltr'>diversitatem</span> <span class='ocrx_word' id='word_1_698' title='bbox 2219 1428 2460 1467; x_wconf 89' lang='lat' dir='ltr'>alterationis.</span> <span class='ocrx_word' id='word_1_699' title='bbox 2500 1429 2580 1467; x_wconf 86' lang='lat' dir='ltr'>Sed</span> 
     </span>
     <span class='ocr_line' id='line_1_96' title="bbox 1510 1479 2578 1531; baseline 0.005 -15"><span class='ocrx_word' id='word_1_700' title='bbox 1510 1479 1704 1527; x_wconf 91' lang='lat' dir='ltr'>Platonici,</span> <span class='ocrx_word' id='word_1_701' title='bbox 1732 1480 1796 1529; x_wconf 90' lang='lat' dir='ltr'>qui</span> <span class='ocrx_word' id='word_1_702' title='bbox 1822 1481 2065 1517; x_wconf 81' lang='lat' dir='ltr'>resolvebant</span> <span class='ocrx_word' id='word_1_703' title='bbox 2088 1493 2251 1529; x_wconf 92' lang='lat' dir='ltr'>corpora</span> <span class='ocrx_word' id='word_1_704' title='bbox 2277 1481 2316 1519; x_wconf 89' lang='lat' dir='ltr'>in</span> <span class='ocrx_word' id='word_1_705' title='bbox 2343 1482 2578 1531; x_wconf 88' lang='lat' dir='ltr'>superficies,</span> 
     </span>
     <span class='ocr_line' id='line_1_97' title="bbox 1510 1532 2578 1581; baseline 0.004 -12"><span class='ocrx_word' id='word_1_706' title='bbox 1510 1545 1589 1570; x_wconf 92' lang='lat' dir='ltr'>non</span> <span class='ocrx_word' id='word_1_707' title='bbox 1603 1540 1779 1581; x_wconf 90' lang='lat' dir='ltr'>poterant</span> <span class='ocrx_word' id='word_1_708' title='bbox 1797 1533 1986 1581; x_wconf 89' lang='lat' dir='ltr'>assignare</span> <span class='ocrx_word' id='word_1_709' title='bbox 2001 1532 2021 1555; x_wconf 79' lang='lat'>&#39;¹‘</span> <span class='ocrx_word' id='word_1_710' title='bbox 2042 1546 2198 1571; x_wconf 88' lang='lat' dir='ltr'>causam</span> <span class='ocrx_word' id='word_1_711' title='bbox 2218 1534 2374 1572; x_wconf 90' lang='lat' dir='ltr'>alicuius</span> <span class='ocrx_word' id='word_1_712' title='bbox 2389 1542 2578 1574; x_wconf 85' lang='lat' dir='ltr'>transmu-</span> 
     </span>
     <span class='ocr_line' id='line_1_98' title="bbox 1509 1585 2577 1638; baseline 0.005 -16"><span class='ocrx_word' id='word_1_713' title='bbox 1509 1585 1659 1623; x_wconf 89' lang='lat' dir='ltr'>tationis</span> <span class='ocrx_word' id='word_1_714' title='bbox 1687 1585 1876 1623; x_wconf 86' lang='lat' dir='ltr'>formalis:</span> <span class='ocrx_word' id='word_1_715' title='bbox 1905 1586 1992 1635; x_wconf 92' lang='lat' dir='ltr'>quia</span> <span class='ocrx_word' id='word_1_716' title='bbox 2021 1598 2067 1623; x_wconf 84' lang='lat' dir='ltr'>ex</span> <span class='ocrx_word' id='word_1_717' title='bbox 2095 1587 2387 1636; x_wconf 91' lang='lat' dir='ltr'>superficiebus,</span> <span class='ocrx_word' id='word_1_718' title='bbox 2421 1588 2577 1638; x_wconf 89' lang='lat' dir='ltr'>quando</span> 
     </span>
     <span class='ocr_line' id='line_1_99' title="bbox 1509 1638 2579 1687; baseline 0.005 -12"><span class='ocrx_word' id='word_1_719' title='bbox 1509 1646 1795 1687; x_wconf 90' lang='lat' dir='ltr'>componuntur</span> <span class='ocrx_word' id='word_1_720' title='bbox 1813 1638 2041 1687; x_wconf 89' lang='lat' dir='ltr'>adinvicem,</span> <span class='ocrx_word' id='word_1_721' title='bbox 2061 1639 2151 1676; x_wconf 91' lang='lat' dir='ltr'>nihil</span> <span class='ocrx_word' id='word_1_722' title='bbox 2180 1647 2236 1677; x_wconf 90' lang='lat' dir='ltr'>est</span> <span class='ocrx_word' id='word_1_723' title='bbox 2253 1641 2472 1679; x_wconf 88' lang='lat' dir='ltr'>rationabile</span> <span class='ocrx_word' id='word_1_724' title='bbox 2493 1641 2579 1680; x_wconf 89' lang='lat' dir='ltr'>fieri</span> 
     </span>
     <span class='ocr_line' id='line_1_100' title="bbox 1507 1691 2578 1744; baseline 0.005 -16"><span class='ocrx_word' id='word_1_725' title='bbox 1507 1691 1578 1728; x_wconf 93' lang='lat' dir='ltr'>nisi</span> <span class='ocrx_word' id='word_1_726' title='bbox 1592 1691 1714 1729; x_wconf 92' lang='lat' dir='ltr'>solida</span> <span class='ocrx_word' id='word_1_727' title='bbox 1732 1698 1771 1728; x_wconf 69' lang='lat'>⁸⁸.</span> <span class='ocrx_word' id='word_1_728' title='bbox 1794 1692 1895 1729; x_wconf 91' lang='lat' dir='ltr'>Cum</span> <span class='ocrx_word' id='word_1_729' title='bbox 1916 1692 2017 1729; x_wconf 90' lang='lat' dir='ltr'>enim</span> <span class='ocrx_word' id='word_1_730' title='bbox 2037 1700 2190 1741; x_wconf 89' lang='lat' dir='ltr'>puncta,</span> <span class='ocrx_word' id='word_1_731' title='bbox 2206 1692 2327 1731; x_wconf 91' lang='lat' dir='ltr'>lineae</span> <span class='ocrx_word' id='word_1_732' title='bbox 2357 1702 2393 1731; x_wconf 92' lang='lat' dir='ltr'>et</span> <span class='ocrx_word' id='word_1_733' title='bbox 2417 1694 2578 1744; x_wconf 87' lang='lat' dir='ltr'>superfi-</span> 
     </span>
     <span class='ocr_line' id='line_1_101' title="bbox 1507 1744 2578 1796; baseline 0.005 -15"><span class='ocrx_word' id='word_1_734' title='bbox 1507 1744 1583 1781; x_wconf 90' lang='lat' dir='ltr'>cies</span> <span class='ocrx_word' id='word_1_735' title='bbox 1610 1757 1730 1793; x_wconf 89' lang='lat' dir='ltr'>purae</span> <span class='ocrx_word' id='word_1_736' title='bbox 1764 1744 1837 1782; x_wconf 90' lang='lat' dir='ltr'>sint</span> <span class='ocrx_word' id='word_1_737' title='bbox 1865 1757 1924 1781; x_wconf 89' lang='lat' dir='ltr'>res</span> <span class='ocrx_word' id='word_1_738' title='bbox 1951 1745 2269 1794; x_wconf 89' lang='lat' dir='ltr'>mathematicae,</span> <span class='ocrx_word' id='word_1_739' title='bbox 2304 1759 2384 1784; x_wconf 92' lang='lat' dir='ltr'>non</span> <span class='ocrx_word' id='word_1_740' title='bbox 2414 1754 2578 1796; x_wconf 88' lang='lat' dir='ltr'>possunt</span> 
     </span>
     <span class='ocr_line' id='line_1_102' title="bbox 1507 1797 2575 1847; baseline 0.005 -13"><span class='ocrx_word' id='word_1_741' title='bbox 1507 1810 1662 1834; x_wconf 90' lang='lat' dir='ltr'>causare</span> <span class='ocrx_word' id='word_1_742' title='bbox 1684 1809 1729 1834; x_wconf 88' lang='lat' dir='ltr'>ex</span> <span class='ocrx_word' id='word_1_743' title='bbox 1748 1797 1880 1846; x_wconf 92' lang='lat' dir='ltr'>seipsis</span> <span class='ocrx_word' id='word_1_744' title='bbox 1909 1797 2073 1846; x_wconf 89' lang='lat' dir='ltr'>aliquam</span> <span class='ocrx_word' id='word_1_745' title='bbox 2092 1798 2313 1847; x_wconf 89' lang='lat' dir='ltr'>passionem</span> <span class='ocrx_word' id='word_1_746' title='bbox 2341 1801 2575 1838; x_wconf 81' lang='lat' dir='ltr'>naturalem:</span> 
     </span>
     <span class='ocr_line' id='line_1_103' title="bbox 1505 1850 2576 1900; baseline 0.004 -13"><span class='ocrx_word' id='word_1_747' title='bbox 1505 1850 1620 1898; x_wconf 91' lang='lat' dir='ltr'>unde,</span> <span class='ocrx_word' id='word_1_748' title='bbox 1651 1850 1747 1887; x_wconf 92' lang='lat' dir='ltr'>sicut</span> <span class='ocrx_word' id='word_1_749' title='bbox 1775 1863 1820 1887; x_wconf 87' lang='lat' dir='ltr'>ex</span> <span class='ocrx_word' id='word_1_750' title='bbox 1847 1850 1996 1899; x_wconf 87' lang='lat' dir='ltr'>punctis</span> <span class='ocrx_word' id='word_1_751' title='bbox 2034 1863 2113 1888; x_wconf 89' lang='lat' dir='ltr'>non</span> <span class='ocrx_word' id='word_1_752' title='bbox 2139 1852 2184 1888; x_wconf 89' lang='lat' dir='ltr'>fit</span> <span class='ocrx_word' id='word_1_753' title='bbox 2211 1851 2281 1889; x_wconf 93' lang='lat' dir='ltr'>nisi</span> <span class='ocrx_word' id='word_1_754' title='bbox 2308 1852 2434 1900; x_wconf 90' lang='lat' dir='ltr'>linea,</span> <span class='ocrx_word' id='word_1_755' title='bbox 2463 1860 2503 1891; x_wconf 88' lang='lat' dir='ltr'>et</span> <span class='ocrx_word' id='word_1_756' title='bbox 2529 1865 2576 1891; x_wconf 83' lang='lat' dir='ltr'>ex</span> 
     </span>
     <span class='ocr_line' id='line_1_104' title="bbox 1505 1903 2577 1954; baseline 0.004 -14"><span class='ocrx_word' id='word_1_757' title='bbox 1505 1903 1614 1940; x_wconf 92' lang='lat' dir='ltr'>lineis</span> <span class='ocrx_word' id='word_1_758' title='bbox 1642 1915 1722 1940; x_wconf 92' lang='lat' dir='ltr'>non</span> <span class='ocrx_word' id='word_1_759' title='bbox 1741 1903 1784 1940; x_wconf 93' lang='lat' dir='ltr'>fit</span> <span class='ocrx_word' id='word_1_760' title='bbox 1807 1903 1876 1940; x_wconf 89' lang='lat' dir='ltr'>nisi</span> <span class='ocrx_word' id='word_1_761' title='bbox 1903 1903 2136 1952; x_wconf 90' lang='lat' dir='ltr'>superficies,</span> <span class='ocrx_word' id='word_1_762' title='bbox 2157 1904 2207 1941; x_wconf 89' lang='lat' dir='ltr'>ita</span> <span class='ocrx_word' id='word_1_763' title='bbox 2227 1916 2273 1941; x_wconf 85' lang='lat' dir='ltr'>ex</span> <span class='ocrx_word' id='word_1_764' title='bbox 2301 1905 2577 1954; x_wconf 88' lang='lat' dir='ltr'>superficiebus</span> 
     </span>
     <span class='ocr_line' id='line_1_105' title="bbox 1505 1956 2577 2008; baseline 0.004 -15"><span class='ocrx_word' id='word_1_765' title='bbox 1505 1969 1584 1994; x_wconf 91' lang='lat' dir='ltr'>non</span> <span class='ocrx_word' id='word_1_766' title='bbox 1612 1963 1738 2005; x_wconf 90' lang='lat' dir='ltr'>potest</span> <span class='ocrx_word' id='word_1_767' title='bbox 1765 1956 1910 1994; x_wconf 90' lang='lat' dir='ltr'>causari</span> <span class='ocrx_word' id='word_1_768' title='bbox 1929 1957 2001 1994; x_wconf 91' lang='lat' dir='ltr'>nisi</span> <span class='ocrx_word' id='word_1_769' title='bbox 2029 1969 2180 2006; x_wconf 90' lang='lat' dir='ltr'>corpus.</span> <span class='ocrx_word' id='word_1_770' title='bbox 2202 1957 2280 1994; x_wconf 90' lang='lat' dir='ltr'>Sed</span> <span class='ocrx_word' id='word_1_771' title='bbox 2303 1970 2376 1995; x_wconf 89' lang='lat' dir='ltr'>nec</span> <span class='ocrx_word' id='word_1_772' title='bbox 2402 1957 2475 2008; x_wconf 91' lang='lat' dir='ltr'>ipsi</span> <span class='ocrx_word' id='word_1_773' title='bbox 2492 1959 2577 1997; x_wconf 84' lang='lat' dir='ltr'>Pla·</span> 
     </span>
     <span class='ocr_line' id='line_1_106' title="bbox 1505 2009 2578 2059; baseline 0.004 -13"><span class='ocrx_word' id='word_1_774' title='bbox 1505 2009 1619 2046; x_wconf 91' lang='lat' dir='ltr'>tonici</span> <span class='ocrx_word' id='word_1_775' title='bbox 1647 2017 1833 2047; x_wconf 90' lang='lat' dir='ltr'>conantur</span> <span class='ocrx_word' id='word_1_776' title='bbox 1861 2009 1910 2047; x_wconf 94' lang='lat' dir='ltr'>ad</span> <span class='ocrx_word' id='word_1_777' title='bbox 1938 2010 2013 2047; x_wconf 92' lang='lat' dir='ltr'>hoc</span> <span class='ocrx_word' id='word_1_778' title='bbox 2042 2010 2147 2059; x_wconf 92' lang='lat' dir='ltr'>quod</span> <span class='ocrx_word' id='word_1_779' title='bbox 2179 2022 2224 2047; x_wconf 82' lang='lat' dir='ltr'>ex</span> <span class='ocrx_word' id='word_1_780' title='bbox 2252 2011 2524 2050; x_wconf 82' lang='lat' dir='ltr'>commixtione</span> <span class='ocrx_word' id='word_1_781' title='bbox 2550 2009 2578 2034; x_wconf 75' lang='lat'>²³</span> 
     </span>
     <span class='ocr_line' id='line_1_107' title="bbox 1505 2062 2576 2114; baseline 0.004 -14"><span class='ocrx_word' id='word_1_782' title='bbox 1505 2062 1793 2112; x_wconf 87' lang='lat' dir='ltr'>superficierum</span> <span class='ocrx_word' id='word_1_783' title='bbox 1822 2063 2013 2111; x_wconf 86' lang='lat' dir='ltr'>assignent</span> <span class='ocrx_word' id='word_1_784' title='bbox 2032 2075 2188 2100; x_wconf 86' lang='lat' dir='ltr'>causam</span> <span class='ocrx_word' id='word_1_785' title='bbox 2213 2063 2369 2102; x_wconf 89' lang='lat' dir='ltr'>alieuius</span> <span class='ocrx_word' id='word_1_786' title='bbox 2387 2063 2576 2114; x_wconf 82' lang='lat' dir='ltr'>passionis</span> 
     </span>
     <span class='ocr_line' id='line_1_108' title="bbox 1505 2116 1722 2153; baseline 0 0"><span class='ocrx_word' id='word_1_787' title='bbox 1505 2116 1695 2153; x_wconf 88' lang='lat' dir='ltr'>naturalis.</span> <span class='ocrx_word' id='word_1_788' title='bbox 1719 2127 1722 2129; x_wconf 88' lang='lat'>·</span> 
     </span>
    </p>

    <p class='ocr_par' dir='ltr' id='par_1_31' title="bbox 1504 2168 2577 2801">
     <span class='ocr_line' id='line_1_109' title="bbox 1560 2168 2577 2220; baseline 0.003 -14"><span class='ocrx_word' id='word_1_789' title='bbox 1560 2170 1595 2206; x_wconf 93' lang='lat'>8.</span> <span class='ocrx_word' id='word_1_790' title='bbox 1616 2169 1764 2206; x_wconf 92' lang='lat' dir='ltr'>Deinde</span> <span class='ocrx_word' id='word_1_791' title='bbox 1785 2181 1873 2206; x_wconf 90' lang='lat' dir='ltr'>curn</span> <span class='ocrx_word' id='word_1_792' title='bbox 1895 2168 1999 2206; x_wconf 87' lang='lat' dir='ltr'>dicit:</span> <span class='ocrx_word' id='word_1_793' title='bbox 2023 2169 2149 2206; x_wconf 85' lang='lat' dir='ltr'>Causa</span> <span class='ocrx_word' id='word_1_794' title='bbox 2168 2175 2294 2207; x_wconf 88' lang='lat' dir='ltr'>autem</span> <span class='ocrx_word' id='word_1_795' title='bbox 2314 2177 2397 2219; x_wconf 91' lang='lat' dir='ltr'>etc.,</span> <span class='ocrx_word' id='word_1_796' title='bbox 2413 2170 2577 2220; x_wconf 84' lang='lat' dir='ltr'>assignat</span> 
     </span>
     <span class='ocr_line' id='line_1_110' title="bbox 1505 2221 2575 2270; baseline 0.003 -11"><span class='ocrx_word' id='word_1_797' title='bbox 1505 2221 1690 2259; x_wconf 87' lang='lat' dir='ltr'>rationem</span> <span class='ocrx_word' id='word_1_798' title='bbox 1719 2234 1837 2270; x_wconf 88' lang='lat' dir='ltr'>quare</span> <span class='ocrx_word' id='word_1_799' title='bbox 1866 2221 1962 2258; x_wconf 90' lang='lat' dir='ltr'>circa</span> <span class='ocrx_word' id='word_1_800' title='bbox 1989 2222 2065 2270; x_wconf 76' lang='lat' dir='ltr'>hoc</span> <span class='ocrx_word' id='word_1_801' title='bbox 2088 2222 2209 2270; x_wconf 84' lang='lat' dir='ltr'>magis</span> <span class='ocrx_word' id='word_1_802' title='bbox 2237 2222 2373 2260; x_wconf 88' lang='lat' dir='ltr'>defecit</span> <span class='ocrx_word' id='word_1_803' title='bbox 2398 2229 2439 2252; x_wconf 68' lang='grc' dir='ltr'>Η·</span> <span class='ocrx_word' id='word_1_804' title='bbox 2466 2224 2575 2263; x_wconf 86' lang='lat' dir='ltr'>Plato</span> 
     </span>
     <span class='ocr_line' id='line_1_111' title="bbox 1504 2274 2576 2326; baseline 0.003 -14"><span class='ocrx_word' id='word_1_805' title='bbox 1504 2287 1621 2324; x_wconf 92' lang='lat' dir='ltr'>quam</span> <span class='ocrx_word' id='word_1_806' title='bbox 1641 2275 1895 2312; x_wconf 89' lang='lat' dir='ltr'>Democritus.</span> <span class='ocrx_word' id='word_1_807' title='bbox 1913 2275 1963 2312; x_wconf 90' lang='lat' dir='ltr'>Et</span> <span class='ocrx_word' id='word_1_808' title='bbox 1977 2274 2063 2312; x_wconf 90' lang='lat' dir='ltr'>dicit</span> <span class='ocrx_word' id='word_1_809' title='bbox 2081 2275 2189 2324; x_wconf 90' lang='lat' dir='ltr'>quod</span> <span class='ocrx_word' id='word_1_810' title='bbox 2208 2287 2323 2314; x_wconf 89' lang='lat' dir='ltr'>causa</span> <span class='ocrx_word' id='word_1_811' title='bbox 2341 2276 2454 2315; x_wconf 86' lang='lat' dir='ltr'>huius</span> <span class='ocrx_word' id='word_1_812' title='bbox 2467 2277 2576 2326; x_wconf 90' lang='lat' dir='ltr'>quod</span> 
     </span>
     <span class='ocr_line' id='line_1_112' title="bbox 1505 2328 2575 2380; baseline 0.003 -15"><span class='ocrx_word' id='word_1_813' title='bbox 1505 2329 1612 2365; x_wconf 91' lang='lat' dir='ltr'>Plato</span> <span class='ocrx_word' id='word_1_814' title='bbox 1631 2328 1758 2366; x_wconf 90' lang='lat' dir='ltr'>minus</span> <span class='ocrx_word' id='word_1_815' title='bbox 1785 2328 1907 2377; x_wconf 93' lang='lat' dir='ltr'>potuit</span> <span class='ocrx_word' id='word_1_816' title='bbox 1924 2328 2056 2366; x_wconf 90' lang='lat' dir='ltr'>videre</span> <span class='ocrx_word' id='word_1_817' title='bbox 2085 2330 2268 2378; x_wconf 88' lang='lat' dir='ltr'>consessa,</span> <span class='ocrx_word' id='word_1_818' title='bbox 2287 2329 2384 2367; x_wconf 89' lang='lat' dir='ltr'>idest</span> <span class='ocrx_word' id='word_1_819' title='bbox 2411 2342 2458 2368; x_wconf 85' lang='lat' dir='ltr'>ea</span> <span class='ocrx_word' id='word_1_820' title='bbox 2475 2342 2575 2380; x_wconf 88' lang='lat' dir='ltr'>quae</span> 
     </span>
     <span class='ocr_line' id='line_1_113' title="bbox 1505 2381 2575 2432; baseline 0.003 -14"><span class='ocrx_word' id='word_1_821' title='bbox 1505 2389 1592 2418; x_wconf 91' lang='lat' dir='ltr'>sunt</span> <span class='ocrx_word' id='word_1_822' title='bbox 1625 2381 1804 2418; x_wconf 90' lang='lat' dir='ltr'>omnibus</span> <span class='ocrx_word' id='word_1_823' title='bbox 1832 2381 2042 2429; x_wconf 89' lang='lat' dir='ltr'>manifesta,</span> <span class='ocrx_word' id='word_1_824' title='bbox 2077 2381 2144 2418; x_wconf 86' lang='lat' dir='ltr'>fuit</span> <span class='ocrx_word' id='word_1_825' title='bbox 2169 2381 2458 2431; x_wconf 83' lang='lat' dir='ltr'>inexperientia:</span> <span class='ocrx_word' id='word_1_826' title='bbox 2487 2383 2575 2432; x_wconf 86' lang='lat' dir='ltr'>quia</span> 
     </span>
     <span class='ocr_line' id='line_1_114' title="bbox 1505 2433 2575 2481; baseline 0.003 -10"><span class='ocrx_word' id='word_1_827' title='bbox 1505 2434 1652 2481; x_wconf 86' lang='lat' dir='ltr'>scilicet,</span> <span class='ocrx_word' id='word_1_828' title='bbox 1674 2434 1772 2471; x_wconf 88' lang='lat' dir='ltr'>circa</span> <span class='ocrx_word' id='word_1_829' title='bbox 1788 2434 2024 2481; x_wconf 89' lang='lat' dir='ltr'>intelligibilia</span> <span class='ocrx_word' id='word_1_830' title='bbox 2042 2433 2217 2481; x_wconf 89' lang='lat' dir='ltr'>intentus,</span> <span class='ocrx_word' id='word_1_831' title='bbox 2239 2434 2476 2473; x_wconf 86' lang='lat' dir='ltr'>sensibilibus</span> <span class='ocrx_word' id='word_1_832' title='bbox 2493 2448 2575 2474; x_wconf 90' lang='lat' dir='ltr'>non</span> 
     </span>
     <span class='ocr_line' id='line_1_115' title="bbox 1504 2486 2575 2535; baseline 0.003 -12"><span class='ocrx_word' id='word_1_833' title='bbox 1504 2487 1734 2534; x_wconf 90' lang='lat' dir='ltr'>intendebat,</span> <span class='ocrx_word' id='word_1_834' title='bbox 1765 2486 1862 2523; x_wconf 90' lang='lat' dir='ltr'>circa</span> <span class='ocrx_word' id='word_1_835' title='bbox 1881 2498 1980 2535; x_wconf 87' lang='lat' dir='ltr'>quae</span> <span class='ocrx_word' id='word_1_836' title='bbox 2001 2494 2057 2523; x_wconf 93' lang='lat' dir='ltr'>est</span> <span class='ocrx_word' id='word_1_837' title='bbox 2085 2487 2323 2535; x_wconf 68' lang='lat' dir='ltr'>experienda.</span> <span class='ocrx_word' id='word_1_838' title='bbox 2345 2487 2394 2525; x_wconf 93' lang='lat' dir='ltr'>Et</span> <span class='ocrx_word' id='word_1_839' title='bbox 2410 2487 2499 2526; x_wconf 91' lang='lat' dir='ltr'>ideo</span> <span class='ocrx_word' id='word_1_840' title='bbox 2525 2488 2575 2531; x_wconf 85' lang='lat' dir='ltr'>illi</span> 
     </span>
     <span class='ocr_line' id='line_1_116' title="bbox 1506 2539 2574 2588; baseline 0.003 -12"><span class='ocrx_word' id='word_1_841' title='bbox 1506 2539 1720 2588; x_wconf 91' lang='lat' dir='ltr'>philosophi</span> <span class='ocrx_word' id='word_1_842' title='bbox 1747 2539 1812 2587; x_wconf 89' lang='lat' dir='ltr'>qui</span> <span class='ocrx_word' id='word_1_843' title='bbox 1840 2539 1958 2586; x_wconf 89' lang='lat' dir='ltr'>magis</span> <span class='ocrx_word' id='word_1_844' title='bbox 1986 2539 2212 2576; x_wconf 91' lang='lat' dir='ltr'>studuerunt</span> <span class='ocrx_word' id='word_1_845' title='bbox 2240 2539 2337 2577; x_wconf 91' lang='lat' dir='ltr'>circa</span> <span class='ocrx_word' id='word_1_846' title='bbox 2365 2552 2426 2578; x_wconf 93' lang='lat' dir='ltr'>res</span> <span class='ocrx_word' id='word_1_847' title='bbox 2457 2541 2574 2579; x_wconf 89' lang='lat' dir='ltr'>sensi-</span> 
     </span>
     <span class='ocr_line' id='line_1_117' title="bbox 1507 2592 2574 2641; baseline 0.004 -13"><span class='ocrx_word' id='word_1_848' title='bbox 1507 2592 1598 2629; x_wconf 90' lang='lat' dir='ltr'>biles</span> <span class='ocrx_word' id='word_1_849' title='bbox 1627 2599 1664 2629; x_wconf 91' lang='lat' dir='ltr'>et</span> <span class='ocrx_word' id='word_1_850' title='bbox 1690 2592 1881 2629; x_wconf 90' lang='lat' dir='ltr'>naturales</span> <span class='ocrx_word' id='word_1_851' title='bbox 1908 2598 1943 2638; x_wconf 78' lang='grc'>”“,</span> <span class='ocrx_word' id='word_1_852' title='bbox 1969 2592 2088 2640; x_wconf 88' lang='lat' dir='ltr'>magis</span> <span class='ocrx_word' id='word_1_853' title='bbox 2114 2599 2321 2641; x_wconf 88' lang='lat' dir='ltr'>potuerunt</span> <span class='ocrx_word' id='word_1_854' title='bbox 2354 2593 2574 2632; x_wconf 89' lang='lat' dir='ltr'>adinvenire</span> 
     </span>
     <span class='ocr_line' id='line_1_118' title="bbox 1507 2644 2575 2694; baseline 0.004 -13"><span class='ocrx_word' id='word_1_855' title='bbox 1507 2645 1592 2682; x_wconf 89' lang='lat' dir='ltr'>talia</span> <span class='ocrx_word' id='word_1_856' title='bbox 1628 2644 1828 2694; x_wconf 90' lang='lat' dir='ltr'>principia,</span> <span class='ocrx_word' id='word_1_857' title='bbox 1866 2645 2004 2694; x_wconf 91' lang='lat' dir='ltr'>quibus</span> <span class='ocrx_word' id='word_1_858' title='bbox 2040 2652 2197 2693; x_wconf 90' lang='lat' dir='ltr'>possent</span> <span class='ocrx_word' id='word_1_859' title='bbox 2232 2646 2351 2683; x_wconf 91' lang='lat' dir='ltr'>multa</span> <span class='ocrx_word' id='word_1_860' title='bbox 2387 2646 2575 2685; x_wconf 85' lang='lat' dir='ltr'>sensibilia</span> 
     </span>
     <span class='ocr_line' id='line_1_119' title="bbox 1507 2697 2575 2746; baseline 0.004 -12"><span class='ocrx_word' id='word_1_861' title='bbox 1507 2698 1699 2746; x_wconf 89' lang='lat' dir='ltr'>adaptare.</span> <span class='ocrx_word' id='word_1_862' title='bbox 1731 2698 1807 2735; x_wconf 91' lang='lat' dir='ltr'>Sed</span> <span class='ocrx_word' id='word_1_863' title='bbox 1831 2697 2024 2745; x_wconf 90' lang='lat' dir='ltr'>Platonici,</span> <span class='ocrx_word' id='word_1_864' title='bbox 2045 2698 2109 2746; x_wconf 94' lang='lat' dir='ltr'>qui</span> <span class='ocrx_word' id='word_1_865' title='bbox 2129 2706 2235 2735; x_wconf 91' lang='lat' dir='ltr'>erant</span> <span class='ocrx_word' id='word_1_866' title='bbox 2253 2698 2393 2736; x_wconf 92' lang='lat' dir='ltr'>indocti</span> <span class='ocrx_word' id='word_1_867' title='bbox 2416 2700 2575 2738; x_wconf 83' lang='lat' dir='ltr'>existen-</span> 
     </span>
     <span class='ocr_line' id='line_1_120' title="bbox 1507 2747 2574 2801; baseline 0.004 -15"><span class='ocrx_word' id='word_1_868' title='bbox 1507 2751 1615 2797; x_wconf 89' lang='lat' dir='ltr'>tium,</span> <span class='ocrx_word' id='word_1_869' title='bbox 1635 2750 1731 2788; x_wconf 91' lang='lat' dir='ltr'>idest</span> <span class='ocrx_word' id='word_1_870' title='bbox 1749 2747 1776 2774; x_wconf 56' lang='lat' dir='ltr'>‘f</span> <span class='ocrx_word' id='word_1_871' title='bbox 1797 2750 1893 2787; x_wconf 88' lang='lat' dir='ltr'>circa</span> <span class='ocrx_word' id='word_1_872' title='bbox 1913 2751 2010 2788; x_wconf 89' lang='lat' dir='ltr'>entia</span> <span class='ocrx_word' id='word_1_873' title='bbox 2038 2751 2221 2788; x_wconf 91' lang='lat' dir='ltr'>naturalia</span> <span class='ocrx_word' id='word_1_874' title='bbox 2240 2759 2278 2788; x_wconf 89' lang='lat' dir='ltr'>et</span> <span class='ocrx_word' id='word_1_875' title='bbox 2295 2752 2494 2801; x_wconf 86' lang='lat' dir='ltr'>sensibilia,</span> <span class='ocrx_word' id='word_1_876' title='bbox 2517 2765 2574 2790; x_wconf 90' lang='lat' dir='ltr'>re-</span> 
     </span>
    </p>
   </div>
   <div class='ocr_carea' id='block_1_17' title="bbox 1501 2890 2575 3663">
    <p class='ocr_par' dir='ltr' id='par_1_32' title="bbox 1505 2890 2574 2958">
     <span class='ocr_line' id='line_1_121' title="bbox 1505 2890 2574 2926; baseline 0.005 -11"><span class='ocrx_word' id='word_1_877' title='bbox 1505 2892 1543 2921; x_wconf 89' lang='lat' dir='ltr'>A;</span> <span class='ocrx_word' id='word_1_878' title='bbox 1562 2898 1611 2924; x_wconf 84' lang='lat' dir='ltr'>pro</span> <span class='ocrx_word' id='word_1_879' title='bbox 1630 2898 1682 2916; x_wconf 86' lang='lat' dir='ltr'>non</span> <span class='ocrx_word' id='word_1_880' title='bbox 1702 2891 1756 2916; x_wconf 83' lang='lat' dir='ltr'>sint</span> <span class='ocrx_word' id='word_1_881' title='bbox 1774 2891 1878 2923; x_wconf 84' lang='lat' dir='ltr'>aliquid</span> <span class='ocrx_word' id='word_1_882' title='bbox 1891 2891 1988 2915; x_wconf 87' lang='lat' dir='ltr'>habens</span> <span class='ocrx_word' id='word_1_883' title='bbox 2003 2897 2066 2919; x_wconf 81' lang='lat' dir='ltr'>esse,</span> <span class='ocrx_word' id='word_1_884' title='bbox 2082 2897 2134 2916; x_wconf 88' lang='lat' dir='ltr'>non</span> <span class='ocrx_word' id='word_1_885' title='bbox 2148 2894 2212 2917; x_wconf 82' lang='lat' dir='ltr'>sunt</span> <span class='ocrx_word' id='word_1_886' title='bbox 2225 2890 2338 2925; x_wconf 86' lang='lat' dir='ltr'>(aliquid</span> <span class='ocrx_word' id='word_1_887' title='bbox 2351 2892 2410 2918; x_wconf 79' lang='lat' dir='ltr'>add.</span> <span class='ocrx_word' id='word_1_888' title='bbox 2423 2892 2456 2926; x_wconf 85' lang='lat' dir='ltr'>A)</span> <span class='ocrx_word' id='word_1_889' title='bbox 2475 2892 2574 2920; x_wconf 76' lang='lat' dir='ltr'>habens</span> 
     </span>
     <span class='ocr_line' id='line_1_122' title="bbox 1506 2926 1761 2958; baseline 0.004 -8"><span class='ocrx_word' id='word_1_890' title='bbox 1506 2926 1615 2958; x_wconf 87' lang='lat' dir='ltr'>aliquod</span> <span class='ocrx_word' id='word_1_891' title='bbox 1633 2933 1689 2951; x_wconf 88' lang='lat' dir='ltr'>esse</span> <span class='ocrx_word' id='word_1_892' title='bbox 1707 2927 1761 2951; x_wconf 83' lang='lat' dir='ltr'>AB.</span> 
     </span>
    </p>

    <p class='ocr_par' dir='ltr' id='par_1_33' title="bbox 1505 2959 2575 3065">
     <span class='ocr_line' id='line_1_123' title="bbox 1559 2959 2572 2995; baseline 0.004 -9"><span class='ocrx_word' id='word_1_893' title='bbox 1559 2959 1598 2994; x_wconf 76' lang='grc'>00)</span> <span class='ocrx_word' id='word_1_894' title='bbox 1617 2961 1762 2987; x_wconf 86' lang='lat' dir='ltr'>secundum</span> <span class='ocrx_word' id='word_1_895' title='bbox 1812 2961 1903 2987; x_wconf 87' lang='lat' dir='ltr'>situm.</span> <span class='ocrx_word' id='word_1_896' title='bbox 1920 2975 1940 2980; x_wconf 99' lang='lat'><em>-</em></span> <span class='ocrx_word' id='word_1_897' title='bbox 1952 2961 2096 2986; x_wconf 88' lang='lat' dir='ltr'>secundum</span> <span class='ocrx_word' id='word_1_898' title='bbox 2112 2961 2234 2987; x_wconf 86' lang='lat' dir='ltr'>ordinem</span> <span class='ocrx_word' id='word_1_899' title='bbox 2249 2965 2297 2987; x_wconf 88' lang='lat' dir='ltr'>aut</span> <span class='ocrx_word' id='word_1_900' title='bbox 2316 2961 2353 2995; x_wconf 89' lang='lat' dir='ltr'>(et</span> <span class='ocrx_word' id='word_1_901' title='bbox 2367 2962 2399 2995; x_wconf 91' lang='lat' dir='ltr'>C)</span> <span class='ocrx_word' id='word_1_902' title='bbox 2412 2963 2493 2989; x_wconf 76' lang='lat' dir='ltr'>situm</span> <span class='ocrx_word' id='word_1_903' title='bbox 2508 2963 2572 2994; x_wconf 69' lang='lat' dir='ltr'>cab,</span> 
     </span>
     <span class='ocr_line' id='line_1_124' title="bbox 1505 2996 2575 3029; baseline 0.004 -8"><span class='ocrx_word' id='word_1_904' title='bbox 1505 2996 1649 3022; x_wconf 87' lang='lat' dir='ltr'>secundum</span> <span class='ocrx_word' id='word_1_905' title='bbox 1669 2997 1791 3022; x_wconf 86' lang='lat' dir='ltr'>ordinem</span> <span class='ocrx_word' id='word_1_906' title='bbox 1813 2997 1881 3022; x_wconf 82' lang='lat' dir='ltr'>situs</span> <span class='ocrx_word' id='word_1_907' title='bbox 1900 2996 1930 3022; x_wconf 79' lang='lat' dir='ltr'>P.</span> <span class='ocrx_word' id='word_1_908' title='bbox 1947 3010 1968 3016; x_wconf 90' lang='lat'>—</span> <span class='ocrx_word' id='word_1_909' title='bbox 1986 2997 2037 3021; x_wconf 83' lang='lat' dir='ltr'>Pro</span> <span class='ocrx_word' id='word_1_910' title='bbox 2056 2996 2141 3026; x_wconf 86' lang='lat' dir='ltr'>iridis.</span> <span class='ocrx_word' id='word_1_911' title='bbox 2161 2996 2188 3022; x_wconf 81' lang='lat' dir='ltr'>in</span> <span class='ocrx_word' id='word_1_912' title='bbox 2209 2997 2278 3023; x_wconf 88' lang='lat' dir='ltr'>iride</span> <span class='ocrx_word' id='word_1_913' title='bbox 2295 2998 2317 3022; x_wconf 91' lang='lat' dir='ltr'>B</span> <span class='ocrx_word' id='word_1_914' title='bbox 2324 3005 2331 3029; x_wconf 88' lang='lat'>;</span> <span class='ocrx_word' id='word_1_915' title='bbox 2350 2998 2406 3024; x_wconf 87' lang='lat' dir='ltr'>alia</span> <span class='ocrx_word' id='word_1_916' title='bbox 2423 3006 2478 3025; x_wconf 89' lang='lat' dir='ltr'>om.</span> <span class='ocrx_word' id='word_1_917' title='bbox 2497 2999 2575 3025; x_wconf 67' lang='lat' dir='ltr'>Pcab</span> 
     </span>
     <span class='ocr_line' id='line_1_125' title="bbox 1506 3031 1994 3065; baseline 0.002 -9"><span class='ocrx_word' id='word_1_918' title='bbox 1506 3031 1538 3064; x_wconf 93' lang='lat' dir='ltr'>(C</span> <span class='ocrx_word' id='word_1_919' title='bbox 1557 3032 1711 3056; x_wconf 85' lang='lat' dir='ltr'>sententiam</span> <span class='ocrx_word' id='word_1_920' title='bbox 1729 3040 1776 3065; x_wconf 86' lang='lat' dir='ltr'>per</span> <span class='ocrx_word' id='word_1_921' title='bbox 1794 3032 1861 3057; x_wconf 86' lang='lat' dir='ltr'>talia</span> <span class='ocrx_word' id='word_1_922' title='bbox 1880 3031 1994 3064; x_wconf 77' lang='lat' dir='ltr'>claudit).</span> 
     </span>
    </p>

    <p class='ocr_par' dir='ltr' id='par_1_34' title="bbox 1506 3067 2572 3136">
     <span class='ocr_line' id='line_1_126' title="bbox 1560 3067 2572 3103; baseline 0.003 -11"><span class='ocrx_word' id='word_1_923' title='bbox 1560 3067 1587 3099; x_wconf 86' lang='grc' dir='ltr'>ιι)</span> <span class='ocrx_word' id='word_1_924' title='bbox 1607 3067 1758 3099; x_wconf 86' lang='lat' dir='ltr'>suppositis.</span> <span class='ocrx_word' id='word_1_925' title='bbox 1770 3081 1789 3086; x_wconf 93' lang='lat'>-</span> <span class='ocrx_word' id='word_1_926' title='bbox 1802 3067 1914 3099; x_wconf 86' lang='lat' dir='ltr'>sumptis</span> <span class='ocrx_word' id='word_1_927' title='bbox 1932 3068 1962 3092; x_wconf 89' lang='lat' dir='ltr'>B.</span> <span class='ocrx_word' id='word_1_928' title='bbox 1975 3081 1994 3086; x_wconf 97' lang='lat'><em>-</em></span> <span class='ocrx_word' id='word_1_929' title='bbox 2009 3067 2060 3092; x_wconf 89' lang='lat' dir='ltr'>Pro</span> <span class='ocrx_word' id='word_1_930' title='bbox 2074 3067 2137 3098; x_wconf 82' lang='lat' dir='ltr'>suis,</span> <span class='ocrx_word' id='word_1_931' title='bbox 2152 3067 2193 3093; x_wconf 85' lang='lat' dir='ltr'>his</span> <span class='ocrx_word' id='word_1_932' title='bbox 2211 3068 2248 3100; x_wconf 83' lang='lat' dir='ltr'>A;</span> <span class='ocrx_word' id='word_1_933' title='bbox 2269 3076 2317 3102; x_wconf 87' lang='lat' dir='ltr'>pro</span> <span class='ocrx_word' id='word_1_934' title='bbox 2330 3075 2376 3099; x_wconf 77' lang='lat' dir='ltr'>ex,</span> <span class='ocrx_word' id='word_1_935' title='bbox 2390 3069 2463 3103; x_wconf 87' lang='lat' dir='ltr'>quod</span> <span class='ocrx_word' id='word_1_936' title='bbox 2475 3077 2530 3095; x_wconf 86' lang='lat' dir='ltr'>om.</span> <span class='ocrx_word' id='word_1_937' title='bbox 2542 3070 2572 3100; x_wconf 80' lang='lat' dir='ltr'>B.</span> 
     </span>
     <span class='ocr_line' id='line_1_127' title="bbox 1506 3102 1985 3136; baseline 0 -9"><span class='ocrx_word' id='word_1_938' title='bbox 1506 3105 1532 3127; x_wconf 90' lang='lat' dir='ltr'>et</span> <span class='ocrx_word' id='word_1_939' title='bbox 1551 3102 1579 3134; x_wconf 88' lang='lat' dir='ltr'>P,</span> <span class='ocrx_word' id='word_1_940' title='bbox 1599 3110 1687 3127; x_wconf 86' lang='lat' dir='ltr'>errore</span> <span class='ocrx_word' id='word_1_941' title='bbox 1705 3102 1771 3128; x_wconf 83' lang='lat' dir='ltr'>forte</span> <span class='ocrx_word' id='word_1_942' title='bbox 1790 3102 1985 3136; x_wconf 76' lang='lat' dir='ltr'>typographico.</span> 
     </span>
    </p>

    <p class='ocr_par' dir='ltr' id='par_1_35' title="bbox 1501 3138 2572 3242">
     <span class='ocr_line' id='line_1_128' title="bbox 1559 3138 2572 3173; baseline 0.004 -11"><span class='ocrx_word' id='word_1_943' title='bbox 1559 3138 1600 3170; x_wconf 81' lang='grc' dir='ltr'>κκ)</span> <span class='ocrx_word' id='word_1_944' title='bbox 1619 3138 1715 3163; x_wconf 88' lang='lat' dir='ltr'>solida.</span> <span class='ocrx_word' id='word_1_945' title='bbox 1727 3151 1747 3157; x_wconf 92' lang='lat'>-</span> <span class='ocrx_word' id='word_1_946' title='bbox 1759 3138 1874 3163; x_wconf 86' lang='lat' dir='ltr'>solidum</span> <span class='ocrx_word' id='word_1_947' title='bbox 1888 3138 1921 3163; x_wconf 87' lang='lat' dir='ltr'>A.</span> <span class='ocrx_word' id='word_1_948' title='bbox 1934 3151 1953 3157; x_wconf 91' lang='lat'>-</span> <span class='ocrx_word' id='word_1_949' title='bbox 1967 3138 2018 3163; x_wconf 85' lang='lat' dir='ltr'>Pro</span> <span class='ocrx_word' id='word_1_950' title='bbox 2032 3144 2130 3170; x_wconf 80' lang='lat' dir='ltr'>purae,</span> <span class='ocrx_word' id='word_1_951' title='bbox 2145 3138 2258 3171; x_wconf 82' lang='lat' dir='ltr'>proprie</span> <span class='ocrx_word' id='word_1_952' title='bbox 2270 3139 2302 3170; x_wconf 89' lang='lat' dir='ltr'>A,</span> <span class='ocrx_word' id='word_1_953' title='bbox 2317 3146 2370 3172; x_wconf 79' lang='lat' dir='ltr'>per</span> <span class='ocrx_word' id='word_1_954' title='bbox 2383 3147 2412 3166; x_wconf 88' lang='lat' dir='ltr'>se</span> <span class='ocrx_word' id='word_1_955' title='bbox 2425 3139 2455 3169; x_wconf 86' lang='grc' dir='ltr'>Β.</span> <span class='ocrx_word' id='word_1_956' title='bbox 2468 3146 2572 3173; x_wconf 75' lang='lat' dir='ltr'>ponere</span> 
     </span>
     <span class='ocr_line' id='line_1_129' title="bbox 1506 3173 2572 3209; baseline 0.003 -11"><span class='ocrx_word' id='word_1_957' title='bbox 1506 3173 1546 3198; x_wconf 89' lang='lat' dir='ltr'>ed.</span> <span class='ocrx_word' id='word_1_958' title='bbox 1565 3181 1583 3198; x_wconf 93' lang='lat' dir='ltr'>a</span> <span class='ocrx_word' id='word_1_959' title='bbox 1589 3180 1598 3202; x_wconf 91' lang='lat'>‚·</span> <span class='ocrx_word' id='word_1_960' title='bbox 1617 3181 1664 3206; x_wconf 87' lang='lat' dir='ltr'>pro</span> <span class='ocrx_word' id='word_1_961' title='bbox 1684 3174 1848 3203; x_wconf 86' lang='lat' dir='ltr'>naturalem,</span> <span class='ocrx_word' id='word_1_962' title='bbox 1869 3173 2034 3199; x_wconf 86' lang='lat' dir='ltr'>materialem</span> <span class='ocrx_word' id='word_1_963' title='bbox 2054 3173 2083 3198; x_wconf 92' lang='lat' dir='ltr'>C.</span> <span class='ocrx_word' id='word_1_964' title='bbox 2098 3173 2148 3198; x_wconf 83' lang='lat' dir='ltr'>Pro</span> <span class='ocrx_word' id='word_1_965' title='bbox 2167 3174 2251 3206; x_wconf 84' lang='lat' dir='ltr'>primo</span> <span class='ocrx_word' id='word_1_966' title='bbox 2270 3181 2321 3200; x_wconf 85' lang='lat' dir='ltr'>non</span> <span class='ocrx_word' id='word_1_967' title='bbox 2333 3175 2380 3208; x_wconf 78' lang='lat' dir='ltr'>fit,</span> <span class='ocrx_word' id='word_1_968' title='bbox 2399 3175 2421 3200; x_wconf 87' lang='lat' dir='ltr'>B</span> <span class='ocrx_word' id='word_1_969' title='bbox 2439 3174 2501 3209; x_wconf 74' lang='lat' dir='ltr'>legit</span> <span class='ocrx_word' id='word_1_970' title='bbox 2519 3182 2572 3201; x_wconf 83' lang='lat' dir='ltr'>non</span> 
     </span>
     <span class='ocr_line' id='line_1_130' title="bbox 1501 3208 2204 3242; baseline 0.001 -9"><span class='ocrx_word' id='word_1_971' title='bbox 1501 3211 1592 3240; x_wconf 90' lang='lat' dir='ltr'>potest</span> <span class='ocrx_word' id='word_1_972' title='bbox 1602 3208 1669 3242; x_wconf 85' lang='lat' dir='ltr'>fieri</span> <span class='ocrx_word' id='word_1_973' title='bbox 1675 3215 1684 3238; x_wconf 87' lang='lat'><em>;</em></span> <span class='ocrx_word' id='word_1_974' title='bbox 1702 3209 1812 3234; x_wconf 84' lang='lat' dir='ltr'>alterum</span> <span class='ocrx_word' id='word_1_975' title='bbox 1831 3216 1893 3240; x_wconf 76' lang='lat' dir='ltr'>om..</span> <span class='ocrx_word' id='word_1_976' title='bbox 1908 3214 1933 3234; x_wconf 87' lang='lat' dir='ltr'>et</span> <span class='ocrx_word' id='word_1_977' title='bbox 1947 3216 1995 3242; x_wconf 85' lang='lat' dir='ltr'>pro</span> <span class='ocrx_word' id='word_1_978' title='bbox 2015 3209 2053 3234; x_wconf 84' lang='lat' dir='ltr'>ita</span> <span class='ocrx_word' id='word_1_979' title='bbox 2072 3208 2151 3234; x_wconf 76' lang='lat' dir='ltr'>habet</span> <span class='ocrx_word' id='word_1_980' title='bbox 2169 3212 2204 3234; x_wconf 86' lang='lat' dir='ltr'>et.</span> 
     </span>
    </p>

    <p class='ocr_par' dir='ltr' id='par_1_36' title="bbox 1504 3241 2574 3375">
     <span class='ocr_line' id='line_1_131' title="bbox 1557 3241 2574 3279; baseline 0.003 -11"><span class='ocrx_word' id='word_1_981' title='bbox 1557 3241 1603 3276; x_wconf 87' lang='grc' dir='ltr'>λλ)</span> <span class='ocrx_word' id='word_1_982' title='bbox 1624 3251 1661 3269; x_wconf 86' lang='lat' dir='ltr'>ex</span> <span class='ocrx_word' id='word_1_983' title='bbox 1679 3244 1879 3269; x_wconf 74' lang='lat' dir='ltr'>commixtione.</span> <span class='ocrx_word' id='word_1_984' title='bbox 1896 3258 1915 3263; x_wconf 96' lang='lat'>—</span> <span class='ocrx_word' id='word_1_985' title='bbox 1932 3251 1970 3269; x_wconf 80' lang='lat' dir='ltr'>ex</span> <span class='ocrx_word' id='word_1_986' title='bbox 1988 3243 2120 3269; x_wconf 81' lang='lat' dir='ltr'>mixtione</span> <span class='ocrx_word' id='word_1_987' title='bbox 2139 3243 2224 3269; x_wconf 83' lang='lat' dir='ltr'>PCab.</span> <span class='ocrx_word' id='word_1_988' title='bbox 2242 3258 2261 3263; x_wconf 99' lang='lat'>-</span> <span class='ocrx_word' id='word_1_989' title='bbox 2279 3245 2370 3270; x_wconf 81' lang='lat' dir='ltr'>Statim</span> <span class='ocrx_word' id='word_1_990' title='bbox 2395 3252 2444 3279; x_wconf 85' lang='lat' dir='ltr'>pro</span> <span class='ocrx_word' id='word_1_991' title='bbox 2461 3244 2574 3279; x_wconf 61' lang='lat' dir='ltr'>superfl—</span> 
     </span>
     <span class='ocr_line' id='line_1_132' title="bbox 1504 3278 2573 3314; baseline 0.003 -10"><span class='ocrx_word' id='word_1_992' title='bbox 1504 3278 1613 3310; x_wconf 69' lang='lat' dir='ltr'>clerum,</span> <span class='ocrx_word' id='word_1_993' title='bbox 1632 3279 1777 3311; x_wconf 86' lang='lat' dir='ltr'>specierum</span> <span class='ocrx_word' id='word_1_994' title='bbox 1792 3280 1827 3310; x_wconf 81' lang='lat'>133</span> <span class='ocrx_word' id='word_1_995' title='bbox 1847 3287 1895 3312; x_wconf 86' lang='lat' dir='ltr'>pro</span> <span class='ocrx_word' id='word_1_996' title='bbox 1914 3279 2066 3312; x_wconf 80' lang='lat' dir='ltr'>assignent,</span> <span class='ocrx_word' id='word_1_997' title='bbox 2087 3279 2157 3312; x_wconf 91' lang='lat' dir='ltr'>quod</span> <span class='ocrx_word' id='word_1_998' title='bbox 2177 3279 2272 3305; x_wconf 84' lang='lat' dir='ltr'>omittit</span> <span class='ocrx_word' id='word_1_999' title='bbox 2290 3281 2324 3311; x_wconf 80' lang='grc' dir='ltr'>Β,</span> <span class='ocrx_word' id='word_1_1000' title='bbox 2343 3279 2485 3314; x_wconf 73' lang='lat' dir='ltr'>assignant</span> <span class='ocrx_word' id='word_1_1001' title='bbox 2502 3281 2573 3311; x_wconf 66' lang='lat' dir='ltr'>Aah,-</span> 
     </span>
     <span class='ocr_line' id='line_1_133' title="bbox 1504 3314 2573 3348; baseline 0.003 -9"><span class='ocrx_word' id='word_1_1002' title='bbox 1504 3322 1552 3346; x_wconf 85' lang='lat' dir='ltr'>pro</span> <span class='ocrx_word' id='word_1_1003' title='bbox 1570 3321 1693 3343; x_wconf 81' lang='lat' dir='ltr'>causam,</span> <span class='ocrx_word' id='word_1_1004' title='bbox 1713 3314 1830 3348; x_wconf 82' lang='lat' dir='ltr'>aliquam</span> <span class='ocrx_word' id='word_1_1005' title='bbox 1849 3322 1957 3340; x_wconf 85' lang='lat' dir='ltr'>causam</span> <span class='ocrx_word' id='word_1_1006' title='bbox 1977 3315 2014 3346; x_wconf 84' lang='lat' dir='ltr'>A;</span> <span class='ocrx_word' id='word_1_1007' title='bbox 2033 3322 2081 3347; x_wconf 87' lang='lat' dir='ltr'>pro</span> <span class='ocrx_word' id='word_1_1008' title='bbox 2100 3315 2248 3347; x_wconf 85' lang='lat' dir='ltr'>naturalis,</span> <span class='ocrx_word' id='word_1_1009' title='bbox 2265 3315 2336 3348; x_wconf 86' lang='lat' dir='ltr'>quod</span> <span class='ocrx_word' id='word_1_1010' title='bbox 2354 3315 2449 3341; x_wconf 77' lang='lat' dir='ltr'>omittit</span> <span class='ocrx_word' id='word_1_1011' title='bbox 2466 3316 2496 3348; x_wconf 85' lang='lat' dir='ltr'>B,</span> <span class='ocrx_word' id='word_1_1012' title='bbox 2516 3323 2573 3342; x_wconf 80' lang='lat' dir='ltr'>ma-</span> 
     </span>
     <span class='ocr_line' id='line_1_134' title="bbox 1505 3349 1674 3375; baseline 0 -1"><span class='ocrx_word' id='word_1_1013' title='bbox 1505 3349 1607 3374; x_wconf 81' lang='lat' dir='ltr'>terialis</span> <span class='ocrx_word' id='word_1_1014' title='bbox 1627 3350 1674 3375; x_wconf 89' lang='lat' dir='ltr'>Ca.</span> 
     </span>
    </p>

    <p class='ocr_par' dir='ltr' id='par_1_37' title="bbox 1504 3384 2574 3524">
     <span class='ocr_line' id='line_1_135' title="bbox 1558 3384 2574 3419; baseline 0.002 -9"><span class='ocrx_word' id='word_1_1015' title='bbox 1558 3384 1606 3418; x_wconf 80' lang='grc' dir='ltr'>μμ)</span> <span class='ocrx_word' id='word_1_1016' title='bbox 1627 3385 1731 3419; x_wconf 81' lang='lat' dir='ltr'>defecit.</span> <span class='ocrx_word' id='word_1_1017' title='bbox 1743 3399 1763 3404; x_wconf 98' lang='lat'><em>-</em></span> <span class='ocrx_word' id='word_1_1018' title='bbox 1775 3384 1864 3419; x_wconf 80' lang='lat' dir='ltr'>deficit</span> <span class='ocrx_word' id='word_1_1019' title='bbox 1882 3385 1968 3411; x_wconf 86' lang='lat' dir='ltr'>PCab.</span> <span class='ocrx_word' id='word_1_1020' title='bbox 1980 3399 2000 3404; x_wconf 97' lang='lat'><em>-</em></span> <span class='ocrx_word' id='word_1_1021' title='bbox 2013 3385 2065 3410; x_wconf 87' lang='lat' dir='ltr'>Pro</span> <span class='ocrx_word' id='word_1_1022' title='bbox 2084 3385 2163 3410; x_wconf 81' lang='lat' dir='ltr'>huius</span> <span class='ocrx_word' id='word_1_1023' title='bbox 2181 3385 2265 3418; x_wconf 86' lang='lat' dir='ltr'>quod¹</span> <span class='ocrx_word' id='word_1_1024' title='bbox 2285 3385 2363 3412; x_wconf 84' lang='lat' dir='ltr'>huius</span> <span class='ocrx_word' id='word_1_1025' title='bbox 2382 3392 2434 3419; x_wconf 87' lang='lat' dir='ltr'>quo</span> <span class='ocrx_word' id='word_1_1026' title='bbox 2453 3386 2482 3418; x_wconf 93' lang='lat' dir='ltr'>C,</span> <span class='ocrx_word' id='word_1_1027' title='bbox 2494 3385 2574 3412; x_wconf 78' lang='lat' dir='ltr'>huius</span> 
     </span>
     <span class='ocr_line' id='line_1_136' title="bbox 1504 3420 2573 3455; baseline 0.002 -10"><span class='ocrx_word' id='word_1_1028' title='bbox 1504 3423 1544 3445; x_wconf 87' lang='lat' dir='ltr'>est</span> <span class='ocrx_word' id='word_1_1029' title='bbox 1563 3420 1635 3453; x_wconf 83' lang='lat' dir='ltr'>quod</span> <span class='ocrx_word' id='word_1_1030' title='bbox 1648 3420 1722 3453; x_wconf 85' lang='lat' dir='ltr'>(quia</span> <span class='ocrx_word' id='word_1_1031' title='bbox 1736 3420 1768 3453; x_wconf 89' lang='lat' dir='ltr'>B)</span> <span class='ocrx_word' id='word_1_1032' title='bbox 1784 3421 1844 3450; x_wconf 85' lang='lat' dir='ltr'>AB;</span> <span class='ocrx_word' id='word_1_1033' title='bbox 1863 3425 1889 3446; x_wconf 88' lang='lat' dir='ltr'>et</span> <span class='ocrx_word' id='word_1_1034' title='bbox 1909 3420 1975 3446; x_wconf 79' lang='lat' dir='ltr'>infra</span> <span class='ocrx_word' id='word_1_1035' title='bbox 1992 3428 2040 3453; x_wconf 85' lang='lat' dir='ltr'>pro</span> <span class='ocrx_word' id='word_1_1036' title='bbox 2053 3420 2119 3454; x_wconf 84' lang='lat' dir='ltr'>suit,</span> <span class='ocrx_word' id='word_1_1037' title='bbox 2140 3421 2212 3454; x_wconf 90' lang='lat' dir='ltr'>quod</span> <span class='ocrx_word' id='word_1_1038' title='bbox 2230 3428 2283 3446; x_wconf 86' lang='lat' dir='ltr'>om.</span> <span class='ocrx_word' id='word_1_1039' title='bbox 2297 3421 2326 3451; x_wconf 90' lang='lat' dir='ltr'>B.</span> <span class='ocrx_word' id='word_1_1040' title='bbox 2347 3424 2387 3447; x_wconf 82' lang='lat' dir='ltr'>est</span> <span class='ocrx_word' id='word_1_1041' title='bbox 2400 3421 2433 3447; x_wconf 82' lang='lat' dir='ltr'>A.</span> <span class='ocrx_word' id='word_1_1042' title='bbox 2444 3435 2465 3442; x_wconf 89' lang='lat'><em>-</em></span> <span class='ocrx_word' id='word_1_1043' title='bbox 2483 3421 2502 3447; x_wconf 88' lang='grc' dir='ltr'>Ρ</span> <span class='ocrx_word' id='word_1_1044' title='bbox 2524 3429 2573 3455; x_wconf 82' lang='lat' dir='ltr'>pro</span> 
     </span>
     <span class='ocr_line' id='line_1_137' title="bbox 1504 3449 2570 3490; baseline 0.003 -10"><span class='ocrx_word' id='word_1_1045' title='bbox 1504 3455 1701 3487; x_wconf 86' lang='lat' dir='ltr'>inexperientia</span> <span class='ocrx_word' id='word_1_1046' title='bbox 1716 3449 1840 3489; x_wconf 74' lang='grc' dir='ltr'>(ἀπειρία)</span> <span class='ocrx_word' id='word_1_1047' title='bbox 1856 3456 1917 3487; x_wconf 73' lang='lat' dir='ltr'>legit</span> <span class='ocrx_word' id='word_1_1048' title='bbox 1930 3455 1955 3481; x_wconf 88' lang='lat' dir='ltr'>in</span> <span class='ocrx_word' id='word_1_1049' title='bbox 1967 3455 2144 3488; x_wconf 82' lang='lat' dir='ltr'>experientia,</span> <span class='ocrx_word' id='word_1_1050' title='bbox 2159 3463 2247 3481; x_wconf 85' lang='lat' dir='ltr'>errore</span> <span class='ocrx_word' id='word_1_1051' title='bbox 2261 3455 2327 3482; x_wconf 82' lang='lat' dir='ltr'>forte</span> <span class='ocrx_word' id='word_1_1052' title='bbox 2345 3456 2540 3490; x_wconf 83' lang='lat' dir='ltr'>typographico.</span> <span class='ocrx_word' id='word_1_1053' title='bbox 2550 3470 2570 3476; x_wconf 97' lang='lat'>-</span> 
     </span>
     <span class='ocr_line' id='line_1_138' title="bbox 1504 3490 2430 3524; baseline 0.002 -9"><span class='ocrx_word' id='word_1_1054' title='bbox 1504 3490 1555 3515; x_wconf 87' lang='lat' dir='ltr'>Pro</span> <span class='ocrx_word' id='word_1_1055' title='bbox 1570 3491 1694 3521; x_wconf 87' lang='lat' dir='ltr'>intentus,</span> <span class='ocrx_word' id='word_1_1056' title='bbox 1713 3491 1858 3516; x_wconf 87' lang='lat' dir='ltr'>intellectus</span> <span class='ocrx_word' id='word_1_1057' title='bbox 1874 3491 1925 3522; x_wconf 80' lang='lat' dir='ltr'>Ca,-</span> <span class='ocrx_word' id='word_1_1058' title='bbox 1940 3499 1988 3524; x_wconf 84' lang='lat' dir='ltr'>pro</span> <span class='ocrx_word' id='word_1_1059' title='bbox 2001 3490 2174 3522; x_wconf 79' lang='lat' dir='ltr'>sensibilibus,</span> <span class='ocrx_word' id='word_1_1060' title='bbox 2191 3491 2324 3517; x_wconf 85' lang='lat' dir='ltr'>sensibilia</span> <span class='ocrx_word' id='word_1_1061' title='bbox 2345 3491 2430 3517; x_wconf 84' lang='lat' dir='ltr'>PCab.</span> 
     </span>
    </p>

    <p class='ocr_par' dir='ltr' id='par_1_38' title="bbox 1504 3525 2571 3594">
     <span class='ocr_line' id='line_1_139' title="bbox 1557 3525 2571 3559; baseline 0.002 -9"><span class='ocrx_word' id='word_1_1062' title='bbox 1557 3526 1595 3559; x_wconf 89' lang='grc' dir='ltr'>νν)</span> <span class='ocrx_word' id='word_1_1063' title='bbox 1615 3526 1760 3551; x_wconf 86' lang='lat' dir='ltr'>naturales.</span> <span class='ocrx_word' id='word_1_1064' title='bbox 1778 3540 1797 3545; x_wconf 94' lang='lat'><em>-</em></span> <span class='ocrx_word' id='word_1_1065' title='bbox 1815 3526 1968 3552; x_wconf 88' lang='lat' dir='ltr'>materiales</span> <span class='ocrx_word' id='word_1_1066' title='bbox 1987 3525 2078 3556; x_wconf 84' lang='lat' dir='ltr'>PCab,·</span> <span class='ocrx_word' id='word_1_1067' title='bbox 2097 3525 2129 3551; x_wconf 83' lang='lat' dir='ltr'>cf.</span> <span class='ocrx_word' id='word_1_1068' title='bbox 2149 3531 2223 3552; x_wconf 77' lang='lat' dir='ltr'>notas</span> <span class='ocrx_word' id='word_1_1069' title='bbox 2243 3534 2282 3558; x_wconf 80' lang='grc' dir='ltr'>κκ,</span> <span class='ocrx_word' id='word_1_1070' title='bbox 2299 3525 2344 3552; x_wconf 88' lang='grc' dir='ltr'>λλ.</span> <span class='ocrx_word' id='word_1_1071' title='bbox 2362 3541 2380 3546; x_wconf 99' lang='grc'>-</span> <span class='ocrx_word' id='word_1_1072' title='bbox 2398 3527 2449 3552; x_wconf 80' lang='lat' dir='ltr'>Pro</span> <span class='ocrx_word' id='word_1_1073' title='bbox 2462 3526 2571 3553; x_wconf 81' lang='lat' dir='ltr'>adinve-</span> 
     </span>
     <span class='ocr_line' id='line_1_140' title="bbox 1504 3561 2316 3594; baseline 0.002 -9"><span class='ocrx_word' id='word_1_1074' title='bbox 1504 3561 1569 3590; x_wconf 85' lang='lat' dir='ltr'>nire,</span> <span class='ocrx_word' id='word_1_1075' title='bbox 1591 3561 1709 3586; x_wconf 77' lang='lat' dir='ltr'>invenire</span> <span class='ocrx_word' id='word_1_1076' title='bbox 1728 3561 1764 3592; x_wconf 82' lang='lat' dir='ltr'>A;</span> <span class='ocrx_word' id='word_1_1077' title='bbox 1784 3561 1853 3586; x_wconf 89' lang='lat' dir='ltr'>idem</span> <span class='ocrx_word' id='word_1_1078' title='bbox 1872 3569 1925 3586; x_wconf 88' lang='lat' dir='ltr'>om.</span> <span class='ocrx_word' id='word_1_1079' title='bbox 1945 3562 2038 3591; x_wconf 87' lang='lat' dir='ltr'>multa,</span> <span class='ocrx_word' id='word_1_1080' title='bbox 2057 3566 2083 3586; x_wconf 90' lang='lat' dir='ltr'>et</span> <span class='ocrx_word' id='word_1_1081' title='bbox 2101 3561 2162 3594; x_wconf 77' lang='lat' dir='ltr'>legit</span> <span class='ocrx_word' id='word_1_1082' title='bbox 2180 3561 2316 3594; x_wconf 85' lang='lat' dir='ltr'>adaptari.</span> 
     </span>
    </p>

    <p class='ocr_par' dir='ltr' id='par_1_39' title="bbox 1503 3594 2572 3663">
     <span class='ocr_line' id='line_1_141' title="bbox 1558 3594 2572 3630; baseline 0.001 -9"><span class='ocrx_word' id='word_1_1083' title='bbox 1558 3594 1595 3629; x_wconf 77' lang='grc' dir='ltr'>ξξ)</span> <span class='ocrx_word' id='word_1_1084' title='bbox 1615 3596 1797 3626; x_wconf 87' lang='lat' dir='ltr'>existentium,</span> <span class='ocrx_word' id='word_1_1085' title='bbox 1818 3596 1893 3622; x_wconf 90' lang='lat' dir='ltr'>idest.</span> <span class='ocrx_word' id='word_1_1086' title='bbox 1906 3610 1926 3615; x_wconf 96' lang='lat'><em>-</em></span> <span class='ocrx_word' id='word_1_1087' title='bbox 1938 3596 1996 3621; x_wconf 82' lang='lat' dir='ltr'>Hoc</span> <span class='ocrx_word' id='word_1_1088' title='bbox 2014 3604 2068 3622; x_wconf 88' lang='lat' dir='ltr'>om.</span> <span class='ocrx_word' id='word_1_1089' title='bbox 2087 3596 2122 3628; x_wconf 88' lang='lat' dir='ltr'>C;</span> <span class='ocrx_word' id='word_1_1090' title='bbox 2142 3604 2205 3621; x_wconf 90' lang='lat' dir='ltr'>num</span> <span class='ocrx_word' id='word_1_1091' title='bbox 2224 3597 2284 3630; x_wconf 78' lang='lat' dir='ltr'>quin</span> <span class='ocrx_word' id='word_1_1092' title='bbox 2304 3604 2419 3622; x_wconf 82' lang='lat' dir='ltr'>errorem</span> <span class='ocrx_word' id='word_1_1093' title='bbox 2439 3604 2498 3622; x_wconf 79' lang='lat' dir='ltr'>esse</span> <span class='ocrx_word' id='word_1_1094' title='bbox 2516 3604 2572 3622; x_wconf 88' lang='lat' dir='ltr'>cre-</span> 
     </span>
     <span class='ocr_line' id='line_1_142' title="bbox 1503 3630 2571 3663; baseline 0.001 -7"><span class='ocrx_word' id='word_1_1095' title='bbox 1503 3630 1595 3656; x_wconf 80' lang='lat' dir='ltr'>debat?</span> <span class='ocrx_word' id='word_1_1096' title='bbox 1614 3645 1632 3651; x_wconf 90' lang='lat'><em>-</em></span> <span class='ocrx_word' id='word_1_1097' title='bbox 1650 3631 1701 3656; x_wconf 81' lang='lat' dir='ltr'>Pro</span> <span class='ocrx_word' id='word_1_1098' title='bbox 1719 3631 1805 3661; x_wconf 82' lang='lat' dir='ltr'>entia,</span> <span class='ocrx_word' id='word_1_1099' title='bbox 1825 3631 1976 3657; x_wconf 87' lang='lat' dir='ltr'>essentialia</span> <span class='ocrx_word' id='word_1_1100' title='bbox 1999 3634 2025 3656; x_wconf 90' lang='lat' dir='ltr'>et</span> <span class='ocrx_word' id='word_1_1101' title='bbox 2043 3631 2080 3662; x_wconf 87' lang='lat' dir='ltr'>A,</span> <span class='ocrx_word' id='word_1_1102' title='bbox 2099 3631 2246 3657; x_wconf 83' lang='lat' dir='ltr'>existentia</span> <span class='ocrx_word' id='word_1_1103' title='bbox 2264 3631 2300 3663; x_wconf 78' lang='lat' dir='ltr'>B3</span> <span class='ocrx_word' id='word_1_1104' title='bbox 2319 3634 2346 3657; x_wconf 87' lang='lat' dir='ltr'>et</span> <span class='ocrx_word' id='word_1_1105' title='bbox 2363 3631 2498 3657; x_wconf 81' lang='lat' dir='ltr'>sensibilia</span> <span class='ocrx_word' id='word_1_1106' title='bbox 2515 3639 2571 3658; x_wconf 86' lang='lat' dir='ltr'>om.</span> 
     </span>
    </p>
   </div>
   <div class='ocr_carea' id='block_1_18' title="bbox 2613 387 2782 416">
    <p class='ocr_par' dir='ltr' id='par_1_40' title="bbox 2613 387 2782 416">
     <span class='ocr_line' id='line_1_143' title="bbox 2613 387 2782 416; baseline 0.006 -7"><span class='ocrx_word' id='word_1_1107' title='bbox 2613 388 2623 398; x_wconf 73' lang='lat'><em>⁶</em></span> <span class='ocrx_word' id='word_1_1108' title='bbox 2638 387 2709 410; x_wconf 84' lang='lat' dir='ltr'>Num.</span> <span class='ocrx_word' id='word_1_1109' title='bbox 2723 393 2736 416; x_wconf 85' lang='lat'>3</span> <span class='ocrx_word' id='word_1_1110' title='bbox 2750 394 2782 410; x_wconf 74' lang='lat' dir='ltr'>sei</span> 
     </span>
    </p>
   </div>
   <div class='ocr_carea' id='block_1_19' title="bbox 2703 433 2734 463">
    <p class='ocr_par' dir='ltr' id='par_1_41' title="bbox 2703 433 2734 463">
     <span class='ocr_line' id='line_1_144' title="bbox 2703 433 2734 463; baseline 0 0"><span class='ocrx_word' id='word_1_1111' title='bbox 2703 433 2734 463; x_wconf 74' lang='lat' dir='ltr'>tt</span> 
     </span>
    </p>
   </div>
   <div class='ocr_carea' id='block_1_20' title="bbox 2700 700 2734 725">
    <p class='ocr_par' dir='ltr' id='par_1_42' title="bbox 2700 700 2734 725">
     <span class='ocr_line' id='line_1_145' title="bbox 2700 700 2734 725; baseline 0.029 -1"><span class='ocrx_word' id='word_1_1112' title='bbox 2700 700 2734 725; x_wconf 67' lang='grc' dir='ltr'>Ἦ</span> 
     </span>
    </p>
   </div>
   <div class='ocr_carea' id='block_1_21' title="bbox 2610 860 2782 884">
    <p class='ocr_par' dir='ltr' id='par_1_43' title="bbox 2610 860 2782 884">
     <span class='ocr_line' id='line_1_146' title="bbox 2610 860 2782 884; baseline 0.012 -2"><span class='ocrx_word' id='word_1_1113' title='bbox 2610 861 2619 870; x_wconf 90' lang='grc'>·</span> <span class='ocrx_word' id='word_1_1114' title='bbox 2635 860 2782 884; x_wconf 59' lang='lat' dir='ltr'>colorat-iu</span> 
     </span>
    </p>
   </div>
   <div class='ocr_carea' id='block_1_22' title="bbox 2706 1337 2725 1354">
    <p class='ocr_par' dir='ltr' id='par_1_44' title="bbox 2706 1337 2725 1354">
     <span class='ocr_line' id='line_1_147' title="bbox 2706 1337 2725 1354; baseline 0 0"><span class='ocrx_word' id='word_1_1115' title='bbox 2706 1337 2725 1354; x_wconf 74' lang='lat' dir='ltr'>n</span> 
     </span>
    </p>
   </div>
   <div class='ocr_carea' id='block_1_23' title="bbox 2605 1546 2782 1575">
    <p class='ocr_par' dir='ltr' id='par_1_45' title="bbox 2605 1546 2782 1575">
     <span class='ocr_line' id='line_1_148' title="bbox 2605 1546 2782 1575; baseline -0.011 -6"><span class='ocrx_word' id='word_1_1116' title='bbox 2605 1547 2616 1556; x_wconf 89' lang='lat'>·</span> <span class='ocrx_word' id='word_1_1117' title='bbox 2621 1546 2782 1575; x_wconf 59' lang='lat' dir='ltr'>tumbam,</span> 
     </span>
    </p>
   </div>
   <div class='ocr_carea' id='block_1_24' title="bbox 2691 2754 2719 2788">
    <p class='ocr_par' dir='ltr' id='par_1_46' title="bbox 2691 2754 2719 2788">
     <span class='ocr_line' id='line_1_149' title="bbox 2691 2754 2719 2788; baseline 0 0"><span class='ocrx_word' id='word_1_1118' title='bbox 2691 2754 2719 2788; x_wconf 67' lang='lat' dir='ltr'>tt</span> 
     </span>
    </p>
   </div>
  </div>
 </body>
</html>
