2690 4062
62 1099 70 1107 '¹
85 1098 155 1119 Num.
170 1103 218 1124 seq.

62 1628 70 1636 ·
85 1626 156 1650 Num,
172 1629 219 1651 seq.

57 1711 68 1721 ⁸
83 1710 147 1731 Lect.
162 1716 209 1737 seq.

49 1976 59 1984 '¹
76 1976 101 1995 ut
117 1980 154 1996 ca.

53 2024 63 2033 ·
74 2025 98 2044 et
110 2023 158 2044 ista
168 2029 215 2044 om.
228 2028 266 2044 ca.

59 2154 68 2163 ·
82 2155 170 2175 remota
181 2154 233 2175 add.
245 2160 267 2175 P.

64 2904 76 2914 ⁸
82 2904 273 2951 gffnerationt'bus

65 2936 94 2952 ca
111 2946 117 2951 .

303 268 324 292 L
781 249 852 286 DE
881 245 1269 285 GENERATIONE
1299 244 1369 281 ET
1400 241 1783 279 CORRUPTIONE
1813 242 1908 278 LIB.
1940 242 1972 277 II

370 331 435 363 τῶν
471 330 578 362 α”λλων
613 327 757 360 ἕκαστον
784 327 825 358 τὸ
852 325 910 369 μὲν
937 327 1043 356 ποιεῖν
1071 323 1111 355 τὸ
1137 321 1174 353 δέ
1201 320 1271 353 ποίσ
1300 332 1363 361 ειν,

371 377 406 408 ὲκ
431 374 563 407 τούτων
588 372 723 418 λέγουσι
754 373 811 402 καὶ
837 366 895 402 8ιοί
921 367 1053 400 τούτων
1081 366 1223 399 ἅπαντα
1249 366 1365 398 ταλλα

368 417 542 466 γίγνεσθαι
572 419 630 448 καὶ
663 414 870 460 φθείρεσθαι·
897 414 1069 456 φαίνεταιν
1087 407 1123 442 δὲ
1147 412 1204 441 καὶ
1231 411 1273 441 τὸ
1299 409 1363 451 πῦρ

370 463 458 497 αὐτὸ
481 461 675 505 κινούμενον
699 461 757 490 καὶ
784 458 929 503 ποία-χον.

295 509 372 541 Ἔτι
396 504 432 540 δὲ
459 518 507 539 πα
531 503 698 540 απλῆσιον
731 503 884 534 ποιοῦσιν
909 499 1019 540 ὥσπερ
1050 499 1080 529 εἴ
1104 509 1154 534 τις
1180 497 1228 538 τῷ
1256 498 1364 547 'sepio—Ji.

367 554 424 584 καὶ
450 552 583 591 ἑκαστῳ
609 549 675 581 τῶν
701 547 849 592 ὀργάνων
877 542 1042 619 ἀπονέὲοι
1069 542 1131 578 τήν
1158 540 1273 572 αἰτίαν
1296 550 1363 571 των

367 595 566 642 γινομένων·
587 592 716 638 ἀνάγκη
735 592 798 636 γοίρ
815 593 969 634 πρίοντος
1006 584 1184 630 ιαιρεῖσθαι
1199 586 1256 615 καὶ
1274 582 1363 623 ξέον-

367 652 425 677 τος
449 636 659 677 λεαίνεσθαι,
694 639 750 667 καὶ
777 635 831 666 ἐπὶ
863 634 930 664 τῶν
963 632 1073 664 ἄλλων
1101 631 1234 674 ὁμοίως.
1264 627 1360 659 ”Ωστ’

367 685 395 716 εἰ
422 682 475 716 ὅτι
500 682 651 726 μάλιστα
682 682 772 711 ποιεῖ’
802 679 859 708 καὶ
889 680 972 708 κινεῖ
997 676 1038 707 τὸ
1064 675 1150 718 πῦρ,
1179 671 1269 704 ἀλλά
1295 673 1363 709 πῶς

366 732 450 759 κινεῖ
474 728 536 771 οὐχ
562 726 694 769 ὁρῶσιν,
723 722 776 755 ὅτι
801 726 910 766 χεῖρον
937 718 959 756 ἦ
985 720 1032 752 τοὶ
1057 719 1197 764 ὄργανα.

425 856 427 858 ,
529 838 538 850 x
554 829 703 864 ostquam
720 817 943 861 Philosophus
961 815 1188 849 determinavit
1207 813 1246 846 de
1263 823 1361 856 gene-

422 856 445 902 ,⁷
466 866 474 870 ’
521 887 530 899 -.
552 866 677 898 ratione
692 872 724 896 et
739 862 948 906 corruptione
966 870 1032 893 tam
1045 859 1244 903 simplicium
1262 868 1361 907 quam

498 938 506 952 Α,
519 923 536 948 7
553 920 627 942 corn
653 908 813 940 ositorum
837 918 877 939 ex
899 904 1114 949 simplicibus,
1136 903 1189 935 hic
1210 901 1361 952 determi-

494 981 497 983 .
523 973 537 996 ς
552 961 608 986 nat
645 964 661 985 e
678 952 794 991 causis,
810 951 878 983 sive
900 949 940 983 de
953 949 1121 993 principiis
1140 954 1360 990 generationis

369 1023 373 1025 <
492 998 522 1022 fl>
552 1006 584 1030 et
612 995 831 1039 corruptionis
855 993 1093 1027 elementorum
1117 1000 1149 1024 et
1169 991 1358 1023 mixtorum.

299 1045 340 1078 Et
362 1044 443 1076 circa
465 1042 527 1075 hoc
549 1041 615 1074 duo
636 1039 730 1073 facit:
751 1040 858 1082 primo
881 1037 935 1071 dat
956 1037 1189 1074 intentionem;
1213 1032 1359 1067 secundo

299 1087 505 1132 prosequitur
529 1087 701 1124 intentum,
719 1083 778 1116 ibi:
802 1083 879 1117 Sunt
899 1083 977 1116 enim
994 1088 1021 1115 et
1039 1090 1161 1114 numero
1178 1079 1193 1095 *
1209 1087 1278 1128 etc.-

353 1132 441 1165 Dicit
464 1141 542 1173 ergo
566 1129 691 1173 primo:
721 1139 796 1160 cum
821 1128 885 1160 sint
914 1125 1074 1171 quaedam
1103 1122 1300 1168 generabilia
1328 1130 1360 1154 et

299 1174 529 1219 corruptibilia,
546 1182 577 1206 et
592 1172 758 1216 generatio
775 1180 808 1205 et
824 1171 992 1214 corruptio
1009 1170 1050 1202 sit
1069 1170 1102 1202 in
1119 1169 1165 1201 eis
1182 1178 1265 1211 quae
1279 1174 1359 1217 sunt

299 1221 382 1253 circa
397 1218 543 1252 medium
561 1217 683 1256 locum,
701 1215 876 1250 dicendum
900 1223 948 1248 est
972 1213 1163 1258 simpliciter
1182 1220 1214 1244 et
1229 1221 1358 1262 univer-

298 1264 405 1298 saliter
421 1262 460 1296 de
476 1262 699 1306 generatione,
724 1269 806 1304 quot
822 1269 854 1293 et
870 1270 954 1304 quae
974 1259 1039 1291 sint
1055 1268 1171 1291 eorum
1188 1266 1357 1300 principia.

298 1307 437 1342 Facilius
461 1307 548 1339 enim
572 1306 606 1338 in
624 1304 713 1338 libris
737 1302 983 1348 particularibus
1007 1302 1220 1346 inspiciemus
1245 1310 1358 1332 causas

299 1352 533 1396 principiorum
556 1350 826 1393 generationum,
855 1347 987 1392 quando
1017 1357 1130 1379 causas
1159 1343 1358 1377 universales

298 1395 514 1440 generationis
538 1394 758 1437 acceperimus
766 1405 776 1434 ;
806 1403 919 1426 cursus
944 1391 1032 1425 enim
1056 1390 1095 1423 ab
1119 1388 1358 1422 universalibus

298 1440 338 1474 ad
354 1439 557 1484 particularia
573 1447 621 1471 est
637 1438 742 1470 maior
757 1446 789 1470 et
804 1435 1019 1470 universalior
1034 1435 1086 1468 via
1103 1435 1137 1467 in
1154 1442 1278 1484 natura.

354 1494 383 1517 2.
407 1483 535 1517 Deinde
552 1494 627 1516 cum
644 1482 738 1515 dicit:
763 1481 839 1515 Sunt
854 1481 933 1514 enim
948 1486 974 1514 et
989 1490 1112 1513 numero
1129 1478 1270 1523 aequalza
1286 1486 1358 1517 etc„

298 1528 507 1573 prosequitur
529 1528 700 1560 intentum.
725 1526 766 1559 Et
785 1527 869 1559 circa
885 1525 950 1558 hoc
973 1524 1032 1557 tria
1055 1523 1149 1556 facit:
1174 1523 1283 1567 primo
1300 1533 1359 1566 po-

298 1574 345 1606 nit
373 1572 564 1617 opinionem
596 1582 689 1604 suam
717 1570 756 1604 de
784 1570 974 1614 principiis;
1007 1567 1153 1602 secundo
1184 1567 1358 1617 opiniones

298 1617 448 1657 aliorum,
463 1615 523 1649 ibi:
550 1615 604 1649 Sed
619 1615 649 1648 hi
663 1615 781 1659 quidem
796 1614 982 1659 sufficientem
994 1613 1009 1630 *
1022 1622 1095 1653 etc.;
1112 1612 1208 1645 tertio
1225 1612 1258 1644 in
1283 1619 1360 1643 uirit

298 1661 478 1706 specialiter
494 1670 525 1693 et
541 1659 738 1693 sufficienter
761 1659 800 1693 de
824 1659 987 1703 principio
1004 1665 1170 1697 movente,
1186 1655 1245 1689 ibi:
1298 1655 1359 1689 obis

297 1712 397 1739 autem
412 1705 427 1721 *
443 1713 502 1738 etc.

347 1749 399 1783 Ad
414 1748 610 1782 evidentiam
626 1759 742 1781 eorum
758 1759 841 1792 quae
858 1747 911 1780 hic
931 1746 1084 1780 dicuntur
1100 1744 1283 1778 notandum
1300 1753 1358 1785 est,

298 1793 387 1839 quod
403 1793 552 1826 omnium
569 1804 745 1836 corporum
762 1802 778 1818 a
793 1791 953 1836 quaedam
970 1799 1047 1823 sunt
1063 1790 1222 1834 principia
1240 1790 1358 1822 extrin-

296 1850 368 1872 seca
402 1847 434 1871 et
467 1836 626 1882 quaedam
657 1837 840 1870 intrinseca.
876 1836 983 1869 Princi
1010 1836 1039 1868 ia
1069 1835 1248 1868 extrinseca
1282 1842 1359 1866 sunt

296 1883 433 1926 agentia,
453 1883 520 1914 sive
544 1882 719 1914 moventia.
737 1881 777 1914 Et
800 1881 861 1914 ista
885 1892 919 1913 se
943 1847 1063 1913 habent
1087 1880 1120 1912 in
1140 1878 1285 1924 quodam
1308 1889 1358 1911 or-

296 1927 384 1960 dine:
402 1927 478 1971 quia
491 1925 650 1970 quaedam
666 1934 742 1958 sunt
757 1925 916 1969 proxima,
928 1933 960 1958 et
973 1922 1134 1968 quaedam
1149 1931 1276 1956 remota
1289 1923 1358 1956 sive

295 1972 408 2015 prima.
427 1971 467 2004 Et
485 1971 589 2014 prima
605 1969 738 2014 quidem
755 1970 914 2014 principia
930 1978 1007 2002 sunt
1018 1968 1034 1985 *
1047 1967 1245 2001 substantiae
1267 1979 1358 2011 sepa-

295 2024 392 2054 ratae,
416 2026 555 2060 quarum
581 2025 733 2058 suprema
757 2023 806 2047 est
829 2014 941 2047 Deus:
974 2022 1006 2046 et
1029 2013 1090 2046 ista
1106 2012 1121 2029 *
1138 2021 1214 2045 sunt
1243 2011 1358 2045 eadem

296 2060 444 2093 omnium
469 2058 705 2102 corporalium3
729 2067 761 2092 et
784 2067 918 2102 propter
942 2057 1006 2091 hoc
1030 2056 1110 2090 dixit
1132 2056 1357 2100 Philosophus

295 2103 385 2149 quod
408 2102 668 2147 corruptibilium
691 2111 723 2136 et
747 2103 1021 2146 sempiternorum
1045 2110 1124 2134 sunt
1138 2100 1253 2134 eadem
1270 2101 1358 2145 prin-

295 2149 378 2192 cipia
406 2158 545 2181 numero
569 2149 595 2180 *.
620 2148 772 2180 Proxima
800 2158 878 2180 vero
908 2158 976 2180 non
1008 2155 1084 2179 sunt
1112 2145 1248 2179 eadem:
1281 2146 1358 2190 quia

295 2192 451 2237 principia
472 2203 648 2236 corporum
668 2191 855 2224 caelestium
872 2200 949 2224 sunt
965 2190 1164 2224 substantiae
1181 2199 1358 2234 separatae,

295 2246 332 2270 ut
355 2236 472 2270 dicitur
494 2236 528 2269 in
551 2236 618 2270 XII
634 2236 824 2281 Metaphys.‚
850 2235 907 2269 sed
931 2236 1079 2279 proxima
1103 2235 1206 2279 princi
1234 2235 1263 2268 ia
1287 2246 1357 2268 cor-

295 2281 497 2326 ruptibilium
521 2289 598 2313 sunt
613 2281 683 2324 ipsa
699 2291 755 2314 cor
781 2291 838 2313 ora
862 2279 1028 2318 caelestia,
1052 2288 1089 2312 ut
1105 2279 1184 2313 dicit
1234 2278 1358 2313 hiloso-

296 2326 380 2370 phus
405 2325 658 2365 IMeteororum,
684 2333 715 2358 et
778 2333 997 2358 ommentator
1022 2325 1045 2358 β.
1071 2324 1251 2358 Intrinseca
1278 2335 1358 2358 vero

296 2370 453 2415 principia
476 2378 552 2402 sunt
575 2370 712 2402 materia
732 2378 764 2402 et
788 2371 908 2409 sorma3
933 2378 965 2402 et
980 2369 1040 2402 ista
1064 2379 1132 2402 non
1149 2377 1226 2401 sunt
1242 2367 1358 2402 eadem

296 2426 433 2448 numero
450 2413 709 2458 corruptibilium
733 2422 766 2447 et
789 2412 1097 2458 incorruptibilium,
1118 2412 1175 2446 sed
1203 2421 1280 2446 sunt
1303 2424 1358 2446 ea-

297 2459 372 2492 dem
395 2457 576 2492 secundum
600 2457 800 2501 analogiam:
826 2458 902 2502 quia
926 2469 986 2491 nec
1011 2458 1146 2491 materia
1171 2469 1231 2491 nec
1253 2456 1359 2492 forma

298 2503 516 2546 corrumpitur
538 2513 596 2546 per
619 2514 653 2535 se
676 2502 733 2536 sed
756 2502 864 2535 solum
890 2514 947 2547 per
970 2502 1130 2542 accidens,
1151 2511 1188 2535 ut
1207 2501 1358 2536 Philoso-

298 2547 382 2591 phus
406 2546 483 2580 dicit
506 2547 539 2579 in
563 2547 578 2580 I
601 2547 713 2598 Physic.
744 2547 784 2580 Et
807 2546 882 2580 ideo
910 2546 988 2580 dicit
1011 2546 1236 2591 Philosophus
1267 2546 1359 2592 quod

299 2592 456 2635 principia
479 2591 739 2635 corruptibilium
767 2599 799 2624 et
823 2590 1118 2635 incorruptibilium
1142 2600 1220 2624 sunt
1243 2590 1359 2625 eadem

300 2636 457 2680 principia
477 2647 595 2679 genere,
620 2635 703 2669 idest
726 2634 875 2679 analogia
899 2636 966 2668 sive
990 2636 1215 2679 proportione.

355 2680 428 2713 Hoc
445 2691 522 2723 ergo
538 2681 717 2726 praemisso
735 2679 882 2723 procedit
894 2681 927 2713 in
940 2681 1122 2724 proposito,
1140 2680 1252 2714 dicens
1269 2680 1359 2725 quod

300 2725 536 2768 principiorum
551 2735 660 2757 rerum
683 2724 917 2768 generabilium
935 2733 967 2758 et
984 2724 1246 2768 corruptibilium
1271 2724 1360 2759 aliud

301 2777 349 2801 est
367 2768 510 2808 materia,
535 2767 622 2801 aliud
644 2777 692 2801 est
715 2767 828 2801 forma.
859 2767 1004 2813 Oportet
1027 2778 1137 2802 autem
1161 2769 1274 2803 adesse
1298 2778 1360 2803 ter-

301 2813 402 2846 tium:
434 2813 509 2857 quia
533 2813 616 2845 sicut
644 2813 678 2846 in
701 2814 907 2857 sempiternis
938 2824 1007 2846 non
1031 2813 1199 2847 sufficiunt
1223 2813 1290 2847 duo
1319 2813 1360 2848 ad

301 2865 444 2897 motum,
469 2856 525 2890 sed
549 2865 678 2900 oportet
693 2856 805 2891 adesse
822 2869 971 2898 movens,
996 2858 1040 2891 ita
1056 2869 1116 2891 nec
1141 2858 1174 2891 in
1193 2858 1361 2902 generabi-

301 2901 384 2934 libus
400 2902 418 2921 ³⁹
435 2900 601 2934 sufficiunt
617 2901 656 2935 ad
695 2902 916 2935 enerationem
933 2901 1011 2943 duo,
1028 2902 1085 2936 sed
1101 2911 1233 2946 oportet
1247 2902 1360 2936 adesse

302 2946 443 2985 tertium,
467 2945 556 2990 quod
572 2954 621 2978 est
643 2958 660 2979 e
699 2946 797 2979 ciens.
822 2946 958 2979 Materia
981 2958 1060 2980 vero
1085 2958 1162 2980 cum
1185 2948 1227 2980 sit
1250 2959 1307 2980 ens
1328 2948 1360 2980 in

303 2990 457 3034 potentia,
470 2998 519 3023 est
533 3001 629 3023 causa
645 3001 743 3034 quare
760 2991 820 3023 ista
836 2990 988 3024 inferiora
1005 3000 1145 3035 possunt
1161 3003 1232 3025 esse
1246 3001 1277 3025 et
1293 3003 1361 3025 non

303 3045 390 3074 esse3
410 3033 512 3067 forma
528 3045 606 3067 vero
623 3044 671 3067 est
687 3046 782 3067 causa
798 3046 868 3068 esse
885 3044 1023 3068 tantum.
1049 3035 1114 3069 Sed
1130 3035 1274 3069 efficiens
1291 3048 1362 3069 mo-

303 3087 357 3111 vet
373 3079 550 3119 materiam,
567 3087 603 3111 ut
619 3087 851 3112 transmutetur
873 3079 912 3112 de
930 3080 1076 3123 potentia
1100 3079 1140 3114 ad
1165 3089 1284 3113 actum.
1310 3080 1362 3114 Ad

305 3121 554 3156 declarationem
571 3131 679 3156 autem
692 3122 854 3156 dictorum
867 3124 962 3167 ponit
974 3123 1138 3168 quandam
1155 3124 1362 3165 divisionem,

306 3166 414 3199 dicens
428 3166 516 3210 quod
533 3167 692 3210 quaedam
705 3177 780 3200 sunt
793 3167 833 3201 de
845 3169 1036 3201 necessitate
1050 3169 1083 3202 in
1095 3180 1176 3202 esse:
1190 3170 1275 3202 sicut
1286 3178 1363 3202 sunt

306 3219 443 3250 aeterna,
459 3219 495 3243 ut
519 3222 656 3255 corpora
680 3211 838 3252 caelestia,
856 3224 937 3256 quae
954 3213 988 3246 in
1009 3224 1067 3246 sua
1086 3212 1266 3247 substantia
1281 3222 1313 3247 et
1330 3214 1363 3247 in

307 3255 373 3287 suis
389 3254 531 3288 motibus
547 3263 623 3288 sunt
638 3257 829 3296 necessaria,
843 3265 874 3289 et
890 3256 1038 3290 similiter
1057 3257 1254 3291 substantiae
1271 3269 1363 3302 sepa-

1488 330 1688 360 congregare,
1712 326 1743 350 et
1765 319 1902 350 aliorum
1926 319 2185 360 unumquodque
2208 319 2271 351 hoc
2294 320 2425 361 quidem
2449 321 2493 352 fa-

1488 374 1567 402 cere,
1591 364 1654 394 hoc
1677 371 1785 394 autem
1808 364 1884 403 pati,
1900 374 1938 394 ex
1961 363 2009 393 his
2033 363 2144 394 dicunt
2158 370 2189 394 et
2204 374 2261 404 per
2282 364 2361 396 haec
2383 365 2494 396 omnia

1487 408 1548 438 alia
1570 407 1710 447 generari
1735 414 1766 438 et
1782 408 1954 447 corrumpi.
1979 407 2112 438 Videtur
2135 414 2244 439 autern
2267 415 2298 440 et
2319 409 2402 450 ignis
2424 409 2493 450 ipse

1487 462 1561 482 curn
1585 458 1732 481 movetur
1754 451 1830 491 pati.

1418 495 1596 535 *Amplius
1618 505 1694 525 vero
1719 495 1822 525 simile
1844 495 1966 536 aliquid
1989 495 2110 527 faciunt
2133 503 2169 527 ut
2190 496 2216 527 si
2241 497 2314 538 quis
2337 507 2439 529 serrae
2462 505 2494 530 et
2519 508 2531 519 ⁸

1485 539 1659 579 unicuique
1674 538 1960 570 instrumentorum
1975 540 2117 571 attribuit
2133 550 2262 572 causam
2277 551 2392 572 eorum
2410 552 2493 584 quae

1485 590 1688 623 generantur:
1713 593 1840 614 necesse
1871 583 1956 614 enim
1981 591 2118 615 serrante
2142 585 2258 624 dividi,
2282 592 2314 616 et
2335 586 2494 618 incidente

1485 627 1664 668 coaequari,
1681 634 1712 657 et
1738 626 1771 657 in
1793 627 1862 658 aliis
1884 628 2038 659 similiter.
2063 629 2233 668 Quocirca,
2257 629 2284 660 si
2307 640 2406 671 quam
2426 641 2493 662 rna-

1483 672 1567 702 xime
1591 671 1664 702 facit
1684 677 1715 702 et
1731 678 1840 702 movet
1861 671 1954 712 ignis,
1970 673 2027 703 sed
2042 674 2212 714 quomodo
2235 681 2346 706 movet
2363 684 2432 707 non
2447 674 2493 706 vi-

1485 717 1570 754 dent,
1594 715 1751 756 quoniam
1773 716 1910 747 deterius
1934 727 2033 758 quam
2056 727 2185 758 organa.

1416 819 1520 852 ratae3
1542 819 1574 843 et
1594 809 1644 843 his
1669 820 1887 855 opponuntur
1909 812 2127 856 impossibilia
2142 813 2183 847 ad
2207 825 2288 847 esse.
2315 813 2492 854 Quaedam

1415 866 1495 888 vero
1518 863 1596 887 sunt
1611 854 1781 898 possibilia
1792 855 1809 873 ⁸²
1821 867 1892 890 esse
1911 865 1944 889 et
1959 866 2028 890 non
2052 868 2143 891 esse:
2167 866 2200 891 et
2223 859 2285 891 ism
2301 867 2379 892 sunt
2394 869 2491 903 gene·

1415 898 1527 932 rabilia
1551 908 1583 932 et
1608 899 1849 943 corruptibilia,
1877 912 1962 945 quae
1986 901 2187 947 quandoque
2215 911 2294 936 sunt
2324 911 2358 945 et
2387 914 2491 948 quan·

1416 943 1526 987 doque
1542 954 1612 976 non
1628 952 1715 976 sunt.
1741 944 1783 977 Et
1805 944 1881 978 ideo
1904 946 2127 979 necessarium
2143 955 2194 980 est
2213 946 2305 992 quod
2320 948 2490 991 generatio

1415 996 1447 1021 et
1464 988 1632 1031 corruptio
1657 988 1723 1021 sint
1739 989 1824 1021 circa
1839 1000 1980 1033 corpora
2002 989 2090 1031 talia,
2114 1002 2198 1036 quae
2222 992 2353 1036 possint
2366 1003 2441 1026 esse
2457 1001 2492 1026 et

1415 1043 1483 1065 non
1500 1043 1581 1065 esse.
1596 1031 1682 1066 Illud
1699 1041 1811 1065 autem
1828 1044 1869 1066 ex
1891 1045 1961 1078 quo
1975 1033 2049 1067 talis
2064 1036 2212 1078 potentia
2227 1035 2269 1069 ad
2285 1047 2356 1070 esse
2371 1045 2406 1069 et
2418 1047 2490 1070 non

1415 1088 1486 1110 esse
1503 1077 1536 1109 in
1553 1077 1599 1110 eis
1623 1085 1684 1118 est,
1708 1078 1844 1110 materia
1867 1077 1995 1111 dicitur.
2021 1077 2087 1122 Sed
2111 1090 2209 1113 causa
2227 1079 2334 1113 finalis
2349 1081 2386 1113 in
2405 1080 2491 1126 phy&

1415 1121 1501 1161 sicis,
1521 1133 1605 1165 quae
1629 1129 1679 1154 est
1703 1122 1797 1154 cuius
1820 1122 1924 1165 gratia
1946 1133 2086 1156 movens
2109 1133 2235 1165 movet,
2256 1133 2305 1157 est
2328 1123 2435 1158 forma
2457 1133 2491 1159 et

1415 1165 1560 1209 species:
1577 1165 1659 1198 haec
1675 1166 1765 1198 enim
1787 1174 1838 1199 est
1852 1165 1928 1200 finis
1944 1176 2058 1201 motus
2074 1175 2106 1200 et
2122 1168 2316 1202 intentionis
2332 1168 2498 1203 naturalis·

1415 1210 1559 1253 agentis;
1583 1218 1616 1243 et
1630 1209 1712 1243 haec
1737 1218 1786 1244 est
1807 1211 1892 1244 ratio
1917 1210 2086 1245 definitiva
2099 1221 2116 1247 γ
2128 1213 2403 1258 uniuscuiusque:
2413 1212 2490 1248 sub—

1415 1255 1562 1287 stantiae.
1593 1254 1659 1288 Sed
1682 1255 1768 1288 sicut
1790 1254 1917 1288 dictum
1940 1263 2000 1297 est,
2025 1267 2102 1290 cum
2126 1256 2178 1290 his
2201 1256 2334 1291 duobus
2357 1266 2492 1302 oportet

1415 1310 1486 1332 esse
1510 1299 1643 1332 tertium
1667 1300 1870 1344 principium
1916 1299 1985 1334 uod
2009 1309 2058 1334 est
2081 1300 2238 1343 efficiens,
2280 1301 2349 1336 uod
2371 1309 2499 1345 omnes,

1415 1343 1541 1387 antiq'ui
1565 1344 1833 1385 somniaverunt,
1861 1355 1896 1378 se
1943 1343 2054 1378 nullus
2082 1345 2124 1381 de
2150 1346 2226 1391 ipso
2287 1345 2386 1391 ‘quid'
2406 1346 2492 1381 veri-

1415 1388 1488 1420 tatis
1513 1387 1595 1421 dixit
1618 1399 1780 1433 expresse.
2319 1419 2324 1422 .
2393 1418 2396 1423 ,
2424 1389 2426 1392 ’
2454 1386 2461 1392 ”

1473 1442 1501 1475 3.
1526 1432 1758 1466 Deindecum
1782 1432 1877 1467 dicit:
1909 1433 1965 1467 Sed
1991 1433 2022 1467 hi
2049 1434 2170 1486 quidem
2196 1435 2492 1480 sufficiemmntc„

1439 1477 1510 1510 onit
1525 1477 1702 1521 opiniones
1725 1477 1868 1511 aliorum
1891 1477 1932 1511 de
1955 1479 2136 1523 principiis.
2162 1479 2205 1514 Et
2228 1480 2314 1513 circa
2335 1478 2492 1516 boeiduo

1414 1488 1507 1555 facit:
1523 1522 1642 1582 primo
1659 1522 1754 1566 ponit
1769 1533 1842 1563 eas;
1866 1522 2015 1556 secundo
2031 1522 2197 1568 improbat
2211 1535 2279 1565 eas,
2294 1523 2493 1560 ibi-adflatui
2502 1538 2504 1541 ¹

1415 1572 1516 1599 autem
1547 1575 1608 1600 etc.
1626 1566 1775 1600 Fuerunt
1789 1575 1901 1600 autem
1917 1566 2002 1601 duae
2019 1568 2205 1612 opiniones.
2224 1569 2380 1610 Quarum
2387 1569 2494 1614 onnit
2518 1579 2530 1589 ·

1414 1611 1566 1654 primam,
1590 1610 1704 1644 dicens
1727 1610 1819 1656 quod
1835 1610 1970 1663 quidam
1994 1613 2244 1647 somniaverunt
2266 1612 2492 1659 naturatum-‹po-

1414 1655 1538 1696 cierum,
1555 1654 1640 1688 idest
1655 1656 1743 1700 ipsas
1767 1666 1894 1700 species
1910 1665 2074 1700 separatas
2121 1668 2179 1691 uas
2197 1657 2291 1691 Plato
2314 1657 2494 1704 appellavit

1415 1699 1519 1740 ideas,
1549 1711 1621 1734 esse
1645 1699 1865 1734 sufficientem
1889 1711 2022 1734 causam
2046 1701 2087 1735 ad
2134 1713 2176 1735 oc
2200 1701 2292 1747 quod
2304 1713 2366 1737 ses
2386 1710 2491 1747 gene-

1414 1753 1542 1785 rentur,
1566 1743 1852 1789 quemadmodum
1876 1744 1971 1779 Plato
1995 1745 2030 1778 in
2051 1745 2208 1780 Phaedone
2229 1747 2261 1787 ὃ,
2284 1745 2343 1781 ubi
2365 1745 2493 1790 inth

1415 1788 1586 1822 Socratem
1611 1788 1651 1823 ad
1675 1788 1962 1823 confirmationem
1985 1801 2064 1824 suae
2087 1790 2275 1834 opinionis:
2289 1789 2389 1828 *unde
2411 1790 2493 1827 dicit

1438 1832 1506 1867 uod
1526 1833 1570 1866 ibi
1589 1833 1740 1868 Socrates
1764 1834 1912 1878 increpat
1935 1833 2030 1874 alios,
2053 1843 2211 1879 tanquam
2230 1834 2490 1877 dicentem-nihil.

1444 1887 1456 1911 t
1480 1879 1640 1922 supponit
1686 1877 1755 1912 uod
1779 1879 1906 1912 entium
1931 1878 2093 1930 quaedam
2117 1888 2195 1912 sunt
2219 1878 2425 1917 substantiae·
2440 1891 2491 1914 se-

1414 1931 1556 1967 paratae,
1581 1934 1665 1968 quae
1690 1934 1744 1956 am
1764 1934 1844 1957 vero
1869 1923 2097 1968 participantia
2120 1924 2493 1968 specierumsicutmoe‘s

1414 1967 1513 2001 teriae
1529 1967 1556 2008 *,
1581 1975 1613 2000 et
1637 1967 1728 2012 quod
1752 1967 2018 2012 unumquodque
2035 1969 2262 2013 compositum
2278 1967 2400 2004 dicimi-
2416 1979 2490 2003 esse

1414 2020 1488 2045 actu
1505 2011 1690 2045 secundum
1715 2013 1871 2056 speciem,
1891 2013 2044 2056 ,generari
2068 2022 2180 2047 autem
2201 2011 2491 2050 secundinianum

1413 2057 1535 2100 speciei
1559 2067 1655 2090 susce
1681 2057 1826 2097 tionem,
1855 2066 1888 2090 et
1911 2056 2030 2091 dicitur
2054 2058 2222 2102 corrumpi
2247 2056 2432 2096 secundum
2455 2056 2492 2092 il·

1413 2100 1477 2134 lius
1501 2101 1623 2145 speciei
1646 2112 1665 2135 a
1689 2101 1876 2135 iectionem.
1906 2101 1999 2136 Dixit
2021 2102 2112 2136 enim
2135 2114 2150 2136 s
2176 2102 2262 2137 ecies
2284 2111 2396 2140 raum
2411 2113 2491 2140 -esse

1413 2154 1572 2187 aeternas,
1590 2157 1675 2190 quae
1690 2154 1768 2179 sunt
1783 2146 1877 2191 quasi
1924 2145 2064 2180 uaedam
2087 2113 2194 2191 sigiiia
2217 2147 2264 2180 im
2287 2145 2492 2184 ressntebus

1413 2189 1670 2234 generabilibus:
1688 2199 1721 2224 et
1740 2202 1819 2224 cum
1842 2191 1904 2234 sigi
1930 2199 2003 2226 atur
2022 2192 2170 2232 materia,
2191 2202 2259 2236 quo
2298 2188 2336 2229 fit
2350 2200 2411 2236 per
2424 2190 2493 2226 illa-

1413 2246 1488 2268 rum
1505 2235 1618 2279 partici
1645 2235 1802 2276 ationem,
1818 2243 1899 2268 tunc
1914 2247 1966 2269 res
1982 2243 2196 2280 generantur,
2218 2244 2251 2273 et
2270 2246 2349 2270 cum
2362 2235 2493 2273 eiidtur

1414 2278 1519 2313 forma
1543 2280 1606 2323 sigi
1632 2279 1642 2312 i
1667 2289 1696 2320 ε,
1725 2288 1837 2313 manet
1861 2279 1996 2324 quidem
2020 2289 2198 2325 perpetua,
2227 2279 2286 2318 sed
2312 2279 2492 2319 destruitur

1414 2323 1623 2358 individuum
1652 2335 1711 2368 per
1734 2324 1931 2358 eiectionem
1959 2324 2032 2358 talis
2057 2324 2192 2358 formae.
2223 2325 2441 2370 Quapropter
2462 2324 2492 2359 si

1414 2368 1476 2402 ista
1492 2377 1542 2402 est
1557 2368 1706 2402 idearum
1729 2377 1856 2409 natura,
1880 2377 1919 2402 ut
1941 2369 2013 2414 ipse
2038 2369 2190 2405 Socrates
2214 2378 2248 2404 et
2263 2368 2359 2404 Plato
2381 2369 2496 2404 existi-0

1414 2422 1516 2454 mant,
1539 2424 1674 2446 necesse
1699 2422 1748 2447 est
1771 2413 1860 2458 ipsas
1883 2415 2010 2458 species
2034 2425 2106 2448 esse
2123 2425 2245 2448 *causas
2268 2413 2498 2458 generationi·

1414 2466 1447 2491 et
1471 2457 1715 2502 corruptionis:
1749 2469 1808 2502 per
1837 2459 2056 2502 praesentiam
2084 2458 2219 2503 quidem
2247 2457 2491 2503 generationis,

1414 2513 1472 2545 per
1496 2501 1678 2535 absentiam
1696 2513 1777 2536 vero
1801 2503 2033 2547 corruptionis.

1467 2557 1498 2590 4.
1517 2545 1705 2580 Secundam
1719 2547 1914 2591 opinionem
1927 2547 2023 2591 ponit
2039 2546 2097 2580 ibi:
2113 2546 2161 2580 Hi
2176 2553 2278 2581 autem
2293 2554 2366 2588 etc„
2377 2545 2492 2581 dicens

1415 2590 1507 2643 quod
1523 2590 1576 2624 alii
1593 2602 1662 2624 non
1679 2590 1832 2624 dixerunt
1847 2591 1994 2635 primum
2012 2602 2152 2625 movens
2169 2602 2241 2625 esse
2257 2591 2492 2632 extrinsecum,

1415 2644 1500 2669 sicut
1516 2634 1623 2676 Plato,
1641 2634 1699 2669 sed
1723 2635 1876 2669 dixerunt
1899 2635 2099 2687 principium
2123 2635 2408 2671 transmutationis
2422 2646 2492 2670 ma-

1415 2681 1515 2714 teriae
1539 2691 1611 2714 esse
1635 2680 1741 2724 ipsam
1765 2681 1947 2721 materiam,
1963 2688 1996 2714 et
2012 2691 2123 2725 ipsum
2146 2689 2279 2714 motum
2293 2690 2406 2715 rerum
2419 2691 2492 2715 esse

1415 2724 1455 2758 ab
1483 2724 1567 2765 hac,
1597 2723 1682 2758 idest
1709 2724 1749 2758 ab
1777 2725 1849 2770 ipsa
1876 2725 2035 2766 materia,
2066 2724 2227 2769 disposita
2255 2733 2290 2758 et
2316 2723 2493 2759 informata
2544 2744 2548 2750 ι

1416 2769 1626 2814 qualitatibus
1651 2769 1775 2814 primis.

1474 2824 1502 2856 5.
1528 2812 1658 2848 Deinde
1678 2825 1755 2847 cum
1771 2813 1866 2847 dicit:
1891 2813 2004 2848 Neutri
2018 2820 2121 2848 autem
2136 2822 2211 2854 etc„
2233 2811 2388 2858 reprobat

1416 2858 1519 2892 dictas
1539 2859 1734 2903 opiniones:
1759 2859 1924 2910 et·primo
1948 2859 2107 2904 primam;
2131 2857 2280 2892 secundo
2295 2868 2399 2893 secun
2480 2882 2490 2899 ‚

1416 2902 1482 2936 ibi:
1511 2902 1543 2937 si
1566 2910 1667 2937 autem
1694 2909 1856 2938 matonam
1878 2903 1894 2920 ⁸
1917 2912 1978 2937 etc.
2008 2903 2154 2937 Primam
2181 2901 2336 2947 reprobat
2363 2901 2492 2937 duabus
2521 2914 2530 2924 ·
2544 2912 2633 2937 uun.

1416 2947 1615 2981 rationibus:
1645 2959 1786 2993 quarum
1817 2948 1958 2993 primam
1983 2947 2094 2992 ponit,
2119 2946 2231 2981 dicens
2260 2945 2352 2992 quod
2375 2954 2492 2981 neutra

1417 2993 1532 3043 opinio
1557 2992 1645 3026 bona
1669 3001 1735 3033 est;
1760 2993 1845 3044 quia·
1860 2993 1986 3037 species
2010 3000 2176 3043 separatae
2192 3002 2262 3043 non
2279 2999 2358 3043 sunt
2375 3002 2492 3026 causae

1418 3036 1618 3070 sufficientes
1642 3045 1864 3081 generationis
1888 3048 1965 3070 cum
1989 3045 2142 3071 materia:
2168 3047 2246 3081 quia
2268 3047 2300 3070 si
2310 3044 2391 3070 sunt
2405 3034 2495 3071 suffi-

1418 3082 1552 3122 cientes,
1576 3093 1676 3126 quare
1690 3081 1705 3099 ‘¹
1718 3092 1787 3115 non
1810 3092 1941 3126 semper
1965 3081 2121 3115 continue
2145 3088 2344 3125 generantur
2366 3091 2437 3122 res,
2459 3087 2498 3115 et
2519 3087 2611 3136 {ign

1418 3136 1487 3176 non
1511 3125 1711 3171 quandoque
1735 3126 1857 3178 sic,·et
1880 3125 2080 3172 quandoque
2103 3124 2197 3159 non?
2223 3125 2306 3160 Non
2329 3125 2420 3159 enim
2442 3133 2493 3159 est
2520 3146 2570 3163 on.
2584 3144 2634 3165 ο..

1418 3181 1524 3203 maior
1547 3170 1649 3211 ratio,
1678 3182 1778 3215 quare
1807 3181 1841 3204 m
1869 3182 1938 3205 uno
1961 3179 2111 3215 tempore
2139 3170 2267 3214 species
2294 3175 2494 3214 generentur

1420 3225 1520 3259 quam
1543 3215 1577 3247 in
1601 3214 1666 3248 alio
1681 3240 1689 3255 ,
1720 3226 1796 3248 cum
1819 3215 1910 3259 ipsae
1935 3215 2061 3259 species
2085 3223 2118 3248 et
2160 3214 2378 3260 articipantia‚
2406 3213 2494 3250 idest
2521 3242 2532 3254 ,

1419 3259 1583 3300 materiae,
1597 3271 1680 3304 quae
1693 3260 1822 3293 innatae
1838 3259 2114 3304 sunt*suscipere
2130 3271 2140 3292 1
2166 3270 2201 3292 as
2217 3259 2355 3304 species,
2364 3268 2495 3303 semper

362 3404 389 3437 οι)
409 3405 523 3430 omnium
542 3412 692 3437 corporum.
710 3419 729 3425 ·-
748 3409 836 3431 utrum
856 3413 997 3439 corporum
1017 3407 1058 3432 ed.
1071 3414 1096 3436 α,
1111 3415 1252 3440 corporum
1266 3408 1294 3438 C¹
1309 3415 1367 3434 cor-

305 3447 403 3472 porum
421 3441 610 3472 generabilium
630 3444 655 3465 et
673 3441 883 3473 corruptibilium
903 3442 948 3467 Pb.

363 3473 388 3507 β)
408 3478 437 3500 ut
455 3475 553 3500 dicit...
570 3476 775 3501 Commentator.
793 3490 812 3495 -
830 3480 859 3501 ut
879 3477 943 3502 dicit
957 3477 1048 3509 primo
1068 3477 1164 3503 metha.
1184 3482 1209 3503 et
1231 3479 1366 3504 Commen-

311 3513 383 3535 tator
402 3511 496 3535 metha.
518 3511 558 3535 ed.
573 3518 601 3540 a,
621 3514 650 3535 ut
669 3511 734 3536 dicit
754 3512 951 3537 Commentator
970 3512 996 3537 ίη
1011 3512 1103 3544 primo
1122 3513 1303 3539 Meteororum
1320 3514 1349 3539 C.

362 3546 389 3578 γ)
409 3545 479 3604 rgtio
498 3545 642 3578 definitiva.
653 3559 672 3564 -
690 3546 725 3571 lta
742 3546 778 3571 Pb
798 3551 823 3572 et
840 3547 870 3571 B.
884 3547 1020 3578 Albertus;
1041 3547 1182 3573 dissertum
1197 3549 1237 3574 ed.
1251 3556 1276 3580 a,
1292 3549 1366 3583 diffe-

311 3580 398 3605 rentia
439 3598 445 3604 .

363 3614 388 3648 δ)
408 3615 433 3640 in
453 3615 601 3641 Phaedone.
618 3628 637 3634 -
656 3615 682 3640 in
698 3616 838 3648 praedicta
862 3617 967 3642 ratione
986 3618 1034 3643 Ca.
1050 3631 1069 3637 -
1088 3619 1179 3644 Statim
1203 3627 1251 3651 pro
1271 3619 1367 3645 socra-

1422 3411 1482 3439 tem,
1497 3409 1650 3434 societatem
1665 3409 1716 3440 (ζα,-
1735 3417 1783 3443 pro
1796 3410 1868 3443 quod
1882 3409 1918 3435 ibn·
1937 3410 2063 3435 Socrates
2076 3409 2204 3441 increpat,
2220 3407 2257 3434 ibi·
2268 3407 2342 3441 quod
2354 3406 2495 3434 socierum

1422 3444 1543 3476 increpat
1562 3445 1603 3470 ed.
1617 3452 1646 3474 a,
1667 3445 1809 3478 increpans
1828 3446 1858 3471 C.

1475 3480 1496 3513 ε)
1509 3481 1605 3513 sor-ma
1623 3481 1714 3514 sigilli.
1726 3495 1745 3501 -
1764 3481 1799 3506 lta
1818 3481 1848 3506 Β.
1862 3480 2001 3510 albei-tun
2015 3480 2111 3515 sor-ma
2128 3478 2218 3513 sigilla
2237 3479 2290 3510 ea,
2303 3478 2400 3514 soma
2417 3478 2494 3516 sigil-

1421 3515 1478 3540 lata
1498 3515 1542 3540 Pb.
1559 3528 1579 3535 -
1596 3515 1647 3540 Pro
1671 3515 1724 3541 ista
1747 3519 1787 3542 est
1813 3516 1935 3542 idearum
1959 3519 2059 3542 natura
2079 3518 2122 3546 ut,
2143 3515 2195 3541 Ista
2218 3518 2318 3540 natura
2341 3517 2404 3540 sunt
2421 3512 2494 3548 quod

1422 3550 1462 3575 ed.
1477 3557 1502 3581 a,
1518 3551 1570 3576 Ista
1585 3558 1655 3576 nunc
1669 3558 1733 3576 vera
1745 3555 1809 3577 sunt
1821 3552 1893 3585 quod
1905 3548 1967 3577 C'in
1981 3559 2084 3583 κιαι-η
2099 3551 2138 3576 Ca
2151 3558 2205 3576 om.
2218 3556 2323 3576 necesse
2337 3553 2390 3580 ειη
2408 3549 2438 3575 Β.
2448 3549 2494 3574 ΑΙ·

1422 3585 1525 3610 bertus:
1546 3595 1558 3608 α
1572 3586 1737 3620 Quapropter
1752 3587 1774 3611 si
1787 3587 1850 3613 haec
1869 3594 1930 3612 vern
1949 3590 2018 3618 sunt,
2031 3591 2102 3620 patet
2116 3586 2189 3620 quod
2207 3585 2265 3620 ipse
2278 3585 2353 3611 Plato
2365 3585 2495 3610 existimat

1422 3628 1452 3645 ex
1471 3621 1625 3647 necessitate
1643 3629 1703 3648 esse
1722 3630 1813 3648 causas
1832 3622 2005 3656 generationis
2018 3632 2030 3645 ι
2051 3627 2100 3648 etc.

2521 3267 2600 3292 uru-
2618 3270 2630 3302 χ
