2690 4062
306 235 366 260 CIV

1022 212 1611 255 METEOROLOGICORUM
1639 211 1734 247 LIB.
1765 210 1815 245 III

1054 445 1350 503 LECTIO
1389 441 1755 500 SEPTIMA

791 611 848 642 DE
871 610 1031 641 FIGURA
1055 608 1113 638 ET
1138 606 1390 645 QUIBUSDAM
1413 604 1523 635 ALIIS
1545 603 1867 634 ACCIDENTIBUS
1890 602 2019 634 IRlDlS

306 751 383 783 ’Ότι
407 745 436 781 δ’
465 750 546 782 οὔτε
572 745 693 779 κύκλον
721 744 788 777 οἷόν
815 756 853 776 τε
877 740 1029 789 γίνεσθαι
1060 741 1122 777 τῆς
1147 734 1269 783 ἴριδος,
1296 737 1378 769 οὕτε

378 794 489 839 μεῖζον
515 792 711 845 ἡμικυκλίου
737 789 871 833 τμῆμα,
897 789 955 819 καὶ
982 786 1056 829 περὶ
1081 786 1148 817 τῶν
1176 783 1286 815 ἄλλων
1310 782 1376 813 τῶν

378 839 629 878 συμβαινοντων
664 836 737 878 περὶ
770 832 908 872 αὐτήν,
945 831 982 863 ἐκ
1019 830 1082 862 τοῦ
1114 825 1378 874 διαγράμματος

379 883 477 915 ἔσται
501 879 659 924 θεωροῦσι
683 874 805 914 δῆλον·

312 927 524 972 ἡμισφαιρίου
548 923 613 970 γάρ
636 923 731 959 ὄντος
751 920 804 953 ἐπὶ
823 921 886 953 τοῦ
909 919 1077 963 ὁρίζοντος
1101 916 1226 948 κύκλου
1245 915 1307 947 τοῦ
1326 912 1373 958 ἐφ’

377 971 400 1012 ᾧ
421 971 462 1001 τὸ
487 971 525 1010 Α,
544 968 682 1011 κέντρου
706 961 744 997 δὲ
769 966 832 997 τοῦ
857 965 897 1005 Κ,
925 964 1029 995 ἄλλου
1055 961 1093 993 δέ
1118 971 1208 998 τινος
1232 957 1380 991 ἀνατέλ-

374 1017 492 1051 λοντος
519 1014 656 1057 σημείου
682 1011 728 1055 ἐφ’
751 1009 774 1051 ᾦ
799 1010 840 1042 τὸ
858 1011 901 1050 H,
921 1008 980 1040 ἐαῖν
1002 1009 1037 1038 αἱ
1057 1004 1126 1038 ἀπό
1145 1005 1209 1037 τοῦ
1226 1006 1254 1034 Κ
1295 1015 1378 1048 ραμ-

376 1059 437 1103 μαὶ
467 1057 563 1090 κατοὶ
591 1057 695 1088 κῶνον
722 1055 932 1086 ἐπίπτουσαι
962 1052 1100 1084 ποιῶσιν
1132 1049 1242 1091 ὥσπερ
1295 1049 1378 1089 ξονα

375 1103 440 1139 τήν
465 1100 513 1146 ἐφ’
544 1101 564 1143 ᾖ
590 1101 612 1137 ἡ
637 1100 719 1140 ΗΚ,
745 1100 803 1129 καὶ
830 1099 901 1130 ἀπὸ
927 1097 990 1130 τοῦ
1007 1097 1036 1126 K
1057 1096 1111 1127 ἐπὶ
1137 1095 1179 1126 *ro*
1197 1095 1230 1124 Μ
1248 1093 1380 1136 ἐπιζευ-

374 1145 507 1191 χθεῖσαι
533 1142 787 1178 ἀνακλασθῶσιν
807 1141 876 1175 ἀπὸ
899 1142 961 1174 τοῦ
981 1141 1197 1185 ἡμισφαιρίου
1216 1138 1271 1170 ἐπὶ
1287 1137 1329 1170 τὸ
1347 1138 1377 1168 Η

375 1192 430 1224 ἐπὶ
448 1190 513 1227 τὴν
530 1190 631 1233 μείζω
648 1190 787 1234 γωνίαν,
808 1187 889 1230 πρός
905 1185 1031 1217 κύκλου
1049 1182 1258 1228 περιφέρειαν
1277 1193 1379 1226 προσ-

376 1236 563 1268 πεσοῦνται
589 1236 623 1266 αἱ
651 1232 720 1266 ἀπὸ
746 1232 808 1263 τοῦ
833 1233 872 1263 K.
905 1232 972 1262 Καὶ
998 1230 1057 1262 ἐάν
1083 1229 1142 1272 μὲν
1168 1228 1219 1260 ἐπ’
1251 1226 1379 1259 ἀνατο-

373 1280 448 1320 λῆς,
469 1277 490 1315 ἦ
508 1279 562 1311 ἐπὶ
583 1274 708 1315 δύσεως
729 1276 791 1309 τοῦ
819 1276 944 1318 ἄστρου
962 1274 983 1311 ἡ
1004 1272 1191 1310 ἀνάκλασις
1215 1270 1375 1318 γένηται,

375 1322 570 1368 ἡμικύκλιον
597 1319 883 1364 ἀποληφθήσεται
907 1319 970 1352 τοῦ
994 1317 1119 1351 κύκλου
1145 1316 1211 1349 ὑπὸ
1230 1317 1293 1348 τοῦ
1311 1316 1378 1357 ὀρί-

373 1370 490 1412 ζοντος
508 1369 549 1400 τὸ
568 1367 650 1411 ὑπὲρ
667 1366 732 1413 γῆν
750 1364 940 1411 γινόμενον,
955 1363 1014 1396 ἐοὶν
1030 1358 1058 1394 δ’
1080 1360 1208 1403 ἐπάνω,
1225 1361 1374 1393 ἔλαττον

376 1413 426 1446 ἀεὶ
453 1413 668 1455 ἡμικυκλίου·
696 1410 757 1443 ἐλά
785 1421 879 1441 ιστον
905 1405 950 1449 δ’,
978 1406 1063 1441 ὅταν
1090 1404 1146 1439 ἐπὶ
1170 1406 1233 1438 τοῦ
1250 1416 1376 1450 μεσημ-

374 1458 486 1500 βρινοῦ
510 1456 655 1503 γένηται
679 1455 721 1488 τὸ
743 1465 880 1499 οιστρον.
908 1453 1021 1485 Ἔστω
1042 1451 1106 1499 γάρ
1129 1449 1181 1483 ἐπ’
1203 1450 1375 1487 ἀνατολῆς

374 1502 520 1546 πρῶτον,
540 1501 578 1533 οὗ
596 1500 637 1532 τὸ
653 1501 696 1541 Η,
714 1502 772 1531 καὶ
795 1497 1039 1531 ἀνακεκλάσθω
1058 1497 1078 1533 ἡ
1101 1498 1127 1526 Κ
1141 1497 1172 1526 Μ
1199 1496 1253 1528 ἐπὶ
1271 1494 1374 1543 τόῃΗ,

373 1547 432 1578 καὶ
457 1546 498 1578 τὸ
521 1540 681 1578 ἐπίπεδον
708 1542 923 1584 ἐκβεβλήσθω
949 1543 983 1574 ἐν
1001 1542 1024 1584 ᾧ
1044 1540 1085 1575 τὸ
1103 1541 1141 1582 Α,
1161 1540 1202 1573 τὰ
1221 1539 1290 1573 ἀπὸ
1311 1540 1375 1572 τοῦ

374 1589 536 1637 τριγώνου
555 1587 588 1622 ἐν
614 1589 637 1631 ᾧ
663 1588 705 1622 τὸ
730 1590 760 1620 Η
774 1589 856 1620 ΚΜ.
894 1586 1022 1625 Κύκλος
1048 1583 1105 1618 οὖν
1123 1586 1144 1623 ἡ
1163 1585 1255 1630 τομή
1273 1585 1375 1616 ἔσται

373 1636 436 1673 τῆς
468 1637 611 1678 σφαίρας
640 1635 671 1667 οἱ
687 1634 865 1680 μέγιστος·
893 1632 980 1666 ἔστω
1012 1633 1028 1663 ὀ
1059 1631 1106 1675 ἐφ’
1137 1629 1160 1672 ᾧ
1186 1631 1223 1661 Α·
1255 1625 1375 1662 διοίσει

372 1679 436 1726 γάρ
463 1678 572 1720 οὐθὲν,
593 1677 632 1710 οἳν
659 1678 836 1711 ὁποιονοῦν
861 1678 929 1709 τῶν
955 1676 1010 1709 ἐπὶ
1037 1677 1099 1713 τῆς
1124 1676 1195 1706 ΗΚ
1218 1674 1315 1707 κατοὶ
1334 1674 1375 1706 τὸ

374 1727 534 1779 τρίγωνον
568 1722 609 1756 τὸ
633 1724 749 1754 ΚΜΗ
774 1721 922 1764 ἐκβληθῇ
955 1721 996 1754 τὸ
1029 1717 1203 1753 ἐπίπεδον.
1244 1720 1282 1751 Αἱ
1317 1717 1373 1751 οὖν

376 1767 445 1801 ἀπο
470 1769 536 1801 τῶν
561 1769 608 1809 H,
633 1768 662 1798 K
688 1766 900 1813 ἀναγόμεναι
932 1767 1088 1812 γραμμαὶ
1119 1765 1151 1796 ἐν
1184 1763 1298 1805 τούτῳ
1326 1764 1374 1805 τῷ

372 1812 412 1845 λό
438 1826 461 1855 ῳ
487 1813 524 1844 οὗ
542 1811 822 1848 συσταθήσονται
839 1811 902 1844 τοῦ
921 1810 968 1853 ἐφ’
991 1810 1014 1851 ᾧ
1033 1811 1059 1842 Α
1076 1810 1275 1852 ἡμικυκλίου
1293 1808 1374 1849 πρὸς

375 1826 459 1890 ἄλλο
483 1859 541 1889 καὶ
561 1857 644 1889 ἄλλο
660 1860 815 1900 σημεῖον·
842 1856 916 1887 ἐπεὶ
940 1855 1004 1902 γὰρ
1023 1853 1071 1887 τά
1087 1867 1126 1886 τε
1142 1855 1185 1895 H,
1205 1855 1232 1884 K
1249 1856 1375 1896 σημεῖα.

373 1898 536 1943 δέδοται,
562 1902 620 1933 καὶ
646 1902 667 1938 ἡ
691 1902 761 1932 KH
793 1895 956 1944 δεδομένη
992 1899 1030 1932 οἶν
1063 1900 1114 1936 εἴη
1145 1899 1204 1930 καὶ
1230 1899 1250 1935 ἡ
1276 1899 1373 1939 ΜΗ,

374 1946 461 1980 ὥστε
486 1948 543 1978 καὶ
570 1947 585 1978 ὀ
609 1945 710 1992 λόγος
734 1945 797 1983 τῆς
822 1946 896 1976 MH
921 1944 1001 1988 πρὸς
1028 1943 1092 1980 τὴν
1117 1944 1201 1975 ΜΚ.
1233 1938 1377 1986 Δεδομέ-

373 2004 429 2030 νης
455 1989 512 2023 οὖν
537 1993 742 2035 περιφερείας
759 1988 930 2033 ἐφάψεται
947 1988 989 2021 τὸ
1006 1990 1049 2019 Μ.
1081 1987 1195 2021 Ἔστω
1220 1986 1264 2025 δή
1283 1987 1373 2025 αὕτη

374 2037 420 2080 ἐφ’
451 2035 489 2074 ἡς
514 2035 561 2068 τά
583 2036 670 2067 ΝΜ·
697 2033 772 2066 ὥσθ’
794 2035 814 2071 ἡ
834 2034 925 2089 τομή
950 2034 1017 2066 τῶν
1045 2033 1256 2078 περιφερειῶν
1280 2031 1374 2065 δέδο-

374 2093 446 2113 ται.
482 2080 564 2124 Πρὸς
583 2080 670 2124 ἄλλῃ
695 2075 732 2112 δέ
753 2079 798 2121 τῇ
820 2090 900 2123 προς
927 2079 972 2120 τῇ
998 2079 1071 2109 ΜΝ
1096 2079 1284 2122 περιφερείᾳ
1305 2076 1376 2111 uitro*

372 2126 438 2159 τῶν
465 2125 578 2157 αὐτῶν
604 2126 748 2169 σημείων
768 2124 784 2156 ὀ
801 2123 907 2161 αὐτὸς
929 2122 1030 2169 λόγος
1057 2122 1089 2154 ἐν
1116 2123 1164 2163 τῷ
1191 2123 1286 2164 αὐτῷ
1305 2121 1376 2155 ἐπι-

373 2165 463 2211 πέδῳ
489 2169 526 2201 οὗ
556 2171 773 2202 συνίσταται.
810 2167 992 2200 Ἐκκείσθω
1019 2165 1075 2199 οὖν
1102 2179 1152 2204 τις
1185 2167 1327 2213 γραμμή
1353 2167 1374 2204 ἡ

372 2215 451 2253 ΔΒ,
483 2215 541 2246 καὶ
572 2212 755 2258 τετμήσθω
780 2213 822 2250 ὥς
849 2213 870 2249 ἡ
896 2213 970 2244 ΜΗ
995 2212 1075 2256 πρὸς
1100 2213 1171 2243 ΜΚ
1197 2213 1218 2249 ἡ
1243 2213 1267 2242 Δ
1293 2211 1374 2258 πρὸς

371 2258 413 2291 τὸ
437 2259 473 2291 Β.
511 2259 638 2301 Μείζων
664 2253 694 2290 δ’
715 2259 735 2295 ἡ
761 2258 836 2288 ΜΗ
860 2258 923 2294 τῆς
949 2258 1035 2298 MK,
1061 2254 1200 2300 ἐπείπερ
1227 2257 1283 2289 ἐπὶ
1308 2256 1373 2294 τήν

371 2303 471 2348 μείζω
496 2305 620 2349 γωνίαν
639 2303 659 2340 ἡ
679 2302 864 2340 ἀνάκλασις
887 2303 950 2334 τοῦ
973 2301 1098 2334 κώνου·
1126 2301 1193 2334 ὐπὸ
1217 2302 1283 2348 γάρ
1309 2301 1374 2339 τήν

371 2348 471 2392 μείζω
503 2350 627 2394 γωνίαν
658 2349 829 2380 ὑποτείνει
861 2347 925 2384 την
960 2347 1022 2379 τοῦ
1054 2347 1170 2377 ΚΜΗ
1195 2345 1371 2393 τριγώνου.

371 2393 500 2435 Μείζων
527 2392 592 2434 ἄρα
615 2393 673 2424 καὶ
691 2393 712 2428 ἢ
730 2393 753 2422 Δ
771 2392 834 2429 τῆς
851 2392 887 2423 Β.
914 2389 1196 2447 Προσπεπορίσθω
1215 2389 1272 2423 οὖν
1292 2391 1373 2435 πρὸς

371 2436 435 2474 τήν
459 2438 504 2477 Β,
531 2436 579 2481 ἐφ’
608 2436 646 2474 ἡς
678 2435 718 2469 τὸ
743 2438 784 2467 Ζ·
811 2435 891 2468 ὥστ’
920 2448 1006 2468 ειναι
1040 2435 1120 2480 ὅπερ
1152 2435 1216 2473 τήν
1242 2437 1266 2467 Δ
1292 2435 1372 2479 πρὸς

371 2481 436 2517 τήν
460 2483 505 2521 Β,
537 2480 600 2518 τὴν
628 2483 687 2512 ΒΖ
714 2481 793 2526 πρὸς
825 2480 888 2517 τὴν
915 2482 949 2513 Δ.
993 2477 1060 2512 Εἶθ’
1090 2479 1170 2526 ὅπερ
1196 2481 1216 2517 ἡ
1242 2483 1266 2512 Ζ
1292 2482 1373 2526 πρός

372 2526 435 2562 τήν
459 2526 538 2566 ΚΗ,
558 2527 578 2562 ἡ
597 2527 637 2558 τό
654 2527 678 2556 Β
696 2526 775 2570 πρὸς
796 2525 899 2562 ἄλλην
917 2523 1115 2562 πεποιήσθω
1133 2525 1197 2562 τὴν
1218 2527 1294 2567 ΚΠ,
1313 2527 1373 2558 καὶ

374 2569 442 2603 ἀπὸ
467 2570 529 2602 τοῦ
553 2572 579 2601 Π
603 2570 658 2602 ἐπὶ
683 2570 724 2602 τὸ
744 2571 777 2601 Μ
802 2568 995 2615 ἐπεζεύχθω
1021 2571 1041 2607 ἡ
1068 2570 1110 2602 vo*
1135 2571 1216 2602 ΜΠ.
1246 2570 1374 2602 Ἔσται

373 2613 430 2647 οὖν
456 2613 497 2646 τό
521 2615 546 2644 Π
571 2613 672 2652 πόλος
698 2615 761 2647 τοῦ
785 2613 923 2655 κύκλου,
944 2614 1024 2658 πρὸς
1051 2614 1085 2646 ὃν
1112 2617 1147 2646 αἱ
1175 2613 1244 2647 ἀπὸ
1263 2615 1327 2647 τοῦ
1346 2616 1373 2645 Κ

371 2660 526 2705 γραμμαὶ
561 2661 849 2703 προσπίπτουσιν·
876 2659 975 2692 ἔσται
999 2659 1064 2706 γάρ
1091 2658 1171 2703 ὅπερ
1198 2660 1219 2696 ἡ
1244 2661 1267 2690 Ζ
1293 2659 1375 2704 πρὸς

374 2703 438 2741 τὴν
464 2704 545 2743 ΚΗ,
571 2705 629 2735 καὶ
655 2705 675 2740 ἡ
694 2705 717 2734 Β
735 2705 814 2748 πρὸς
841 2703 904 2740 τήν
930 2705 1007 2745 ΚΠ,
1033 2705 1092 2735 καὶ
1118 2705 1139 2740 ἡ
1158 2705 1182 2734 Δ
1207 2703 1288 2749 πρὸς
1309 2704 1373 2741 τήν

370 2749 453 2780 ΠΜ.
491 2747 546 2783 Μὴ
577 2748 641 2793 γάρ
670 2748 780 2789 ἔστω,
809 2748 882 2781 ἀλλ’
912 2748 933 2785 ἦ
959 2748 1039 2794 πρός
1066 2746 1218 2790 ἐλάττω,
1245 2747 1266 2786 ἦ
1293 2748 1374 2792 πρὸς

374 2793 473 2837 μείζω
492 2792 555 2829 τῆς
574 2793 657 2824 ΠΜ·
684 2791 780 2824 οὐθέν
804 2793 869 2838 γάρ
895 2788 1025 2825 διοίσει.
1057 2793 1170 2825 Ἔστω
1196 2794 1277 2838 πρὸς
1301 2795 1371 2826 ΠΡ.

373 2837 436 2869 Τὸν
455 2837 561 2869 αὐτὸν
581 2837 646 2881 ἄρα
665 2836 767 2883 λόγον
789 2840 824 2869 αἱ
849 2839 879 2869 H
896 2839 922 2867 K
942 2839 1000 2870 καὶ
1020 2839 1083 2868 ΚΠ
1102 2839 1160 2870 καὶ
1178 2839 1198 2875 ἡ
1217 2839 1275 2869 ΠΡ
1293 2837 1375 2883 πρὸς

376 2880 526 2918 ἀλλήλας
544 2879 671 2922 ἕξουσιν
690 2880 789 2925 ὅνπερ
809 2884 843 2914 αἰ
862 2883 898 2923 Δ,
913 2883 950 2922 Β,
965 2884 1000 2915 Ζ.
1034 2883 1072 2914 Αἰ
1089 2878 1127 2914 δὲ
1144 2883 1180 2923 Δ,
1195 2884 1232 2924 Β,
1251 2885 1274 2914 Ζ
1294 2882 1375 2916 ἀνά-

372 2927 473 2972 λογον
499 2923 599 2967 ἡσαν,
623 2925 702 2969 ὅπερ
729 2927 749 2962 ἡ
777 2927 799 2962 A
824 2926 904 2970 πρὸς
929 2928 966 2968 Β,
994 2926 1014 2963 ἡ
1040 2928 1100 2958 ΖΒ
1126 2927 1206 2981 πρὸς
1232 2929 1267 2958 Δ·
1294 2924 1373 2960 ὥσθ’

376 2969 455 3014 ὅπερ
474 2970 494 3006 τ’,
515 2971 582 3001 [IH
607 2970 685 3014 πρὸς
712 2970 776 3007 τὴν
801 2972 873 3012 ΠΡ,
896 2971 916 3007 ἡ
943 2971 984 3004 τὰ
1008 2971 1071 3002 ΠΡ
1097 2983 1177 3013 προς
1205 2971 1268 3008 τήν
1293 2972 1372 3004 ΠΚ.

367 3013 426 3046 Ἀν
448 3013 504 3047 οὖν
532 3012 599 3047 ἀπὸ
625 3015 691 3046 τῶν
709 3016 749 3056 Κ,
768 3016 797 3046 H
816 3018 850 3047 αἱ
875 3016 941 3046 HP
957 3017 1015 3048 καὶ
1039 3017 1104 3047 ΚΡ
1129 3015 1184 3048 ἐπὶ
1206 3016 1247 3049 τὸ
1262 3017 1287 3047 Ρ
1305 3017 1378 3048 ἐπι-

374 3058 569 3104 ζευχθῶσιν,
589 3061 623 3090 αἱ
642 3059 890 3104 ἐπιζευχθεῖσαι
917 3059 1023 3092 αὗται
1049 3060 1109 3093 τὸν
1137 3060 1244 3092 αὐτὸν
1265 3059 1375 3102 ἕξουσι

373 3101 476 3148 λόγον
498 3102 596 3147 ὅνπερ
622 3104 643 3139 ἡ
667 3104 735 3134 ΠΗ
761 3104 840 3147 πρὸς
859 3103 922 3141 τὴν
948 3106 1026 3135 ΠΡ·
1055 3106 1128 3147 περὶ
1149 3104 1215 3151 γάρ
1233 3105 1299 3141 τὴν
1318 3105 1380 3137 αὖ-

377 3146 440 3183 τὴν
466 3150 590 3193 γωνίαν
623 3147 686 3184 τὴν
710 3149 735 3178 Π
764 3147 932 3195 ἀνάλογον
960 3149 994 3181 αἳ
1020 3161 1058 3181 τε
1085 3149 1147 3181 τοῦ
1172 3150 1276 3180 ΗΠΡ
1308 3161 1378 3194 τρι-

376 3190 484 3237 γώνου
508 3193 566 3223 καὶ
584 3192 645 3224 τοῦ
671 3193 790 3223 ΚΡΠ·
817 3191 904 3225 ὥστε
929 3194 987 3225 καὶ
1005 3194 1026 3230 ἡ
1044 3194 1106 3224 ΠΡ
1132 3193 1212 3238 πρὸς
1231 3195 1296 3230 τήν
1313 3195 1377 3225 ΚΡ

378 3235 437 3267 τὸν
461 3235 566 3268 αὐτὸν
583 3234 648 3276 ἔξει
664 3235 779 3282 λόγον,
797 3238 855 3269 καὶ
873 3238 894 3274 ἡ
913 3238 978 3268 ΗΠ
995 3237 1075 3282 πρὸς
1094 3237 1157 3274 τήν
1177 3239 1251 3270 ΠΡ.
1280 3238 1377 3283 Ἔχει

378 3273 415 3311 δὲ
438 3281 496 3311 καὶ
522 3281 543 3316 ἡ
567 3281 642 3311 ΜΗ
667 3281 747 3325 πρὸς
766 3281 829 3317 τήν
847 3282 919 3311 ΜΚ
944 3281 1003 3314 τὸν
1026 3282 1132 3314 αὐτὸν
1154 3281 1256 3328 λόγον
1277 3282 1375 3327 ὅνπερ

379 3323 399 3359 ἡ
425 3324 465 3355 τὸ
491 3324 514 3354 Δ
538 3324 618 3368 πρός
643 3324 684 3357 τὰ
709 3326 732 3355 Β
759 3324 966 3370 ἀμφότεραι·
993 3324 1075 3358 ὥστ’
1102 3325 1170 3359 ἀπὸ
1197 3327 1264 3360 τῶν
1289 3328 1332 3368 Η,
1351 3328 1379 3357 Κ

380 3369 521 3410 σημείων
549 3368 586 3400 οὖ
607 3367 705 3412 μόνον
727 3370 807 3424 π’ρός
833 3370 878 3411 τῇ
903 3371 975 3401 ΜΝ
1000 3372 1189 3414 περιφερείᾳ
1206 3370 1379 3407 συσταθή-

380 3422 500 3443 σονται
525 3412 583 3444 τὸν
610 3412 715 3445 αὐτὸν
742 3425 882 3458 εχουσαι
905 3413 1022 3460 λόγον,
1044 3412 1134 3447 ἀλλά
1157 3417 1214 3446 καὶ
1242 3414 1376 3447 ἄλλοθι·

382 3453 461 3499 ὅπερ
494 3450 676 3490 ἀδύνατον.
711 3457 808 3489 Ἐπεὶ
839 3456 895 3489 οὖν
922 3458 942 3494 ἡ
969 3458 993 3488 Δ
1018 3458 1098 3490 οὔτε
1128 3458 1208 3503 πρὸς
1239 3458 1377 3492 ἐλάττω

381 3499 442 3536 τῆς
467 3499 558 3540 ΠΜ,
586 3500 665 3532 οὗτε
690 3501 770 3543 πρὸς
798 3502 899 3545 μείζω
927 3503 1067 3545 (ὁμοίως
1092 3501 1156 3547 γάρ
1182 3497 1376 3546 δείξομεν),

380 3538 484 3578 δῆλον
512 3541 564 3575 ὅτι
589 3545 669 3585 πρὸς
696 3545 807 3581 αὗτὴν
835 3546 874 3577 ἄν
900 3547 950 3583 εἴη
977 3546 1041 3582 τήν
1066 3546 1080 3578 ἐ
1106 3547 1114 3559 ’
1137 3546 1156 3588 ᾔ
1182 3548 1269 3577 ΜΠ·
1296 3547 1375 3579 ὥστ’

382 3587 481 3618 ἔσται
514 3586 593 3631 ὅπερ
619 3588 639 3624 ἡ
665 3589 733 3618 ΜΠ
759 3589 840 3632 πρός
870 3589 934 3625 τὴν
959 3590 1046 3630 ΠΚ,
1078 3603 1099 3626 η
1130 3590 1172 3622 τὸ
1196 3592 1268 3622 ΠΗ
1298 3591 1379 3634 πρὸς

1431 744 1448 762 *
1464 742 1629 781 Quoniam
1653 748 1761 772 autem
1780 751 1886 783 neque
1909 741 2065 772 circulum
2081 742 2232 783 possibile
2256 749 2303 774 est
2325 741 2392 774 fieri
2409 742 2508 782 iridis,
2534 748 2547 760 ·
2561 736 2671 777 Cup-v(

1499 796 1603 827 neque
1622 786 1779 816 maiorem
1802 786 2002 817 semicirculo
2026 786 2221 827 portionem,
2244 794 2275 818 et
2291 787 2329 818 de
2346 787 2413 818 aliis
2433 787 2510 819 acci-

1499 831 1646 861 dentibus
1662 830 1744 861 circa
1755 830 1870 871 ipsam,
1887 840 1925 861 ex
1939 831 2151 872 descriptione
2163 831 2222 863 erit
2234 831 2509 864 considerantibus

1494 875 1710 906 manifestum.

1432 919 1677 960 Hemisphaerio
1711 919 1798 950 enim
1827 919 1977 950 existente
2007 929 2104 960 super
2125 919 2328 952 horizontem
2352 921 2509 952 circulum

1497 965 1530 995 in
1547 974 1614 1006 quo
1638 966 1678 1002 A,
1695 971 1803 995 centro
1819 970 1927 995 autem
1951 964 1993 1002 K,
2010 963 2073 994 alio
2097 971 2206 995 autem
2220 966 2364 1006 quodam
2387 965 2510 997 oriente

1494 1009 1585 1049 signo
1608 1009 1642 1039 in
1664 1018 1732 1049 quo
1756 1009 1800 1047 H,
1824 1008 1850 1039 si
1866 1018 1949 1050 quae
1971 1018 1991 1039 a
2006 1009 2036 1039 K
2059 1008 2164 1040 lineae
2185 1009 2365 1041 secundum
2387 1019 2510 1042 conum

1498 1053 1675 1084 excidentes
1698 1052 1815 1084 faciant
1840 1053 1929 1084 velut
1951 1063 2043 1083 axem
2065 1053 2100 1084 in
2122 1063 2187 1094 qua
2210 1054 2294 1091 HK,
2318 1060 2351 1085 et
2371 1063 2391 1085 a
2413 1054 2445 1085 K
2467 1054 2510 1086 od

1497 1099 1531 1129 M
1544 1098 1710 1129 adiunctae
1725 1097 1914 1138 refringatur
1925 1098 1965 1128 ab
1980 1097 2215 1138 hemisphaerio
2231 1098 2272 1129 ad
2284 1098 2315 1129 H
2331 1108 2510 1140 superma·

1496 1142 1599 1174 iorem
1623 1142 1794 1182 angulum,
1819 1142 1860 1172 ad
1893 1141 2002 1173 circuli
2025 1142 2239 1184 peripheriam
2260 1142 2402 1175 incident
2423 1153 2443 1174 ι
2465 1143 2508 1181 K.

1496 1188 1538 1218 Et
1561 1187 1586 1218 si
1605 1187 1738 1228 quidem
1762 1186 1884 1218 oriente
1906 1193 1963 1218 aut
1985 1187 2148 1218 occidente
2172 1194 2257 1219 astro
2280 1187 2427 1219 resi-actio
2441 1186 2514 1227 fiat,

1496 1232 1715 1263 semicirculus
1739 1238 1919 1262 assumetur
1943 1231 2052 1262 circuli
2074 1232 2115 1263 ab
2138 1231 2306 1264 horizonte
2332 1231 2390 1274 qui
2412 1241 2514 1274 supet*
2530 1238 2537 1243 “

1496 1283 1612 1308 terram
1635 1276 1681 1315 fit,
1706 1276 1732 1307 si
1755 1283 1864 1307 autem
1887 1286 1995 1316 supra,
2012 1286 2139 1317 semper
2161 1276 2268 1308 minor
2290 1275 2510 1317 semicircul03

1497 1321 1672 1352 minimum
1701 1328 1828 1359 autem,
1859 1331 1935 1352 cum
1965 1320 1999 1351 in
2022 1320 2154 1352 meridie
2181 1321 2278 1352 fuerit
2298 1328 2430 1354 uuum.
2461 1321 2514 1354 Sit

1497 1366 1584 1398 enim
1606 1366 1640 1396 in
1659 1365 1780 1397 oriente
1802 1365 1910 1406 primo
1933 1365 2026 1396 cuius
2049 1366 2093 1404 H,
2108 1371 2140 1397 et
2161 1365 2293 1397 refracta
2315 1365 2356 1397 sit
2377 1365 2445 1398 ΚΜ
2466 1365 2514 1398 ad'

1495 1412 1528 1442 H
1552 1417 1583 1442 et
1598 1411 1732 1451 planum
1757 1410 1894 1441 eiectum
1918 1410 1958 1441 sit
1977 1410 2010 1441 in
2025 1420 2092 1452 quo
2109 1412 2150 1449 A,
2166 1410 2258 1452 quod
2280 1420 2299 1442 a
2321 1410 2451 1452 trigono
2468 1410 2510 1442 in

1496 1466 1564 1497 quo
1588 1455 1697 1487 HKM.
1723 1455 1871 1486 Circulus
1900 1454 1997 1496 igitur
2023 1454 2142 1486 decisio
2173 1455 2231 1487 erit
2257 1455 2428 1496 sphaerae,
2450 1454 2514 1498 qu}

1496 1500 1655 1531 maximus
1679 1500 1719 1531 sit
1741 1500 1775 1530 in
1791 1509 1859 1541 quo
1874 1501 1918 1531 A:
1943 1499 2046 1531 differt
2067 1500 2155 1531 enim
2175 1500 2265 1538 nihil,
2281 1499 2307 1531 si
2323 1499 2513 1542 quodcum—-

1496 1555 1560 1587 que
1584 1554 1698 1576 eorum
1721 1554 1804 1586 quae
1827 1554 1924 1585 super
1941 1544 2006 1575 HK
2026 1545 2205 1576 secundum
2223 1544 2510 1586 trigonumKMH

1496 1590 1634 1622 eiectum
1649 1589 1744 1620 fuerit
1758 1589 1902 1630 planum.
1918 1588 2010 1626 Quae
2025 1589 2122 1630 igitur
2140 1589 2180 1620 ab
2197 1589 2246 1620 his
2260 1598 2344 1630 quae
2366 1588 2432 1621 HK
2445 1588 2508 1621 du·-

1496 1642 1564 1666 ctae
1579 1635 1680 1666 lineae
1704 1634 1737 1664 in
1760 1634 1820 1665 hac
1836 1633 1959 1665 ratione
1974 1643 2043 1664 non
2065 1634 2300 1666 constituentur
2315 1630 2507 1669 semicirculi

1496 1677 2512 1764 ffissussgssfflaiiussfftffssssdqifissuffnfflssffiqffimassuss

1496 1779 1579 1810 quae
1603 1769 1682 1806 MH,
1699 1777 1798 1809 quare
1821 1774 1853 1799 et
1868 1767 1948 1798 ratio
1972 1767 2040 1798 eius
2056 1777 2139 1809 quae
2162 1767 2230 1798 ΜΗ
2249 1767 2290 1798 ad
2310 1766 2387 1799 MK.
2402 1766 2510 1809 Super

1497 1814 1604 1845 datam
1620 1813 1715 1854 igitur
1738 1811 1951 1854 peripheriam
1970 1819 2077 1853 tanget
2099 1812 2144 1843 M.
2169 1811 2217 1843 Sit
2238 1811 2348 1853 itaque
2368 1811 2448 1849 hoec
2468 1809 2514 1843 in*

1497 1869 1562 1900 qua
1583 1859 1666 1889 NM:
1691 1867 1790 1899 quare
1813 1856 1932 1888 decisio
1954 1856 2209 1897 peripheriarum
2232 1856 2306 1888 data
2327 1857 2386 1888 est.
2410 1855 2510 1899 Apud

1497 1903 1592 1934 aliam
1615 1908 1724 1934 autem
1747 1907 1847 1943 quam
1879 1901 1920 1932 ad
1943 1911 2014 1932 eam
2037 1910 2120 1942 quae
2143 1901 2208 1932 MN
2232 1899 2446 1942 peripheria‘m
2466 1899 2515 1941 a&

1497 1948 1617 1979 eisdem
1640 1947 1738 1988 signis
1765 1946 1876 1978 eadem
1899 1945 1980 1977 ratio
2003 1945 2036 1976 in
2056 1945 2172 1977 eodem
2195 1945 2293 1987 plano
2313 1955 2381 1977 non
2403 1943 2510 1977 cond-a

1497 1999 1567 2024 stet.
1592 1993 1777 2033 Exponamr
1791 1991 1888 2032 igitur
1903 1990 2062 2032 quaedam
2082 1990 2167 2022 linea
2185 2000 2268 2032 quae
2283 1989 2352 2028 DB,
2369 1995 2409 2022 et*
2420 1989 2514 2022 ded-1

1497 2038 1590 2069 datur
1612 2044 1649 2068 ut
1664 2037 1731 2068 ΜΗ
1748 2036 1788 2067 ad
1804 2036 1870 2067 MK
1888 2045 1971 2077 quae
1994 2035 2023 2066 D
2048 2035 2089 2066 ad
2111 2035 2148 2066 B.
2172 2035 2277 2066 Maior
2291 2040 2400 2066 autem
2446 2042 2508 2066 ute

1496 2082 1564 2114 MH
1588 2091 1624 2112 ea
1652 2091 1734 2124 quae
1757 2081 1845 2119 MK,
1868 2079 2026 2122 quoniam
2049 2089 2145 2121 super
2172 2079 2328 2111 maiorem
2449 2079 2515 2111 un

1495 2125 1640 2158 refractio
1657 2126 1746 2157 coni:
1762 2125 1822 2156 sub
1836 2124 1951 2156 maiori
1966 2124 2052 2156 enim
2071 2120 2192 2165 angulo
2207 2123 2410 2161 subtenditur
2421 2123 2508 2164 eiu-,-

1496 2181 1580 2213 quae
1603 2171 1702 2202 MKH
1726 2168 1853 2212 trigoni.
1870 2169 2067 2201 Adveniatur
2085 2168 2182 2211 igitur
2204 2169 2245 2200 ad
2269 2178 2342 2200 eam
2362 2177 2448 2212 qnae
2467 2168 2508 2208 Β,

1496 2216 1529 2247 ἱη
1553 2226 1618 2258 qua
1640 2216 1683 2246 Z:
1708 2222 1745 2246 ut
1766 2214 1807 2246 sit
1836 2214 1927 2256 quod
1958 2213 2092 2255 quidem
2114 2213 2143 2244 D
2167 2213 2208 2244 ad
2230 2214 2257 2244 B
2286 2222 2370 2256 quae
2390 2212 2445 2245 ΒΖ
2466 2212 2513 2245 σά

1496 2261 1536 2292 D.
1553 2260 1676 2292 Deinde
1691 2259 1781 2301 quod
1801 2258 1933 2301 quidem
1948 2259 1973 2290 Z
1995 2258 2036 2289 ad
2055 2258 2131 2297 KH,
2144 2267 2231 2300 quae
2245 2258 2272 2290 B
2286 2258 2328 2289 ad
2343 2256 2439 2293 aliam
2451 2255 2514 2291 flat

1497 2315 1579 2346 quae
1603 2305 1670 2343 KP,
1687 2311 1719 2336 et
1733 2315 1752 2335 a
1774 2304 1799 2335 P
1823 2304 1864 2335 ad
1879 2304 1913 2335 M
1935 2303 2105 2344 copuletur
2120 2313 2203 2344 quae
2226 2303 2297 2335 MP.
2321 2302 2392 2334 Erit
2412 2301 2513 2344 igitur

1496 2351 1521 2381 P
1545 2349 1640 2390 polus
1664 2349 1792 2387 circuli,
1817 2349 1857 2379 ad
1890 2358 1990 2390 quem
2019 2357 2102 2389 quae
2124 2358 2143 2378 a
2166 2348 2198 2378 Κ
2219 2347 2323 2379 lineae
2351 2346 2512 2379 incidunt.

1495 2394 1564 2426 Erit
1587 2394 1674 2425 enim
1697 2393 1788 2435 quod
1811 2393 1944 2435 quidem
1963 2402 2046 2434 quae
2069 2392 2094 2423 Z
2117 2392 2159 2423 ad
2181 2392 2245 2423 KH
2269 2399 2301 2424 et
2322 2401 2406 2434 quae
2420 2391 2448 2424 B
2462 2391 2512 2423 ad-

1496 2439 1552 2470 KP
1568 2446 1599 2470 et
1617 2448 1700 2480 quae
1718 2438 1747 2469 D
1773 2438 1812 2468 ad
1831 2438 1901 2468 ΡΜ.
1917 2437 1992 2468 Non
2013 2436 2100 2468 enim
2118 2436 2169 2475 sit,
2189 2436 2246 2468 sed
2268 2443 2325 2468 aut
2343 2436 2384 2468 ad
2402 2436 2511 2468 mino-

1496 2494 1575 2522 rem,
1601 2483 1711 2514 autad
1735 2482 1891 2513 maiorem
1915 2491 1951 2512 ea
1973 2491 2056 2523 quae
2079 2481 2158 2512 PM:
2182 2480 2262 2511 nihil
2285 2480 2372 2512 enim
2390 2479 2503 2512 differt.

1496 2528 1543 2560 Sit
1566 2528 1606 2558 ad
1629 2528 1693 2559 PR.
1717 2527 1864 2557 Eandem
1892 2535 1967 2567 ergo
1988 2525 2147 2557 rationem
2174 2525 2239 2556 HK
2262 2531 2294 2556 et
2315 2525 2372 2556 KP
2396 2531 2430 2557 et
2450 2524 2510 2557 PR

1495 2572 1674 2604 adinvicem
1696 2571 1859 2602 habebunt
1882 2580 1982 2611 quam
2008 2569 2141 2611 quidem
2164 2579 2247 2611 quae
2269 2569 2298 2600 D
2314 2569 2341 2600 B
2355 2569 2391 2601 Z.
2415 2569 2511 2608 Quae

1496 2624 1604 2648 autem
1620 2617 1648 2647 D
1661 2616 1687 2647 B
1699 2616 1724 2647 Z
1740 2615 1995 2656 proportionales
2011 2621 2110 2653 erant,
2127 2614 2306 2645 secundum
2321 2623 2422 2656 quam
2436 2613 2511 2656 qui-

1496 2662 1571 2692 dem
1594 2671 1677 2703 quae
1700 2661 1729 2691 D
1753 2661 1793 2691 ad
1816 2660 1860 2698 B,
1884 2669 1967 2700 quae
1990 2659 2042 2690 ΖΒ
2071 2659 2111 2690 ad
2133 2658 2180 2697 D;
2204 2668 2303 2700 quare
2326 2668 2410 2700 quae
2433 2657 2507 2700 qui-

1495 2706 1570 2737 dem
1593 2715 1676 2747 quae
1699 2705 1757 2736 PH
1781 2705 1822 2735 ad
1845 2704 1915 2742 PR,
1939 2713 2022 2745 quae
2045 2703 2100 2734 PR
2123 2703 2164 2734 ad
2187 2713 2259 2734 eam
2277 2713 2360 2744 quae
2382 2703 2449 2734 PK.
2473 2701 2510 2735 si

1496 2751 1592 2791 igitur
1610 2751 1649 2781 ab
1666 2749 1714 2780 his
1730 2759 1813 2791 quae
1837 2749 1867 2780 K
1883 2749 1915 2780 H
1934 2758 2018 2789 quae
2041 2748 2104 2779 HR
2127 2754 2158 2779 et
2180 2748 2242 2778 KR
2256 2747 2297 2778 ad
2320 2747 2350 2779 R
2372 2747 2508 2779 coniun-

1495 2802 1620 2837 gantur,
1638 2794 1805 2835 copulatae
1821 2793 1880 2824 bae
1897 2793 2031 2824 eandem
2046 2792 2211 2823 habebunt
2225 2792 2396 2831 rationem,
2407 2801 2510 2834 quam

1495 2839 1627 2882 quidem
1644 2849 1726 2881 quae
1745 2839 1803 2869 PH
1827 2838 1867 2868 ad
1883 2848 1955 2870 eam
1971 2846 2054 2879 quae
2073 2837 2144 2868 PR:
2161 2836 2242 2868 circa
2257 2836 2398 2868 eundem
2419 2835 2509 2868 enim

1497 2884 1652 2924 angulum
1675 2884 1699 2915 P
1723 2882 2015 2924 proportionaliter,
2031 2890 2114 2923 quae
2130 2881 2278 2922 trianguli
2294 2881 2383 2912 HPR
2405 2886 2437 2912 et
2450 2879 2511 2923 qui

1497 2929 1600 2967 KRP3
1624 2938 1722 2970 quare
1746 2934 1778 2959 et
1803 2937 1887 2969 quae
1915 2927 1970 2958 PR
1999 2926 2039 2957 ad
2069 2935 2141 2957 eam
2173 2935 2257 2967 quae
2287 2925 2348 2957 KR
2378 2924 2512 2957 habebit

1497 2974 1632 3004 eandem
1646 2972 1816 3010 rationem,
1833 2979 1864 3003 et
1878 2981 1962 3013 quae
1978 2971 2036 3002 ΗΡ
2059 2970 2100 3002 ad
2117 2980 2188 3001 eam
2210 2979 2293 3011 quae
2315 2969 2380 3001 PR.
2401 2969 2513 3001 Habet

1497 3025 1606 3049 autem
1630 3024 1660 3048 et
1688 3027 1771 3058 quae
1794 3017 1861 3048 MH
1892 3016 1933 3047 ad
1956 3015 2022 3047 MK
2045 3015 2181 3046 eandem
2208 3014 2384 3053 rationem,
2406 3022 2508 3056 quam

1498 3062 1630 3103 quidem
1653 3071 1735 3103 quae
1751 3061 1780 3092 D
1797 3061 1837 3092 ad
1858 3070 1930 3092 earn
1949 3069 2032 3102 quae
2047 3059 2073 3091 B
2097 3059 2228 3090 ambae:
2252 3068 2351 3100 quare
2366 3058 2407 3090 ab
2430 3058 2462 3090 H
2475 3057 2508 3090 Κ

1499 3106 1595 3146 signis
1619 3116 1685 3137 non
1709 3106 1816 3136 solum
1840 3106 1880 3136 ad
1903 3115 1975 3136 eam
1999 3114 2083 3146 quae
2105 3104 2170 3135 MN
2193 3102 2406 3144 periphesim
2428 3111 2511 3134 con·

1499 3158 1625 3182 current
1656 3151 1791 3181 eandem
1814 3150 1965 3181 habentes
1989 3148 2156 3187 rationem,
2175 3148 2232 3179 sed
2254 3154 2286 3179 et
2317 3146 2402 3186 alibi,
2416 3146 2512 3189 quod

1499 3195 1631 3236 quidem
1654 3194 1861 3235 impossibile.
1887 3193 2052 3232 Quoniam
2067 3193 2164 3234 igitur
2186 3202 2269 3234 quae
2291 3192 2320 3223 D
2337 3200 2443 3233 neque
2465 3189 2509 3222 ad

1499 3239 1606 3270 minus
1621 3249 1660 3270 eo
1676 3239 1766 3280 quod
1785 3239 1844 3270 PM
1868 3248 1972 3280 neque
1993 3238 2034 3269 ad
2057 3237 2161 3268 maius
2176 3235 2335 3280 (similiter
2350 3235 2438 3267 enim
2452 3235 2511 3267 de—

1499 3282 1753 3326 monstrabitur),
1771 3283 1877 3324 palam
1900 3283 1991 3324 quod
2013 3282 2054 3313 ad
2077 3282 2181 3323 ipsam
2196 3281 2308 3322 utique
2331 3286 2425 3312 erunt
2447 3278 2509 3311 sei·

1499 3328 1571 3359 licet
1593 3328 1626 3358 in
1646 3338 1710 3369 qua
1733 3328 1812 3359 MP:
1832 3337 1931 3369 quare
1947 3327 2005 3358 erit
2023 3326 2113 3368 qnod
2128 3325 2260 3367 quidem
2284 3334 2367 3367 quae
2389 3324 2451 3356 MP
2465 3323 2510 3356 ad

1499 3373 1566 3410 PK,
1583 3382 1666 3413 quae
1682 3373 1738 3403 PH
1758 3372 1798 3403 ad
1814 3372 1884 3403 MP.
1900 3371 1947 3403 Sit
1961 3371 2058 3412 igitur
2072 3381 2112 3402 eo
2135 3370 2168 3401 in
2184 3379 2252 3412 quo
2267 3370 2292 3401 P
2306 3369 2386 3411 polo
2402 3375 2506 3408 utens,

1500 3417 1646 3448 distantia
1663 3423 1770 3447 autem
1787 3426 1822 3447 ea
1838 3416 1872 3447 in
1888 3426 1952 3457 qua
1967 3416 2038 3455 MP,
2055 3415 2191 3448 circulus
2206 3414 2369 3453 scribatur,
2391 3421 2510 3444 omnes

1500 3461 1661 3501 continget
1685 3461 1831 3501 angulos,
1848 3470 1931 3502 quos
1955 3460 2103 3492 refractae
2130 3459 2250 3491 faciunt
2272 3468 2356 3500 quae
2378 3458 2418 3488 ab
2441 3457 2507 3488 MA

1500 3505 1629 3536 circulo.
1645 3505 1677 3536 Si
1694 3511 1802 3536 autem
1821 3515 1900 3543 non,
1916 3505 2059 3536 similiter
2074 3504 2282 3539 ostendentur
2301 3502 2435 3534 eandem
2450 3501 2510 3532 ha—

1500 3550 1609 3580 bentes
1633 3549 1788 3580 rationem
1805 3559 1887 3590 quae
1911 3549 1985 3580 alibi
2009 3556 2040 3580 et
2063 3549 2137 3580 alibi
2158 3547 2347 3580 semicirculi
2371 3554 2506 3577 concur-

1501 3600 1622 3624 rentes:
1647 3594 1737 3634 quod
1752 3593 1884 3634 quidem
1902 3600 1968 3624 erat
1983 3593 2191 3634 impossibile.
2208 3592 2241 3624 Si
2255 3591 2354 3633 igitur
2367 3590 2508 3622 circum·
