2782 4134
166 406 178 417 ¹*
193 404 263 426 Num.
279 410 327 431 seq.

167 489 178 500 ⁴*
193 487 263 509 Num.
278 493 299 515 7.

171 779 182 790 ⁴*
197 778 275 806 magis
288 784 313 799 Β.

171 880 183 891 ⁸
196 879 259 901 idest
272 886 295 901 Β.

170 990 179 999 '
195 990 219 1010 et
233 994 281 1010 om.
295 993 334 1009 Pa.

171 2736 183 2747 ⁴
198 2735 267 2757 Num.
283 2742 332 2764 seq.

173 2793 182 2802 ¹
194 2794 277 2820 posset
290 2798 343 2814 esse
357 2799 380 2815 Β.

170 2845 182 2856 ’
196 2844 259 2866 Lect.
274 2851 322 2872 seq.

405 267 481 314 416

406 354 505 391 tum;
535 343 703 381 secundo
738 342 902 390 assignat
930 353 1084 378 causam
1102 370 1111 387 ,
1145 339 1215 376 ibi:
1250 339 1374 375 Causa
1403 349 1469 373 au-

407 404 479 435 tem
506 398 527 420 *
555 405 643 442 etc.;
673 396 781 433 tertio
811 395 908 431 circa
935 394 1127 443 praedicta
1164 398 1296 428 movet
1324 390 1470 427 dubita-

406 451 550 489 tionem
571 448 595 497 ὃ,
623 449 690 486 ibi:
720 449 903 486 Dubitant
928 453 1052 489 autem
1081 445 1233 495 quidam
1252 443 1272 464 '¹‘
1293 451 1361 480 etc.

461 504 559 541 Dicit
579 515 668 551 ergo
696 502 819 551 primo
845 500 950 549 quod
970 500 1113 544 etesiae,
1141 497 1236 533 idest
1255 495 1359 532 venti
1388 495 1469 543 qui-

409 557 498 594 dam
528 556 719 602 annuales,
751 554 857 602 quasi
885 555 1038 601 semper
1064 552 1200 588 flantes
1219 555 1231 570 ²
1259 549 1298 586 in
1327 548 1467 585 eodem

407 617 590 658 ternpore,
611 609 703 646 flant
720 615 807 656 post
830 605 1100 650 conversiones,
1120 604 1217 641 idest
1234 609 1322 651 post
1349 601 1470 638 solsti-

406 663 501 700 tium
529 662 724 705 aestivale3
755 667 791 696 et
819 671 896 695 non
924 658 1049 694 solum
1076 657 1199 694 statim
1227 662 1315 705 post
1342 655 1468 703 ipsum

408 715 626 762 solstitium,
657 714 723 750 sed
753 712 865 748 etiam
902 718 989 759 post
1017 718 1143 747 ortum
1173 709 1390 746 Caniculae.
1422 708 1471 744 Et

406 769 481 805 hoc
509 768 617 814 ideo,
646 766 734 815 quia
762 777 841 801 non
869 764 963 800 flant
990 763 1146 812 quando
1175 763 1231 799 sol
1267 760 1469 799 maxime*

407 820 685 870 appropinquat
712 817 842 863 nobis,
877 816 1015 853 scilicet
1053 816 1091 853 in
1127 816 1251 865 prima
1277 814 1468 860 versione,

407 874 544 911 scilicet
563 873 582 895 ’¹‘
607 873 645 909 in
672 870 856 920 principio
887 869 1041 916 Cancri;
1076 881 1200 918 neque
1231 868 1384 918 quando
1414 874 1471 904 est

406 928 541 975 longe,
571 932 701 974 utpote
729 923 884 972 quando
915 930 970 960 est
997 923 1036 960 in
1065 923 1178 971 signis
1213 920 1470 959 meridionali-

407 981 487 1017 bus.
518 979 566 1015 Et
584 978 734 1024 iterum,
756 976 893 1013 etesiae
914 976 1008 1013 flant
1033 976 1179 1023 diebus,
1202 983 1237 1012 et
1255 974 1275 996 *
1295 974 1471 1011 noctibus

407 1038 562 1069 cessant.

462 1086 493 1122 5.
510 1083 658 1121 Deinde
679 1095 767 1120 cum
788 1082 891 1119 dicit:
913 1082 1038 1119 Causa
1059 1088 1183 1119 autem
1200 1089 1283 1127 etc.‚
1306 1080 1471 1128 assignat

405 1150 558 1175 causam
586 1136 882 1185 praedictorum.
921 1136 970 1177 Et
996 1135 1140 1185 primo,
1169 1147 1286 1184 quare
1324 1134 1372 1171 de
1410 1133 1470 1170 die

404 1191 497 1228 flant
525 1189 674 1236 etesiae,
697 1196 732 1226 et
756 1189 923 1225 maxime
952 1188 991 1225 in
1019 1201 1133 1226 mane
1163 1196 1199 1225 et
1219 1187 1317 1224 circa
1335 1199 1472 1236 vespe-

406 1256 512 1281 rum:
543 1243 670 1280 dicens
699 1242 804 1291 quod
833 1241 988 1290 quando
1017 1243 1074 1279 sol
1104 1249 1159 1278 est
1188 1241 1354 1278 maxime
1383 1252 1472 1289 pro-

403 1297 580 1346 pinquus,
611 1294 773 1332 exsiccat
801 1296 1018 1342 humorem,
1039 1307 1086 1332 ex
1114 1307 1191 1343 quo
1220 1302 1351 1343 posset
1380 1306 1469 1330 con-

405 1349 547 1398 gregari
563 1348 720 1386 materia
734 1348 849 1394 venti,
867 1348 897 1384 si
913 1348 1052 1385 resolvi
1067 1355 1214 1397 posset;
1231 1347 1299 1384 sed
1315 1347 1470 1396 quando

405 1403 677 1451 aliquantulum
705 1401 857 1447 recedit,
879 1409 969 1438 tunc
997 1401 1183 1438 exhalatio
1207 1400 1408 1438 resolvitur
1437 1407 1472 1436 et

404 1457 447 1493 fit
475 1455 695 1502 mediocris;
727 1462 762 1491 et
782 1454 949 1491 caliditas
974 1454 1087 1492 etiarn
1109 1462 1164 1491 est
1182 1453 1398 1500 mediocris,
1419 1453 1471 1490 ita

405 1509 511 1558 quod
530 1521 653 1557 aquae
674 1509 892 1556 congelatae
919 1507 1152 1557 liquescunt;
1184 1515 1220 1544 et
1239 1514 1348 1554 terra,
1375 1506 1469 1544 dum

407 1562 613 1599 exsiccatur
631 1569 712 1598 tum
742 1574 764 1598 a
794 1560 978 1598 caliditate
1005 1561 1095 1598 solis
1122 1568 1204 1598 tum
1234 1573 1256 1597 a
1285 1560 1471 1597 caliditate

405 1615 623 1663 intrinseca,
654 1614 762 1663 quasi
789 1614 986 1662 turgescit,
1016 1622 1053 1651 et
1081 1614 1174 1651 dum
1202 1613 1472 1663 multiplicatur

404 1668 608 1706 humiditas
644 1669 828 1715 resoluta,
860 1668 1008 1704 exhalat
1035 1668 1069 1713 ς;
1101 1674 1137 1704 et
1163 1666 1217 1704 sic
1245 1674 1473 1715 generantur

404 1722 519 1760 venti.

460 1776 495 1812 6.
527 1773 704 1811 Secundo
741 1773 810 1810 ibi:
848 1774 972 1811 Nocte
1007 1779 1132 1810 autem
1170 1773 1348 1821 deficiunt
1378 1780 1470 1819 etc.‚

407 1827 570 1865 ostendit
589 1839 744 1863 causam
774 1839 890 1875 quare
919 1834 1030 1863 nocte
1069 1826 1251 1864 deficiunt
1279 1825 1416 1862 etesiae
1443 1831 1469 1863 η.

407 1882 455 1918 Et
482 1880 570 1918 dicit
598 1880 701 1929 quod
721 1881 795 1916 hoc
815 1880 901 1917 ideo
923 1879 1068 1926 accidit,
1089 1879 1179 1928 quia
1206 1878 1385 1927 frigiditas
1404 1891 1472 1916 no-

408 1934 522 1971 ctium
553 1933 724 1981 congelat
751 1934 934 1970 humores
962 1933 1229 1981 liquescentes,
1258 1940 1299 1969 ut
1327 1932 1380 1970 sic
1409 1944 1471 1969 ex-

407 1987 544 2024 halatio
566 1994 697 2023 cesset.
727 1986 974 2023 Manifestum
1004 1994 1059 2023 est
1079 1986 1182 2023 enim
1211 1985 1318 2034 quod
1346 1998 1471 2035 neque

406 2040 577 2089 id'quod
607 2047 661 2076 est
699 2040 939 2087 congelatum
969 2039 1135 2087 exhalat,
1165 2051 1291 2087 neque
1329 2038 1472 2076 siccum

406 2106 485 2130 non
512 2093 658 2130 habens
677 2092 960 2139 humiditatem3
986 2092 1055 2130 sed
1073 2093 1218 2130 siccum
1237 2093 1383 2129 habens
1402 2093 1471 2129 hu-

407 2146 616 2184 miditatem
655 2146 877 2182 calefactum
915 2147 1062 2183 exhalat
1089 2143 1113 2183 ⁰.
1143 2147 1193 2182 Et
1221 2145 1307 2182 ideo
1344 2158 1470 2195 neque

406 2200 444 2237 in
473 2199 640 2236 maxima
659 2199 939 2248 propinquitate
967 2198 1056 2236 solis
1084 2199 1178 2236 flant
1198 2198 1354 2246 etesiae,
1381 2211 1469 2248 pro-

405 2260 487 2302 pter
519 2251 834 2298 desiccationem;
870 2264 996 2300 neque
1025 2252 1063 2289 in
1093 2252 1285 2299 noctibus,
1315 2259 1472 2302 propter

407 2305 719 2354 congelationem.
750 2305 855 2342 Licet
884 2305 996 2342 etiam
1015 2305 1127 2342 huius
1152 2305 1272 2354 possit
1291 2305 1470 2354 assignari

407 2359 478 2396 alia
506 2359 617 2396 ratio:
647 2358 736 2407 quia
765 2359 903 2396 scilicet
930 2358 968 2396 in
997 2366 1107 2396 nocte
1137 2359 1194 2396 sol
1221 2358 1388 2396 maxime
1417 2359 1470 2397 di-

407 2419 477 2449 stat
504 2425 527 2449 a
554 2411 684 2460 nobis,
715 2419 751 2448 et
779 2411 865 2449 ideo
895 2412 1173 2449 exhalationem
1204 2413 1352 2450 elevare
1390 2424 1470 2450 non

406 2472 542 2514 potest.

451 2531 487 2567 7.
499 2517 647 2555 Deinde
663 2530 751 2555 cum
768 2517 871 2555 dicit:
882 2518 1068 2556 Dubitant
1079 2524 1205 2556 autem
1221 2518 1374 2567 quidam
1386 2525 1468 2565 etc.‚

408 2579 540 2608 movet
577 2571 850 2609 dubitationem
889 2571 987 2608 circa
1023 2571 1382 2620 praedeterminata.
1422 2572 1471 2609 Et

408 2624 506 2661 circa
529 2625 603 2662 hoc
630 2624 699 2662 tria
726 2624 830 2662 facit:
858 2625 984 2674 primo
1013 2633 1146 2662 movet
1175 2623 1469 2672 dubitationem;

408 2677 575 2715 secundo
605 2677 727 2724 solvit,
756 2677 825 2714 ibi:
854 2678 986 2715 Habet
1010 2684 1136 2715 autem
1165 2690 1239 2716 non
1269 2678 1470 2715 irrationa-

408 2731 528 2767 biliter
554 2730 574 2752 ’¹‘
603 2738 690 2777 etc.;
719 2731 826 2768 tertio
857 2730 1021 2769 excludit
1052 2731 1251 2780 quoddam
1280 2731 1385 2780 quod
1414 2731 1470 2768 vi-

408 2783 516 2821 detur
539 2783 559 2806 ’¹‘
586 2784 762 2821 solutioni
791 2785 1044 2833 contrarium,
1073 2785 1144 2822 ibi:
1171 2786 1311 2822 Auster
1343 2790 1469 2822 autem

407 2838 455 2874 ab
474 2837 614 2874 aestiva
632 2837 652 2859 ’¹‘
672 2844 740 2874 etc.

459 2970 483 3004 ὃ)
503 2972 582 2997 tertio
604 2971 713 2998 circa...
734 2972 935 2998 dubitationem.
948 2986 968 2992 -
987 2973 1067 2998 tertio
1092 2976 1178 2998 mouet
1202 2974 1336 3006 quandam
1365 2974 1470 2999 dubita-

407 3007 503 3032 tionem
516 3007 547 3032 B.

460 3042 481 3074 ε)
494 3043 630 3072 annuales,
644 3042 721 3075 quasi
732 3050 835 3075 semper
845 3043 955 3078 slantes.
967 3058 986 3063 -
998 3044 1090 3069 Annui
1102 3044 1154 3077 (vel
1169 3044 1244 3078 anni)
1262 3045 1386 3070 continue
1396 3045 1470 3080 slan-

408 3080 446 3102 tes
464 3078 494 3102 B.
511 3091 530 3096 -
548 3078 618 3102 Idem
637 3085 684 3110 pro
701 3079 892 3109 conversiones,
907 3079 1040 3105 versiones
1046 3086 1055 3109 ;
1076 3085 1102 3105 et
1114 3088 1167 3105 om.
1180 3079 1377 3105 homoteleuton
1391 3080 1471 3106 aesti-

408 3113 465 3137 vale
518 3113 668 3138 solstitium.

460 3147 485 3180 ζ)
506 3148 540 3173 Et
550 3148 647 3180 primo,
663 3156 746 3181 quare
758 3149 790 3174 de
804 3149 879 3174 aie...
898 3150 1017 3175 exhalat.
1030 3164 1050 3170 -
1064 3150 1100 3176 Et
1110 3151 1200 3183 primo
1215 3158 1298 3184 quare
1311 3151 1418 3184 quando
1432 3152 1473 3176 sol

408 3186 447 3208 est
465 3184 584 3208 maxime
603 3184 769 3216 propinquus
789 3184 880 3216 primo
898 3185 1018 3211 exsiccat
1036 3186 1172 3211 humorem
1195 3186 1242 3218 qui
1260 3189 1357 3219 postea
1375 3187 1472 3212 resolvi

409 3218 515 3250 quando
534 3219 630 3251 (quam
637 3219 671 3251 9)
686 3220 773 3251 possit
791 3219 853 3245 inde
865 3221 1027 3254 congregari
1045 3225 1122 3247 tanta
1136 3222 1274 3247 exhalatio
1288 3230 1356 3254 quae
1372 3222 1472 3256 sufficit

408 3253 445 3277 ad
467 3254 663 3286 generationem
690 3255 762 3280 venti
788 3255 835 3280 sed
859 3256 966 3287 quando
991 3256 1187 3288 aliquantulum
1211 3257 1257 3282 ain
1282 3257 1382 3283 recedit
1409 3261 1473 3283 tunc

409 3288 546 3314 exhalatio
558 3290 594 3322 jlt
612 3290 751 3315 mediocris
770 3293 796 3315 et
814 3290 937 3316 caliditas
961 3291 1015 3316 late
1037 3292 1184 3324 liquescunt
1203 3295 1229 3318 et
1247 3296 1321 3318 terra
1339 3300 1399 3318 cum
1422 3300 1471 3318 ex-

409 3323 524 3348 siccatur
542 3327 596 3349 tum
616 3330 633 3349 a
650 3325 788 3350 caliditate
805 3325 867 3350 solis
888 3326 958 3351 unde
975 3334 992 3351 a
1005 3327 1142 3352 caliditate
1161 3328 1306 3354 intrinseca
1324 3328 1395 3361 quod
1414 3332 1470 3353 tut·-

410 3358 492 3390 gescit
506 3358 568 3383 dum
584 3360 776 3391 multiplicatur
788 3361 933 3386 humiditas
952 3363 1069 3387 resoluta
1083 3366 1109 3388 et
1122 3363 1235 3388 exhalat
1249 3364 1279 3389 Β.
1299 3364 1373 3394 Quae
1388 3364 1471 3393 lectio.

411 3393 432 3417 si
452 3399 613 3426 comparetur
632 3402 691 3419 cum
710 3395 778 3420 textu
798 3401 823 3420 et
842 3403 900 3420 cum
920 3397 949 3421 iis
969 3405 1036 3429 quae
1055 3403 1080 3422 et
1099 3399 1123 3423 in
1141 3398 1265 3431 superiori
1282 3407 1392 3424 numero
1406 3399 1471 3424 dicta

411 3433 471 3452 sunt
490 3433 515 3453 et
533 3437 599 3461 quae
623 3429 672 3454 infr
706 3431 823 3455 dicuntur
847 3436 907 3463 post
927 3432 1049 3457 Secundo
1070 3433 1118 3462 ibi,
1138 3441 1191 3458 non
1209 3433 1320 3459 obscure
1346 3435 1427 3459 innuit
1446 3435 1470 3459 in

411 3462 535 3504 principio
553 3437 691 3504 lege-nam}
714 3473 774 3490 esse
797 3465 846 3490 hoc
865 3467 944 3491 modo
964 3476 978 3491 ι
994 3468 1026 3492 Et
1044 3468 1137 3501 primo,
1157 3476 1236 3501 quare
1250 3470 1354 3501 quando
1373 3470 1413 3494 eol
1433 3474 1474 3494 est

411 3505 521 3538 maxime
539 3506 715 3539 propinquus,
735 3508 787 3524 non
801 3501 862 3525 flant
876 3502 983 3526 etesiae:
1003 3503 1090 3528 dicens
1104 3504 1174 3536 quod
1190 3505 1295 3536 quando
1308 3505 1347 3529 sol
1363 3510 1403 3530 est
1417 3513 1471 3530 me-

410 3540 480 3558 xime
498 3541 667 3566 propinquus.
679 3544 693 3557 ι

463 3567 489 3600 η)
510 3568 631 3594 Secundo
650 3570 717 3596 ibi...
737 3570 840 3596 etesiae.
852 3584 871 3590 -
885 3572 988 3597 Deinde
1006 3573 1122 3599 ostendit
1140 3574 1220 3600 etiam
1239 3581 1323 3607 quare
1339 3575 1412 3600 venti
1426 3583 1472 3600 no-

410 3606 452 3629 cte
470 3603 595 3636 deficiunt
613 3604 659 3629 Pa.

1111 257 1700 298 METEOROLOGICORUM
1728 257 1822 293 LIB.
1854 257 1885 292 11

1579 335 1679 373 Dicit
1707 347 1798 383 ergo
1826 334 1953 384 primo
1974 333 2080 382 quod
2099 332 2258 381 quidam
2289 332 2462 370 dubitant
2480 345 2598 382 quare

1525 389 1578 426 sic
1605 388 1711 426 venti
1740 388 1914 425 boreales
1944 387 2122 424 continue
2161 386 2255 423 flant
2281 392 2370 435 post
2398 386 2599 424 solstitium

1526 441 1715 488 aestivale,
1747 449 1783 478 et
1811 442 1899 487 noti,
1926 440 2024 478 idest
2052 439 2180 486 austri,
2201 451 2280 476 non
2309 438 2363 476 sic
2390 439 2485 476 flant
2511 447 2600 489 post

1526 495 1727 532 solstitium
1747 494 1924 531 hiemale.
1954 493 2114 530 Videtur
2135 492 2238 529 enim
2257 492 2377 541 quod,
2398 492 2494 530 sicut
2511 500 2600 542 post

1526 547 1939 597 appropinquationem
1964 547 2053 584 solis
2082 545 2131 582 ad
2158 546 2294 594 polum
2324 545 2599 596 septentriona-

1526 602 1614 648 lem,
1635 601 1730 638 flant
1747 600 1853 638 venti
1882 612 1927 637 ex
1955 600 2016 637 illa
2029 599 2050 621 ‘¹‘
2067 606 2186 648 parte,
2207 598 2258 636 ita
2277 607 2366 648 post
2393 599 2599 648 appropin-
2627 609 2637 621 ·

1526 654 1747 704 quationem
1777 654 1866 691 solis
1899 653 1948 690 ad
1975 653 2109 702 polum
2140 653 2385 700 contrarium,
2416 652 2600 690 deberent

1526 708 1617 745 flare
1645 707 1751 745 venti
1781 719 1825 743 ex
1851 714 1958 756 parte
1988 705 2175 755 opposita.

1581 762 1615 798 8.
1637 760 1787 798 Deinde
1808 773 1898 797 cum
1919 759 2020 797 dicit:
2050 760 2182 796 Habet
2198 765 2324 796 autem
2354 771 2428 796 non
2450 759 2600 796 irratio-

1526 814 1700 851 nabiliter
1720 821 1803 860 etc.‚
1829 813 1942 850 solvit
1968 813 2202 862 praedictam
2232 812 2520 849 dubitationem.
2550 813 2600 849 Et

1527 867 1616 904 dicit
1635 867 1740 916 quod
1768 866 1946 915 opposito
1965 874 2140 915 tempore
2158 872 2166 886 ¹
2191 866 2289 903 fiunt
2317 865 2475 914 quidam
2494 865 2600 903 venti

1526 920 1591 969 qui
1619 927 1809 957 vocantur
1835 919 2038 965 leuconoti,
2069 918 2123 956 sic
2152 918 2240 956 dicti
2269 919 2360 968 quia
2388 919 2428 956 in
2460 931 2598 971 sereno

1525 974 1620 1011 flant
1639 975 1746 1020 (nam
1767 973 1892 1010 leucos
1915 972 1955 1009 in
1973 984 2112 1020 graeco
2133 972 2264 1009 album
2284 972 2503 1020 significat);
2532 973 2600 1010 sed

1526 1039 1604 1064 non
1634 1026 1686 1063 sic
1715 1026 1813 1063 fiunt
1841 1025 2026 1073 continui,
2056 1024 2152 1062 sicut
2180 1025 2318 1062 etesiae
2346 1026 2534 1074 boreales,
2565 1031 2603 1063 et
2648 1052 2654 1058 .

1526 1080 1626 1126 ideo,
1652 1079 1741 1128 quia
1769 1080 1895 1126 latent,
1925 1077 2078 1115 latentia
2107 1086 2237 1115 causat
2262 1078 2501 1127 praedictam
2530 1078 2600 1116 du-

1527 1133 1761 1170 bitationem.
1784 1133 1912 1169 Causa
1930 1139 2061 1169 autem
2079 1131 2100 1153 ‘¹‘
2119 1143 2237 1180 quare
2261 1144 2342 1169 non
2369 1132 2464 1169 fiant
2483 1130 2600 1170 conti-
2628 1138 2640 1150 ⁴

1527 1199 1613 1233 nue,
1636 1194 1692 1223 est
1710 1186 1790 1223 ista.
1813 1185 1915 1233 Quia
1934 1185 2073 1222 boreas
2092 1185 2159 1222 flat
2178 1197 2200 1221 a
2220 1185 2314 1222 locis
2334 1184 2401 1234 qui
2419 1192 2508 1223 sunt
2525 1185 2598 1223 sub

1525 1240 1616 1289 polo
1636 1239 1657 1261 ’¹‘
1675 1239 1827 1287 arctico,
1849 1239 1888 1276 in
1907 1238 2047 1288 quibus
2076 1246 2133 1275 est
2160 1237 2394 1276 abundantia
2413 1249 2600 1288 aquarum
2627 1243 2640 1256 ⁴

1528 1301 1563 1330 et
1591 1293 1756 1340 nivium;
1786 1305 1885 1341 quae
1914 1292 2073 1341 quidem
2102 1291 2303 1340 liquefiunt
2327 1304 2350 1329 a
2369 1291 2450 1329 sole
2468 1291 2601 1341 rmagis

1526 1354 1614 1396 post
1640 1346 1838 1383 versiones
1866 1345 2030 1383 aestivas
2060 1357 2177 1395 quam
2204 1344 2243 1382 in
2263 1345 2397 1394 primis
2415 1344 2602 1384 versioni·-

1527 1401 1611 1447 bus,
1640 1400 1726 1436 licet
1753 1407 1844 1436 tunc
1872 1400 1929 1436 sol
1958 1399 2126 1436 maxime
2156 1398 2440 1448 appropinquet
2465 1398 2603 1445 nobis;

1528 1461 1564 1490 et
1582 1453 1670 1491 ideo
1698 1460 1786 1503 post
1814 1452 1977 1490 aestivas
2004 1452 2215 1499 versiones,
2237 1460 2273 1489 et
2301 1464 2380 1490 non
2398 1451 2440 1490 in
2462 1451 2483 1475 ⁸
2509 1451 2602 1502 ipsis
2630 1465 2640 1474 ·

1526 1506 1767 1544 versionibus
1787 1506 1882 1543 flant
1901 1506 2049 1543 etesiae.
2077 1507 2132 1543 Ita
2151 1505 2267 1543 etiam
2287 1505 2455 1543 maxime
2483 1505 2602 1544 suffo-
2616 1507 2630 1518 χ

1528 1559 1696 1597 cationes
1730 1559 1962 1597 caliditatum
1990 1559 2108 1607 fiunt,
2137 1571 2218 1596 non
2246 1559 2403 1609 quando
2432 1559 2490 1597 sol
2512 1570 2600 1597 >tna-

1526 1613 1629 1650 xime
1666 1612 1948 1662 appropinquat
1984 1612 2118 1660 nobis,
2157 1612 2222 1662 qui
2258 1625 2393 1650 sumus
2425 1611 2466 1650 in
2493 1619 2605 1663 parte

1527 1666 1829 1715 septentrionali3
1859 1666 1927 1703 sed
1954 1673 2043 1714 post
2071 1673 2126 1703 est
2153 1665 2278 1703 maior
2310 1666 2424 1713 calor,
2443 1673 2603 1716 propter

1528 1719 1854 1757 continuationem
1891 1718 2144 1756 calefactionis
2182 1719 2221 1756 in
2257 1720 2374 1768 longo
2410 1726 2599 1769 tempore.

1527 1772 1659 1810 Primo
1680 1772 1797 1819 enim,
1819 1772 1974 1821 quando
1995 1773 2052 1809 sol
2077 1772 2223 1810 accedit
2240 1784 2376 1812 versus
2395 1772 2600 1823 tropicum,

1527 1825 1672 1863 invenit
1690 1824 1890 1862 materiam
1912 1825 2157 1875 dispositam:
2179 1825 2246 1863 sed
2274 1825 2458 1875 paulatim
2477 1825 2602 1864 domi-

1528 1879 1657 1916 nando
1687 1878 1726 1916 in
1754 1878 1890 1928 ipsam,
1916 1878 2038 1927 magis
2065 1878 2249 1928 imprimit
2277 1878 2458 1917 effectum
2485 1879 2607 1919 suum‘

1527 1940 1734 1982 postquam
1762 1931 1894 1981 incipit
1921 1931 2111 1979 recedere,
2133 1944 2222 1970 cum
2242 1939 2373 1970 tamen
2401 1932 2528 1971 adhuc
2554 1931 2603 1973 sit

1526 1998 1660 2035 prope.
1682 1986 1732 2023 Et
1750 1985 1838 2023 ideo
1853 1992 1941 2034 post
1960 1993 2087 2022 ortum
2107 1985 2235 2033 Canis,
2251 1985 2291 2023 in
2307 1986 2442 2024 diebus
2461 1985 2603 2025 scilicet

1528 2039 1815 2086 canicularibus,
1846 2046 1902 2076 est
1929 2039 2055 2076 maior
2084 2039 2187 2077 calor
2214 2051 2333 2088 quam
2362 2046 2450 2077 ante
2479 2038 2601 2080 solsti-

1527 2093 1622 2130 tium
1651 2093 1713 2130 vel
1741 2092 1779 2130 in
1807 2091 1890 2142 ipso
1919 2092 2091 2130 solstitio.
2131 2093 2180 2130 Et
2207 2092 2330 2142 magis
2359 2092 2473 2132 etiam
2509 2100 2602 2133 tunc

1526 2146 1727 2195 liquefiunt
1747 2153 1783 2182 et
1801 2145 1821 2168 ²¹*
1840 2158 1964 2196 aquae
1985 2153 2021 2183 et
2040 2146 2167 2184 nives:
2199 2153 2234 2184 et
2252 2145 2342 2184 ideo
2361 2153 2454 2185 tunc
2470 2145 2603 2196 plures
2627 2159 2640 2172 ⁴

1526 2200 1623 2236 fiunt
1652 2199 1920 2247 exhalationes,
1948 2207 1984 2236 et
2012 2199 2134 2248 magis
2162 2199 2257 2237 flant
2283 2199 2400 2238 venti.
2430 2198 2511 2239 Sed
2533 2211 2609 2246 ve<

1526 2265 1612 2290 rum
1641 2260 1698 2290 est
1716 2253 1823 2302 quod
1851 2252 1890 2290 in
1909 2252 1992 2302 ipso
2022 2252 2192 2301 solstitio,
2213 2253 2369 2303 quando
2398 2260 2457 2292 est
2479 2252 2609 2303 magis

1524 2318 1658 2355 prope,
1679 2305 1800 2354 magis
1827 2305 2000 2353 exsiccat,
2030 2313 2072 2343 ut
2100 2318 2217 2356 supra
2235 2305 2255 2328 *
2283 2305 2386 2355 dixit,
2413 2314 2452 2344 et
2477 2306 2610 2357 magis
2627 2318 2640 2330 ·

1526 2359 1694 2409 disponit
1713 2359 1914 2397 materiam
1933 2360 1983 2397 ad
2003 2360 2303 2397 exhalationem:
2324 2360 2392 2398 sed
2413 2360 2609 2403 exhalatio.

1526 2412 1650 2450 maior
1667 2413 1711 2450 fit
1728 2419 1817 2462 post
1844 2420 1971 2450 ortum
1991 2412 2128 2460 Canis;
2154 2420 2192 2450 et
2210 2420 2300 2450 tunc
2317 2413 2414 2451 flant
2432 2412 2572 2452 etesiae
2585 2420 2600 2436 ⁸

1527 2465 1717 2503 continue.
1734 2466 1784 2503 Et
1797 2465 1968 2503 similiter
1985 2474 2074 2515 post
2087 2466 2287 2504 versiones
2301 2465 2487 2505 hiemales
2505 2466 2600 2505 flant

1525 2519 1722 2565 ornithiae,
1744 2518 1866 2556 dictae
1899 2519 1947 2556 ab
1967 2531 2040 2556 ave
2059 2520 2121 2557 vel
2151 2519 2305 2568 gallina:
2335 2519 2425 2569 quia
2452 2519 2600 2558 oriente

1525 2571 1651 2621 aliqua
1680 2572 1964 2609 constellatione
1983 2572 2079 2610 Avis
2098 2572 2203 2620 fiant,
2224 2572 2321 2610 sicut
2344 2571 2484 2611 etesiae
2511 2581 2601 2624 post

1525 2632 1652 2662 ortum
1687 2625 1802 2663 Canis
1841 2626 1934 2673 (has
1971 2633 2102 2663 autem
2139 2626 2321 2664 ornithias
2358 2638 2475 2676 supra
2507 2626 2601 2668 dixit

1525 2679 1778 2726 leuconotos).
1800 2679 1849 2716 Et
1869 2678 1957 2716 dicit
1976 2679 2083 2728 quod
2103 2679 2289 2718 ornithiae
2306 2686 2394 2729 sunt
2413 2678 2559 2718 debiles
2571 2678 2598 2729 ²,

1525 2731 1615 2781 quia
1634 2739 1721 2769 sunt
1741 2731 1932 2770 minores:
1958 2740 1995 2770 et
2013 2732 2156 2770 tardius
2176 2733 2270 2771 flant
2298 2745 2417 2783 quam
2437 2733 2599 2782 etesiae3

1526 2785 1709 2834 incipiunt
1737 2785 1839 2823 enim
1868 2786 1960 2823 flare
1994 2786 2278 2835 septuagesimo
2308 2786 2371 2824 die
2397 2794 2487 2837 post
2512 2799 2600 2826 ver-

1496 2829 1500 2883 Ι
1525 2838 1675 2876 sionem
1704 2838 1928 2887 hiemalem,
1958 2839 2067 2888 quasi
2095 2851 2193 2878 circa
2223 2839 2455 2890 principium
2481 2840 2598 2880 veris.

1577 2973 1602 3007 0)
1620 2974 1669 3000 sed
1685 2975 1817 3000 siccum...
1835 2975 1957 3001 exhalat.
1969 2974 2060 3000 —'Hoe
2078 2983 2134 3001 om.
2147 2975 2201 3006 Pa,-
2220 2975 2253 3001 α’.
2267 2979 2374 3001 textum.
2386 2989 2406 2996 —
2417 2975 2447 3002 lu
2458 2974 2512 3003 flue
2525 2983 2600 3003 nun.

1525 3011 1599 3036 Licet
1617 3010 1731 3036 etiam...
1750 3011 1854 3036 eleuare
1873 3018 1925 3036 non
1941 3014 2033 3044 potest
2050 3019 2103 3036 om.
2117 3011 2149 3038 Β.

1579 3046 1597 3079 ι)
1617 3046 1738 3078 opposito
1757 3049 1884 3079 tempore.
1902 3060 1921 3067 -
1940 3046 2008 3072 idest
2027 3046 2054 3072 in
2073 3046 2158 3072 hieme
2175 3046 2236 3072 add.
2255 3047 2291 3079 135
2316 3046 2385 3072 idem
2409 3046 2489 3074 hebet
2506 3055 2599 3083 mergo

1524 3082 1582 3106 Vnt.
1599 3088 1676 3114 2072.
1693 3095 1713 3100 -
1731 3081 1788 3107 Lin.
1806 3089 1863 3115 seq.
1882 3082 1921 3108 sic
1942 3082 2089 3115 transponit
2113 3082 2135 3107 B
2154 3087 2214 3108 ante
2229 3083 2319 3117 flam,-
2342 3089 2434 3116 mergo
2450 3082 2510 3109 Vnt.
2528 3089 2597 3118 ²⁰7¹

1525 3116 1602 3141 habet
1619 3117 1657 3142 sic
1675 3122 1787 3149 utroque
1807 3118 1874 3142 loco.

1578 3152 1603 3184 κ)
1619 3152 1726 3184 quando
1740 3156 1780 3178 est
1794 3153 1880 3186 magis
1895 3160 2015 3186 prope...
2032 3154 2136 3179 etesiae.
2149 3167 2168 3173 -
2182 3153 2290 3186 quando
2304 3153 2392 3188 magis
2407 3154 2521 3187 proprie
2534 3157 2600 3180 tune

1525 3187 1596 3220 quod
1617 3191 1709 3220 posset
1726 3187 1858 3213 exhalare
1877 3189 1964 3222 magis
1986 3189 2141 3215 exsiccatur
2159 3192 2190 3214 ut
2206 3195 2291 3221 supra
2309 3189 2396 3219 dixit,
2414 3192 2442 3215 et
2465 3189 2527 3216 ideo
2544 3196 2599 3223 per

1526 3223 1637 3248 multam
1655 3223 1855 3249 exhalationem
1875 3231 1943 3257 quae
1954 3225 1990 3258 fit
2003 3227 2068 3256 post
2082 3227 2172 3250 ortum
2184 3225 2260 3250 canis
2266 3225 2342 3260 flant
2361 3225 2468 3252 &etiae
2484 3226 2547 3251 3.-
2557 3225 2599 3252 Pa

1525 3263 1649 3291 pergunt:
1669 3261 1695 3284 et
1712 3259 1836 3284 continue
1854 3262 1881 3284 et
1898 3259 2030 3285 similiter.
2050 3260 2115 3286 Post
2130 3260 2300 3286 versiones.—
2314 3260 2366 3285 Pro
2379 3259 2471 3294 aliqua
2483 3260 2598 3287 constel-

1525 3293 1625 3319 latione
1638 3294 1710 3324 Ανίε,
1726 3294 1817 3327 aliqua
1834 3294 2018 3328 congelatione
2031 3295 2096 3321 Avis
2114 3295 2134 3320 Ρ
2149 3303 2209 3320 cum
2229 3295 2342 3321 editione
2364 3294 2440 3327 ¹561,
2458 3295 2516 3322 alia
2531 3303 2597 3322 eoa-

1525 3329 1675 3354 stellatione
1693 3337 1758 3354 cuns
1774 3331 1857 3363 flante
1875 3330 1920 3359 eis,
1938 3331 1967 3359 Β,
1989 3335 2018 3355 ut
2035 3331 2145 3356 videtur.
2165 3331 2254 3364 Margo
2272 3332 2331 3356 Vnt.
2346 3338 2414 3364 ²07²
2434 3331 2466 3356 ud
2484 3331 2596 3357 verbum

1526 3370 1610 3389 textus
1623 3365 1756 3390 ornithiae
1775 3370 1858 3390 notat:
1875 3375 1887 3388 ε
1898 3366 1980 3391 dictae
1992 3366 2024 3391 ab
2037 3374 2084 3391 ave
2097 3367 2138 3391 vel
2153 3367 2260 3399 gallian
2280 3366 2342 3392 flant
2358 3366 2428 3392 enim
2445 3366 2595 3392 huiusmodi

1526 3400 1594 3424 venti
1614 3401 1658 3432 qui
1682 3400 1800 3425 dicuntur
1824 3401 1950 3426 ornithiae
1968 3402 2009 3426 vel
2035 3402 2180 3433 leuconoti,
2204 3402 2304 3427 oriente
2327 3402 2371 3427 illu
2396 3401 2596 3428 constellatione

1526 3443 1593 3468 quae
1612 3436 1703 3460 dicitur
1723 3436 1831 3467 Gallina,
1852 3436 1918 3461 sicut
1936 3436 2031 3461 etesiae
2050 3442 2111 3470 post
2128 3442 2215 3462 ortum
2235 3437 2344 3463 Canis.»

1579 3469 1606 3501 λ)
1628 3470 1663 3495 Et
1687 3471 1786 3496 dicit...
1800 3471 1906 3496 debiles.
1922 3484 1943 3491 —-
1960 3471 1997 3497 Ee
2019 3472 2138 3498 ostendit
2161 3472 2233 3505 quod
2250 3476 2313 3498 sunt
2331 3471 2428 3498 etesiae
2446 3471 2546 3499 debiles
2564 3472 2595 3498 Β.

1525 3506 1622 3531 etesiae
1641 3506 1718 3531 habet
1736 3506 1814 3531 etiam
1832 3512 1930 3536 textus.
1949 3512 1975 3532 et
1993 3511 2034 3532 eet
2053 3515 2148 3533 nomen
2173 3515 2313 3533 commune
2331 3508 2365 3533 ad
2382 3515 2476 3533 omne·
2500 3511 2595 3533 nuto·

1526 3542 1659 3571 annuales,
1677 3538 1734 3570 ἕτος
1747 3541 1816 3566 enim
1831 3542 1938 3567 Graecis
1957 3547 1997 3567 est
2010 3550 2112 3573 annun
2131 3542 2179 3568 hnc
2193 3548 2280 3568 eutem
2295 3543 2406 3568 lectione
2418 3543 2511 3575 potin,
2523 3547 2596 3576 ponet

1526 3577 1597 3608 quod
1617 3577 1695 3601 altera
1720 3577 1785 3601 linea
1811 3582 1871 3609 post
1894 3577 1992 3602 etesiae
2017 3578 2216 3611 subintelligitur
2239 3578 2371 3608 boreales,
2394 3578 2462 3603 sicut
2485 3577 2598 3603 hebenu-

1526 3619 1613 3643 supra‚
1632 3611 1698 3636 circa
1715 3612 1868 3645 principium
1888 3612 1965 3637 huius
1984 3613 2094 3638 numeri.
