2690 4062
294 265 426 291 LXXVIII

364 339 481 360 νονται
505 322 564 359 δια
590 327 715 359 τοῦτον
741 327 801 358 τόν
827 323 967 369 τρόπον,
988 325 1016 355 οἱ
1041 318 1069 353 δ’
1092 321 1209 363 ἄνεμοι
1228 319 1282 352 οὔ·
1311 319 1358 350 τοὶ

364 374 422 416 μὲν
447 373 509 417 γαρ
535 369 569 403 ἐν
595 371 640 412 τῇ
665 370 710 416 γῇ
737 370 801 407 τήν
820 369 927 413 ἀρχὴν
946 367 1029 411 ἔχει,
1048 364 1127 397 ὥστ’
1148 365 1195 408 ἐφ’
1218 364 1251 395 ἓν
1270 361 1359 394 ἀποί-

363 428 423 454 σας
448 416 568 460 ὁρμᾶν,
594 415 609 446 ὁ
636 410 664 445 δ’
689 414 780 451 ἥλιος
806 413 869 456 οὐχ
894 412 1013 453 ὁμοίως
1037 406 1204 442 δύναται·
1231 408 1295 443 τας
1320 401 1358 437 δὲ

363 460 548 504 μετεώρους
574 458 721 501 μᾶλλον,
746 457 835 489 ὥστε
859 458 939 500 ῥεῖν,
966 453 1051 487 ὅταν
1078 451 1184 497 ἀρχήν
1208 449 1356 504 λάβωσιν

365 505 433 537 ἀπό
459 503 522 541 τῆς
547 502 609 534 τοῦ
635 502 729 538 ἡλίου
754 501 871 545 φορᾶς,
899 496 962 535 ἤδη
987 498 1083 529 κατοὶ
1107 497 1170 532 τοίς
1195 490 1356 538 διαφορας

364 549 430 580 τῶν
456 547 571 580 τόπων
597 546 644 589 ἐφ’
674 545 718 577 ἕν.
1174 582 1191 591 ..
1259 580 1271 592 υ

289 592 398 624 ’Όταν
423 594 482 637 μὲν
508 588 564 623 οὖν
584 588 605 632 ᾖ
623 591 709 621 πολύ
734 590 775 620 τό
801 587 947 630 πνεῦμα,
965 589 1050 616 κινεῖ
1066 585 1130 621 τήν
1147 593 1226 628 γην,
1245 592 1356 634 ωσπερ

364 634 404 667 ἀῖν
429 637 444 668 ὁ
471 635 612 679 τρόμος,
640 631 695 664 ἐπὶ
728 630 859 668 πλοίτος
883 629 961 673 μέν·
986 630 1120 674 γίνεται
1144 625 1174 661 δ’
1203 627 1355 671 ὀλιγακις

363 682 420 711 καὶ
448 679 543 710 κατα
573 688 669 714 τινας
694 674 839 715 τόπους,
867 675 934 706 οἷον
960 673 975 705 ὁ
1003 672 1170 718 σφυγμὸς,
1199 671 1266 703 ἄνω
1297 671 1355 721 καὶ

362 722 533 755 κοίτωθεν·
560 719 610 753 διό
635 722 692 751 καὶ
714 718 938 755 ἑλαττονοίκις
955 719 1035 748 σείει
1053 717 1179 750 τοῦτον
1198 716 1259 747 τόν
1281 725 1357 756 τρο-

365 778 445 799 πον·
472 766 508 798 οὗ
533 765 595 811 γοὶρ
619 759 735 808 ῥᾴδιον
762 761 852 794 οὕτω
879 761 1008 797 πολλήν
1032 761 1201 792 συνελθεῖν
1228 757 1355 802 ἀρχήν·

363 811 418 842 ἐπὶ
444 811 549 854 μῆκος
573 810 636 853 γοὶρ
663 807 906 839 πολλαπλασία
931 806 994 842 τῆς
1021 802 1091 836 ἀπό
1108 806 1171 838 τοῦ
1194 801 1316 843 βοίθους
1334 801 1354 837 η

363 850 535 897 διάκρισις.
569 853 675 883 Ὅπου
706 845 735 881 δ’
764 848 804 881 ἀῖν
836 849 980 895 γένηται
1013 850 1169 886 τοιοῦτος
1198 848 1354 889 σεισμός,

363 895 563 939 ἐπιπολάζει
588 893 713 931 πλῆθος
737 893 849 934 λίθων,
868 892 978 937 ὥσπερ
1000 893 1068 924 τῶν
1086 894 1120 925 ἐν
1138 897 1209 929 τοῖς
1232 892 1356 927 λίκνοις

364 938 688 985 ἀναβραττομένων·
715 938 841 970 τοῦτον
859 938 922 983 γοίρ
943 938 1003 969 τόν
1025 936 1152 978 τρόπον
1172 933 1355 982 γενομένου

362 985 521 1028 σεισμοῦ,
555 985 603 1016 τοὶ
628 984 701 1026 περὶ
733 982 877 1013 Σίπυλον
913 979 1088 1025 ἀνετράπη
1120 982 1177 1012 καὶ
1203 980 1245 1011 τὸ
1274 979 1357 1010 Φλε-

361 1033 476 1074 γραῖον
500 1026 709 1071 καλούμενον
731 1020 846 1057 πεδίον
870 1027 928 1056 καὶ
950 1025 998 1056 τοὶ
1015 1027 1088 1069 περὶ
1107 1024 1171 1060 τήν
1195 1024 1358 1068 Λιγυστι-

359 1073 422 1109 κήν
446 1071 571 1117 χώραν.
600 1072 658 1101 Ἐν
683 1065 721 1101 δὲ
738 1073 814 1107 ταῖς
832 1068 944 1106 νήσοις
963 1073 1038 1106 ταῖς
1065 1070 1220 1104 ποντίαις
1246 1066 1355 1103 ἦττον

360 1119 494 1162 γίνεται
517 1117 650 1160 σεισμός
676 1114 743 1145 τῶν
769 1114 971 1159 προσγείων·
999 1114 1040 1144 τό
1065 1113 1127 1158 γοίρ
1147 1110 1273 1148 πλῆθος
1292 1111 1356 1148 τῆς

360 1159 534 1197 θαλοίττης
565 1156 705 1202 καταψιῖ
733 1168 762 1188 ει
786 1158 850 1195 τοὶς
881 1154 1118 1200 ἀναθυμιάσεις
1150 1158 1208 1187 καὶ
1233 1154 1356 1187 κωλύει

361 1205 408 1246 τῷ
430 1203 525 1246 βοίρει
548 1206 605 1235 καὶ
626 1203 694 1234 ἀπο
721 1200 872 1244 ιοίζεται·
900 1200 952 1232 ἔτι
969 1196 1005 1232 δὲ
1022 1202 1074 1245 ῥεῖ’
1088 1202 1145 1232 καὶ
1165 1200 1202 1232 οὐ
1222 1202 1356 1231 σείεται

357 1247 567 1295 κρατουμένη
594 1248 660 1280 ύπό
686 1246 754 1277 τῶν
779 1243 996 1289 πνευμάτων,
1022 1247 1081 1276 καὶ
1106 1241 1164 1276 διαὶ
1189 1245 1228 1276 τό
1249 1244 1355 1275 πολύν

359 1293 420 1327 ἐπέ
447 1303 494 1323 ειν
519 1291 628 1324 τόπον
654 1290 712 1322 οὐκ
737 1289 782 1327 εἰς
813 1289 968 1328 ταύτην,
997 1289 1068 1320 ἀλλ’
1099 1286 1135 1320 ἑκ
1160 1287 1293 1324 ταύτης
1320 1289 1354 1318 αἱ

361 1305 599 1380 ἀναξυμιοίσεις
622 1337 789 1381 γίνονται,
808 1336 865 1365 καὶ
892 1332 1039 1370 ταύταις
1058 1331 1299 1364 ἀκολουθοῦσιν
1318 1333 1352 1362 αἱ

359 1381 395 1416 ἐκ
420 1381 482 1418 τῆς
506 1380 581 1426 γῆς.
609 1380 645 1410 Αἱ
663 1374 694 1410 δ’
715 1377 813 1423 ἐγγύς
831 1378 893 1415 τίς
915 1377 1053 1420 ἠπείρου
1072 1375 1186 1422 μόριόν
1211 1376 1273 1407 εἰσι
1291 1376 1354 1413 τῆς

359 1426 514 1469 ἠπείρου·
546 1425 586 1456 τό
617 1424 680 1470 γοίρ
713 1421 846 1466 μεταξύ
876 1417 935 1454 δια
965 1420 1159 1464 μικρότητα
1193 1415 1355 1464 οὐδεμίαν

359 1472 430 1515 ἔχει
449 1463 609 1512 δύναμιν·
636 1468 700 1504 τοίς
717 1462 755 1498 δὲ
774 1467 917 1504 ποντίας
935 1465 995 1499 οὐκ
1016 1465 1089 1497 ἔστι
1113 1465 1250 1501 κινῆσαι
1277 1464 1355 1496 ἄνευ

359 1516 421 1552 τῆς
445 1511 622 1549 θαλάττης
645 1510 735 1552 ὅλης,
762 1510 812 1553 ὑφ’
837 1509 874 1547 ἧς
902 1509 1140 1555 περιεχόμεναι
1166 1508 1357 1554 τυγχάνου-

358 1570 421 1592 σιν.
446 1558 520 1600 Περὶ
545 1558 605 1600 μὲν
631 1554 687 1588 οὗν
712 1555 874 1598 σεισμῶν,
900 1557 958 1587 καὶ
983 1556 1034 1592 τίς
1059 1554 1079 1590 ἡ
1105 1553 1199 1598 φύσις
1225 1553 1354 1594 αὐτῶν,

357 1605 417 1635 καὶ
438 1596 498 1632 διαὶ
522 1600 584 1632 τίν’
614 1600 730 1631 αἰτίαν
759 1600 934 1643 γίνονται,
960 1601 1017 1630 καὶ
1044 1600 1116 1642 περὶ
1143 1599 1210 1630 τῶν
1245 1597 1355 1629 ἄλλων

358 1647 424 1679 τῶν
443 1643 697 1688 συμβαινόντων
723 1644 796 1686 περὶ
819 1640 959 1684 αὐτούς,
980 1643 1112 1686 εἴρηται
1133 1636 1256 1687 σχεδὸν
1281 1643 1355 1686 περὶ

358 1691 424 1723 τῶν
449 1691 630 1735 μεγίστων.

429 1807 440 1818 ,
470 1795 472 1797 v
491 1803 495 1807 .
516 1806 521 1814 ,
549 1784 700 1819 ostquam
724 1774 947 1819 Philosophus
971 1774 1114 1807 ostendit
1138 1784 1269 1806 causam
1293 1781 1357 1806 ter-

505 1817 525 1845 2⁴
549 1828 725 1859 raemotuS‚
745 1827 777 1852 et
800 1830 872 1852 eam
894 1830 952 1863 per
975 1818 1079 1851 multa
1100 1818 1193 1861 signa
1217 1816 1358 1851 declara-

496 1873 519 1902 .,’
549 1865 606 1904 vit,
630 1863 683 1896 hic
707 1862 901 1896 determinat
924 1862 964 1896 de
992 1861 1214 1896 accidentibus
1239 1873 1355 1894 conse-

498 1943 501 1952 ,
551 1906 725 1953 quentibus
740 1915 984 1940 terraemotum.
995 1907 1108 1940 Primo
1121 1918 1155 1940 er
1179 1917 1200 1939 o
1213 1906 1356 1950 assignat

440 1971 445 1981 2
552 1963 682 1985 causam
702 1963 800 1996 quare
825 1960 1040 1984 terraemotus
1064 1962 1152 1995 quan
1177 1962 1263 2001 oque
1287 1961 1357 1983 non

293 1999 358 2032 cito
382 2005 500 2037 cessat,
524 1996 581 2030 sed
605 1995 698 2029 durat
721 2007 779 2040 per
794 1995 933 2039 longum
957 2004 1099 2040 tempus,
1123 2003 1156 2028 et
1177 1994 1354 2039 aliquando

292 2043 390 2075 etiam
408 2040 656 2085 interpolatione
679 2039 773 2080 facta,
818 2049 870 2073 ost
894 2051 1018 2073 annum
1041 2039 1094 2073 vel
1115 2039 1200 2073 duos
1215 2039 1355 2072 sentitur

292 2085 476 2120 notabiliter
490 2093 703 2118 terraemotus
720 2084 793 2118 debi
808 2085 858 2117 ior
875 2085 959 2118 circa
975 2083 1090 2118 eadem
1106 2083 1189 2117 loca.
1215 2084 1256 2118 Et
1278 2083 1356 2117 dicit

293 2130 393 2175 quod,
418 2129 548 2174 quando
572 2129 663 2162 fortis
687 2128 782 2162 fuerit
798 2128 902 2162 factus
918 2137 1146 2169 terraemotus,
1164 2136 1243 2161 tunc
1259 2127 1355 2161 exha-

293 2175 369 2208 latio
392 2185 529 2206 movens
548 2182 666 2207 terram
689 2184 757 2206 non
782 2174 891 2206 statim
916 2181 1030 2213 cessat,
1055 2184 1072 2205 a
1097 2172 1209 2206 itando
1231 2171 1356 2205 scilicet

292 2220 396 2263 ipsam
413 2217 513 2251 semel
528 2217 580 2251 vel
595 2217 635 2251 ad
660 2229 798 2261 parvum
815 2226 957 2262 tempus,
981 2216 1039 2251 sed
1095 2216 1240 2261 iquando
1260 2215 1356 2250 durat

293 2274 350 2307 per
366 2262 577 2307 quadraginta
593 2261 672 2302 dies,
688 2270 720 2295 et
739 2261 937 2306 quandoque
954 2261 1093 2294 sentitur
1108 2270 1185 2306 post
1201 2260 1286 2295 duos
1299 2272 1355 2294 an-

293 2318 366 2347 nos,
382 2306 464 2340 facta
477 2306 727 2350 interpolatione
740 2307 824 2339 sicut
835 2305 1038 2350 praedictum
1051 2314 1110 2339 est.
1124 2306 1233 2340 Causa
1245 2314 1356 2339 autem

293 2351 391 2384 huius
414 2359 473 2391 est,
497 2351 573 2395 quia
596 2351 678 2384 intra
702 2361 854 2383 cavernas
884 2359 986 2384 terrae
1017 2350 1143 2383 inclusa
1166 2358 1215 2384 est
1237 2361 1357 2394 magna

293 2394 470 2428 multitudo
494 2394 715 2435 exhalationis,
735 2403 766 2428 et
785 2394 857 2428 loca
880 2395 979 2428 etiam
1001 2395 1035 2428 in
1057 2394 1176 2439 quibus
1199 2394 1357 2439 recipitur

294 2439 348 2473 illa
371 2438 552 2480 exhalatio,
583 2447 660 2472 sunt
682 2450 802 2483 parva,
835 2447 867 2472 et
890 2438 1011 2472 habent
1040 2440 1145 2472 exitus
1170 2439 1299 2472 strictos
1323 2447 1356 2472 et

294 2483 392 2517 latera
415 2482 529 2524 solida,
546 2495 628 2527 quae
645 2495 720 2516 curn
744 2482 932 2516 difficultate
953 2482 1163 2527 franguntur:
1189 2492 1221 2516 et
1236 2495 1276 2517 ex
1291 2482 1356 2516 hoc

294 2527 348 2561 illa
370 2527 531 2561 exhalatio
547 2538 615 2560 non
639 2535 747 2571 potest
771 2528 836 2560 cito
860 2536 892 2560 et
906 2528 941 2561 in
960 2539 1063 2572 parvo
1082 2536 1232 2579 tempore
1256 2528 1354 2568 exire,

295 2571 352 2605 sed
375 2571 430 2605 diu
455 2571 557 2604 durat.
573 2571 716 2605 Necesse
736 2580 785 2605 est
807 2572 895 2605 enim
914 2573 1001 2605 intus
1025 2572 1156 2606 retineri
1180 2571 1271 2616 quod
1287 2583 1356 2605 non

296 2624 405 2660 potest
434 2614 568 2648 faciliter
601 2616 703 2649 exire:
727 2615 818 2649 velut
846 2627 921 2649 cum
951 2617 985 2649 in
1014 2615 1125 2661 aliquo
1156 2615 1232 2650 loco
1260 2615 1357 2650 fuerit

296 2671 414 2703 magna
436 2659 613 2693 multitudo
628 2671 740 2704 aquae,
757 2668 789 2693 et
811 2659 957 2693 foramen
977 2672 1035 2704 per
1059 2660 1149 2705 quod
1169 2661 1235 2694 exit
1257 2659 1354 2694 fuerit

297 2705 454 2744 strictum,
477 2715 545 2736 non
569 2704 632 2736 cito
657 2704 731 2744 exit,
754 2703 811 2738 sed
834 2704 936 2748 longo
960 2713 1108 2756 tempore
1133 2704 1228 2739 durat
1251 2705 1356 2738 exitus

297 2749 376 2781 eius.
394 2748 435 2781 Et
449 2747 513 2781 hoc
537 2748 633 2781 etiam
653 2747 791 2782 declarat
813 2760 871 2792 per
894 2748 999 2782 simile
1024 2761 1056 2782 m
1080 2761 1218 2794 corpore
1242 2758 1356 2783 nostro

297 2791 337 2825 de
360 2800 453 2825 motu
477 2803 491 2824 s
517 2792 608 2825 iritus
632 2791 762 2833 febrilis,
779 2793 834 2837 qui
854 2792 890 2826 fit
913 2793 947 2826 in
970 2792 1066 2827 nobis
1090 2803 1224 2838 propter
1247 2802 1354 2838 putre—

296 2835 471 2870 factionem
513 2847 677 2877 umorum,
694 2845 725 2870 et
742 2845 852 2870 causat
867 2848 1005 2881 magnos
1025 2837 1140 2882 pulsus
1156 2847 1189 2871 et
1203 2837 1356 2883 frequen-

297 2889 356 2920 tes,
372 2891 429 2924 per
452 2877 535 2924 quos
552 2880 734 2914 ostenditur
757 2880 852 2914 febris
877 2882 910 2914 in
927 2893 1065 2926 corpore
1089 2882 1248 2916 animalis.
1267 2883 1358 2916 Sicut

298 2925 306 2956 i
332 2925 395 2957 itur
418 2924 549 2968 spiritus
566 2924 686 2957 febrilis
709 2936 777 2958 non
801 2926 866 2958 cito
885 2936 992 2970 neque
1016 2935 1149 2970 repente
1167 2935 1280 2968 cessat,
1300 2927 1357 2961 sed

299 2935 392 3001 dgurat
406 2980 463 3012 per
485 2967 622 3012 longum
638 2977 779 3013 tempus,
799 2981 972 3021 quousque
991 2979 1204 3004 consumatur
1223 2972 1357 3005 materia

299 3023 380 3056 quae
404 3021 453 3045 est
475 3013 671 3056 principium
686 3013 757 3046 talis
782 3014 953 3058 passion1S‚
969 3015 1015 3047 sic
1032 3015 1130 3048 etiam
1155 3024 1244 3059 patet
1267 3015 1358 3060 quod

299 3057 429 3133 sipiritus
453 3056 540 3089 intus
563 3056 718 3098 inclusus,
742 3069 809 3091 non
833 3058 987 3102 expandit
1009 3058 1062 3092 vel
1081 3057 1220 3092 effundit
1242 3060 1358 3093 imme-

323 3101 384 3133 iate
407 3111 540 3134 omnem
559 3101 726 3134 materiam
748 3113 788 3135 ex
808 3113 872 3146 qua
888 3102 924 3135 fit
946 3111 1064 3136 ventus
1079 3111 1111 3136 et
1130 3112 1356 3144 terraemotus,

301 3143 357 3177 sed
375 3155 506 3177 necesse
530 3153 578 3177 est
601 3153 719 3178 terram
735 3146 848 3189 agitari
867 3158 1041 3191 quousque
1058 3157 1272 3192 consumptae
1290 3147 1358 3181 fue—

300 3188 363 3221 rint
386 3188 538 3232 reliquiae
564 3188 785 3223 exhalationis.
810 3190 872 3223 Sed
896 3199 1006 3224 tamen
1037 3191 1177 3235 agitatur
1200 3193 1356 3226 continue

302 3231 447 3272 debilius,
464 3240 586 3276 quanto
603 3234 711 3266 minus
727 3233 766 3267 de
790 3235 923 3267 materia
946 3236 1137 3268 remanserit
1159 3236 1259 3277 intus,
1301 3248 1359 3270 uo-

302 3286 404 3319 usque
428 3285 494 3309 tam
518 3287 632 3320 parum
655 3287 839 3318 remaneat,
864 3278 954 3323 quod
977 3290 1045 3312 non
1076 3288 1186 3323 potest
1216 3292 1291 3325 amp
1307 3281 1358 3314 ius

302 3330 432 3352 movere
456 3328 583 3353 terram.

356 3363 434 3396 Non
450 3364 591 3407 assignat
605 3373 713 3398 autem
736 3365 928 3399 Aristoteles
948 3377 1079 3400 causam
1098 3367 1359 3412 interpolationis

303 3414 525 3439 terraemotus.
542 3408 655 3441 Potest
677 3417 787 3442 tamen
810 3410 871 3442 ista
894 3421 964 3443 esse
989 3422 1095 3451 causa,
1115 3412 1191 3456 quia
1215 3412 1361 3456 quando-

305 3461 367 3494 que
391 3459 534 3483 remanet
563 3451 723 3485 exhalatio
754 3453 878 3486 inclusa
902 3465 959 3498 per
986 3454 1125 3498 longum
1153 3464 1283 3500 tempus
1311 3468 1359 3490 se-

305 3492 448 3526 cundum
472 3494 634 3528 modicam
658 3497 880 3540 quantitatem,
896 3509 978 3542 quae
1002 3509 1070 3531 non
1094 3508 1203 3542 potest
1226 3511 1359 3534 movere

304 3546 438 3570 terram:
463 3546 495 3570 et
514 3547 646 3582 propter
661 3539 724 3572 hoc
741 3541 877 3585 quiescit
896 3553 914 3574 a
932 3551 1147 3584 terraemotu3
1167 3543 1223 3577 sed
1271 3553 1361 3578 ostea

305 3592 362 3625 per
386 3592 577 3626 processum
600 3585 756 3627 temporis
780 3594 916 3628 augetur
939 3585 993 3618 illa
1016 3586 1187 3628 exhalatio,
1211 3599 1250 3621 ve
1287 3599 1361 3632 pro-

997 241 1584 283 METEOROLOGICORUM
1613 239 1708 275 LIB.
1738 239 1770 274 ΙΙ

1478 319 1512 349 hi
1525 318 1657 359 quidem
1680 317 1766 347 enim
1782 316 1815 346 in
1831 323 1912 347 terra
1932 315 2125 356 principium
2141 315 2259 347 habent
2274 322 2310 347 ut
2325 316 2365 346 ad
2381 326 2486 347 unum

1481 372 1593 392 omnes
1623 361 1858 401 impetuentur,
1890 361 1939 390 sol
1962 366 2071 391 autem
2098 369 2165 390 non
2196 359 2339 391 similiter
2361 367 2485 401 potest;

1478 406 1605 446 pluviae
1628 411 1736 435 autem
1759 414 1930 444 suspensae
1954 404 2054 444 magis
2078 410 2114 435 ut
2136 403 2247 443 fluant,
2271 414 2348 435 cum
2370 404 2485 445 princi-

1478 450 1570 490 pium
1588 449 1765 489 acceperint
1780 459 1799 479 a
1814 448 1890 479 solis
1906 448 2036 487 latione,
2050 448 2116 479 iam
2139 448 2318 480 secundum
2341 445 2495 480 differem*

1478 494 1536 524 tias
1559 493 1707 524 locorum
1729 493 1770 523 ad
1793 502 1907 523 unum.

1411 581 1551 619 Quando
1579 580 1675 621 igitur
1699 580 1793 611 fuerit
1819 580 1942 611 multus
1973 579 2119 621 spiritus,
2149 587 2259 612 movet
2285 587 2420 620 terram,
2449 588 2486 613 ut

1478 631 1586 656 autem
1609 631 1739 663 tremor,
1763 625 1805 655 ad
1826 625 1947 664 latum;
1969 624 2006 655 fit
2028 631 2138 656 autem
2159 635 2231 656 raro
2255 631 2286 656 et
2307 626 2487 657 secundum

1477 669 1584 710 aliqua
1607 668 1688 707 loca,
1704 669 1793 700 velut
1813 669 1938 710 pulsus,
1954 679 2082 700 sursum
2099 675 2130 700 et
2145 669 2184 700 de
2200 670 2330 700 subtus:
2354 677 2487 711 propter

1477 713 1567 754 quod
1590 712 1698 744 minus
1714 713 1810 753 agitat
1825 713 1887 744 hoc
1903 714 2023 744 modo:
2049 723 2115 744 non
2129 713 2217 744 enim
2232 713 2323 744 facile
2342 714 2387 745 sic
2402 714 2485 746 mul-

1477 765 1548 788 tum
1573 757 1742 788 convenire
1759 757 1970 798 principium:
1987 758 2028 788 ad
2043 757 2280 798 longitudinem
2295 758 2388 789 enim·
2399 759 2485 790 mul-

1476 801 1574 842 tiplex
1589 801 1656 832 eius
1672 811 1755 842 quae
1767 811 1786 832 a
1797 802 1960 843 profundo
1976 802 2142 833 exhalatio.
2158 802 2361 844 Ubicumque
2377 809 2486 834 autem

1477 845 1578 877 factus
1602 845 1696 876 fuerit
1711 845 1782 876 talis
1797 846 1944 885 seismus,
1960 846 2118 887 egreditur
2140 846 2316 878 multitudo
2338 846 2486 888 lapidum

1478 890 1559 920 sicut
1588 889 1794 921 bullientium
1825 890 1860 920 in
1888 890 2046 921 caldariis:
2075 890 2139 922 hoc
2165 891 2253 922 enim
2275 891 2377 922 modo
2400 891 2485 923 facto

1477 933 1607 972 seisrno,
1622 944 1705 974 quae
1729 934 1810 965 circa
1825 934 1974 975 Sipylum
1997 944 2105 966 eversa
2127 941 2213 974 sunt,
2225 942 2257 967 et
2279 945 2413 976 campus
2427 946 2485 967 vo-

1477 985 1566 1009 catus
1593 977 1802 1018 Phlegraeus,
1827 985 1858 1009 et
1880 988 1963 1019 quae
1987 978 2069 1010 circa
2091 979 2287 1019 Ligusticum
2309 980 2485 1021 regionem.

1478 1022 1514 1053 In
1528 1022 1640 1053 insulis
1657 1029 1766 1053 autem
1778 1022 1918 1053 Ponticis
1933 1022 2040 1053 minus
2063 1021 2146 1054 fiunt
2160 1029 2370 1055 terraemotus
2385 1033 2486 1065 quarn

1477 1066 1510 1097 in
1529 1066 1579 1097 his
1595 1076 1679 1107 quae
1694 1066 1735 1097 ad
1750 1073 1881 1098 terram:
1905 1066 2081 1098 multitudo
2105 1066 2193 1098 enim
2211 1067 2308 1099 maris
2325 1067 2487 1109 infrigidat

1478 1110 1710 1150 exhalationes,
1739 1117 1770 1142 et
1793 1111 1941 1151 prohibet
1963 1111 2107 1152 pondere
2129 1121 2206 1151 suo,
2230 1118 2262 1143 et
2282 1111 2351 1143 vim
2372 1111 2485 1152 infern

1477 1155 1582 1186 adhuc
1600 1161 1709 1186 autem
1728 1155 1798 1186 fluit
1816 1162 1848 1186 et
1869 1165 1937 1186 non
1961 1155 2107 1195 agitatur,
2126 1156 2256 1187 obtenta
2274 1166 2294 1187 a
2311 1156 2486 1197 spiritibus,

1477 1205 1509 1230 et
1531 1199 1607 1240 quia
1630 1199 1772 1230 multum
1799 1206 1936 1240 occupat
1965 1199 2091 1239 locum,
2115 1209 2182 1231 non
2209 1200 2244 1231 in
2266 1200 2341 1240 hac,
2369 1201 2425 1232 sed
2447 1210 2487 1232 α

1476 1243 1536 1274 hac
1559 1243 1774 1275 exhalationes
1802 1243 1900 1282 fiunt,
1929 1250 1960 1275 et
1987 1244 2044 1275 has
2073 1251 2316 1286 consequuntur
2342 1255 2425 1287 quae
2448 1255 2487 1277 ex

1477 1293 1568 1319 terra.
1593 1288 1685 1326 Quae
1709 1295 1819 1319 autem
1841 1298 1943 1329 prope
1966 1295 2093 1327 terram,
2115 1298 2187 1329 pars
2207 1295 2283 1320 sunt
2299 1295 2417 1321 terrae:
2435 1289 2487 1321 in-

1476 1331 1668 1363 termedium
1691 1332 1778 1363 enirn
1801 1339 1932 1373 propter
1953 1332 2142 1373 parvitatem
2164 1333 2288 1364 nullam
2310 1333 2406 1366 habet
2425 1333 2486 1366 vir-

1477 1383 1590 1408 tutem.
1614 1377 1763 1408 Ponticas
1787 1383 1895 1408 autem
1919 1387 1986 1408 non
2010 1377 2166 1418 contingit
2183 1377 2307 1409 moveri
2321 1378 2390 1410 sine
2405 1378 2487 1410 mari

1476 1427 1566 1460 toto,
1590 1431 1608 1451 a
1623 1431 1691 1462 quo
1716 1428 1884 1452 contentae
1907 1421 2054 1453 existunt.
2077 1421 2127 1452 De
2149 1421 2392 1455 terraemotibus
2414 1422 2486 1464 qui-

1478 1465 1553 1496 dem
1579 1465 1693 1506 igitur,
1722 1472 1754 1497 et
1776 1475 1858 1507 quae
1886 1472 1999 1497 natura
2021 1475 2151 1505 eorum,
2175 1473 2207 1498 et
2232 1473 2364 1508 propter
2385 1475 2487 1509 qum

1477 1519 1608 1540 causam
1630 1509 1728 1548 fiunt,
1752 1517 1783 1542 et
1806 1510 1845 1540 de
1869 1509 1938 1540 aliis
1961 1509 2176 1542 accidentibus
2195 1511 2282 1546 ,circa
2303 1510 2410 1552 ipsos,
2437 1511 2487 1542 di-

1478 1556 1568 1585 ctu'm
1590 1561 1637 1586 est
1659 1554 1724 1585 fere
1747 1554 1787 1585 de
1810 1554 1966 1586 maximis.

1414 1780 1487 1816 pter
1510 1772 1649 1806 eandem
1674 1772 1960 1806 constellationem
2006 1785 2068 1806 uae
2091 1774 2237 1818 priorem
2259 1773 2414 1816 adduxit,
2431 1774 2486 1809 vel

1413 1825 1548 1860 propter
1570 1816 1667 1850 aliam
1691 1828 1842 1851 causam:
1870 1826 1903 1851 et
1925 1817 1970 1851 ita
2001 1816 2160 1852 ortificata
2183 1817 2347 1853 exhalatio
2365 1818 2486 1858 iterum

1413 1870 1527 1894 movet
1550 1870 1670 1895 terram
1694 1870 1771 1913 post
1793 1873 1919 1895 annum
1943 1870 2000 1896 aut
2023 1870 2101 1906 post
2123 1861 2209 1896 duos
2233 1873 2349 1896 annos.
2414 1886 2417 1889 »

1469 1914 1499 1939 2.
1518 1905 1674 1940 Secundo
1698 1905 1760 1939 1bi:
1787 1905 1868 1940 Sicut
1897 1906 1978 1940 em’m
2000 1912 2027 1940 et
2044 1913 2204 1952 percussus
2230 1915 2314 1948 etc.,
2341 1906 2487 1942 ostendit

1412 1960 1546 1983 causam
1575 1961 1675 1995 quare
1699 1949 1901 2002 quandoque
1935 1949 1973 1984 fit
1995 1962 2099 1984 sonus
2129 1959 2203 1985 ante
2231 1959 2485 1993 terraemotum,

1412 2003 1445 2027 et
1468 1993 1646 2039 aliquando
1671 2003 1770 2028 etlam
1794 1994 1831 2028 fit
1859 2006 1930 2028 non
1953 1994 2066 2028 futuro
2097 2003 2307 2030 terraemotu.
2334 1995 2386 2033 Et,
2404 1994 2487 2033 dicit

1412 2038 1502 2083 quod
1526 2038 1642 2072 eadem
1658 2038 1821 2072 exhalatio
1838 2051 1922 2084 quae
1938 2038 2016 2073 facit
2031 2048 2278 2081 terraemotum,
2293 2038 2372 2075 facit
2385 2039 2486 2075 etiam

1411 2094 1524 2124 sonos,
1541 2083 1594 2117 vel
1641 2083 1850 2117 raecedentes
1869 2092 2116 2125 terraemotum,
2132 2083 2185 2118 vel
2209 2084 2309 2118 etiam
2327 2084 2399 2119 sine
2421 2092 2485 2119 ter-

1410 2136 1570 2161 raemotu.
1629 2137 1641 2161 t
1664 2127 1807 2162 declarat
1838 2127 1903 2162 hoc
1927 2139 1987 2172 per
2013 2127 2121 2162 simile
2144 2128 2179 2162 in
2210 2139 2284 2162 aere
2308 2128 2484 2165 exteriori:

1410 2172 1488 2224 quia
1511 2172 1597 2205 sicut
1619 2183 1674 2206 aer
1696 2173 1837 2206 exterior
1860 2183 2037 2217 percussus
2060 2172 2103 2207 ad
2126 2172 2262 2218 aliquod
2285 2183 2408 2218 corpus
2430 2183 2486 2207 so·
2533 2202 2538 2210 ,

1409 2215 1515 2250 lidum
1532 2225 1565 2250 et
1577 2228 1772 2258 concavum,
1784 2215 1837 2250 vel
1853 2217 1953 2250 etiam
1968 2217 2156 2261 percutiens
2172 2216 2236 2251 tale
2253 2227 2374 2262 corpus
2389 2216 2491 2263 (quit

1410 2260 1492 2294 nihil
1516 2260 1624 2294 differt
1640 2269 1753 2294 utrum
1775 2272 1831 2294 aer
1846 2261 1889 2295 sit
1904 2261 2090 2306 percutiens
2106 2261 2160 2295 vel
2183 2273 2371 2306 percussus,
2383 2273 2428 2296 ‘ex
2441 2272 2484 2296 eo

1410 2304 1502 2350 quod
1533 2304 1574 2339 ad
1603 2304 1807 2339 causandum
1834 2317 1957 2339 sonum
1990 2317 2126 2340 necesse
2153 2315 2204 2340 est
2232 2306 2420 2351 percutiens
2451 2314 2486 2340 et

1410 2361 1606 2394 percussum
1629 2361 1702 2383 esse
1726 2349 1853 2395 simul),
1870 2358 1982 2384 causat
2005 2349 2154 2384 diversos
2173 2361 2277 2384 sonos
2300 2349 2486 2385 seeundum

1410 2394 1574 2428 diversam
1591 2393 1845 2438 dispositionem
1861 2395 2075 2439 percutientis
2091 2403 2124 2429 et
2166 2395 2301 2436 ercussi,
2321 2395 2368 2434 sic
2385 2395 2485 2429 exha-

1410 2438 1489 2472 latio
1513 2438 1624 2472 exiens
1641 2449 1700 2483 per
1720 2437 1868 2472 diversos
1884 2450 1986 2484 poros
2009 2447 2112 2473 terrae
2152 2438 2351 2474 iversimode
2373 2438 2485 2484 dispo-

1410 2483 1492 2516 sitos
1516 2491 1549 2516 et
1571 2481 1748 2526 figuratos,
1772 2482 1849 2517 facit
1871 2484 1980 2517 varios
2004 2492 2037 2517 et
2057 2483 2206 2518 diversos
2229 2494 2351 2525 soum,
2374 2483 2420 2519 ita
2447 2491 2486 2518 ut

1411 2526 1588 2579 aliquando
1604 2535 1688 2560 terra
1711 2526 1861 2561 videatur
1883 2528 2013 2572 mugire
2033 2527 2087 2561 vel
2105 2527 2188 2562 alios
2205 2526 2365 2562 terribiles
2380 2538 2484 2562 sonos

1411 2580 1576 2612 emrttere‚
1593 2572 1678 2605 sicut
1694 2570 1847 2605 dixerunt
1859 2571 1893 2605 hi
1911 2572 1967 2617 qui
1983 2571 2135 2616 prodigia
2151 2571 2375 2616 divulgabant.
2388 2571 2496 2606 Prae-

1410 2616 1501 2649 venit
1524 2624 1635 2649 autem
1659 2626 1763 2649 sonus
1786 2625 1936 2658 motum,
1967 2617 2045 2661 quia
2072 2615 2236 2650 exhalatio
2267 2615 2377 2661 aliqua
2399 2627 2486 2662 quae

1411 2669 1460 2694 est
1483 2659 1693 2694 subtiliorum
1710 2660 1854 2705 partium
1874 2669 1907 2694 et
1930 2661 2035 2704 magis
2051 2660 2272 2705 penetrabilis,
2291 2661 2388 2695 citius
2407 2661 2485 2703 exit,

1411 2713 1443 2738 et
1463 2715 1532 2738 non
1548 2713 1668 2749 potens
1689 2715 1822 2738 causare
1839 2713 2087 2746 terraemotum,
2103 2704 2181 2739 facit
2199 2704 2347 2740 diversos
2363 2713 2484 2747 sonos;

1411 2758 1444 2782 et
1467 2749 1563 2782 citius
1594 2749 1694 2782 etiam
1717 2761 1735 2783 a
1758 2748 1855 2783 nobis
1889 2748 2036 2790 auditur,
2061 2750 2138 2794 quia
2172 2748 2405 2794 penetrabilior
2435 2757 2487 2784 est

1411 2805 1514 2827 sonus
1531 2802 1563 2827 et
1586 2793 1692 2838 magis
1715 2792 1878 2827 sensibilis
1901 2793 2012 2839 quoad
2031 2805 2104 2835 noS,
2121 2805 2222 2839 quam
2245 2802 2358 2828 motus
2381 2802 2485 2828 terrae

1412 2846 1564 2872 causatus
1588 2837 1627 2871 ab
1651 2837 1868 2872 exhalatione.

1467 2893 1496 2926 3.
1513 2882 1631 2916 Tertio
1655 2881 1718 2916 ibi:
1742 2882 1812 2916 Iam
1834 2889 1936 2916 autem
1958 2888 1985 2916 et
2049 2892 2106 2916 uae
2131 2890 2214 2923 etc.,
2243 2881 2388 2926 assignat
2411 2892 2486 2916 cau-

1412 2938 1482 2960 sam
1499 2939 1600 2972 quare
1615 2935 1766 2971 tempore
1782 2935 1998 2961 terraemotus
2046 2935 2107 2960 unt
2125 2925 2359 2960 inundationes
2381 2937 2484 2972 aqua-

1411 2983 1502 3004 rum:
1528 2980 1560 3005 et
1583 2972 1728 3015 assignat
1762 2971 1846 3005 circa
1870 2970 1934 3004 hoc
1958 2970 2040 3005 duas
2068 2971 2221 3005 rationes.
2250 2970 2364 3005 Primo
2394 2970 2485 3005 enim

1412 3015 1502 3056 dicit,
1519 3015 1610 3060 quod
1634 3016 1669 3049 in
1692 3014 1943 3049 terraemotibus
1967 3015 2130 3060 contingit
2146 3014 2187 3049 ali
2212 3014 2324 3049 uando
2347 3013 2483 3050 effluxio

1412 3071 1588 3104 aquarum3
1612 3071 1681 3094 non
1697 3068 1808 3094 tamen
1825 3059 2028 3094 credendum
2043 3068 2104 3101 est,
2121 3070 2189 3105 quo
2229 3071 2314 3111 aqua
2329 3059 2372 3093 sit
2386 3069 2486 3094 causa

1412 3112 1639 3145 terraemotus,
1655 3105 1741 3138 sicut
1755 3105 1868 3149 posuit
1883 3104 2112 3146 Democritus,
2132 3103 2190 3138 sed
2209 3103 2310 3138 huius
2324 3103 2408 3138 ratio
2424 3112 2485 3146 est,

1412 3149 1489 3192 quia
1513 3149 1646 3192 spiritus
1677 3147 1730 3182 vel
1754 3148 1917 3182 exhalatio
1945 3159 2141 3193 erumpens,
2165 3149 2336 3182 inveniens
2364 3159 2383 3182 a
2406 3159 2485 3183 uam

1412 3193 1446 3225 in
1470 3192 1642 3244 superficie
1673 3202 1798 3234 terrae,
1850 3192 1980 3237 ropellit
2003 3204 2077 3227 eam
2115 3191 2167 3226 vel
2191 3204 2250 3237 per
2279 3203 2315 3226 se
2345 3204 2367 3226 v
2426 3202 2487 3237 per

1412 3247 1618 3270 eversionem
1642 3246 1762 3271 terrae:
1779 3204 1903 3271 scilicet
1924 3236 1977 3271 vel
2000 3236 2158 3282 ponendo
2173 3235 2298 3288 lapides
2317 3245 2351 3271 et
2365 3245 2486 3271 terram

1414 3292 1496 3325 quae
1521 3290 1589 3314 erat
1612 3281 1646 3315 in
1670 3280 1775 3316 fundo
1794 3281 1870 3322 loci,
1887 3293 1986 3326 supra
2007 3293 2142 3327 aquam,
2166 3292 2224 3326 qui
2247 3279 2485 3316 descendentes

1414 3336 1490 3358 cum
1514 3326 1639 3370 impetu
1672 3334 1806 3359 causant
1834 3325 2031 3360 effusionem
2055 3337 2237 3371 aquarum,
2265 3334 2302 3359 ut
2325 3333 2414 3370 patet
2443 3323 2486 3360 ad

1414 3380 1560 3410 sensum,
1583 3369 1636 3403 vel
1659 3369 1876 3414 propellendo
1905 3381 2025 3415 aquam
2052 3371 2221 3404 inventam
2249 3370 2284 3403 in
2311 3368 2487 3414 superficie

1414 3422 1516 3447 terrae
1541 3413 1580 3447 ab
1604 3413 1760 3448 inferiori.
1778 3415 1820 3448 Et
1842 3414 1906 3448 hoc
1930 3414 2033 3448 modo
2057 3415 2156 3448 etiarn
2172 3414 2262 3448 venti
2285 3422 2363 3448 sunt
2387 3424 2486 3448 causa

1415 3457 1638 3491 inundationis
1662 3470 1833 3503 aquarum,
1857 3459 1915 3493 sed
1939 3470 2008 3493 non
2031 3470 2050 3493 e
2074 3467 2202 3499 contra;
2227 3458 2304 3503 quia
2326 3469 2386 3503 per
2409 3468 2484 3492 ean-

1416 3501 1491 3535 dem
1515 3503 1677 3536 rationem
1701 3512 1814 3547 posset
1837 3503 1954 3555 aliquis
1978 3502 2085 3537 dicere
2109 3512 2228 3537 terram
2256 3513 2327 3536 esse
2351 3513 2485 3536 causam

1417 3554 1631 3579 terraemotus
1662 3547 1824 3588 activam,
1851 3559 1928 3592 quia
1958 3548 1968 3580 i
1994 3559 2030 3581 sa
2058 3548 2177 3591 agitata
2205 3547 2376 3587 evertitur,
2400 3546 2486 3580 sicut

1417 3600 1501 3634 aqua
1524 3591 1643 3634 agitata
1678 3590 1781 3624 effluit
1805 3600 1837 3625 et
1865 3591 1956 3626 effun
1979 3592 2061 3626 itur:
2086 3591 2204 3626 effusio
2236 3591 2326 3625 enim
2357 3590 2486 3624 eversio
