<?xml version="1.0" encoding="UTF-8"?>
<!DOCTYPE html PUBLIC "-//W3C//DTD XHTML 1.0 Transitional//EN"
    "http://www.w3.org/TR/xhtml1/DTD/xhtml1-transitional.dtd">
<html xmlns="http://www.w3.org/1999/xhtml" xml:lang="en" lang="en">
 <head>
  <title>
</title>
<meta http-equiv="Content-Type" content="text/html;charset=utf-8" />
  <meta name='ocr-system' content='tesseract 3.04.00' />
  <meta name='ocr-capabilities' content='ocr_page ocr_carea ocr_par ocr_line ocrx_word'/>
</head>
<body>
  <div class='ocr_page' id='page_1' title='image "./operaomniaiussui03thom/operaomniaiussui03thom_0124.png"; bbox 0 0 2782 4134; ppageno 0'>
   <div class='ocr_carea' id='block_1_1' title="bbox 304 269 353 305">
    <p class='ocr_par' dir='ltr' id='par_1_1' title="bbox 304 269 353 305">
     <span class='ocr_line' id='line_1_1' title="bbox 304 269 353 305; baseline 0 0"><span class='ocrx_word' id='word_1_1' title='bbox 304 269 353 305; x_wconf 89' lang='lat'>80</span> 
     </span>
    </p>
   </div>
   <div class='ocr_carea' id='block_1_2' title="bbox 1007 240 1774 292">
    <p class='ocr_par' dir='ltr' id='par_1_2' title="bbox 1007 240 1774 292">
     <span class='ocr_line' id='line_1_2' title="bbox 1007 240 1774 292; baseline -0.022 0"><span class='ocrx_word' id='word_1_2' title='bbox 1007 255 1077 292; x_wconf 92' lang='lat' dir='ltr'>DE</span> <span class='ocrx_word' id='word_1_3' title='bbox 1108 249 1281 289; x_wconf 91' lang='lat' dir='ltr'><strong>CAELO</strong></span> <span class='ocrx_word' id='word_1_4' title='bbox 1310 248 1381 286; x_wconf 92' lang='lat' dir='ltr'>ET</span> <span class='ocrx_word' id='word_1_5' title='bbox 1410 243 1603 283; x_wconf 92' lang='lat' dir='ltr'><strong>MUNDO</strong></span> <span class='ocrx_word' id='word_1_6' title='bbox 1634 241 1728 278; x_wconf 89' lang='lat' dir='ltr'>LIB.</span> <span class='ocrx_word' id='word_1_7' title='bbox 1760 240 1774 276; x_wconf 95' lang='grc' dir='ltr'>Ι</span> 
     </span>
    </p>
   </div>
   <div class='ocr_carea' id='block_1_3' title="bbox 1007 463 1755 530">
    <p class='ocr_par' dir='ltr' id='par_1_3' title="bbox 1007 463 1755 530">
     <span class='ocr_line' id='line_1_3' title="bbox 1007 463 1755 530; baseline -0.017 0"><span class='ocrx_word' id='word_1_8' title='bbox 1007 469 1306 530; x_wconf 93' lang='lat' dir='ltr'><strong>LECTIO</strong></span> <span class='ocrx_word' id='word_1_9' title='bbox 1345 463 1755 523; x_wconf 86' lang='lat' dir='ltr'>VIGESIMA</span> 
     </span>
    </p>
   </div>
   <div class='ocr_carea' id='block_1_4' title="bbox 519 614 2275 717">
    <p class='ocr_par' dir='ltr' id='par_1_4' title="bbox 519 614 2275 717">
     <span class='ocr_line' id='line_1_4' title="bbox 519 614 2275 668; baseline -0.014 0"><span class='ocrx_word' id='word_1_10' title='bbox 519 631 792 668; x_wconf 85' lang='lat' dir='ltr'><strong>OSTENDITUR</strong></span> <span class='ocrx_word' id='word_1_11' title='bbox 813 626 1002 660; x_wconf 92' lang='lat' dir='ltr'><strong>MUNDUM</strong></span> <span class='ocrx_word' id='word_1_12' title='bbox 1026 621 1256 656; x_wconf 88' lang='lat' dir='ltr'>CONSTARE</span> <span class='ocrx_word' id='word_1_13' title='bbox 1280 620 1337 650; x_wconf 90' lang='lat' dir='ltr'>EX</span> <span class='ocrx_word' id='word_1_14' title='bbox 1361 617 1469 650; x_wconf 93' lang='lat' dir='ltr'>OMNI</span> <span class='ocrx_word' id='word_1_15' title='bbox 1495 615 1700 648; x_wconf 89' lang='lat' dir='ltr'>CORPORE</span> <span class='ocrx_word' id='word_1_16' title='bbox 1723 615 1948 646; x_wconf 87' lang='lat' dir='ltr'><strong>NATURALI</strong></span> <span class='ocrx_word' id='word_1_17' title='bbox 1971 615 2030 646; x_wconf 92' lang='lat' dir='ltr'>ET</span> <span class='ocrx_word' id='word_1_18' title='bbox 2055 614 2275 654; x_wconf 86' lang='lat' dir='ltr'>SENSIBILI,</span> 
     </span>
     <span class='ocr_line' id='line_1_5' title="bbox 1111 672 1679 717; baseline -0.014 -6"><span class='ocrx_word' id='word_1_19' title='bbox 1111 678 1233 717; x_wconf 93' lang='lat' dir='ltr'><strong>QUOD</strong></span> <span class='ocrx_word' id='word_1_20' title='bbox 1258 677 1338 708; x_wconf 90' lang='lat' dir='ltr'>EST</span> <span class='ocrx_word' id='word_1_21' title='bbox 1362 673 1560 706; x_wconf 89' lang='lat' dir='ltr'><strong>MATERIA</strong></span> <span class='ocrx_word' id='word_1_22' title='bbox 1582 672 1679 704; x_wconf 92' lang='lat' dir='ltr'>EIUS</span> 
     </span>
    </p>
   </div>
   <div class='ocr_carea' id='block_1_5' title="bbox 304 806 1365 1757">
    <p class='ocr_par' dir='ltr' id='par_1_5' title="bbox 309 806 1365 1000">
     <span class='ocr_line' id='line_1_6' title="bbox 309 806 1364 864; baseline -0.023 -6"><span class='ocrx_word' id='word_1_23' title='bbox 309 826 476 858; x_wconf 76' lang='grc' dir='ltr'>Δείπεται</span> <span class='ocrx_word' id='word_1_24' title='bbox 502 820 566 864; x_wconf 81' lang='grc' dir='ltr'>ἄρα</span> <span class='ocrx_word' id='word_1_25' title='bbox 591 817 694 849; x_wconf 79' lang='grc' dir='ltr'>τοῦτο</span> <span class='ocrx_word' id='word_1_26' title='bbox 718 809 842 853; x_wconf 79' lang='grc' dir='ltr'>δεῖξαι,</span> <span class='ocrx_word' id='word_1_27' title='bbox 866 809 920 843; x_wconf 80' lang='grc' dir='ltr'>ὅτι</span> <span class='ocrx_word' id='word_1_28' title='bbox 946 808 981 850; x_wconf 78' lang='grc' dir='ltr'>ἐξ</span> <span class='ocrx_word' id='word_1_29' title='bbox 1008 807 1162 844; x_wconf 82' lang='grc' dir='ltr'>ἅπαντος</span> <span class='ocrx_word' id='word_1_30' title='bbox 1187 806 1249 839; x_wconf 84' lang='grc' dir='ltr'>τοῦ</span> <span class='ocrx_word' id='word_1_31' title='bbox 1274 814 1364 848; x_wconf 84' lang='grc' dir='ltr'>φυσι-</span> 
     </span>
     <span class='ocr_line' id='line_1_7' title="bbox 377 850 1362 900; baseline -0.022 0"><span class='ocrx_word' id='word_1_32' title='bbox 377 868 437 900; x_wconf 81' lang='grc' dir='ltr'>κοῦ</span> <span class='ocrx_word' id='word_1_33' title='bbox 459 866 517 897; x_wconf 78' lang='grc' dir='ltr'>καὶ</span> <span class='ocrx_word' id='word_1_34' title='bbox 541 863 602 896; x_wconf 83' lang='grc' dir='ltr'>τοῦ</span> <span class='ocrx_word' id='word_1_35' title='bbox 627 858 789 895; x_wconf 81' lang='grc' dir='ltr'>αἰσθητοῦ</span> <span class='ocrx_word' id='word_1_36' title='bbox 809 854 990 891; x_wconf 78' lang='grc' dir='ltr'>συνέστηκε</span> <span class='ocrx_word' id='word_1_37' title='bbox 1012 852 1181 896; x_wconf 77' lang='grc' dir='ltr'>σώματος.</span> <span class='ocrx_word' id='word_1_38' title='bbox 1207 850 1362 892; x_wconf 77' lang='grc' dir='ltr'>Εἴπωμεν</span> 
     </span>
     <span class='ocr_line' id='line_1_8' title="bbox 377 896 1365 952; baseline -0.021 -8"><span class='ocrx_word' id='word_1_39' title='bbox 377 907 414 943; x_wconf 77' lang='grc' dir='ltr'>δὲ</span> <span class='ocrx_word' id='word_1_40' title='bbox 438 899 626 952; x_wconf 73' lang='grc' dir='ltr'>πρῶτοντί</span> <span class='ocrx_word' id='word_1_41' title='bbox 648 902 789 948; x_wconf 81' lang='grc' dir='ltr'>λέγομεν</span> <span class='ocrx_word' id='word_1_42' title='bbox 814 897 898 931; x_wconf 82' lang='grc' dir='ltr'>εἶναι</span> <span class='ocrx_word' id='word_1_43' title='bbox 924 898 983 931; x_wconf 80' lang='grc' dir='ltr'>τὸν</span> <span class='ocrx_word' id='word_1_44' title='bbox 1010 896 1148 942; x_wconf 79' lang='grc' dir='ltr'>οὐρανόν</span> <span class='ocrx_word' id='word_1_45' title='bbox 1173 896 1231 926; x_wconf 85' lang='grc' dir='ltr'>καὶ</span> <span class='ocrx_word' id='word_1_46' title='bbox 1256 903 1365 925; x_wconf 88' lang='grc' dir='ltr'>ποσα-</span> 
     </span>
     <span class='ocr_line' id='line_1_9' title="bbox 377 936 1362 1000; baseline -0.018 -14"><span class='ocrx_word' id='word_1_47' title='bbox 377 956 455 1000; x_wconf 85' lang='grc' dir='ltr'>χῶς,</span> <span class='ocrx_word' id='word_1_48' title='bbox 470 953 528 984; x_wconf 74' lang='grc' dir='ltr'>ἳνα</span> <span class='ocrx_word' id='word_1_49' title='bbox 548 950 672 995; x_wconf 76' lang='grc' dir='ltr'>μᾶλλον</span> <span class='ocrx_word' id='word_1_50' title='bbox 698 947 776 989; x_wconf 80' lang='grc' dir='ltr'>ημῖν</span> <span class='ocrx_word' id='word_1_51' title='bbox 801 939 905 980; x_wconf 76' lang='grc' dir='ltr'>δῆλον</span> <span class='ocrx_word' id='word_1_52' title='bbox 923 942 1066 989; x_wconf 87' lang='grc' dir='ltr'>γένηται</span> <span class='ocrx_word' id='word_1_53' title='bbox 1083 941 1124 973; x_wconf 72' lang='grc' dir='ltr'>τό</span> <span class='ocrx_word' id='word_1_54' title='bbox 1140 936 1362 990; x_wconf 68' lang='grc' dir='ltr'>ζητούμενογ.</span> 
     </span>
    </p>

    <p class='ocr_par' dir='ltr' id='par_1_6' title="bbox 304 983 1361 1042">
     <span class='ocr_line' id='line_1_10' title="bbox 304 983 1361 1042; baseline -0.02 -10"><span class='ocrx_word' id='word_1_55' title='bbox 304 998 388 1032; x_wconf 84' lang='grc' dir='ltr'>Ἔνα</span> <span class='ocrx_word' id='word_1_56' title='bbox 411 998 469 1042; x_wconf 79' lang='grc' dir='ltr'>μὲν</span> <span class='ocrx_word' id='word_1_57' title='bbox 496 995 549 1028; x_wconf 76' lang='grc' dir='ltr'>οὖν</span> <span class='ocrx_word' id='word_1_58' title='bbox 575 992 698 1038; x_wconf 79' lang='grc' dir='ltr'>τρόπον</span> <span class='ocrx_word' id='word_1_59' title='bbox 724 988 863 1034; x_wconf 75' lang='grc' dir='ltr'>οὐρανόν</span> <span class='ocrx_word' id='word_1_60' title='bbox 888 988 1031 1034; x_wconf 85' lang='grc' dir='ltr'>λέγομεν</span> <span class='ocrx_word' id='word_1_61' title='bbox 1056 984 1119 1021; x_wconf 77' lang='grc' dir='ltr'>την</span> <span class='ocrx_word' id='word_1_62' title='bbox 1155 983 1270 1015; x_wconf 82' lang='grc' dir='ltr'>οὐσίαν</span> <span class='ocrx_word' id='word_1_63' title='bbox 1298 992 1361 1017; x_wconf 85' lang='grc' dir='ltr'>την</span> 
     </span>
    </p>

    <p class='ocr_par' dir='ltr' id='par_1_7' title="bbox 319 1024 1364 1480">
     <span class='ocr_line' id='line_1_11' title="bbox 319 1024 1361 1086; baseline -0.022 -9"><span class='ocrx_word' id='word_1_64' title='bbox 319 1034 327 1039; x_wconf 68' lang='lat'>.</span> <span class='ocrx_word' id='word_1_65' title='bbox 377 1045 438 1080; x_wconf 80' lang='grc' dir='ltr'>τῆς</span> <span class='ocrx_word' id='word_1_66' title='bbox 463 1035 609 1086; x_wconf 79' lang='grc' dir='ltr'>ἐσχάτης</span> <span class='ocrx_word' id='word_1_67' title='bbox 627 1037 688 1069; x_wconf 82' lang='grc' dir='ltr'>τοῦ</span> <span class='ocrx_word' id='word_1_68' title='bbox 707 1033 835 1070; x_wconf 80' lang='grc' dir='ltr'>παντὸς</span> <span class='ocrx_word' id='word_1_69' title='bbox 860 1030 1048 1076; x_wconf 80' lang='grc' dir='ltr'>περιφορᾶς,</span> <span class='ocrx_word' id='word_1_70' title='bbox 1066 1028 1087 1065; x_wconf 75' lang='grc' dir='ltr'>ἦ</span> <span class='ocrx_word' id='word_1_71' title='bbox 1105 1029 1201 1071; x_wconf 81' lang='grc' dir='ltr'>σῶμα</span> <span class='ocrx_word' id='word_1_72' title='bbox 1225 1024 1361 1079; x_wconf 73' lang='grc' dir='ltr'>φυσικὸν</span> 
     </span>
     <span class='ocr_line' id='line_1_12' title="bbox 378 1069 1360 1126; baseline -0.019 -7"><span class='ocrx_word' id='word_1_73' title='bbox 378 1087 418 1118; x_wconf 75' lang='grc' dir='ltr'>τὸ</span> <span class='ocrx_word' id='word_1_74' title='bbox 443 1087 475 1118; x_wconf 83' lang='grc' dir='ltr'>ἐν</span> <span class='ocrx_word' id='word_1_75' title='bbox 501 1085 544 1123; x_wconf 88' lang='grc' dir='ltr'><strong>τῆ</strong></span> <span class='ocrx_word' id='word_1_76' title='bbox 574 1080 705 1126; x_wconf 86' lang='grc' dir='ltr'>ἐσχάτῃ</span> <span class='ocrx_word' id='word_1_77' title='bbox 738 1077 899 1122; x_wconf 76' lang='grc' dir='ltr'>περιφορᾷ</span> <span class='ocrx_word' id='word_1_78' title='bbox 929 1075 992 1108; x_wconf 82' lang='grc' dir='ltr'>τοῦ</span> <span class='ocrx_word' id='word_1_79' title='bbox 1025 1072 1172 1110; x_wconf 88' lang='grc' dir='ltr'>παντός·</span> <span class='ocrx_word' id='word_1_80' title='bbox 1199 1069 1360 1114; x_wconf 78' lang='grc' dir='ltr'>εἷωθαμεν</span> 
     </span>
     <span class='ocr_line' id='line_1_13' title="bbox 375 1114 1364 1177; baseline -0.018 -14"><span class='ocrx_word' id='word_1_81' title='bbox 375 1131 439 1177; x_wconf 79' lang='grc' dir='ltr'>γάρ</span> <span class='ocrx_word' id='word_1_82' title='bbox 463 1129 505 1161; x_wconf 79' lang='grc' dir='ltr'>τὸ</span> <span class='ocrx_word' id='word_1_83' title='bbox 530 1117 674 1172; x_wconf 66' lang='grc' dir='ltr'>’ἔσχατον</span> <span class='ocrx_word' id='word_1_84' title='bbox 702 1125 760 1155; x_wconf 84' lang='grc' dir='ltr'>καὶ</span> <span class='ocrx_word' id='word_1_85' title='bbox 785 1123 827 1154; x_wconf 77' lang='grc' dir='ltr'>τὸ</span> <span class='ocrx_word' id='word_1_86' title='bbox 853 1122 919 1153; x_wconf 76' lang='grc' dir='ltr'>ἄνω</span> <span class='ocrx_word' id='word_1_87' title='bbox 943 1118 1097 1163; x_wconf 85' lang='grc' dir='ltr'>μάλιστα</span> <span class='ocrx_word' id='word_1_88' title='bbox 1123 1117 1238 1148; x_wconf 81' lang='grc' dir='ltr'>καλεῖν</span> <span class='ocrx_word' id='word_1_89' title='bbox 1265 1114 1364 1158; x_wconf 80' lang='grc' dir='ltr'>οὐρα-</span> 
     </span>
     <span class='ocr_line' id='line_1_14' title="bbox 376 1159 1362 1215; baseline -0.017 -9"><span class='ocrx_word' id='word_1_90' title='bbox 376 1174 444 1215; x_wconf 83' lang='grc' dir='ltr'>νόν,</span> <span class='ocrx_word' id='word_1_91' title='bbox 471 1173 503 1205; x_wconf 88' lang='grc' dir='ltr'>ἐν</span> <span class='ocrx_word' id='word_1_92' title='bbox 521 1172 543 1213; x_wconf 78' lang='grc' dir='ltr'><em>ᾤ</em></span> <span class='ocrx_word' id='word_1_93' title='bbox 563 1171 620 1202; x_wconf 88' lang='grc' dir='ltr'>καὶ</span> <span class='ocrx_word' id='word_1_94' title='bbox 645 1168 685 1201; x_wconf 80' lang='grc' dir='ltr'>τό</span> <span class='ocrx_word' id='word_1_95' title='bbox 709 1167 794 1199; x_wconf 87' lang='grc' dir='ltr'>θεῖον</span> <span class='ocrx_word' id='word_1_96' title='bbox 820 1167 887 1198; x_wconf 84' lang='grc' dir='ltr'>πᾶν</span> <span class='ocrx_word' id='word_1_97' title='bbox 913 1159 1064 1208; x_wconf 79' lang='grc' dir='ltr'>ἱδρῦσθαί</span> <span class='ocrx_word' id='word_1_98' title='bbox 1089 1173 1209 1205; x_wconf 82' lang='grc' dir='ltr'>φαμεν.</span> <span class='ocrx_word' id='word_1_99' title='bbox 1239 1159 1362 1191; x_wconf 80' lang='grc' dir='ltr'>Ἀλλον</span> 
     </span>
     <span class='ocr_line' id='line_1_15' title="bbox 375 1204 1364 1260; baseline -0.017 -9"><span class='ocrx_word' id='word_1_100' title='bbox 375 1214 405 1250; x_wconf 76' lang='grc' dir='ltr'>δ’</span> <span class='ocrx_word' id='word_1_101' title='bbox 426 1216 469 1250; x_wconf 77' lang='grc' dir='ltr'>αὖ</span> <span class='ocrx_word' id='word_1_102' title='bbox 493 1214 617 1260; x_wconf 81' lang='grc' dir='ltr'>τρόπον</span> <span class='ocrx_word' id='word_1_103' title='bbox 642 1212 683 1245; x_wconf 79' lang='grc' dir='ltr'>τὸ</span> <span class='ocrx_word' id='word_1_104' title='bbox 707 1211 842 1256; x_wconf 79' lang='grc' dir='ltr'>συνεχὲς</span> <span class='ocrx_word' id='word_1_105' title='bbox 863 1209 960 1252; x_wconf 81' lang='grc' dir='ltr'>σῶμα</span> <span class='ocrx_word' id='word_1_106' title='bbox 980 1208 1025 1249; x_wconf 84' lang='grc' dir='ltr'>τῇ</span> <span class='ocrx_word' id='word_1_107' title='bbox 1047 1206 1180 1252; x_wconf 82' lang='grc' dir='ltr'>ἐσχάτῃ</span> <span class='ocrx_word' id='word_1_108' title='bbox 1201 1204 1364 1248; x_wconf 76' lang='grc' dir='ltr'>περιφορᾷ</span> 
     </span>
     <span class='ocr_line' id='line_1_16' title="bbox 377 1249 1363 1300; baseline -0.013 -6"><span class='ocrx_word' id='word_1_109' title='bbox 377 1263 438 1294; x_wconf 86' lang='grc' dir='ltr'>τοῦ</span> <span class='ocrx_word' id='word_1_110' title='bbox 469 1258 620 1300; x_wconf 79' lang='grc' dir='ltr'>παντός,</span> <span class='ocrx_word' id='word_1_111' title='bbox 645 1258 678 1289; x_wconf 87' lang='grc' dir='ltr'>ἐν</span> <span class='ocrx_word' id='word_1_112' title='bbox 704 1256 726 1297; x_wconf 76' lang='lat' dir='ltr'>qi</span> <span class='ocrx_word' id='word_1_113' title='bbox 752 1255 874 1292; x_wconf 76' lang='grc' dir='ltr'>σελήνη</span> <span class='ocrx_word' id='word_1_114' title='bbox 907 1255 965 1284; x_wconf 87' lang='grc' dir='ltr'>καὶ</span> <span class='ocrx_word' id='word_1_115' title='bbox 991 1251 1083 1288; x_wconf 76' lang='grc' dir='ltr'>ἥλιος</span> <span class='ocrx_word' id='word_1_116' title='bbox 1114 1251 1173 1282; x_wconf 80' lang='grc' dir='ltr'>καὶ</span> <span class='ocrx_word' id='word_1_117' title='bbox 1199 1249 1271 1281; x_wconf 84' lang='grc' dir='ltr'>ἔνια</span> <span class='ocrx_word' id='word_1_118' title='bbox 1295 1251 1363 1283; x_wconf 82' lang='grc' dir='ltr'>τῶν</span> 
     </span>
     <span class='ocr_line' id='line_1_17' title="bbox 377 1291 1361 1349; baseline -0.014 -11"><span class='ocrx_word' id='word_1_119' title='bbox 377 1306 522 1349; x_wconf 84' lang='grc' dir='ltr'>ἄστρων·</span> <span class='ocrx_word' id='word_1_120' title='bbox 548 1304 605 1334; x_wconf 85' lang='grc' dir='ltr'>καὶ</span> <span class='ocrx_word' id='word_1_121' title='bbox 655 1301 693 1345; x_wconf 86' lang='grc' dir='ltr'>οὶρ</span> <span class='ocrx_word' id='word_1_122' title='bbox 718 1301 835 1333; x_wconf 83' lang='grc' dir='ltr'>ταῦτα</span> <span class='ocrx_word' id='word_1_123' title='bbox 860 1300 892 1331; x_wconf 89' lang='grc' dir='ltr'>ἐν</span> <span class='ocrx_word' id='word_1_124' title='bbox 919 1297 966 1338; x_wconf 78' lang='grc' dir='ltr'>τῷ</span> <span class='ocrx_word' id='word_1_125' title='bbox 991 1295 1118 1340; x_wconf 75' lang='grc' dir='ltr'>οὐρανῷ</span> <span class='ocrx_word' id='word_1_126' title='bbox 1136 1291 1222 1348; x_wconf 75' lang='grc' dir='ltr'>εἶναί</span> <span class='ocrx_word' id='word_1_127' title='bbox 1240 1305 1361 1339; x_wconf 81' lang='grc' dir='ltr'>φαμεν.</span> 
     </span>
     <span class='ocr_line' id='line_1_18' title="bbox 368 1314 1364 1391; baseline -0.013 -9"><span class='ocrx_word' id='word_1_128' title='bbox 368 1350 444 1382; x_wconf 66' lang='lat' dir='ltr'>’&#39;Eru-</span> <span class='ocrx_word' id='word_1_129' title='bbox 461 1345 489 1380; x_wconf 83' lang='grc' dir='ltr'>δ’</span> <span class='ocrx_word' id='word_1_130' title='bbox 512 1347 618 1384; x_wconf 86' lang='grc' dir='ltr'>ἄλλως</span> <span class='ocrx_word' id='word_1_131' title='bbox 629 1314 778 1391; x_wconf 46' lang='grc' dir='ltr'>ζιέγομεν</span> <span class='ocrx_word' id='word_1_132' title='bbox 796 1341 934 1387; x_wconf 81' lang='grc' dir='ltr'>οὐρανὸν</span> <span class='ocrx_word' id='word_1_133' title='bbox 952 1339 994 1373; x_wconf 80' lang='grc' dir='ltr'>τό</span> <span class='ocrx_word' id='word_1_134' title='bbox 1012 1350 1248 1384; x_wconf 83' lang='grc' dir='ltr'>περιεχομενον</span> <span class='ocrx_word' id='word_1_135' title='bbox 1266 1340 1364 1384; x_wconf 81' lang='grc' dir='ltr'>σῶμα</span> 
     </span>
     <span class='ocr_line' id='line_1_19' title="bbox 376 1383 1364 1436; baseline -0.011 -10"><span class='ocrx_word' id='word_1_136' title='bbox 376 1394 441 1426; x_wconf 77' lang='grc' dir='ltr'>ὑπὸ</span> <span class='ocrx_word' id='word_1_137' title='bbox 473 1393 534 1430; x_wconf 74' lang='grc' dir='ltr'>τῆς</span> <span class='ocrx_word' id='word_1_138' title='bbox 567 1390 714 1436; x_wconf 83' lang='grc' dir='ltr'>ἐσχάτης</span> <span class='ocrx_word' id='word_1_139' title='bbox 748 1387 941 1433; x_wconf 85' lang='grc' dir='ltr'>περιφορᾶς·</span> <span class='ocrx_word' id='word_1_140' title='bbox 971 1385 1011 1417; x_wconf 75' lang='grc' dir='ltr'>τό</span> <span class='ocrx_word' id='word_1_141' title='bbox 1036 1384 1100 1431; x_wconf 78' lang='grc' dir='ltr'>γάρ</span> <span class='ocrx_word' id='word_1_142' title='bbox 1132 1383 1207 1416; x_wconf 85' lang='grc' dir='ltr'>ὅλον</span> <span class='ocrx_word' id='word_1_143' title='bbox 1237 1385 1296 1415; x_wconf 81' lang='grc' dir='ltr'>καὶ</span> <span class='ocrx_word' id='word_1_144' title='bbox 1322 1383 1364 1416; x_wconf 78' lang='grc' dir='ltr'>τό</span> 
     </span>
     <span class='ocr_line' id='line_1_20' title="bbox 376 1431 937 1480; baseline -0.012 -10"><span class='ocrx_word' id='word_1_145' title='bbox 376 1440 442 1471; x_wconf 83' lang='grc' dir='ltr'>πᾶν</span> <span class='ocrx_word' id='word_1_146' title='bbox 467 1435 627 1480; x_wconf 78' lang='grc' dir='ltr'>εἰώθαμεν</span> <span class='ocrx_word' id='word_1_147' title='bbox 651 1433 760 1480; x_wconf 83' lang='grc' dir='ltr'>λέγειν</span> <span class='ocrx_word' id='word_1_148' title='bbox 787 1431 937 1477; x_wconf 85' lang='grc' dir='ltr'>οὐρανόν.</span> 
     </span>
    </p>

    <p class='ocr_par' dir='ltr' id='par_1_8' title="bbox 311 1471 1364 1704">
     <span class='ocr_line' id='line_1_21' title="bbox 311 1471 1363 1528; baseline -0.011 -13"><span class='ocrx_word' id='word_1_149' title='bbox 311 1484 434 1528; x_wconf 82' lang='grc' dir='ltr'>Τριχῶς</span> <span class='ocrx_word' id='word_1_150' title='bbox 458 1477 500 1518; x_wconf 72' lang='grc' dir='ltr'>δή</span> <span class='ocrx_word' id='word_1_151' title='bbox 524 1478 705 1526; x_wconf 83' lang='grc' dir='ltr'>λεγομένου</span> <span class='ocrx_word' id='word_1_152' title='bbox 730 1479 793 1510; x_wconf 85' lang='grc' dir='ltr'>τοῦ</span> <span class='ocrx_word' id='word_1_153' title='bbox 819 1474 975 1521; x_wconf 80' lang='grc' dir='ltr'>οὐρανοῦ,</span> <span class='ocrx_word' id='word_1_154' title='bbox 995 1472 1036 1526; x_wconf 69' lang='grc' dir='ltr'>τό</span> <span class='ocrx_word' id='word_1_155' title='bbox 1054 1471 1130 1504; x_wconf 82' lang='grc' dir='ltr'>ὅλον</span> <span class='ocrx_word' id='word_1_156' title='bbox 1156 1472 1197 1505; x_wconf 75' lang='grc' dir='ltr'>τὸ</span> <span class='ocrx_word' id='word_1_157' title='bbox 1216 1471 1363 1526; x_wconf 54' lang='grc' dir='ltr'>ὑπὸΙτῆς</span> 
     </span>
     <span class='ocr_line' id='line_1_22' title="bbox 377 1516 1363 1573; baseline -0.012 -13"><span class='ocrx_word' id='word_1_158' title='bbox 377 1525 524 1573; x_wconf 90' lang='grc' dir='ltr'>ἐσχάτης</span> <span class='ocrx_word' id='word_1_159' title='bbox 549 1523 781 1568; x_wconf 81' lang='grc' dir='ltr'>περιεχόμενον</span> <span class='ocrx_word' id='word_1_160' title='bbox 807 1519 983 1566; x_wconf 79' lang='grc' dir='ltr'>περιφορᾶς</span> <span class='ocrx_word' id='word_1_161' title='bbox 1002 1516 1037 1558; x_wconf 79' lang='grc' dir='ltr'>εξ</span> <span class='ocrx_word' id='word_1_162' title='bbox 1059 1516 1212 1555; x_wconf 77' lang='grc' dir='ltr'>ἅπαντος</span> <span class='ocrx_word' id='word_1_163' title='bbox 1231 1528 1363 1563; x_wconf 86' lang='grc' dir='ltr'>αναγκη</span> 
     </span>
     <span class='ocr_line' id='line_1_23' title="bbox 377 1560 1364 1611; baseline -0.011 -7"><span class='ocrx_word' id='word_1_164' title='bbox 377 1570 578 1604; x_wconf 86' lang='grc' dir='ltr'>συνεστάναι</span> <span class='ocrx_word' id='word_1_165' title='bbox 602 1570 664 1600; x_wconf 79' lang='grc' dir='ltr'>τοῦ</span> <span class='ocrx_word' id='word_1_166' title='bbox 688 1567 828 1611; x_wconf 75' lang='grc' dir='ltr'>φυσικοῦ</span> <span class='ocrx_word' id='word_1_167' title='bbox 848 1567 906 1597; x_wconf 86' lang='grc' dir='ltr'>καὶ</span> <span class='ocrx_word' id='word_1_168' title='bbox 931 1563 993 1595; x_wconf 84' lang='grc' dir='ltr'>τοῦ</span> <span class='ocrx_word' id='word_1_169' title='bbox 1019 1561 1183 1599; x_wconf 81' lang='grc' dir='ltr'>αἰσθητοῦ</span> <span class='ocrx_word' id='word_1_170' title='bbox 1205 1560 1364 1604; x_wconf 78' lang='grc' dir='ltr'>σώματος</span> 
     </span>
     <span class='ocr_line' id='line_1_24' title="bbox 377 1604 1361 1659; baseline -0.011 -12"><span class='ocrx_word' id='word_1_171' title='bbox 377 1611 436 1648; x_wconf 72' lang='grc' dir='ltr'>διὰ</span> <span class='ocrx_word' id='word_1_172' title='bbox 451 1614 491 1647; x_wconf 80' lang='grc' dir='ltr'>τὸ</span> <span class='ocrx_word' id='word_1_173' title='bbox 509 1611 590 1659; x_wconf 77' lang='grc' dir='ltr'>μήτ’</span> <span class='ocrx_word' id='word_1_174' title='bbox 612 1610 696 1645; x_wconf 86' lang='grc' dir='ltr'>εἶναι</span> <span class='ocrx_word' id='word_1_175' title='bbox 714 1607 816 1655; x_wconf 75' lang='grc' dir='ltr'>μηδὲν</span> <span class='ocrx_word' id='word_1_176' title='bbox 842 1610 904 1651; x_wconf 79' lang='grc' dir='ltr'>ἔξω</span> <span class='ocrx_word' id='word_1_177' title='bbox 922 1608 1019 1651; x_wconf 81' lang='grc' dir='ltr'>σῶμα</span> <span class='ocrx_word' id='word_1_178' title='bbox 1036 1608 1098 1639; x_wconf 79' lang='grc' dir='ltr'>τοῦ</span> <span class='ocrx_word' id='word_1_179' title='bbox 1117 1607 1259 1650; x_wconf 79' lang='grc' dir='ltr'>οὐρανοῦ</span> <span class='ocrx_word' id='word_1_180' title='bbox 1280 1604 1361 1649; x_wconf 81' lang='grc' dir='ltr'>μήτ’</span> 
     </span>
     <span class='ocr_line' id='line_1_25' title="bbox 379 1655 762 1704; baseline -0.013 -12"><span class='ocrx_word' id='word_1_181' title='bbox 379 1656 571 1704; x_wconf 78' lang='grc' dir='ltr'>ἐνδέχεσθαι</span> <span class='ocrx_word' id='word_1_182' title='bbox 619 1655 762 1689; x_wconf 87' lang='grc' dir='ltr'>ενέσθαι.</span> 
     </span>
    </p>

    <p class='ocr_par' dir='ltr' id='par_1_9' title="bbox 312 1694 1364 1751">
     <span class='ocr_line' id='line_1_26' title="bbox 312 1694 1364 1751; baseline -0.01 -14"><span class='ocrx_word' id='word_1_183' title='bbox 312 1706 352 1737; x_wconf 84' lang='grc' dir='ltr'>Εἰ</span> <span class='ocrx_word' id='word_1_184' title='bbox 373 1704 437 1751; x_wconf 71' lang='grc' dir='ltr'>γάρ</span> <span class='ocrx_word' id='word_1_185' title='bbox 464 1704 553 1735; x_wconf 85' lang='grc' dir='ltr'>ἔστιν</span> <span class='ocrx_word' id='word_1_186' title='bbox 579 1701 593 1732; x_wconf 82' lang='grc' dir='ltr'><strong>ἔ</strong></span> <span class='ocrx_word' id='word_1_187' title='bbox 615 1715 640 1733; x_wconf 95' lang='grc' dir='ltr'>ω</span> <span class='ocrx_word' id='word_1_188' title='bbox 659 1702 721 1738; x_wconf 84' lang='grc' dir='ltr'>τῆς</span> <span class='ocrx_word' id='word_1_189' title='bbox 739 1698 887 1744; x_wconf 75' lang='grc' dir='ltr'>ἐσχάτης</span> <span class='ocrx_word' id='word_1_190' title='bbox 905 1695 1083 1751; x_wconf 55' lang='grc' dir='ltr'>περιᾞορᾶς</span> <span class='ocrx_word' id='word_1_191' title='bbox 1100 1696 1198 1748; x_wconf 45' lang='grc' dir='ltr'>σῶμὲα</span> <span class='ocrx_word' id='word_1_192' title='bbox 1215 1694 1364 1738; x_wconf 86' lang='grc' dir='ltr'>φυσικόν,</span> 
     </span>
    </p>

    <p class='ocr_par' dir='ltr' id='par_1_10' title="bbox 438 1740 1346 1757">
     <span class='ocr_line' id='line_1_27' title="bbox 438 1740 1346 1757; baseline -0.01 0"><span class='ocrx_word' id='word_1_193' title='bbox 438 1747 444 1757; x_wconf 71' lang='grc'><em>,</em></span> <span class='ocrx_word' id='word_1_194' title='bbox 567 1746 575 1757; x_wconf 83' lang='lat'>.</span> <span class='ocrx_word' id='word_1_195' title='bbox 1330 1740 1346 1748; x_wconf 91' lang='lat'>..</span> 
     </span>
    </p>
   </div>
   <div class='ocr_carea' id='block_1_6' title="bbox 379 1739 1367 1833">
    <p class='ocr_par' dir='ltr' id='par_1_11' title="bbox 379 1739 1367 1833">
     <span class='ocr_line' id='line_1_28' title="bbox 380 1739 1367 1794; baseline -0.01 -13"><span class='ocrx_word' id='word_1_196' title='bbox 380 1749 509 1794; x_wconf 75' lang='grc' dir='ltr'>ἀνάγκη</span> <span class='ocrx_word' id='word_1_197' title='bbox 536 1746 623 1779; x_wconf 78' lang='grc' dir='ltr'>αυτό</span> <span class='ocrx_word' id='word_1_198' title='bbox 648 1745 726 1782; x_wconf 82' lang='grc' dir='ltr'>ἤτοι</span> <span class='ocrx_word' id='word_1_199' title='bbox 751 1746 816 1777; x_wconf 88' lang='grc' dir='ltr'>τῶν</span> <span class='ocrx_word' id='word_1_200' title='bbox 837 1743 950 1776; x_wconf 75' lang='grc' dir='ltr'>διπλῶν</span> <span class='ocrx_word' id='word_1_201' title='bbox 971 1751 1057 1773; x_wconf 88' lang='grc' dir='ltr'>ειναι</span> <span class='ocrx_word' id='word_1_202' title='bbox 1073 1751 1240 1784; x_wconf 86' lang='grc' dir='ltr'>σωματων</span> <span class='ocrx_word' id='word_1_203' title='bbox 1261 1739 1282 1776; x_wconf 75' lang='grc' dir='ltr'>ἦ</span> <span class='ocrx_word' id='word_1_204' title='bbox 1300 1750 1367 1772; x_wconf 85' lang='grc' dir='ltr'>των</span> 
     </span>
     <span class='ocr_line' id='line_1_29' title="bbox 379 1783 1332 1833; baseline -0.009 -8"><span class='ocrx_word' id='word_1_205' title='bbox 379 1792 556 1832; x_wconf 84' lang='grc' dir='ltr'>συνθέτων,</span> <span class='ocrx_word' id='word_1_206' title='bbox 581 1793 638 1822; x_wconf 81' lang='grc' dir='ltr'>καὶ</span> <span class='ocrx_word' id='word_1_207' title='bbox 665 1789 685 1826; x_wconf 78' lang='grc' dir='ltr'>ἦ</span> <span class='ocrx_word' id='word_1_208' title='bbox 709 1789 804 1821; x_wconf 78' lang='grc' dir='ltr'>κατά</span> <span class='ocrx_word' id='word_1_209' title='bbox 826 1787 919 1833; x_wconf 82' lang='grc' dir='ltr'>φύσιν</span> <span class='ocrx_word' id='word_1_210' title='bbox 945 1785 965 1823; x_wconf 80' lang='grc' dir='ltr'>ἦ</span> <span class='ocrx_word' id='word_1_211' title='bbox 992 1783 1089 1827; x_wconf 79' lang='grc' dir='ltr'>παρά</span> <span class='ocrx_word' id='word_1_212' title='bbox 1111 1783 1206 1829; x_wconf 76' lang='grc' dir='ltr'>φύσιν</span> <span class='ocrx_word' id='word_1_213' title='bbox 1232 1784 1332 1829; x_wconf 83' lang='grc' dir='ltr'>ἔχειν.</span> 
     </span>
    </p>
   </div>
   <div class='ocr_carea' id='block_1_7' title="bbox 313 1872 1372 2105">
    <p class='ocr_par' dir='ltr' id='par_1_12' title="bbox 313 1872 1372 2105">
     <span class='ocr_line' id='line_1_30' title="bbox 313 1872 1369 1926; baseline -0.01 -12"><span class='ocrx_word' id='word_1_214' title='bbox 313 1883 383 1914; x_wconf 80' lang='grc' dir='ltr'>Τῶν</span> <span class='ocrx_word' id='word_1_215' title='bbox 409 1880 466 1926; x_wconf 81' lang='grc' dir='ltr'>μὲν</span> <span class='ocrx_word' id='word_1_216' title='bbox 493 1877 557 1912; x_wconf 72' lang='grc' dir='ltr'>οὖν</span> <span class='ocrx_word' id='word_1_217' title='bbox 575 1879 690 1912; x_wconf 82' lang='grc' dir='ltr'>άπλῶν</span> <span class='ocrx_word' id='word_1_218' title='bbox 725 1875 818 1918; x_wconf 75' lang='grc' dir='ltr'>οὐθὲν</span> <span class='ocrx_word' id='word_1_219' title='bbox 846 1875 883 1908; x_wconf 79' lang='grc' dir='ltr'>ἂν</span> <span class='ocrx_word' id='word_1_220' title='bbox 909 1877 972 1912; x_wconf 81' lang='grc' dir='ltr'>εἴη.</span> <span class='ocrx_word' id='word_1_221' title='bbox 1010 1872 1057 1904; x_wconf 76' lang='grc' dir='ltr'>Τὸ</span> <span class='ocrx_word' id='word_1_222' title='bbox 1080 1872 1139 1917; x_wconf 79' lang='grc' dir='ltr'>μὲν</span> <span class='ocrx_word' id='word_1_223' title='bbox 1164 1872 1228 1918; x_wconf 79' lang='grc' dir='ltr'>γάρ</span> <span class='ocrx_word' id='word_1_224' title='bbox 1259 1872 1369 1914; x_wconf 73' lang='grc' dir='ltr'>κύκλῳ</span> 
     </span>
     <span class='ocr_line' id='line_1_31' title="bbox 380 1913 1371 1971; baseline -0.009 -14"><span class='ocrx_word' id='word_1_225' title='bbox 380 1924 556 1971; x_wconf 82' lang='grc' dir='ltr'>φερόμενον</span> <span class='ocrx_word' id='word_1_226' title='bbox 589 1918 760 1955; x_wconf 73' lang='grc' dir='ltr'>δέδεικται</span> <span class='ocrx_word' id='word_1_227' title='bbox 787 1921 839 1954; x_wconf 81' lang='grc' dir='ltr'>ὅτι</span> <span class='ocrx_word' id='word_1_228' title='bbox 865 1918 924 1952; x_wconf 80' lang='grc' dir='ltr'>οὐκ</span> <span class='ocrx_word' id='word_1_229' title='bbox 950 1913 1128 1963; x_wconf 78' lang='grc' dir='ltr'>ἐνδέχεται</span> <span class='ocrx_word' id='word_1_230' title='bbox 1153 1917 1371 1961; x_wconf 79' lang='grc' dir='ltr'>μεταλλάξαι</span> 
     </span>
     <span class='ocr_line' id='line_1_32' title="bbox 380 1962 1372 2008; baseline -0.009 -5"><span class='ocrx_word' id='word_1_231' title='bbox 380 1970 438 2003; x_wconf 82' lang='grc' dir='ltr'>τὸν</span> <span class='ocrx_word' id='word_1_232' title='bbox 466 1969 573 2002; x_wconf 77' lang='grc' dir='ltr'>αὐτοῦ</span> <span class='ocrx_word' id='word_1_233' title='bbox 597 1967 717 2000; x_wconf 85' lang='grc' dir='ltr'>τόπον.</span> <span class='ocrx_word' id='word_1_234' title='bbox 751 1965 858 1997; x_wconf 71' lang='grc' dir='ltr'>Ἀλλά</span> <span class='ocrx_word' id='word_1_235' title='bbox 882 1965 947 2008; x_wconf 76' lang='grc' dir='ltr'>μην</span> <span class='ocrx_word' id='word_1_236' title='bbox 972 1963 1052 1995; x_wconf 70' lang='grc' dir='ltr'>οὐδὲ</span> <span class='ocrx_word' id='word_1_237' title='bbox 1077 1962 1119 1995; x_wconf 78' lang='grc' dir='ltr'>τὸ</span> <span class='ocrx_word' id='word_1_238' title='bbox 1147 1962 1215 1995; x_wconf 74' lang='grc' dir='ltr'>ἀπὸ</span> <span class='ocrx_word' id='word_1_239' title='bbox 1234 1963 1296 1995; x_wconf 82' lang='grc' dir='ltr'>τοῦ</span> <span class='ocrx_word' id='word_1_240' title='bbox 1315 1962 1372 2008; x_wconf 82' lang='grc' dir='ltr'>μέ-</span> 
     </span>
     <span class='ocr_line' id='line_1_33' title="bbox 381 2006 1370 2054; baseline -0.006 -8"><span class='ocrx_word' id='word_1_241' title='bbox 381 2026 439 2047; x_wconf 87' lang='grc' dir='ltr'>σου</span> <span class='ocrx_word' id='word_1_242' title='bbox 463 2009 622 2054; x_wconf 78' lang='grc' dir='ltr'>δυνατόν,</span> <span class='ocrx_word' id='word_1_243' title='bbox 643 2007 719 2044; x_wconf 74' lang='grc' dir='ltr'>οὐδὲ</span> <span class='ocrx_word' id='word_1_244' title='bbox 745 2010 785 2043; x_wconf 78' lang='grc' dir='ltr'>τό</span> <span class='ocrx_word' id='word_1_245' title='bbox 804 2009 1040 2054; x_wconf 75' lang='grc' dir='ltr'>ὑφιστάμενον.</span> <span class='ocrx_word' id='word_1_246' title='bbox 1075 2007 1179 2039; x_wconf 67' lang='lat' dir='ltr'>Kome</span> <span class='ocrx_word' id='word_1_247' title='bbox 1199 2006 1293 2051; x_wconf 81' lang='grc' dir='ltr'>φύσιν</span> <span class='ocrx_word' id='word_1_248' title='bbox 1311 2007 1370 2052; x_wconf 81' lang='grc' dir='ltr'>μὲν</span> 
     </span>
     <span class='ocr_line' id='line_1_34' title="bbox 381 2051 1370 2105; baseline -0.008 -14"><span class='ocrx_word' id='word_1_249' title='bbox 381 2059 444 2105; x_wconf 79' lang='grc' dir='ltr'>γάρ</span> <span class='ocrx_word' id='word_1_250' title='bbox 470 2058 528 2090; x_wconf 86' lang='grc' dir='ltr'>οὐκ</span> <span class='ocrx_word' id='word_1_251' title='bbox 555 2056 592 2089; x_wconf 78' lang='grc' dir='ltr'>ἂν</span> <span class='ocrx_word' id='word_1_252' title='bbox 618 2058 732 2094; x_wconf 79' lang='grc' dir='ltr'>εἴησαν</span> <span class='ocrx_word' id='word_1_253' title='bbox 752 2055 869 2098; x_wconf 79' lang='grc' dir='ltr'>(ἄλλοι</span> <span class='ocrx_word' id='word_1_254' title='bbox 885 2054 950 2101; x_wconf 75' lang='grc' dir='ltr'>γάρ</span> <span class='ocrx_word' id='word_1_255' title='bbox 969 2053 1081 2085; x_wconf 80' lang='grc' dir='ltr'>αὐτῶν</span> <span class='ocrx_word' id='word_1_256' title='bbox 1101 2052 1215 2084; x_wconf 82' lang='grc' dir='ltr'>οἰκεῖοι</span> <span class='ocrx_word' id='word_1_257' title='bbox 1233 2051 1370 2096; x_wconf 76' lang='grc' dir='ltr'>τόποι),</span> 
     </span>
    </p>
   </div>
   <div class='ocr_carea' id='block_1_8' title="bbox 318 2140 1374 2366">
    <p class='ocr_par' dir='ltr' id='par_1_13' title="bbox 318 2140 1374 2366">
     <span class='ocr_line' id='line_1_35' title="bbox 318 2140 1372 2192; baseline -0.008 -12"><span class='ocrx_word' id='word_1_258' title='bbox 318 2147 412 2192; x_wconf 75' lang='grc' dir='ltr'>παρά</span> <span class='ocrx_word' id='word_1_259' title='bbox 434 2145 528 2190; x_wconf 77' lang='grc' dir='ltr'>φύσιν</span> <span class='ocrx_word' id='word_1_260' title='bbox 553 2141 580 2177; x_wconf 78' lang='grc' dir='ltr'>δ’</span> <span class='ocrx_word' id='word_1_261' title='bbox 602 2147 692 2186; x_wconf 80' lang='grc' dir='ltr'>εἴπερ</span> <span class='ocrx_word' id='word_1_262' title='bbox 717 2144 810 2184; x_wconf 74' lang='grc' dir='ltr'>εἰσίν,</span> <span class='ocrx_word' id='word_1_263' title='bbox 832 2143 919 2183; x_wconf 85' lang='grc' dir='ltr'>ἄλλῳ</span> <span class='ocrx_word' id='word_1_264' title='bbox 944 2143 1010 2174; x_wconf 84' lang='grc' dir='ltr'>τινὶ</span> <span class='ocrx_word' id='word_1_265' title='bbox 1036 2140 1134 2173; x_wconf 86' lang='grc' dir='ltr'>ἔσται</span> <span class='ocrx_word' id='word_1_266' title='bbox 1158 2141 1254 2174; x_wconf 76' lang='grc' dir='ltr'>κατά</span> <span class='ocrx_word' id='word_1_267' title='bbox 1277 2140 1372 2184; x_wconf 76' lang='grc' dir='ltr'>φύσιν</span> 
     </span>
     <span class='ocr_line' id='line_1_36' title="bbox 385 2183 1372 2234; baseline -0.005 -11"><span class='ocrx_word' id='word_1_268' title='bbox 385 2192 401 2223; x_wconf 85' lang='grc' dir='ltr'>ὀ</span> <span class='ocrx_word' id='word_1_269' title='bbox 423 2190 484 2231; x_wconf 78' lang='grc' dir='ltr'>ἔξω</span> <span class='ocrx_word' id='word_1_270' title='bbox 502 2189 624 2227; x_wconf 84' lang='grc' dir='ltr'>τόπος·</span> <span class='ocrx_word' id='word_1_271' title='bbox 651 2189 709 2222; x_wconf 74' lang='grc' dir='ltr'>τόν</span> <span class='ocrx_word' id='word_1_272' title='bbox 727 2188 790 2234; x_wconf 77' lang='grc' dir='ltr'>γάρ</span> <span class='ocrx_word' id='word_1_273' title='bbox 817 2187 928 2228; x_wconf 79' lang='grc' dir='ltr'>τούτῳ</span> <span class='ocrx_word' id='word_1_274' title='bbox 950 2186 1043 2231; x_wconf 78' lang='grc' dir='ltr'>παρά</span> <span class='ocrx_word' id='word_1_275' title='bbox 1063 2184 1157 2229; x_wconf 78' lang='grc' dir='ltr'>φύσιν</span> <span class='ocrx_word' id='word_1_276' title='bbox 1185 2183 1372 2233; x_wconf 85' lang='grc' dir='ltr'>ἀναγκαῖον</span> 
     </span>
     <span class='ocr_line' id='line_1_37' title="bbox 385 2226 1373 2287; baseline -0.006 -19"><span class='ocrx_word' id='word_1_277' title='bbox 385 2236 472 2276; x_wconf 83' lang='grc' dir='ltr'>ἄλλῳ</span> <span class='ocrx_word' id='word_1_278' title='bbox 498 2231 582 2266; x_wconf 80' lang='grc' dir='ltr'>εἶναι</span> <span class='ocrx_word' id='word_1_279' title='bbox 612 2233 708 2266; x_wconf 80' lang='grc' dir='ltr'>κατά</span> <span class='ocrx_word' id='word_1_280' title='bbox 739 2233 845 2287; x_wconf 56' lang='lat' dir='ltr'>&lt;poem</span> <span class='ocrx_word' id='word_1_281' title='bbox 881 2232 972 2263; x_wconf 82' lang='grc' dir='ltr'>Ἀλλ’</span> <span class='ocrx_word' id='word_1_282' title='bbox 1003 2231 1061 2263; x_wconf 81' lang='grc' dir='ltr'>οὐκ</span> <span class='ocrx_word' id='word_1_283' title='bbox 1093 2226 1133 2266; x_wconf 73' lang='grc' dir='ltr'>ἦν</span> <span class='ocrx_word' id='word_1_284' title='bbox 1167 2229 1250 2263; x_wconf 81' lang='grc' dir='ltr'>ἄλλο</span> <span class='ocrx_word' id='word_1_285' title='bbox 1274 2232 1373 2276; x_wconf 78' lang='grc' dir='ltr'>σῶμα</span> 
     </span>
     <span class='ocr_line' id='line_1_38' title="bbox 384 2271 1374 2323; baseline -0.004 -11"><span class='ocrx_word' id='word_1_286' title='bbox 384 2280 479 2323; x_wconf 81' lang='grc' dir='ltr'>παραὶ</span> <span class='ocrx_word' id='word_1_287' title='bbox 498 2280 627 2311; x_wconf 84' lang='grc' dir='ltr'>ταῦτα.</span> <span class='ocrx_word' id='word_1_288' title='bbox 651 2278 718 2309; x_wconf 80' lang='grc' dir='ltr'>Οὐκ</span> <span class='ocrx_word' id='word_1_289' title='bbox 737 2278 784 2321; x_wconf 85' lang='grc' dir='ltr'>αρ’</span> <span class='ocrx_word' id='word_1_290' title='bbox 808 2275 878 2309; x_wconf 77' lang='grc' dir='ltr'>ἐστὶ</span> <span class='ocrx_word' id='word_1_291' title='bbox 897 2271 1043 2308; x_wconf 76' lang='grc' dir='ltr'>δυνατὸν</span> <span class='ocrx_word' id='word_1_292' title='bbox 1061 2272 1154 2307; x_wconf 77' lang='grc' dir='ltr'>οὐθὲν</span> <span class='ocrx_word' id='word_1_293' title='bbox 1172 2276 1239 2307; x_wconf 83' lang='grc' dir='ltr'>τῶν</span> <span class='ocrx_word' id='word_1_294' title='bbox 1257 2276 1374 2308; x_wconf 69' lang='grc' dir='ltr'>διπλῶν</span> 
     </span>
     <span class='ocr_line' id='line_1_39' title="bbox 385 2320 942 2366; baseline -0.004 -10"><span class='ocrx_word' id='word_1_295' title='bbox 385 2323 446 2365; x_wconf 77' lang='grc' dir='ltr'>ἔξω</span> <span class='ocrx_word' id='word_1_296' title='bbox 470 2321 554 2355; x_wconf 82' lang='grc' dir='ltr'>εἶναι</span> <span class='ocrx_word' id='word_1_297' title='bbox 579 2324 640 2356; x_wconf 84' lang='grc' dir='ltr'>τοῦ</span> <span class='ocrx_word' id='word_1_298' title='bbox 667 2320 808 2366; x_wconf 78' lang='grc' dir='ltr'>οὐρανοῦ</span> <span class='ocrx_word' id='word_1_299' title='bbox 833 2322 942 2366; x_wconf 82' lang='grc' dir='ltr'>σῶμα.</span> 
     </span>
    </p>
   </div>
   <div class='ocr_carea' id='block_1_9' title="bbox 314 2405 1377 2820">
    <p class='ocr_par' dir='ltr' id='par_1_14' title="bbox 314 2405 1377 2679">
     <span class='ocr_line' id='line_1_40' title="bbox 318 2405 1374 2457; baseline -0.002 -13"><span class='ocrx_word' id='word_1_300' title='bbox 318 2413 356 2444; x_wconf 84' lang='grc' dir='ltr'>Εἰ</span> <span class='ocrx_word' id='word_1_301' title='bbox 380 2408 417 2444; x_wconf 76' lang='grc' dir='ltr'>δέ</span> <span class='ocrx_word' id='word_1_302' title='bbox 441 2412 486 2456; x_wconf 77' lang='grc' dir='ltr'><strong><em>μή</em></strong></span> <span class='ocrx_word' id='word_1_303' title='bbox 511 2411 577 2444; x_wconf 82' lang='grc' dir='ltr'>τῶν</span> <span class='ocrx_word' id='word_1_304' title='bbox 604 2411 737 2451; x_wconf 71' lang='grc' dir='ltr'>ἁπλῶν,</span> <span class='ocrx_word' id='word_1_305' title='bbox 766 2405 843 2442; x_wconf 64' lang='grc' dir='ltr'>οὐδὲ</span> <span class='ocrx_word' id='word_1_306' title='bbox 875 2411 941 2442; x_wconf 82' lang='grc' dir='ltr'>τῶν</span> <span class='ocrx_word' id='word_1_307' title='bbox 973 2409 1118 2454; x_wconf 83' lang='grc' dir='ltr'>μικτῶν·</span> <span class='ocrx_word' id='word_1_308' title='bbox 1147 2408 1278 2456; x_wconf 84' lang='grc' dir='ltr'>ἀνάγκη</span> <span class='ocrx_word' id='word_1_309' title='bbox 1308 2409 1374 2457; x_wconf 65' lang='grc' dir='ltr'>γάρ</span> 
     </span>
     <span class='ocr_line' id='line_1_41' title="bbox 385 2453 1318 2499; baseline -0.004 -11"><span class='ocrx_word' id='word_1_310' title='bbox 385 2454 469 2488; x_wconf 81' lang='grc' dir='ltr'>εἶναι</span> <span class='ocrx_word' id='word_1_311' title='bbox 493 2457 551 2488; x_wconf 86' lang='grc' dir='ltr'>καὶ</span> <span class='ocrx_word' id='word_1_312' title='bbox 576 2455 623 2488; x_wconf 84' lang='grc' dir='ltr'>τοὶ</span> <span class='ocrx_word' id='word_1_313' title='bbox 648 2456 744 2487; x_wconf 83' lang='grc' dir='ltr'>άπλᾶ</span> <span class='ocrx_word' id='word_1_314' title='bbox 767 2455 828 2487; x_wconf 81' lang='grc' dir='ltr'>τοῦ</span> <span class='ocrx_word' id='word_1_315' title='bbox 853 2455 975 2499; x_wconf 80' lang='grc' dir='ltr'>μικτοῦ</span> <span class='ocrx_word' id='word_1_316' title='bbox 1002 2453 1110 2491; x_wconf 77' lang='grc' dir='ltr'>ὄντος.</span> <span class='ocrx_word' id='word_1_317' title='bbox 1314 2469 1318 2473; x_wconf 87' lang='lat'><em>-</em></span> 
     </span>
     <span class='ocr_line' id='line_1_42' title="bbox 314 2494 1373 2546; baseline -0.002 -14"><span class='ocrx_word' id='word_1_318' title='bbox 314 2499 420 2533; x_wconf 77' lang='grc' dir='ltr'>Ἀλλά</span> <span class='ocrx_word' id='word_1_319' title='bbox 442 2500 506 2545; x_wconf 73' lang='grc' dir='ltr'>μὴν</span> <span class='ocrx_word' id='word_1_320' title='bbox 532 2495 609 2532; x_wconf 78' lang='grc' dir='ltr'>οὐδὲ</span> <span class='ocrx_word' id='word_1_321' title='bbox 625 2498 779 2546; x_wconf 82' lang='grc' dir='ltr'>γενέσθαι</span> <span class='ocrx_word' id='word_1_322' title='bbox 799 2494 944 2531; x_wconf 80' lang='grc' dir='ltr'>δυνατόν</span> <span class='ocrx_word' id='word_1_323' title='bbox 956 2510 964 2518; x_wconf 94' lang='grc'><em>·</em></span> <span class='ocrx_word' id='word_1_324' title='bbox 991 2498 1070 2535; x_wconf 79' lang='grc' dir='ltr'>ἦτοι</span> <span class='ocrx_word' id='word_1_325' title='bbox 1086 2497 1150 2544; x_wconf 77' lang='grc' dir='ltr'>γάρ</span> <span class='ocrx_word' id='word_1_326' title='bbox 1165 2498 1262 2531; x_wconf 78' lang='grc' dir='ltr'>κατά</span> <span class='ocrx_word' id='word_1_327' title='bbox 1277 2497 1373 2543; x_wconf 75' lang='grc' dir='ltr'>φύσιν</span> 
     </span>
     <span class='ocr_line' id='line_1_43' title="bbox 386 2542 1375 2589; baseline -0.002 -12"><span class='ocrx_word' id='word_1_328' title='bbox 386 2545 484 2578; x_wconf 83' lang='grc' dir='ltr'>ἔσται</span> <span class='ocrx_word' id='word_1_329' title='bbox 509 2543 529 2581; x_wconf 75' lang='grc' dir='ltr'>ἦ</span> <span class='ocrx_word' id='word_1_330' title='bbox 555 2545 649 2589; x_wconf 79' lang='grc' dir='ltr'>παρά</span> <span class='ocrx_word' id='word_1_331' title='bbox 672 2543 781 2587; x_wconf 78' lang='grc' dir='ltr'>φύσιν,</span> <span class='ocrx_word' id='word_1_332' title='bbox 805 2546 862 2575; x_wconf 81' lang='grc' dir='ltr'>καὶ</span> <span class='ocrx_word' id='word_1_333' title='bbox 889 2542 909 2580; x_wconf 82' lang='grc' dir='ltr'>ἦ</span> <span class='ocrx_word' id='word_1_334' title='bbox 937 2543 1067 2576; x_wconf 80' lang='grc' dir='ltr'>άπλοῦν</span> <span class='ocrx_word' id='word_1_335' title='bbox 1093 2542 1113 2580; x_wconf 76' lang='grc' dir='ltr'>ἦ</span> <span class='ocrx_word' id='word_1_336' title='bbox 1160 2542 1267 2584; x_wconf 78' lang='grc' dir='ltr'>ικτόν,</span> <span class='ocrx_word' id='word_1_337' title='bbox 1286 2542 1375 2576; x_wconf 79' lang='grc' dir='ltr'>ὥστε</span> 
     </span>
     <span class='ocr_line' id='line_1_44' title="bbox 388 2587 1377 2635; baseline -0.001 -14"><span class='ocrx_word' id='word_1_338' title='bbox 388 2589 487 2622; x_wconf 90' lang='grc' dir='ltr'>πάλιν</span> <span class='ocrx_word' id='word_1_339' title='bbox 514 2590 530 2621; x_wconf 86' lang='grc' dir='ltr'>ό</span> <span class='ocrx_word' id='word_1_340' title='bbox 556 2589 660 2626; x_wconf 76' lang='grc' dir='ltr'>αὐτὸς</span> <span class='ocrx_word' id='word_1_341' title='bbox 685 2587 757 2628; x_wconf 73' lang='grc' dir='ltr'>ἥξει</span> <span class='ocrx_word' id='word_1_342' title='bbox 779 2587 898 2635; x_wconf 82' lang='grc' dir='ltr'>λόγος·</span> <span class='ocrx_word' id='word_1_343' title='bbox 925 2587 1019 2620; x_wconf 80' lang='grc' dir='ltr'>οὐθὲν</span> <span class='ocrx_word' id='word_1_344' title='bbox 1044 2588 1108 2633; x_wconf 77' lang='grc' dir='ltr'>γάρ</span> <span class='ocrx_word' id='word_1_345' title='bbox 1156 2587 1282 2632; x_wconf 83' lang='grc' dir='ltr'>ιαφέρει</span> <span class='ocrx_word' id='word_1_346' title='bbox 1299 2599 1377 2620; x_wconf 88' lang='grc' dir='ltr'>σκο-</span> 
     </span>
     <span class='ocr_line' id='line_1_45' title="bbox 389 2628 1086 2679; baseline 0 -13"><span class='ocrx_word' id='word_1_347' title='bbox 389 2638 460 2666; x_wconf 83' lang='grc' dir='ltr'>πεῖν</span> <span class='ocrx_word' id='word_1_348' title='bbox 486 2634 513 2664; x_wconf 85' lang='grc' dir='ltr'>εἰ</span> <span class='ocrx_word' id='word_1_349' title='bbox 538 2632 627 2666; x_wconf 80' lang='grc' dir='ltr'>ἔστιν</span> <span class='ocrx_word' id='word_1_350' title='bbox 654 2631 674 2670; x_wconf 76' lang='grc' dir='ltr'>ἦ</span> <span class='ocrx_word' id='word_1_351' title='bbox 699 2634 727 2664; x_wconf 81' lang='grc' dir='ltr'>εἰ</span> <span class='ocrx_word' id='word_1_352' title='bbox 750 2632 905 2679; x_wconf 84' lang='grc' dir='ltr'>γενέσθαι</span> <span class='ocrx_word' id='word_1_353' title='bbox 929 2628 1086 2666; x_wconf 85' lang='grc' dir='ltr'>δυνατόν.</span> 
     </span>
    </p>

    <p class='ocr_par' dir='ltr' id='par_1_15' title="bbox 323 2675 1377 2820">
     <span class='ocr_line' id='line_1_46' title="bbox 323 2675 1376 2722; baseline 0 -14"><span class='ocrx_word' id='word_1_354' title='bbox 323 2678 468 2720; x_wconf 76' lang='grc' dir='ltr'>Φανερόν</span> <span class='ocrx_word' id='word_1_355' title='bbox 495 2679 603 2710; x_wconf 85' lang='grc' dir='ltr'>τοίνυν</span> <span class='ocrx_word' id='word_1_356' title='bbox 636 2675 672 2709; x_wconf 86' lang='grc' dir='ltr'>ἐκ</span> <span class='ocrx_word' id='word_1_357' title='bbox 703 2678 768 2710; x_wconf 84' lang='grc' dir='ltr'>τῶν</span> <span class='ocrx_word' id='word_1_358' title='bbox 800 2676 976 2722; x_wconf 77' lang='grc' dir='ltr'>εἰρημένων</span> <span class='ocrx_word' id='word_1_359' title='bbox 1009 2677 1062 2710; x_wconf 79' lang='grc' dir='ltr'>ὅτι</span> <span class='ocrx_word' id='word_1_360' title='bbox 1096 2678 1165 2712; x_wconf 77' lang='grc' dir='ltr'>οὔτ’</span> <span class='ocrx_word' id='word_1_361' title='bbox 1195 2677 1286 2709; x_wconf 85' lang='grc' dir='ltr'>ἔστιν</span> <span class='ocrx_word' id='word_1_362' title='bbox 1314 2676 1376 2718; x_wconf 78' lang='grc' dir='ltr'>ἔξω</span> 
     </span>
     <span class='ocr_line' id='line_1_47' title="bbox 392 2720 1377 2769; baseline 0 -15"><span class='ocrx_word' id='word_1_363' title='bbox 392 2720 461 2754; x_wconf 83' lang='grc' dir='ltr'>οὔτ’</span> <span class='ocrx_word' id='word_1_364' title='bbox 491 2720 630 2768; x_wconf 79' lang='grc' dir='ltr'>ἐγχωρεῖ</span> <span class='ocrx_word' id='word_1_365' title='bbox 660 2721 815 2768; x_wconf 83' lang='grc' dir='ltr'>γενέσθαι</span> <span class='ocrx_word' id='word_1_366' title='bbox 847 2721 1003 2766; x_wconf 76' lang='grc' dir='ltr'>σώματος</span> <span class='ocrx_word' id='word_1_367' title='bbox 1036 2723 1134 2769; x_wconf 73' lang='grc' dir='ltr'>ὄγκον</span> <span class='ocrx_word' id='word_1_368' title='bbox 1164 2720 1313 2760; x_wconf 75' lang='grc' dir='ltr'>οὐθενός·</span> <span class='ocrx_word' id='word_1_369' title='bbox 1342 2720 1377 2763; x_wconf 78' lang='grc' dir='ltr'>ἐξ</span> 
     </span>
     <span class='ocr_line' id='line_1_48' title="bbox 394 2765 1375 2820; baseline -0.001 -21"><span class='ocrx_word' id='word_1_370' title='bbox 394 2765 526 2804; x_wconf 78' lang='grc' dir='ltr'>ἀπάσης</span> <span class='ocrx_word' id='word_1_371' title='bbox 557 2765 620 2820; x_wconf 47' lang='grc' dir='ltr'>γτάρ</span> <span class='ocrx_word' id='word_1_372' title='bbox 646 2766 719 2817; x_wconf 72' lang='grc' dir='ltr'>ἐστι</span> <span class='ocrx_word' id='word_1_373' title='bbox 752 2767 814 2805; x_wconf 81' lang='grc' dir='ltr'>τῆς</span> <span class='ocrx_word' id='word_1_374' title='bbox 848 2767 970 2804; x_wconf 85' lang='grc' dir='ltr'>οἰκεῖας</span> <span class='ocrx_word' id='word_1_375' title='bbox 996 2766 1073 2806; x_wconf 72' lang='grc' dir='ltr'>ὕλης</span> <span class='ocrx_word' id='word_1_376' title='bbox 1100 2768 1116 2800; x_wconf 84' lang='grc' dir='ltr'>ὁ</span> <span class='ocrx_word' id='word_1_377' title='bbox 1142 2768 1208 2805; x_wconf 77' lang='grc' dir='ltr'>πᾶς</span> <span class='ocrx_word' id='word_1_378' title='bbox 1233 2766 1375 2811; x_wconf 85' lang='grc' dir='ltr'>κόσμος·</span> 
     </span>
    </p>
   </div>
   <div class='ocr_carea' id='block_1_10' title="bbox 392 2810 1391 2857">
    <p class='ocr_par' dir='ltr' id='par_1_16' title="bbox 392 2810 1391 2857">
     <span class='ocr_line' id='line_1_49' title="bbox 392 2810 1391 2857; baseline 0.003 -15"><span class='ocrx_word' id='word_1_379' title='bbox 392 2810 452 2848; x_wconf 76' lang='grc' dir='ltr'>ὕλη</span> <span class='ocrx_word' id='word_1_380' title='bbox 477 2811 541 2857; x_wconf 75' lang='grc' dir='ltr'>γάρ</span> <span class='ocrx_word' id='word_1_381' title='bbox 566 2823 604 2847; x_wconf 91' lang='grc' dir='ltr'>ην</span> <span class='ocrx_word' id='word_1_382' title='bbox 631 2811 724 2852; x_wconf 81' lang='grc' dir='ltr'>αυτῷ</span> <span class='ocrx_word' id='word_1_383' title='bbox 748 2811 789 2843; x_wconf 81' lang='grc' dir='ltr'>τό</span> <span class='ocrx_word' id='word_1_384' title='bbox 818 2811 951 2854; x_wconf 76' lang='grc' dir='ltr'>φυσικόν</span> <span class='ocrx_word' id='word_1_385' title='bbox 984 2813 1080 2856; x_wconf 83' lang='grc' dir='ltr'>σῶμα</span> <span class='ocrx_word' id='word_1_386' title='bbox 1110 2814 1168 2844; x_wconf 82' lang='grc' dir='ltr'>καὶ</span> <span class='ocrx_word' id='word_1_387' title='bbox 1201 2811 1391 2853; x_wconf 63' lang='grc' dir='ltr'>αἰσθητόν.ι</span> 
     </span>
    </p>
   </div>
   <div class='ocr_carea' id='block_1_11' title="bbox 383 2854 1377 2988">
    <p class='ocr_par' dir='ltr' id='par_1_17' title="bbox 383 2854 1377 2988">
     <span class='ocr_line' id='line_1_50' title="bbox 383 2854 1376 2903; baseline 0.003 -17"><span class='ocrx_word' id='word_1_388' title='bbox 383 2854 476 2888; x_wconf 83' lang='grc' dir='ltr'>“Ὦστ’</span> <span class='ocrx_word' id='word_1_389' title='bbox 507 2855 585 2887; x_wconf 84' lang='grc' dir='ltr'>οὔτε</span> <span class='ocrx_word' id='word_1_390' title='bbox 610 2856 665 2886; x_wconf 77' lang='grc' dir='ltr'>νῦν</span> <span class='ocrx_word' id='word_1_391' title='bbox 695 2856 755 2887; x_wconf 79' lang='grc' dir='ltr'>εἰσὶ</span> <span class='ocrx_word' id='word_1_392' title='bbox 788 2857 920 2893; x_wconf 82' lang='grc' dir='ltr'>πλείους</span> <span class='ocrx_word' id='word_1_393' title='bbox 946 2856 1079 2900; x_wconf 80' lang='grc' dir='ltr'>οὐρανοὶ</span> <span class='ocrx_word' id='word_1_394' title='bbox 1104 2857 1174 2890; x_wconf 84' lang='grc' dir='ltr'>οὔτ’</span> <span class='ocrx_word' id='word_1_395' title='bbox 1205 2856 1376 2903; x_wconf 79' lang='grc' dir='ltr'>ἐγένοντο,</span> 
     </span>
     <span class='ocr_line' id='line_1_51' title="bbox 394 2895 1377 2946; baseline 0.002 -14"><span class='ocrx_word' id='word_1_396' title='bbox 394 2900 464 2932; x_wconf 82' lang='grc' dir='ltr'>οὔτ’</span> <span class='ocrx_word' id='word_1_397' title='bbox 486 2895 662 2945; x_wconf 71' lang='grc' dir='ltr'>ἐνδέχεται</span> <span class='ocrx_word' id='word_1_398' title='bbox 685 2898 840 2945; x_wconf 86' lang='grc' dir='ltr'>γενέσθαι</span> <span class='ocrx_word' id='word_1_399' title='bbox 861 2902 1009 2938; x_wconf 83' lang='grc' dir='ltr'>πλείους·</span> <span class='ocrx_word' id='word_1_400' title='bbox 1038 2902 1109 2933; x_wconf 80' lang='grc' dir='ltr'>ἀλλ’</span> <span class='ocrx_word' id='word_1_401' title='bbox 1131 2902 1175 2939; x_wconf 81' lang='grc' dir='ltr'>εἷς</span> <span class='ocrx_word' id='word_1_402' title='bbox 1199 2904 1258 2934; x_wconf 87' lang='grc' dir='ltr'>καὶ</span> <span class='ocrx_word' id='word_1_403' title='bbox 1279 2901 1377 2946; x_wconf 86' lang='grc' dir='ltr'>μόνος</span> 
     </span>
     <span class='ocr_line' id='line_1_52' title="bbox 390 2942 1014 2988; baseline 0.003 -13"><span class='ocrx_word' id='word_1_404' title='bbox 390 2946 448 2976; x_wconf 80' lang='grc' dir='ltr'>καὶ</span> <span class='ocrx_word' id='word_1_405' title='bbox 474 2942 600 2981; x_wconf 84' lang='grc' dir='ltr'>τέλειος</span> <span class='ocrx_word' id='word_1_406' title='bbox 626 2944 724 2982; x_wconf 88' lang='grc' dir='ltr'>οὖτος</span> <span class='ocrx_word' id='word_1_407' title='bbox 750 2943 886 2988; x_wconf 86' lang='grc' dir='ltr'>οὐρανός</span> <span class='ocrx_word' id='word_1_408' title='bbox 911 2945 1014 2977; x_wconf 87' lang='grc' dir='ltr'>ἐστιν.</span> 
     </span>
    </p>
   </div>
   <div class='ocr_carea' id='block_1_12' title="bbox 330 3042 1389 3637">
    <p class='ocr_par' dir='ltr' id='par_1_18' title="bbox 330 3042 1389 3637">
     <span class='ocr_line' id='line_1_53' title="bbox 381 3042 1378 3081; baseline 0.004 -12"><span class='ocrx_word' id='word_1_409' title='bbox 381 3042 528 3070; x_wconf 72' lang='grc' dir='ltr'>ὃγΝοΡςιε.</span> <span class='ocrx_word' id='word_1_410' title='bbox 539 3059 573 3062; x_wconf 92' lang='grc'><strong>-</strong></span> <span class='ocrx_word' id='word_1_411' title='bbox 591 3051 614 3070; x_wconf 85' lang='lat'>1.</span> <span class='ocrx_word' id='word_1_412' title='bbox 629 3043 675 3070; x_wconf 86' lang='lat' dir='ltr'>Ad</span> <span class='ocrx_word' id='word_1_413' title='bbox 690 3042 933 3078; x_wconf 83' lang='lat' dir='ltr'>complementum</span> <span class='ocrx_word' id='word_1_414' title='bbox 949 3043 1101 3071; x_wconf 83' lang='lat' dir='ltr'>solutionis</span> <span class='ocrx_word' id='word_1_415' title='bbox 1116 3044 1289 3080; x_wconf 82' lang='lat' dir='ltr'>praemissae</span> <span class='ocrx_word' id='word_1_416' title='bbox 1303 3045 1378 3081; x_wconf 90' lang='lat' dir='ltr'>(lect.</span> 
     </span>
     <span class='ocr_line' id='line_1_54' title="bbox 330 3082 1380 3119; baseline 0.005 -11"><span class='ocrx_word' id='word_1_417' title='bbox 330 3082 471 3117; x_wconf 86' lang='lat' dir='ltr'>praeced.)</span> <span class='ocrx_word' id='word_1_418' title='bbox 493 3089 620 3110; x_wconf 89' lang='lat' dir='ltr'>remanet</span> <span class='ocrx_word' id='word_1_419' title='bbox 640 3083 852 3110; x_wconf 89' lang='lat' dir='ltr'>ostendendum</span> <span class='ocrx_word' id='word_1_420' title='bbox 873 3083 953 3119; x_wconf 93' lang='lat' dir='ltr'>quod</span> <span class='ocrx_word' id='word_1_421' title='bbox 974 3084 1099 3111; x_wconf 89' lang='lat' dir='ltr'>mundus</span> <span class='ocrx_word' id='word_1_422' title='bbox 1120 3090 1232 3112; x_wconf 90' lang='lat' dir='ltr'>constat</span> <span class='ocrx_word' id='word_1_423' title='bbox 1260 3094 1293 3113; x_wconf 87' lang='lat' dir='ltr'>ex</span> <span class='ocrx_word' id='word_1_424' title='bbox 1318 3091 1380 3114; x_wconf 89' lang='lat' dir='ltr'>tota</span> 
     </span>
     <span class='ocr_line' id='line_1_55' title="bbox 331 3121 1381 3159; baseline 0.005 -11"><span class='ocrx_word' id='word_1_425' title='bbox 331 3129 382 3148; x_wconf 87' lang='lat' dir='ltr'>sua</span> <span class='ocrx_word' id='word_1_426' title='bbox 401 3121 527 3156; x_wconf 87' lang='lat' dir='ltr'>materia,</span> <span class='ocrx_word' id='word_1_427' title='bbox 542 3131 592 3149; x_wconf 92' lang='lat' dir='ltr'>seu</span> <span class='ocrx_word' id='word_1_428' title='bbox 606 3131 639 3150; x_wconf 90' lang='lat' dir='ltr'>ex</span> <span class='ocrx_word' id='word_1_429' title='bbox 654 3122 733 3150; x_wconf 90' lang='lat' dir='ltr'>omni</span> <span class='ocrx_word' id='word_1_430' title='bbox 745 3131 866 3159; x_wconf 90' lang='lat' dir='ltr'>corpore</span> <span class='ocrx_word' id='word_1_431' title='bbox 881 3122 1003 3151; x_wconf 88' lang='lat' dir='ltr'>naturali</span> <span class='ocrx_word' id='word_1_432' title='bbox 1018 3130 1046 3151; x_wconf 92' lang='lat' dir='ltr'>et</span> <span class='ocrx_word' id='word_1_433' title='bbox 1060 3123 1194 3152; x_wconf 82' lang='lat' dir='ltr'>sensibili.</span> <span class='ocrx_word' id='word_1_434' title='bbox 1206 3141 1224 3146; x_wconf 90' lang='lat'>—</span> <span class='ocrx_word' id='word_1_435' title='bbox 1235 3131 1262 3152; x_wconf 87' lang='lat'>2.</span> <span class='ocrx_word' id='word_1_436' title='bbox 1273 3125 1381 3153; x_wconf 86' lang='lat' dir='ltr'>Textus</span> 
     </span>
     <span class='ocr_line' id='line_1_56' title="bbox 332 3159 1382 3199; baseline 0.006 -12"><span class='ocrx_word' id='word_1_437' title='bbox 332 3159 440 3188; x_wconf 87' lang='lat' dir='ltr'>divisio.</span> <span class='ocrx_word' id='word_1_438' title='bbox 455 3176 475 3181; x_wconf 90' lang='lat'>-</span> <span class='ocrx_word' id='word_1_439' title='bbox 491 3161 608 3188; x_wconf 91' lang='lat' dir='ltr'>Caelum</span> <span class='ocrx_word' id='word_1_440' title='bbox 631 3161 776 3198; x_wconf 88' lang='lat' dir='ltr'>tripliciter</span> <span class='ocrx_word' id='word_1_441' title='bbox 799 3162 913 3190; x_wconf 90' lang='lat' dir='ltr'>dicitur:</span> <span class='ocrx_word' id='word_1_442' title='bbox 939 3172 999 3191; x_wconf 89' lang='lat' dir='ltr'>uno</span> <span class='ocrx_word' id='word_1_443' title='bbox 1020 3164 1110 3191; x_wconf 88' lang='lat' dir='ltr'>modo</span> <span class='ocrx_word' id='word_1_444' title='bbox 1131 3164 1306 3199; x_wconf 86' lang='lat' dir='ltr'>substantia,</span> <span class='ocrx_word' id='word_1_445' title='bbox 1331 3174 1382 3193; x_wconf 88' lang='lat' dir='ltr'>seu</span> 
     </span>
     <span class='ocr_line' id='line_1_57' title="bbox 333 3200 1382 3243; baseline 0.006 -17"><span class='ocrx_word' id='word_1_446' title='bbox 333 3208 435 3243; x_wconf 62' lang='lat' dir='ltr'>corpus</span> <span class='ocrx_word' id='word_1_447' title='bbox 456 3200 591 3235; x_wconf 84' lang='lat' dir='ltr'>naturale,</span> <span class='ocrx_word' id='word_1_448' title='bbox 607 3202 686 3237; x_wconf 89' lang='lat' dir='ltr'>quod</span> <span class='ocrx_word' id='word_1_449' title='bbox 706 3201 735 3229; x_wconf 93' lang='lat' dir='ltr'>in</span> <span class='ocrx_word' id='word_1_450' title='bbox 749 3208 811 3229; x_wconf 91' lang='lat' dir='ltr'>toto</span> <span class='ocrx_word' id='word_1_451' title='bbox 829 3202 962 3230; x_wconf 89' lang='lat' dir='ltr'>universo</span> <span class='ocrx_word' id='word_1_452' title='bbox 984 3209 1026 3231; x_wconf 91' lang='lat' dir='ltr'>est</span> <span class='ocrx_word' id='word_1_453' title='bbox 1047 3209 1204 3231; x_wconf 88' lang='lat' dir='ltr'>extremum</span> <span class='ocrx_word' id='word_1_454' title='bbox 1222 3211 1249 3232; x_wconf 90' lang='lat' dir='ltr'>et</span> <span class='ocrx_word' id='word_1_455' title='bbox 1263 3204 1382 3233; x_wconf 87' lang='lat' dir='ltr'>circula-</span> 
     </span>
     <span class='ocr_line' id='line_1_58' title="bbox 333 3239 1383 3281; baseline 0.007 -16"><span class='ocrx_word' id='word_1_456' title='bbox 333 3244 399 3266; x_wconf 76' lang='lat' dir='ltr'>riter</span> <span class='ocrx_word' id='word_1_457' title='bbox 412 3246 554 3275; x_wconf 78' lang='lat' dir='ltr'>movetur3</span> <span class='ocrx_word' id='word_1_458' title='bbox 576 3239 632 3268; x_wconf 89' lang='lat' dir='ltr'>alio</span> <span class='ocrx_word' id='word_1_459' title='bbox 647 3241 736 3268; x_wconf 91' lang='lat' dir='ltr'>modo</span> <span class='ocrx_word' id='word_1_460' title='bbox 755 3242 890 3277; x_wconf 86' lang='lat' dir='ltr'>sphaerae</span> <span class='ocrx_word' id='word_1_461' title='bbox 912 3242 1076 3271; x_wconf 87' lang='lat' dir='ltr'>caelestium</span> <span class='ocrx_word' id='word_1_462' title='bbox 1094 3252 1260 3280; x_wconf 84' lang='lat' dir='ltr'>corporum,</span> <span class='ocrx_word' id='word_1_463' title='bbox 1275 3244 1305 3272; x_wconf 90' lang='lat' dir='ltr'>in</span> <span class='ocrx_word' id='word_1_464' title='bbox 1320 3244 1383 3281; x_wconf 91' lang='lat' dir='ltr'>qui-</span> 
     </span>
     <span class='ocr_line' id='line_1_59' title="bbox 333 3277 1383 3320; baseline 0.007 -15"><span class='ocrx_word' id='word_1_465' title='bbox 333 3277 386 3305; x_wconf 91' lang='lat' dir='ltr'>bus</span> <span class='ocrx_word' id='word_1_466' title='bbox 407 3284 472 3306; x_wconf 91' lang='lat' dir='ltr'>sunt</span> <span class='ocrx_word' id='word_1_467' title='bbox 492 3279 535 3306; x_wconf 92' lang='lat' dir='ltr'>sol</span> <span class='ocrx_word' id='word_1_468' title='bbox 556 3285 583 3307; x_wconf 92' lang='lat' dir='ltr'>et</span> <span class='ocrx_word' id='word_1_469' title='bbox 597 3279 664 3308; x_wconf 87' lang='lat' dir='ltr'>luna</span> <span class='ocrx_word' id='word_1_470' title='bbox 683 3286 710 3307; x_wconf 91' lang='lat' dir='ltr'>et</span> <span class='ocrx_word' id='word_1_471' title='bbox 724 3280 770 3308; x_wconf 91' lang='lat' dir='ltr'>alii</span> <span class='ocrx_word' id='word_1_472' title='bbox 785 3281 929 3317; x_wconf 81' lang='lat' dir='ltr'>planetae3</span> <span class='ocrx_word' id='word_1_473' title='bbox 950 3282 1034 3310; x_wconf 91' lang='lat' dir='ltr'>tertio</span> <span class='ocrx_word' id='word_1_474' title='bbox 1056 3283 1145 3311; x_wconf 92' lang='lat' dir='ltr'>modo</span> <span class='ocrx_word' id='word_1_475' title='bbox 1166 3290 1261 3311; x_wconf 89' lang='lat' dir='ltr'>totum</span> <span class='ocrx_word' id='word_1_476' title='bbox 1278 3293 1383 3320; x_wconf 89' lang='lat' dir='ltr'>corpus</span> 
     </span>
     <span class='ocr_line' id='line_1_60' title="bbox 335 3317 1384 3360; baseline 0.008 -16"><span class='ocrx_word' id='word_1_477' title='bbox 335 3317 414 3360; x_wconf 74' lang='lat' dir='ltr'>quod</span> <span class='ocrx_word' id='word_1_478' title='bbox 430 3318 589 3346; x_wconf 84' lang='lat' dir='ltr'>continetur</span> <span class='ocrx_word' id='word_1_479' title='bbox 609 3328 626 3347; x_wconf 91' lang='lat' dir='ltr'>a</span> <span class='ocrx_word' id='word_1_480' title='bbox 640 3328 772 3355; x_wconf 90' lang='lat' dir='ltr'>suprema</span> <span class='ocrx_word' id='word_1_481' title='bbox 786 3321 914 3356; x_wconf 84' lang='lat' dir='ltr'>sphaera,</span> <span class='ocrx_word' id='word_1_482' title='bbox 936 3331 986 3350; x_wconf 88' lang='lat' dir='ltr'>seu</span> <span class='ocrx_word' id='word_1_483' title='bbox 1005 3328 1099 3351; x_wconf 81' lang='lat' dir='ltr'>totum</span> <span class='ocrx_word' id='word_1_484' title='bbox 1115 3323 1289 3351; x_wconf 91' lang='lat' dir='ltr'>universum.</span> <span class='ocrx_word' id='word_1_485' title='bbox 1311 3324 1384 3352; x_wconf 87' lang='lat' dir='ltr'>Tres</span> 
     </span>
     <span class='ocr_line' id='line_1_61' title="bbox 335 3356 1385 3400; baseline 0.009 -17"><span class='ocrx_word' id='word_1_486' title='bbox 335 3361 404 3384; x_wconf 76' lang='lat' dir='ltr'>istae</span> <span class='ocrx_word' id='word_1_487' title='bbox 427 3356 658 3394; x_wconf 84' lang='lat' dir='ltr'>significationes,</span> <span class='ocrx_word' id='word_1_488' title='bbox 680 3360 835 3387; x_wconf 85' lang='lat' dir='ltr'>secundum</span> <span class='ocrx_word' id='word_1_489' title='bbox 858 3370 928 3397; x_wconf 86' lang='lat' dir='ltr'>quas</span> <span class='ocrx_word' id='word_1_490' title='bbox 949 3362 1059 3390; x_wconf 88' lang='lat' dir='ltr'>caelum</span> <span class='ocrx_word' id='word_1_491' title='bbox 1080 3362 1184 3391; x_wconf 88' lang='lat' dir='ltr'>dicitur</span> <span class='ocrx_word' id='word_1_492' title='bbox 1204 3373 1265 3391; x_wconf 89' lang='lat' dir='ltr'>non</span> <span class='ocrx_word' id='word_1_493' title='bbox 1285 3363 1385 3400; x_wconf 85' lang='lat' dir='ltr'>aequi-</span> 
     </span>
     <span class='ocr_line' id='line_1_62' title="bbox 336 3397 1386 3440; baseline 0.01 -18"><span class='ocrx_word' id='word_1_494' title='bbox 336 3403 420 3430; x_wconf 86' lang='lat' dir='ltr'>voce,</span> <span class='ocrx_word' id='word_1_495' title='bbox 448 3397 682 3440; x_wconf 30' lang='lat' dir='ltr'>sedtanalogice,</span> <span class='ocrx_word' id='word_1_496' title='bbox 708 3399 864 3434; x_wconf 91' lang='lat' dir='ltr'>probantur</span> <span class='ocrx_word' id='word_1_497' title='bbox 891 3409 924 3428; x_wconf 88' lang='lat' dir='ltr'>ex</span> <span class='ocrx_word' id='word_1_498' title='bbox 951 3402 1100 3430; x_wconf 89' lang='lat' dir='ltr'>communi</span> <span class='ocrx_word' id='word_1_499' title='bbox 1124 3412 1179 3430; x_wconf 89' lang='lat' dir='ltr'>usu</span> <span class='ocrx_word' id='word_1_500' title='bbox 1199 3402 1348 3440; x_wconf 90' lang='lat' dir='ltr'>loquendi.</span> <span class='ocrx_word' id='word_1_501' title='bbox 1366 3419 1386 3424; x_wconf 87' lang='lat'>—</span> 
     </span>
     <span class='ocr_line' id='line_1_63' title="bbox 339 3434 1387 3478; baseline 0.01 -17"><span class='ocrx_word' id='word_1_502' title='bbox 339 3434 365 3461; x_wconf 85' lang='lat'>3.</span> <span class='ocrx_word' id='word_1_503' title='bbox 374 3434 535 3478; x_wconf 73' lang='lat' dir='ltr'>Subdivisio</span> <span class='ocrx_word' id='word_1_504' title='bbox 544 3442 670 3465; x_wconf 87' lang='lat' dir='ltr'>textus.—</span> <span class='ocrx_word' id='word_1_505' title='bbox 678 3438 723 3465; x_wconf 90' lang='lat' dir='ltr'>Ad</span> <span class='ocrx_word' id='word_1_506' title='bbox 735 3438 913 3475; x_wconf 86' lang='lat' dir='ltr'>propositum</span> <span class='ocrx_word' id='word_1_507' title='bbox 925 3442 1134 3470; x_wconf 90' lang='lat' dir='ltr'>ostendendum</span> <span class='ocrx_word' id='word_1_508' title='bbox 1146 3443 1284 3478; x_wconf 88' lang='lat' dir='ltr'>probatur</span> <span class='ocrx_word' id='word_1_509' title='bbox 1292 3442 1321 3470; x_wconf 90' lang='lat' dir='ltr'>in</span> <span class='ocrx_word' id='word_1_510' title='bbox 1334 3443 1387 3471; x_wconf 89' lang='lat' dir='ltr'>hac</span> 
     </span>
     <span class='ocr_line' id='line_1_64' title="bbox 335 3473 1389 3519; baseline 0.01 -19"><span class='ocrx_word' id='word_1_511' title='bbox 335 3473 458 3517; x_wconf 77' lang='lat' dir='ltr'>lectione</span> <span class='ocrx_word' id='word_1_512' title='bbox 479 3476 557 3511; x_wconf 92' lang='lat' dir='ltr'>quod</span> <span class='ocrx_word' id='word_1_513' title='bbox 577 3484 638 3503; x_wconf 91' lang='lat' dir='ltr'>non</span> <span class='ocrx_word' id='word_1_514' title='bbox 660 3483 710 3512; x_wconf 85' lang='lat' dir='ltr'>est,</span> <span class='ocrx_word' id='word_1_515' title='bbox 729 3486 822 3514; x_wconf 91' lang='lat' dir='ltr'>neque</span> <span class='ocrx_word' id='word_1_516' title='bbox 841 3487 901 3507; x_wconf 89' lang='lat' dir='ltr'>esse</span> <span class='ocrx_word' id='word_1_517' title='bbox 922 3486 1015 3515; x_wconf 89' lang='lat' dir='ltr'>potest</span> <span class='ocrx_word' id='word_1_518' title='bbox 1035 3481 1152 3517; x_wconf 84' lang='lat' dir='ltr'>aliquod</span> <span class='ocrx_word' id='word_1_519' title='bbox 1172 3491 1277 3519; x_wconf 86' lang='lat' dir='ltr'>corpus</span> <span class='ocrx_word' id='word_1_520' title='bbox 1298 3482 1389 3510; x_wconf 84' lang='lat' dir='ltr'>sensi-</span> 
     </span>
     <span class='ocr_line' id='line_1_65' title="bbox 337 3512 1387 3555; baseline 0.011 -16"><span class='ocrx_word' id='word_1_521' title='bbox 337 3512 394 3540; x_wconf 78' lang='lat' dir='ltr'>bile</span> <span class='ocrx_word' id='word_1_522' title='bbox 408 3519 485 3541; x_wconf 87' lang='lat' dir='ltr'>extra</span> <span class='ocrx_word' id='word_1_523' title='bbox 501 3514 610 3542; x_wconf 88' lang='lat' dir='ltr'>caelum</span> <span class='ocrx_word' id='word_1_524' title='bbox 624 3515 707 3544; x_wconf 88' lang='lat' dir='ltr'>tertio</span> <span class='ocrx_word' id='word_1_525' title='bbox 722 3517 810 3545; x_wconf 91' lang='lat' dir='ltr'>modo</span> <span class='ocrx_word' id='word_1_526' title='bbox 825 3525 1008 3554; x_wconf 40' lang='lat' dir='ltr'>acceptumae</span> <span class='ocrx_word' id='word_1_527' title='bbox 1017 3529 1045 3555; x_wconf 84' lang='lat'>4.</span> <span class='ocrx_word' id='word_1_528' title='bbox 1061 3521 1124 3549; x_wconf 85' lang='lat' dir='ltr'>Alia</span> <span class='ocrx_word' id='word_1_529' title='bbox 1137 3527 1229 3550; x_wconf 91' lang='lat' dir='ltr'>textus</span> <span class='ocrx_word' id='word_1_530' title='bbox 1244 3521 1356 3550; x_wconf 90' lang='lat' dir='ltr'>divisio.</span> <span class='ocrx_word' id='word_1_531' title='bbox 1368 3539 1387 3543; x_wconf 98' lang='lat'>—</span> 
     </span>
     <span class='ocr_line' id='line_1_66' title="bbox 338 3552 1386 3596; baseline 0.01 -17"><span class='ocrx_word' id='word_1_532' title='bbox 338 3552 480 3580; x_wconf 87' lang='lat' dir='ltr'>Probatur</span> <span class='ocrx_word' id='word_1_533' title='bbox 500 3553 593 3589; x_wconf 90' lang='lat' dir='ltr'>primo</span> <span class='ocrx_word' id='word_1_534' title='bbox 608 3555 686 3591; x_wconf 89' lang='lat' dir='ltr'>quod</span> <span class='ocrx_word' id='word_1_535' title='bbox 707 3561 793 3583; x_wconf 83' lang='lat' dir='ltr'>extra</span> <span class='ocrx_word' id='word_1_536' title='bbox 814 3557 1078 3596; x_wconf 82' lang='lat' dir='ltr'>circumferentiam</span> <span class='ocrx_word' id='word_1_537' title='bbox 1093 3560 1178 3589; x_wconf 82' lang='lat' dir='ltr'>huius</span> <span class='ocrx_word' id='word_1_538' title='bbox 1205 3562 1305 3589; x_wconf 84' lang='lat' dir='ltr'>mundi</span> <span class='ocrx_word' id='word_1_539' title='bbox 1331 3571 1386 3590; x_wconf 84' lang='lat' dir='ltr'>non</span> 
     </span>
     <span class='ocr_line' id='line_1_67' title="bbox 337 3591 1387 3637; baseline 0.011 -19"><span class='ocrx_word' id='word_1_540' title='bbox 337 3596 382 3619; x_wconf 80' lang='lat' dir='ltr'>est</span> <span class='ocrx_word' id='word_1_541' title='bbox 401 3591 516 3629; x_wconf 82' lang='lat' dir='ltr'>aliquod</span> <span class='ocrx_word' id='word_1_542' title='bbox 543 3602 647 3631; x_wconf 83' lang='lat' dir='ltr'>corpus</span> <span class='ocrx_word' id='word_1_543' title='bbox 668 3596 807 3623; x_wconf 82' lang='lat' dir='ltr'>naturale.</span> <span class='ocrx_word' id='word_1_544' title='bbox 835 3596 906 3624; x_wconf 88' lang='lat' dir='ltr'>Illud</span> <span class='ocrx_word' id='word_1_545' title='bbox 927 3597 1004 3626; x_wconf 89' lang='lat' dir='ltr'>enim</span> <span class='ocrx_word' id='word_1_546' title='bbox 1029 3608 1133 3636; x_wconf 90' lang='lat' dir='ltr'>corpus</span> <span class='ocrx_word' id='word_1_547' title='bbox 1161 3607 1306 3637; x_wconf 86' lang='lat' dir='ltr'>oporteret</span> <span class='ocrx_word' id='word_1_548' title='bbox 1326 3610 1387 3630; x_wconf 87' lang='lat' dir='ltr'>esse</span> 
     </span>
    </p>
   </div>
   <div class='ocr_carea' id='block_1_13' title="bbox 1417 804 2594 848">
    <p class='ocr_par' dir='ltr' id='par_1_19' title="bbox 1417 804 2594 848">
     <span class='ocr_line' id='line_1_68' title="bbox 1417 804 2594 848; baseline -0.002 -11"><span class='ocrx_word' id='word_1_549' title='bbox 1417 806 1435 825; x_wconf 89' lang='lat'><em>*</em></span> <span class='ocrx_word' id='word_1_550' title='bbox 1449 806 1523 837; x_wconf 90' lang='lat' dir='ltr'>Hoc</span> <span class='ocrx_word' id='word_1_551' title='bbox 1546 805 1655 846; x_wconf 91' lang='lat' dir='ltr'>ipsum</span> <span class='ocrx_word' id='word_1_552' title='bbox 1677 804 1774 845; x_wconf 82' lang='lat' dir='ltr'>igitur</span> <span class='ocrx_word' id='word_1_553' title='bbox 1795 811 1891 836; x_wconf 84' lang='lat' dir='ltr'>restat</span> <span class='ocrx_word' id='word_1_554' title='bbox 1912 805 2089 846; x_wconf 84' lang='lat' dir='ltr'>ostendere,</span> <span class='ocrx_word' id='word_1_555' title='bbox 2113 806 2205 848; x_wconf 93' lang='lat' dir='ltr'>quod</span> <span class='ocrx_word' id='word_1_556' title='bbox 2228 816 2266 837; x_wconf 85' lang='lat' dir='ltr'>ex</span> <span class='ocrx_word' id='word_1_557' title='bbox 2288 805 2380 837; x_wconf 90' lang='lat' dir='ltr'>omni</span> <span class='ocrx_word' id='word_1_558' title='bbox 2403 811 2495 837; x_wconf 89' lang='lat' dir='ltr'>natu-</span> <span class='ocrx_word' id='word_1_559' title='bbox 2523 807 2532 817; x_wconf 87' lang='grc'><strong>’</strong></span> <span class='ocrx_word' id='word_1_560' title='bbox 2547 806 2594 835; x_wconf 80' lang='lat' dir='ltr'>Seq</span> 
     </span>
    </p>
   </div>
   <div class='ocr_carea' id='block_1_14' title="bbox 1418 849 2505 1646">
    <p class='ocr_par' dir='ltr' id='par_1_20' title="bbox 1484 849 2496 981">
     <span class='ocr_line' id='line_1_69' title="bbox 1484 849 2496 891; baseline 0 -10"><span class='ocrx_word' id='word_1_561' title='bbox 1484 850 1542 881; x_wconf 85' lang='lat' dir='ltr'>rali</span> <span class='ocrx_word' id='word_1_562' title='bbox 1566 857 1597 881; x_wconf 86' lang='lat' dir='ltr'>et</span> <span class='ocrx_word' id='word_1_563' title='bbox 1620 849 1759 880; x_wconf 85' lang='lat' dir='ltr'>sensibili</span> <span class='ocrx_word' id='word_1_564' title='bbox 1783 856 1906 882; x_wconf 84' lang='lat' dir='ltr'>constat</span> <span class='ocrx_word' id='word_1_565' title='bbox 1929 859 2072 891; x_wconf 87' lang='lat' dir='ltr'>corpore.</span> <span class='ocrx_word' id='word_1_566' title='bbox 2096 850 2115 869; x_wconf 66' lang='lat'>³*</span> <span class='ocrx_word' id='word_1_567' title='bbox 2129 850 2282 882; x_wconf 77' lang='lat' dir='ltr'>Dicamus</span> <span class='ocrx_word' id='word_1_568' title='bbox 2305 857 2415 882; x_wconf 89' lang='lat' dir='ltr'>autem</span> <span class='ocrx_word' id='word_1_569' title='bbox 2435 849 2496 891; x_wconf 87' lang='lat' dir='ltr'>pri-</span> 
     </span>
     <span class='ocr_line' id='line_1_70' title="bbox 1485 893 2494 938; baseline 0.002 -14"><span class='ocrx_word' id='word_1_570' title='bbox 1485 905 1579 925; x_wconf 85' lang='lat' dir='ltr'>mum</span> <span class='ocrx_word' id='word_1_571' title='bbox 1601 894 1680 936; x_wconf 91' lang='lat' dir='ltr'>quid</span> <span class='ocrx_word' id='word_1_572' title='bbox 1696 893 1832 925; x_wconf 83' lang='lat' dir='ltr'>dicimus</span> <span class='ocrx_word' id='word_1_573' title='bbox 1852 903 1920 925; x_wconf 87' lang='lat' dir='ltr'>esse</span> <span class='ocrx_word' id='word_1_574' title='bbox 1943 894 2079 934; x_wconf 81' lang='lat' dir='ltr'>caelum,</span> <span class='ocrx_word' id='word_1_575' title='bbox 2096 901 2128 926; x_wconf 92' lang='lat' dir='ltr'>et</span> <span class='ocrx_word' id='word_1_576' title='bbox 2150 901 2232 938; x_wconf 88' lang='lat' dir='ltr'>quot</span> <span class='ocrx_word' id='word_1_577' title='bbox 2245 895 2352 926; x_wconf 86' lang='lat' dir='ltr'>modis</span> <span class='ocrx_word' id='word_1_578' title='bbox 2367 894 2494 935; x_wconf 86' lang='lat' dir='ltr'>dicitur,</span> 
     </span>
     <span class='ocr_line' id='line_1_71' title="bbox 1485 937 2376 981; baseline 0.002 -12"><span class='ocrx_word' id='word_1_579' title='bbox 1485 945 1522 970; x_wconf 93' lang='lat' dir='ltr'>ut</span> <span class='ocrx_word' id='word_1_580' title='bbox 1543 938 1644 979; x_wconf 86' lang='lat' dir='ltr'>magis</span> <span class='ocrx_word' id='word_1_581' title='bbox 1667 938 1761 969; x_wconf 88' lang='lat' dir='ltr'>nobis</span> <span class='ocrx_word' id='word_1_582' title='bbox 1785 937 1992 971; x_wconf 83' lang='lat' dir='ltr'>manifestum</span> <span class='ocrx_word' id='word_1_583' title='bbox 2014 938 2069 970; x_wconf 86' lang='lat' dir='ltr'>fiat</span> <span class='ocrx_word' id='word_1_584' title='bbox 2091 940 2182 981; x_wconf 89' lang='lat' dir='ltr'>quod</span> <span class='ocrx_word' id='word_1_585' title='bbox 2204 939 2376 981; x_wconf 86' lang='lat' dir='ltr'>quaeritur.</span> 
     </span>
    </p>

    <p class='ocr_par' dir='ltr' id='par_1_21' title="bbox 1418 982 2500 1459">
     <span class='ocr_line' id='line_1_72' title="bbox 1418 982 2496 1024; baseline 0 -9"><span class='ocrx_word' id='word_1_586' title='bbox 1418 984 1493 1015; x_wconf 90' lang='lat' dir='ltr'>Uno</span> <span class='ocrx_word' id='word_1_587' title='bbox 1508 983 1641 1024; x_wconf 89' lang='lat' dir='ltr'>quidem</span> <span class='ocrx_word' id='word_1_588' title='bbox 1655 982 1752 1024; x_wconf 86' lang='lat' dir='ltr'>igitur</span> <span class='ocrx_word' id='word_1_589' title='bbox 1766 983 1868 1014; x_wconf 91' lang='lat' dir='ltr'>modo</span> <span class='ocrx_word' id='word_1_590' title='bbox 1878 983 2003 1015; x_wconf 89' lang='lat' dir='ltr'>caelum</span> <span class='ocrx_word' id='word_1_591' title='bbox 2019 983 2155 1015; x_wconf 83' lang='lat' dir='ltr'>dicimus</span> <span class='ocrx_word' id='word_1_592' title='bbox 2171 983 2382 1015; x_wconf 78' lang='lat' dir='ltr'>substantiam</span> <span class='ocrx_word' id='word_1_593' title='bbox 2397 989 2496 1015; x_wconf 82' lang='lat' dir='ltr'>extre-</span> 
     </span>
     <span class='ocr_line' id='line_1_73' title="bbox 1485 1027 2497 1070; baseline 0.001 -12"><span class='ocrx_word' id='word_1_594' title='bbox 1485 1037 1557 1058; x_wconf 87' lang='lat' dir='ltr'>mae</span> <span class='ocrx_word' id='word_1_595' title='bbox 1579 1027 1678 1058; x_wconf 87' lang='lat' dir='ltr'>totius</span> <span class='ocrx_word' id='word_1_596' title='bbox 1701 1027 1933 1067; x_wconf 83' lang='lat' dir='ltr'>circulationis3</span> <span class='ocrx_word' id='word_1_597' title='bbox 1957 1035 2013 1059; x_wconf 82' lang='lat' dir='ltr'>aut</span> <span class='ocrx_word' id='word_1_598' title='bbox 2036 1037 2154 1069; x_wconf 84' lang='lat' dir='ltr'>corpus</span> <span class='ocrx_word' id='word_1_599' title='bbox 2177 1028 2320 1060; x_wconf 87' lang='lat' dir='ltr'>naturale</span> <span class='ocrx_word' id='word_1_600' title='bbox 2343 1028 2434 1070; x_wconf 90' lang='lat' dir='ltr'>quod</span> <span class='ocrx_word' id='word_1_601' title='bbox 2449 1032 2497 1059; x_wconf 82' lang='lat' dir='ltr'>est</span> 
     </span>
     <span class='ocr_line' id='line_1_74' title="bbox 1486 1071 2497 1104; baseline 0.001 -2"><span class='ocrx_word' id='word_1_602' title='bbox 1486 1072 1519 1102; x_wconf 94' lang='lat' dir='ltr'>in</span> <span class='ocrx_word' id='word_1_603' title='bbox 1551 1078 1688 1103; x_wconf 89' lang='lat' dir='ltr'>extrema</span> <span class='ocrx_word' id='word_1_604' title='bbox 1720 1071 1972 1103; x_wconf 87' lang='lat' dir='ltr'>circumferentia</span> <span class='ocrx_word' id='word_1_605' title='bbox 2000 1072 2109 1103; x_wconf 88' lang='lat' dir='ltr'>totius.</span> <span class='ocrx_word' id='word_1_606' title='bbox 2139 1072 2377 1104; x_wconf 86' lang='lat' dir='ltr'>Consuevimus</span> <span class='ocrx_word' id='word_1_607' title='bbox 2410 1072 2497 1103; x_wconf 85' lang='lat' dir='ltr'>enim</span> 
     </span>
     <span class='ocr_line' id='line_1_75' title="bbox 1486 1116 2497 1158; baseline -0.001 -11"><span class='ocrx_word' id='word_1_608' title='bbox 1486 1123 1664 1148; x_wconf 84' lang='lat' dir='ltr'>extremum</span> <span class='ocrx_word' id='word_1_609' title='bbox 1680 1123 1711 1147; x_wconf 90' lang='lat' dir='ltr'>et</span> <span class='ocrx_word' id='word_1_610' title='bbox 1733 1116 1823 1158; x_wconf 92' lang='lat' dir='ltr'>quod</span> <span class='ocrx_word' id='word_1_611' title='bbox 1842 1126 1971 1147; x_wconf 87' lang='lat' dir='ltr'>sursum</span> <span class='ocrx_word' id='word_1_612' title='bbox 1993 1123 2040 1148; x_wconf 88' lang='lat' dir='ltr'>est</span> <span class='ocrx_word' id='word_1_613' title='bbox 2062 1116 2212 1156; x_wconf 75' lang='lat' dir='ltr'>maxime,</span> <span class='ocrx_word' id='word_1_614' title='bbox 2225 1127 2340 1148; x_wconf 84' lang='lat' dir='ltr'>vocare</span> <span class='ocrx_word' id='word_1_615' title='bbox 2360 1116 2497 1156; x_wconf 84' lang='lat' dir='ltr'>caelum,</span> 
     </span>
     <span class='ocr_line' id='line_1_76' title="bbox 1485 1160 2497 1202; baseline 0.001 -11"><span class='ocrx_word' id='word_1_616' title='bbox 1485 1161 1519 1191; x_wconf 91' lang='lat' dir='ltr'>in</span> <span class='ocrx_word' id='word_1_617' title='bbox 1542 1171 1609 1202; x_wconf 92' lang='lat' dir='ltr'>quo</span> <span class='ocrx_word' id='word_1_618' title='bbox 1634 1168 1665 1192; x_wconf 91' lang='lat' dir='ltr'>et</span> <span class='ocrx_word' id='word_1_619' title='bbox 1688 1161 1835 1191; x_wconf 88' lang='lat' dir='ltr'>divinum</span> <span class='ocrx_word' id='word_1_620' title='bbox 1867 1171 1965 1191; x_wconf 89' lang='lat' dir='ltr'>omne</span> <span class='ocrx_word' id='word_1_621' title='bbox 1987 1161 2131 1192; x_wconf 91' lang='lat' dir='ltr'>locatum</span> <span class='ocrx_word' id='word_1_622' title='bbox 2153 1170 2221 1192; x_wconf 86' lang='lat' dir='ltr'>esse</span> <span class='ocrx_word' id='word_1_623' title='bbox 2250 1161 2397 1192; x_wconf 86' lang='lat' dir='ltr'>dicimus.</span> <span class='ocrx_word' id='word_1_624' title='bbox 2421 1160 2497 1192; x_wconf 83' lang='lat' dir='ltr'>Alio</span> 
     </span>
     <span class='ocr_line' id='line_1_77' title="bbox 1485 1205 2498 1246; baseline 0 -10"><span class='ocrx_word' id='word_1_625' title='bbox 1485 1212 1595 1237; x_wconf 88' lang='lat' dir='ltr'>autem</span> <span class='ocrx_word' id='word_1_626' title='bbox 1616 1215 1745 1236; x_wconf 89' lang='lat' dir='ltr'>rursum</span> <span class='ocrx_word' id='word_1_627' title='bbox 1767 1205 1885 1244; x_wconf 92' lang='lat' dir='ltr'>modo,</span> <span class='ocrx_word' id='word_1_628' title='bbox 1910 1205 2102 1236; x_wconf 88' lang='lat' dir='ltr'>continuum</span> <span class='ocrx_word' id='word_1_629' title='bbox 2125 1215 2242 1246; x_wconf 83' lang='lat' dir='ltr'>corpus</span> <span class='ocrx_word' id='word_1_630' title='bbox 2264 1212 2421 1236; x_wconf 82' lang='lat' dir='ltr'>extremae</span> <span class='ocrx_word' id='word_1_631' title='bbox 2440 1205 2498 1236; x_wconf 90' lang='lat' dir='ltr'>cir-</span> 
     </span>
     <span class='ocr_line' id='line_1_78' title="bbox 1487 1249 2499 1291; baseline -0.001 -10"><span class='ocrx_word' id='word_1_632' title='bbox 1487 1250 1713 1281; x_wconf 86' lang='lat' dir='ltr'>cumferentiae</span> <span class='ocrx_word' id='word_1_633' title='bbox 1736 1249 1852 1289; x_wconf 91' lang='lat' dir='ltr'>totius,</span> <span class='ocrx_word' id='word_1_634' title='bbox 1876 1249 1910 1280; x_wconf 89' lang='lat' dir='ltr'>in</span> <span class='ocrx_word' id='word_1_635' title='bbox 1932 1259 2000 1291; x_wconf 92' lang='lat' dir='ltr'>quo</span> <span class='ocrx_word' id='word_1_636' title='bbox 2022 1250 2100 1280; x_wconf 87' lang='lat' dir='ltr'>luna</span> <span class='ocrx_word' id='word_1_637' title='bbox 2132 1256 2163 1280; x_wconf 88' lang='lat' dir='ltr'>et</span> <span class='ocrx_word' id='word_1_638' title='bbox 2195 1249 2246 1280; x_wconf 88' lang='lat' dir='ltr'>sol</span> <span class='ocrx_word' id='word_1_639' title='bbox 2277 1257 2308 1281; x_wconf 90' lang='lat' dir='ltr'>et</span> <span class='ocrx_word' id='word_1_640' title='bbox 2339 1250 2499 1291; x_wconf 84' lang='lat' dir='ltr'>quaedam</span> 
     </span>
     <span class='ocr_line' id='line_1_79' title="bbox 1487 1293 2498 1326; baseline 0.001 -1"><span class='ocrx_word' id='word_1_641' title='bbox 1487 1301 1666 1326; x_wconf 85' lang='lat' dir='ltr'>astrorum:</span> <span class='ocrx_word' id='word_1_642' title='bbox 1695 1294 1813 1325; x_wconf 88' lang='lat' dir='ltr'>etenim</span> <span class='ocrx_word' id='word_1_643' title='bbox 1834 1294 1912 1325; x_wconf 91' lang='lat' dir='ltr'>haec</span> <span class='ocrx_word' id='word_1_644' title='bbox 1934 1294 1969 1325; x_wconf 91' lang='lat' dir='ltr'>in</span> <span class='ocrx_word' id='word_1_645' title='bbox 2001 1294 2089 1325; x_wconf 87' lang='lat' dir='ltr'>caelo</span> <span class='ocrx_word' id='word_1_646' title='bbox 2114 1303 2181 1325; x_wconf 89' lang='lat' dir='ltr'>esse</span> <span class='ocrx_word' id='word_1_647' title='bbox 2212 1293 2358 1326; x_wconf 87' lang='lat' dir='ltr'>dicimus.</span> <span class='ocrx_word' id='word_1_648' title='bbox 2381 1293 2498 1326; x_wconf 79' lang='lat' dir='ltr'>Adhuc</span> 
     </span>
     <span class='ocr_line' id='line_1_80' title="bbox 1487 1338 2500 1380; baseline -0.001 -10"><span class='ocrx_word' id='word_1_649' title='bbox 1487 1345 1596 1370; x_wconf 88' lang='lat' dir='ltr'>autem</span> <span class='ocrx_word' id='word_1_650' title='bbox 1611 1339 1700 1370; x_wconf 87' lang='lat' dir='ltr'>aliter</span> <span class='ocrx_word' id='word_1_651' title='bbox 1710 1338 1845 1372; x_wconf 89' lang='lat' dir='ltr'>dicimus</span> <span class='ocrx_word' id='word_1_652' title='bbox 1865 1339 1990 1370; x_wconf 85' lang='lat' dir='ltr'>caelum</span> <span class='ocrx_word' id='word_1_653' title='bbox 2006 1345 2195 1370; x_wconf 88' lang='lat' dir='ltr'>contentum</span> <span class='ocrx_word' id='word_1_654' title='bbox 2211 1348 2328 1380; x_wconf 89' lang='lat' dir='ltr'>corpus</span> <span class='ocrx_word' id='word_1_655' title='bbox 2344 1338 2383 1369; x_wconf 91' lang='lat' dir='ltr'>ab</span> <span class='ocrx_word' id='word_1_656' title='bbox 2399 1343 2500 1369; x_wconf 85' lang='lat' dir='ltr'>extre-</span> 
     </span>
     <span class='ocr_line' id='line_1_81' title="bbox 1487 1381 2500 1415; baseline 0 -1"><span class='ocrx_word' id='word_1_657' title='bbox 1487 1393 1541 1414; x_wconf 85' lang='lat' dir='ltr'>ma</span> <span class='ocrx_word' id='word_1_658' title='bbox 1564 1383 1836 1415; x_wconf 85' lang='lat' dir='ltr'>circumferentia:</span> <span class='ocrx_word' id='word_1_659' title='bbox 1865 1389 1972 1415; x_wconf 88' lang='lat' dir='ltr'>totum</span> <span class='ocrx_word' id='word_1_660' title='bbox 1995 1383 2082 1414; x_wconf 90' lang='lat' dir='ltr'>enim</span> <span class='ocrx_word' id='word_1_661' title='bbox 2105 1390 2135 1414; x_wconf 92' lang='lat' dir='ltr'>et</span> <span class='ocrx_word' id='word_1_662' title='bbox 2158 1393 2256 1414; x_wconf 89' lang='lat' dir='ltr'>omne</span> <span class='ocrx_word' id='word_1_663' title='bbox 2273 1381 2500 1414; x_wconf 82' lang='lat' dir='ltr'>consuevimus</span> 
     </span>
     <span class='ocr_line' id='line_1_82' title="bbox 1488 1428 1749 1459; baseline 0 -1"><span class='ocrx_word' id='word_1_664' title='bbox 1488 1428 1591 1459; x_wconf 89' lang='lat' dir='ltr'>dicere</span> <span class='ocrx_word' id='word_1_665' title='bbox 1614 1428 1749 1459; x_wconf 91' lang='lat' dir='ltr'>caelum.</span> 
     </span>
    </p>

    <p class='ocr_par' dir='ltr' id='par_1_22' title="bbox 1420 1469 2505 1646">
     <span class='ocr_line' id='line_1_83' title="bbox 1420 1469 2505 1513; baseline 0.001 -11"><span class='ocrx_word' id='word_1_666' title='bbox 1420 1469 1436 1487; x_wconf 83' lang='lat'><strong>*</strong></span> <span class='ocrx_word' id='word_1_667' title='bbox 1452 1472 1632 1513; x_wconf 89' lang='lat' dir='ltr'>Tripliciter</span> <span class='ocrx_word' id='word_1_668' title='bbox 1655 1478 1763 1503; x_wconf 89' lang='lat' dir='ltr'>autem</span> <span class='ocrx_word' id='word_1_669' title='bbox 1787 1472 1872 1504; x_wconf 90' lang='lat' dir='ltr'>dicto</span> <span class='ocrx_word' id='word_1_670' title='bbox 1895 1472 1996 1511; x_wconf 85' lang='lat' dir='ltr'>caelo,</span> <span class='ocrx_word' id='word_1_671' title='bbox 2019 1478 2126 1503; x_wconf 88' lang='lat' dir='ltr'>totum</span> <span class='ocrx_word' id='word_1_672' title='bbox 2141 1472 2180 1503; x_wconf 90' lang='lat' dir='ltr'>ab</span> <span class='ocrx_word' id='word_1_673' title='bbox 2205 1478 2344 1503; x_wconf 67' lang='lat' dir='ltr'>ean-ema</span> <span class='ocrx_word' id='word_1_674' title='bbox 2366 1471 2505 1503; x_wconf 86' lang='lat' dir='ltr'>circum-.</span> 
     </span>
     <span class='ocr_line' id='line_1_84' title="bbox 1489 1515 2499 1548; baseline 0 -1"><span class='ocrx_word' id='word_1_675' title='bbox 1489 1515 1620 1547; x_wconf 89' lang='lat' dir='ltr'>ferentia</span> <span class='ocrx_word' id='word_1_676' title='bbox 1643 1523 1832 1548; x_wconf 86' lang='lat' dir='ltr'>contentum</span> <span class='ocrx_word' id='word_1_677' title='bbox 1861 1526 1899 1547; x_wconf 86' lang='lat' dir='ltr'>ex</span> <span class='ocrx_word' id='word_1_678' title='bbox 1925 1516 2016 1547; x_wconf 88' lang='lat' dir='ltr'>omni</span> <span class='ocrx_word' id='word_1_679' title='bbox 2039 1526 2166 1547; x_wconf 87' lang='lat' dir='ltr'>necesse</span> <span class='ocrx_word' id='word_1_680' title='bbox 2190 1523 2335 1548; x_wconf 84' lang='lat' dir='ltr'>constare</span> <span class='ocrx_word' id='word_1_681' title='bbox 2362 1515 2499 1548; x_wconf 82' lang='lat' dir='ltr'>naturali</span> 
     </span>
     <span class='ocr_line' id='line_1_85' title="bbox 1489 1560 2502 1602; baseline 0.001 -11"><span class='ocrx_word' id='word_1_682' title='bbox 1489 1567 1520 1592; x_wconf 89' lang='lat' dir='ltr'>et</span> <span class='ocrx_word' id='word_1_683' title='bbox 1543 1560 1683 1592; x_wconf 80' lang='lat' dir='ltr'>sensibili</span> <span class='ocrx_word' id='word_1_684' title='bbox 1705 1571 1859 1602; x_wconf 89' lang='lat' dir='ltr'>corpore,</span> <span class='ocrx_word' id='word_1_685' title='bbox 1882 1561 1924 1591; x_wconf 94' lang='lat' dir='ltr'>ob</span> <span class='ocrx_word' id='word_1_686' title='bbox 1947 1560 1981 1591; x_wconf 90' lang='lat' dir='ltr'>id</span> <span class='ocrx_word' id='word_1_687' title='bbox 2004 1561 2094 1602; x_wconf 91' lang='lat' dir='ltr'>quod</span> <span class='ocrx_word' id='word_1_688' title='bbox 2117 1567 2203 1592; x_wconf 85' lang='lat' dir='ltr'>extra</span> <span class='ocrx_word' id='word_1_689' title='bbox 2225 1561 2350 1592; x_wconf 78' lang='lat' dir='ltr'>caelum</span> <span class='ocrx_word' id='word_1_690' title='bbox 2373 1560 2502 1592; x_wconf 89' lang='lat' dir='ltr'>nullum</span> 
     </span>
     <span class='ocr_line' id='line_1_86' title="bbox 1490 1605 2049 1646; baseline 0 -10"><span class='ocrx_word' id='word_1_691' title='bbox 1490 1611 1537 1636; x_wconf 88' lang='lat' dir='ltr'>est</span> <span class='ocrx_word' id='word_1_692' title='bbox 1560 1615 1688 1646; x_wconf 86' lang='lat' dir='ltr'>corpus,</span> <span class='ocrx_word' id='word_1_693' title='bbox 1712 1615 1770 1636; x_wconf 89' lang='lat' dir='ltr'>nec</span> <span class='ocrx_word' id='word_1_694' title='bbox 1793 1615 1860 1636; x_wconf 90' lang='lat' dir='ltr'>esse</span> <span class='ocrx_word' id='word_1_695' title='bbox 1884 1605 2049 1646; x_wconf 85' lang='lat' dir='ltr'>contingit.</span> 
     </span>
    </p>
   </div>
   <div class='ocr_carea' id='block_1_15' title="bbox 1424 1700 2509 2410">
    <p class='ocr_par' dir='ltr' id='par_1_23' title="bbox 1424 1700 2503 1866">
     <span class='ocr_line' id='line_1_87' title="bbox 1424 1700 2501 1743; baseline 0 -11"><span class='ocrx_word' id='word_1_696' title='bbox 1424 1701 1456 1732; x_wconf 91' lang='lat' dir='ltr'>Si</span> <span class='ocrx_word' id='word_1_697' title='bbox 1480 1701 1567 1733; x_wconf 88' lang='lat' dir='ltr'>enim</span> <span class='ocrx_word' id='word_1_698' title='bbox 1590 1707 1637 1732; x_wconf 89' lang='lat' dir='ltr'>est</span> <span class='ocrx_word' id='word_1_699' title='bbox 1652 1708 1737 1732; x_wconf 85' lang='lat' dir='ltr'>extra</span> <span class='ocrx_word' id='word_1_700' title='bbox 1753 1707 1927 1732; x_wconf 82' lang='lat' dir='ltr'>extremam</span> <span class='ocrx_word' id='word_1_701' title='bbox 1949 1701 2162 1742; x_wconf 86' lang='lat' dir='ltr'>peripheriam</span> <span class='ocrx_word' id='word_1_702' title='bbox 2179 1711 2296 1742; x_wconf 84' lang='lat' dir='ltr'>corpus</span> <span class='ocrx_word' id='word_1_703' title='bbox 2319 1700 2501 1743; x_wconf 86' lang='lat' dir='ltr'>physicum,</span> 
     </span>
     <span class='ocr_line' id='line_1_88' title="bbox 1491 1745 2503 1786; baseline 0 -10"><span class='ocrx_word' id='word_1_704' title='bbox 1491 1755 1618 1777; x_wconf 88' lang='lat' dir='ltr'>necesse</span> <span class='ocrx_word' id='word_1_705' title='bbox 1642 1753 1689 1777; x_wconf 91' lang='lat' dir='ltr'>est</span> <span class='ocrx_word' id='word_1_706' title='bbox 1720 1745 1829 1786; x_wconf 89' lang='lat' dir='ltr'>ipsum</span> <span class='ocrx_word' id='word_1_707' title='bbox 1852 1751 1908 1776; x_wconf 85' lang='lat' dir='ltr'>aut</span> <span class='ocrx_word' id='word_1_708' title='bbox 1922 1745 2118 1786; x_wconf 83' lang='lat' dir='ltr'>simplicium</span> <span class='ocrx_word' id='word_1_709' title='bbox 2150 1755 2217 1776; x_wconf 87' lang='lat' dir='ltr'>esse</span> <span class='ocrx_word' id='word_1_710' title='bbox 2241 1755 2416 1786; x_wconf 85' lang='lat' dir='ltr'>corporum</span> <span class='ocrx_word' id='word_1_711' title='bbox 2447 1751 2503 1776; x_wconf 85' lang='lat' dir='ltr'>aut</span> 
     </span>
     <span class='ocr_line' id='line_1_89' title="bbox 1493 1790 2502 1831; baseline -0.001 -10"><span class='ocrx_word' id='word_1_712' title='bbox 1493 1790 1768 1831; x_wconf 89' lang='lat' dir='ltr'>compositorum,</span> <span class='ocrx_word' id='word_1_713' title='bbox 1793 1796 1824 1821; x_wconf 90' lang='lat' dir='ltr'>et</span> <span class='ocrx_word' id='word_1_714' title='bbox 1847 1796 1903 1821; x_wconf 89' lang='lat' dir='ltr'>aut</span> <span class='ocrx_word' id='word_1_715' title='bbox 1929 1790 2108 1821; x_wconf 89' lang='lat' dir='ltr'>secundum</span> <span class='ocrx_word' id='word_1_716' title='bbox 2130 1796 2279 1821; x_wconf 82' lang='lat' dir='ltr'>naturam</span> <span class='ocrx_word' id='word_1_717' title='bbox 2302 1796 2357 1821; x_wconf 86' lang='lat' dir='ltr'>aut</span> <span class='ocrx_word' id='word_1_718' title='bbox 2379 1795 2502 1830; x_wconf 79' lang='lat' dir='ltr'>praeter</span> 
     </span>
     <span class='ocr_line' id='line_1_90' title="bbox 1493 1834 1845 1866; baseline -0.003 0"><span class='ocrx_word' id='word_1_719' title='bbox 1493 1841 1640 1866; x_wconf 88' lang='lat' dir='ltr'>naturam</span> <span class='ocrx_word' id='word_1_720' title='bbox 1662 1844 1695 1865; x_wconf 91' lang='lat' dir='ltr'>se</span> <span class='ocrx_word' id='word_1_721' title='bbox 1718 1834 1845 1865; x_wconf 87' lang='lat' dir='ltr'>habere.</span> 
     </span>
    </p>

    <p class='ocr_par' dir='ltr' id='par_1_24' title="bbox 1426 1875 2507 2143">
     <span class='ocr_line' id='line_1_91' title="bbox 1426 1875 2506 1921; baseline -0.001 -11"><span class='ocrx_word' id='word_1_722' title='bbox 1426 1879 1627 1921; x_wconf 88' lang='lat' dir='ltr'>Simplicium</span> <span class='ocrx_word' id='word_1_723' title='bbox 1649 1879 1782 1920; x_wconf 88' lang='lat' dir='ltr'>quidem</span> <span class='ocrx_word' id='word_1_724' title='bbox 1804 1878 1901 1919; x_wconf 89' lang='lat' dir='ltr'>igitur</span> <span class='ocrx_word' id='word_1_725' title='bbox 1923 1878 2052 1910; x_wconf 89' lang='lat' dir='ltr'>nullum</span> <span class='ocrx_word' id='word_1_726' title='bbox 2074 1877 2186 1920; x_wconf 85' lang='lat' dir='ltr'>utique</span> <span class='ocrx_word' id='word_1_727' title='bbox 2210 1877 2276 1909; x_wconf 86' lang='lat' dir='ltr'>erit.</span> <span class='ocrx_word' id='word_1_728' title='bbox 2301 1877 2402 1916; x_wconf 87' lang='lat' dir='ltr'>Quod</span> <span class='ocrx_word' id='word_1_729' title='bbox 2417 1875 2506 1909; x_wconf 83' lang='lat' dir='ltr'>enim</span> 
     </span>
     <span class='ocr_line' id='line_1_92' title="bbox 1494 1921 2507 1964; baseline 0 -10"><span class='ocrx_word' id='word_1_730' title='bbox 1494 1923 1724 1962; x_wconf 80' lang='lat' dir='ltr'>circumfertur,</span> <span class='ocrx_word' id='word_1_731' title='bbox 1748 1930 1915 1954; x_wconf 89' lang='lat' dir='ltr'>ostensum</span> <span class='ocrx_word' id='word_1_732' title='bbox 1931 1930 1978 1955; x_wconf 88' lang='lat' dir='ltr'>est</span> <span class='ocrx_word' id='word_1_733' title='bbox 1999 1922 2157 1964; x_wconf 87' lang='lat' dir='ltr'>quoniam</span> <span class='ocrx_word' id='word_1_734' title='bbox 2175 1932 2243 1954; x_wconf 89' lang='lat' dir='ltr'>non</span> <span class='ocrx_word' id='word_1_735' title='bbox 2266 1921 2423 1963; x_wconf 80' lang='lat' dir='ltr'>contingit</span> <span class='ocrx_word' id='word_1_736' title='bbox 2436 1930 2507 1963; x_wconf 81' lang='lat' dir='ltr'>per-</span> 
     </span>
     <span class='ocr_line' id='line_1_93' title="bbox 1494 1965 2504 2009; baseline -0.002 -10"><span class='ocrx_word' id='word_1_737' title='bbox 1494 1975 1619 2000; x_wconf 89' lang='lat' dir='ltr'>mutare</span> <span class='ocrx_word' id='word_1_738' title='bbox 1642 1968 1691 1999; x_wconf 89' lang='lat' dir='ltr'>sui</span> <span class='ocrx_word' id='word_1_739' title='bbox 1712 1967 1813 2009; x_wconf 85' lang='lat' dir='ltr'>ipsius</span> <span class='ocrx_word' id='word_1_740' title='bbox 1835 1967 1957 1999; x_wconf 90' lang='lat' dir='ltr'>locum.</span> <span class='ocrx_word' id='word_1_741' title='bbox 1982 1967 2045 1999; x_wconf 87' lang='lat' dir='ltr'>Sed</span> <span class='ocrx_word' id='word_1_742' title='bbox 2068 1974 2099 1998; x_wconf 88' lang='lat' dir='ltr'>et</span> <span class='ocrx_word' id='word_1_743' title='bbox 2122 1977 2227 2009; x_wconf 90' lang='lat' dir='ltr'>neque</span> <span class='ocrx_word' id='word_1_744' title='bbox 2249 1966 2339 2009; x_wconf 92' lang='lat' dir='ltr'>quod</span> <span class='ocrx_word' id='word_1_745' title='bbox 2361 1977 2380 1997; x_wconf 81' lang='lat' dir='ltr'>a</span> <span class='ocrx_word' id='word_1_746' title='bbox 2394 1965 2504 1998; x_wconf 84' lang='lat' dir='ltr'>medio</span> 
     </span>
     <span class='ocr_line' id='line_1_94' title="bbox 1495 2010 2506 2054; baseline -0.002 -10"><span class='ocrx_word' id='word_1_747' title='bbox 1495 2013 1666 2054; x_wconf 89' lang='lat' dir='ltr'>possibile,</span> <span class='ocrx_word' id='word_1_748' title='bbox 1691 2022 1796 2054; x_wconf 88' lang='lat' dir='ltr'>neque</span> <span class='ocrx_word' id='word_1_749' title='bbox 1818 2012 1909 2054; x_wconf 90' lang='lat' dir='ltr'>quod</span> <span class='ocrx_word' id='word_1_750' title='bbox 1931 2012 1965 2043; x_wconf 90' lang='lat' dir='ltr'>in</span> <span class='ocrx_word' id='word_1_751' title='bbox 1997 2011 2106 2042; x_wconf 89' lang='lat' dir='ltr'>medio</span> <span class='ocrx_word' id='word_1_752' title='bbox 2137 2012 2293 2043; x_wconf 83' lang='lat' dir='ltr'>substans.</span> <span class='ocrx_word' id='word_1_753' title='bbox 2319 2010 2506 2047; x_wconf 76' lang='lat' dir='ltr'>Secundum</span> 
     </span>
     <span class='ocr_line' id='line_1_95' title="bbox 1496 2055 2505 2098; baseline -0.003 -9"><span class='ocrx_word' id='word_1_754' title='bbox 1496 2064 1643 2089; x_wconf 87' lang='lat' dir='ltr'>naturam</span> <span class='ocrx_word' id='word_1_755' title='bbox 1666 2057 1798 2098; x_wconf 89' lang='lat' dir='ltr'>quidem</span> <span class='ocrx_word' id='word_1_756' title='bbox 1817 2056 1905 2088; x_wconf 87' lang='lat' dir='ltr'>enim</span> <span class='ocrx_word' id='word_1_757' title='bbox 1926 2066 1994 2088; x_wconf 89' lang='lat' dir='ltr'>non</span> <span class='ocrx_word' id='word_1_758' title='bbox 2010 2056 2122 2098; x_wconf 86' lang='lat' dir='ltr'>utique</span> <span class='ocrx_word' id='word_1_759' title='bbox 2135 2056 2209 2088; x_wconf 84' lang='lat' dir='ltr'>erit:</span> <span class='ocrx_word' id='word_1_760' title='bbox 2233 2055 2294 2087; x_wconf 86' lang='lat' dir='ltr'>alia</span> <span class='ocrx_word' id='word_1_761' title='bbox 2317 2055 2404 2087; x_wconf 89' lang='lat' dir='ltr'>enim</span> <span class='ocrx_word' id='word_1_762' title='bbox 2418 2055 2505 2096; x_wconf 84' lang='lat' dir='ltr'>ipso-</span> 
     </span>
     <span class='ocr_line' id='line_1_96' title="bbox 1495 2101 1824 2143; baseline -0.003 -10"><span class='ocrx_word' id='word_1_763' title='bbox 1495 2112 1570 2133; x_wconf 91' lang='lat' dir='ltr'>rum</span> <span class='ocrx_word' id='word_1_764' title='bbox 1593 2101 1722 2143; x_wconf 88' lang='lat' dir='ltr'>propria</span> <span class='ocrx_word' id='word_1_765' title='bbox 1744 2101 1824 2133; x_wconf 90' lang='lat' dir='ltr'>loca.</span> 
     </span>
    </p>

    <p class='ocr_par' dir='ltr' id='par_1_25' title="bbox 1429 2142 2509 2410">
     <span class='ocr_line' id='line_1_97' title="bbox 1429 2142 2507 2188; baseline -0.003 -10"><span class='ocrx_word' id='word_1_766' title='bbox 1429 2147 1554 2179; x_wconf 85' lang='lat' dir='ltr'>Praeter</span> <span class='ocrx_word' id='word_1_767' title='bbox 1570 2153 1717 2178; x_wconf 88' lang='lat' dir='ltr'>naturam</span> <span class='ocrx_word' id='word_1_768' title='bbox 1732 2152 1840 2177; x_wconf 89' lang='lat' dir='ltr'>autem</span> <span class='ocrx_word' id='word_1_769' title='bbox 1857 2145 1883 2176; x_wconf 90' lang='lat' dir='ltr'>si</span> <span class='ocrx_word' id='word_1_770' title='bbox 1901 2146 2034 2188; x_wconf 88' lang='lat' dir='ltr'>quidem</span> <span class='ocrx_word' id='word_1_771' title='bbox 2053 2151 2138 2184; x_wconf 89' lang='lat' dir='ltr'>sunt,</span> <span class='ocrx_word' id='word_1_772' title='bbox 2162 2144 2216 2176; x_wconf 87' lang='lat' dir='ltr'>alii</span> <span class='ocrx_word' id='word_1_773' title='bbox 2234 2143 2363 2176; x_wconf 89' lang='lat' dir='ltr'>cuidam</span> <span class='ocrx_word' id='word_1_774' title='bbox 2381 2142 2440 2176; x_wconf 87' lang='lat' dir='ltr'>erit</span> <span class='ocrx_word' id='word_1_775' title='bbox 2459 2153 2507 2175; x_wconf 71' lang='lat' dir='ltr'>ne-</span> 
     </span>
     <span class='ocr_line' id='line_1_98' title="bbox 1497 2187 2509 2232; baseline -0.003 -10"><span class='ocrx_word' id='word_1_776' title='bbox 1497 2192 1642 2223; x_wconf 89' lang='lat' dir='ltr'>cundum</span> <span class='ocrx_word' id='word_1_777' title='bbox 1665 2198 1813 2222; x_wconf 85' lang='lat' dir='ltr'>naturam</span> <span class='ocrx_word' id='word_1_778' title='bbox 1835 2190 1891 2232; x_wconf 92' lang='lat' dir='ltr'>qui</span> <span class='ocrx_word' id='word_1_779' title='bbox 1924 2197 2009 2222; x_wconf 87' lang='lat' dir='ltr'>extra</span> <span class='ocrx_word' id='word_1_780' title='bbox 2032 2197 2078 2221; x_wconf 89' lang='lat' dir='ltr'>est</span> <span class='ocrx_word' id='word_1_781' title='bbox 2099 2189 2208 2221; x_wconf 86' lang='lat' dir='ltr'>locus:</span> <span class='ocrx_word' id='word_1_782' title='bbox 2238 2198 2315 2220; x_wconf 88' lang='lat' dir='ltr'>eum</span> <span class='ocrx_word' id='word_1_783' title='bbox 2338 2188 2424 2220; x_wconf 87' lang='lat' dir='ltr'>enim</span> <span class='ocrx_word' id='word_1_784' title='bbox 2451 2187 2509 2230; x_wconf 87' lang='lat' dir='ltr'>qui</span> 
     </span>
     <span class='ocr_line' id='line_1_99' title="bbox 1496 2232 2507 2277; baseline -0.005 -9"><span class='ocrx_word' id='word_1_785' title='bbox 1496 2236 1572 2268; x_wconf 86' lang='lat' dir='ltr'>huic</span> <span class='ocrx_word' id='word_1_786' title='bbox 1594 2242 1718 2277; x_wconf 77' lang='lat' dir='ltr'>praeter</span> <span class='ocrx_word' id='word_1_787' title='bbox 1740 2242 1898 2274; x_wconf 82' lang='lat' dir='ltr'>naturam,</span> <span class='ocrx_word' id='word_1_788' title='bbox 1923 2234 2137 2266; x_wconf 86' lang='lat' dir='ltr'>necessarium</span> <span class='ocrx_word' id='word_1_789' title='bbox 2159 2233 2212 2265; x_wconf 83' lang='lat' dir='ltr'>alii</span> <span class='ocrx_word' id='word_1_790' title='bbox 2237 2243 2304 2264; x_wconf 90' lang='lat' dir='ltr'>esse</span> <span class='ocrx_word' id='word_1_791' title='bbox 2327 2232 2507 2264; x_wconf 87' lang='lat' dir='ltr'>secundum</span> 
     </span>
     <span class='ocr_line' id='line_1_100' title="bbox 1497 2277 2509 2320; baseline -0.004 -8"><span class='ocrx_word' id='word_1_792' title='bbox 1497 2287 1655 2312; x_wconf 86' lang='lat' dir='ltr'>naturam.</span> <span class='ocrx_word' id='word_1_793' title='bbox 1678 2278 1742 2312; x_wconf 89' lang='lat' dir='ltr'>Sed</span> <span class='ocrx_word' id='word_1_794' title='bbox 1758 2290 1826 2311; x_wconf 91' lang='lat' dir='ltr'>non</span> <span class='ocrx_word' id='word_1_795' title='bbox 1845 2286 1911 2310; x_wconf 87' lang='lat' dir='ltr'>erat</span> <span class='ocrx_word' id='word_1_796' title='bbox 1933 2279 2021 2310; x_wconf 86' lang='lat' dir='ltr'>aliud</span> <span class='ocrx_word' id='word_1_797' title='bbox 2036 2288 2154 2320; x_wconf 79' lang='lat' dir='ltr'>corpus</span> <span class='ocrx_word' id='word_1_798' title='bbox 2176 2284 2299 2319; x_wconf 81' lang='lat' dir='ltr'>praeter</span> <span class='ocrx_word' id='word_1_799' title='bbox 2320 2278 2408 2309; x_wconf 86' lang='lat' dir='ltr'>haec.</span> <span class='ocrx_word' id='word_1_800' title='bbox 2431 2277 2509 2309; x_wconf 85' lang='lat' dir='ltr'>Non</span> 
     </span>
     <span class='ocr_line' id='line_1_101' title="bbox 1496 2322 2509 2367; baseline -0.004 -10"><span class='ocrx_word' id='word_1_801' title='bbox 1496 2325 1593 2367; x_wconf 79' lang='lat' dir='ltr'>igitur</span> <span class='ocrx_word' id='word_1_802' title='bbox 1615 2324 1782 2357; x_wconf 55' lang='lat' dir='ltr'>“tullum</span> <span class='ocrx_word' id='word_1_803' title='bbox 1806 2323 1959 2365; x_wconf 87' lang='lat' dir='ltr'>possibile</span> <span class='ocrx_word' id='word_1_804' title='bbox 1975 2323 2170 2364; x_wconf 90' lang='lat' dir='ltr'>simplicium</span> <span class='ocrx_word' id='word_1_805' title='bbox 2184 2329 2270 2354; x_wconf 77' lang='lat' dir='ltr'>extm</span> <span class='ocrx_word' id='word_1_806' title='bbox 2292 2322 2418 2354; x_wconf 83' lang='lat' dir='ltr'>caelum</span> <span class='ocrx_word' id='word_1_807' title='bbox 2440 2330 2509 2354; x_wconf 70' lang='lat' dir='ltr'>eene</span> 
     </span>
     <span class='ocr_line' id='line_1_102' title="bbox 1497 2378 1624 2410; baseline -0.008 -9"><span class='ocrx_word' id='word_1_808' title='bbox 1497 2378 1624 2410; x_wconf 85' lang='lat' dir='ltr'>corpus.</span> 
     </span>
    </p>
   </div>
   <div class='ocr_carea' id='block_1_16' title="bbox 1428 2411 2509 2454">
    <p class='ocr_par' dir='ltr' id='par_1_26' title="bbox 1428 2411 2509 2454">
     <span class='ocr_line' id='line_1_103' title="bbox 1428 2411 2509 2454; baseline -0.004 -8"><span class='ocrx_word' id='word_1_809' title='bbox 1428 2413 1463 2446; x_wconf 89' lang='lat' dir='ltr'>Si</span> <span class='ocrx_word' id='word_1_810' title='bbox 1486 2421 1595 2447; x_wconf 82' lang='lat' dir='ltr'>autem</span> <span class='ocrx_word' id='word_1_811' title='bbox 1625 2423 1692 2444; x_wconf 92' lang='lat' dir='ltr'>non</span> <span class='ocrx_word' id='word_1_812' title='bbox 1717 2412 1932 2454; x_wconf 89' lang='lat' dir='ltr'>simplicium,</span> <span class='ocrx_word' id='word_1_813' title='bbox 1956 2422 2061 2454; x_wconf 89' lang='lat' dir='ltr'>neque</span> <span class='ocrx_word' id='word_1_814' title='bbox 2084 2411 2276 2443; x_wconf 86' lang='lat' dir='ltr'>mixtorum:</span> <span class='ocrx_word' id='word_1_815' title='bbox 2301 2419 2429 2442; x_wconf 81' lang='lat' dir='ltr'>necesse</span> <span class='ocrx_word' id='word_1_816' title='bbox 2461 2416 2509 2442; x_wconf 78' lang='lat' dir='ltr'>est</span> 
     </span>
    </p>
   </div>
   <div class='ocr_carea' id='block_1_17' title="bbox 1428 2456 2511 2979">
    <p class='ocr_par' dir='ltr' id='par_1_27' title="bbox 1497 2456 2174 2499">
     <span class='ocr_line' id='line_1_104' title="bbox 1497 2456 2174 2499; baseline -0.004 -9"><span class='ocrx_word' id='word_1_817' title='bbox 1497 2457 1583 2490; x_wconf 89' lang='lat' dir='ltr'>enim</span> <span class='ocrx_word' id='word_1_818' title='bbox 1607 2468 1675 2489; x_wconf 87' lang='lat' dir='ltr'>esse</span> <span class='ocrx_word' id='word_1_819' title='bbox 1698 2457 1864 2499; x_wconf 85' lang='lat' dir='ltr'>simplicia,</span> <span class='ocrx_word' id='word_1_820' title='bbox 1889 2456 1989 2488; x_wconf 87' lang='lat' dir='ltr'>mixto</span> <span class='ocrx_word' id='word_1_821' title='bbox 2013 2456 2174 2488; x_wconf 86' lang='lat' dir='ltr'>existente.</span> 
     </span>
    </p>

    <p class='ocr_par' dir='ltr' id='par_1_28' title="bbox 1428 2499 2509 2674">
     <span class='ocr_line' id='line_1_105' title="bbox 1428 2499 2508 2544; baseline -0.004 -10"><span class='ocrx_word' id='word_1_822' title='bbox 1428 2502 1447 2521; x_wconf 67' lang='grc'><strong>“</strong></span> <span class='ocrx_word' id='word_1_823' title='bbox 1467 2502 1529 2534; x_wconf 87' lang='lat' dir='ltr'>Sed</span> <span class='ocrx_word' id='word_1_824' title='bbox 1553 2509 1584 2534; x_wconf 91' lang='lat' dir='ltr'>et</span> <span class='ocrx_word' id='word_1_825' title='bbox 1598 2512 1703 2544; x_wconf 90' lang='lat' dir='ltr'>neque</span> <span class='ocrx_word' id='word_1_826' title='bbox 1726 2502 1847 2534; x_wconf 86' lang='lat' dir='ltr'>factum</span> <span class='ocrx_word' id='word_1_827' title='bbox 1862 2511 1929 2532; x_wconf 91' lang='lat' dir='ltr'>esse</span> <span class='ocrx_word' id='word_1_828' title='bbox 1952 2500 2113 2542; x_wconf 90' lang='lat' dir='ltr'>possibile.</span> <span class='ocrx_word' id='word_1_829' title='bbox 2128 2503 2196 2532; x_wconf 86' lang='lat' dir='ltr'>Aut</span> <span class='ocrx_word' id='word_1_830' title='bbox 2219 2499 2306 2531; x_wconf 89' lang='lat' dir='ltr'>enim</span> <span class='ocrx_word' id='word_1_831' title='bbox 2328 2499 2508 2531; x_wconf 89' lang='lat' dir='ltr'>secundum</span> 
     </span>
     <span class='ocr_line' id='line_1_106' title="bbox 1497 2544 2509 2587; baseline -0.004 -9"><span class='ocrx_word' id='word_1_832' title='bbox 1497 2554 1645 2578; x_wconf 87' lang='lat' dir='ltr'>naturam</span> <span class='ocrx_word' id='word_1_833' title='bbox 1668 2546 1726 2578; x_wconf 85' lang='lat' dir='ltr'>en‘t</span> <span class='ocrx_word' id='word_1_834' title='bbox 1749 2553 1804 2578; x_wconf 88' lang='lat' dir='ltr'>aut</span> <span class='ocrx_word' id='word_1_835' title='bbox 1826 2552 1949 2587; x_wconf 85' lang='lat' dir='ltr'>praeter</span> <span class='ocrx_word' id='word_1_836' title='bbox 1971 2552 2138 2584; x_wconf 85' lang='lat' dir='ltr'>naturam,</span> <span class='ocrx_word' id='word_1_837' title='bbox 2163 2551 2194 2576; x_wconf 89' lang='lat' dir='ltr'>et</span> <span class='ocrx_word' id='word_1_838' title='bbox 2216 2551 2272 2576; x_wconf 91' lang='lat' dir='ltr'>aut</span> <span class='ocrx_word' id='word_1_839' title='bbox 2295 2544 2430 2585; x_wconf 82' lang='lat' dir='ltr'>simplex</span> <span class='ocrx_word' id='word_1_840' title='bbox 2453 2549 2509 2575; x_wconf 90' lang='lat' dir='ltr'>aut</span> 
     </span>
     <span class='ocr_line' id='line_1_107' title="bbox 1497 2587 2508 2633; baseline -0.004 -10"><span class='ocrx_word' id='word_1_841' title='bbox 1497 2591 1649 2623; x_wconf 81' lang='lat' dir='ltr'>mixtum:</span> <span class='ocrx_word' id='word_1_842' title='bbox 1674 2601 1772 2633; x_wconf 87' lang='lat' dir='ltr'>quare</span> <span class='ocrx_word' id='word_1_843' title='bbox 1795 2591 1912 2622; x_wconf 89' lang='lat' dir='ltr'>iterum</span> <span class='ocrx_word' id='word_1_844' title='bbox 1934 2590 2022 2621; x_wconf 91' lang='lat' dir='ltr'>idem</span> <span class='ocrx_word' id='word_1_845' title='bbox 2044 2589 2151 2621; x_wconf 88' lang='lat' dir='ltr'>veniet</span> <span class='ocrx_word' id='word_1_846' title='bbox 2173 2595 2296 2620; x_wconf 78' lang='lat' dir='ltr'>sermo:</span> <span class='ocrx_word' id='word_1_847' title='bbox 2318 2588 2398 2619; x_wconf 88' lang='lat' dir='ltr'>nihil</span> <span class='ocrx_word' id='word_1_848' title='bbox 2421 2587 2508 2619; x_wconf 85' lang='lat' dir='ltr'>enim</span> 
     </span>
     <span class='ocr_line' id='line_1_108' title="bbox 1498 2632 2508 2674; baseline -0.003 -7"><span class='ocrx_word' id='word_1_849' title='bbox 1498 2636 1600 2667; x_wconf 85' lang='lat' dir='ltr'>differt</span> <span class='ocrx_word' id='word_1_850' title='bbox 1623 2636 1821 2667; x_wconf 87' lang='lat' dir='ltr'>considerare</span> <span class='ocrx_word' id='word_1_851' title='bbox 1836 2635 1862 2666; x_wconf 93' lang='lat' dir='ltr'>si</span> <span class='ocrx_word' id='word_1_852' title='bbox 1873 2641 1931 2674; x_wconf 87' lang='lat' dir='ltr'>est,</span> <span class='ocrx_word' id='word_1_853' title='bbox 1950 2641 2006 2666; x_wconf 85' lang='lat' dir='ltr'>aut</span> <span class='ocrx_word' id='word_1_854' title='bbox 2021 2634 2047 2665; x_wconf 88' lang='lat' dir='ltr'>si</span> <span class='ocrx_word' id='word_1_855' title='bbox 2067 2634 2188 2666; x_wconf 88' lang='lat' dir='ltr'>factum</span> <span class='ocrx_word' id='word_1_856' title='bbox 2207 2643 2274 2665; x_wconf 87' lang='lat' dir='ltr'>esse</span> <span class='ocrx_word' id='word_1_857' title='bbox 2290 2632 2442 2674; x_wconf 88' lang='lat' dir='ltr'>possibile</span> <span class='ocrx_word' id='word_1_858' title='bbox 2457 2633 2508 2664; x_wconf 75' lang='lat' dir='ltr'>sit.</span> 
     </span>
    </p>

    <p class='ocr_par' dir='ltr' id='par_1_29' title="bbox 1430 2679 2511 2979">
     <span class='ocr_line' id='line_1_109' title="bbox 1430 2679 2510 2721; baseline -0.004 -9"><span class='ocrx_word' id='word_1_859' title='bbox 1430 2680 1638 2712; x_wconf 84' lang='lat' dir='ltr'>Manifestum</span> <span class='ocrx_word' id='word_1_860' title='bbox 1660 2680 1756 2721; x_wconf 88' lang='lat' dir='ltr'>igitur</span> <span class='ocrx_word' id='word_1_861' title='bbox 1779 2690 1816 2711; x_wconf 89' lang='lat' dir='ltr'>ex</span> <span class='ocrx_word' id='word_1_862' title='bbox 1838 2679 1929 2710; x_wconf 88' lang='lat' dir='ltr'>dictis</span> <span class='ocrx_word' id='word_1_863' title='bbox 1961 2679 2051 2720; x_wconf 90' lang='lat' dir='ltr'>quod</span> <span class='ocrx_word' id='word_1_864' title='bbox 2074 2689 2179 2720; x_wconf 87' lang='lat' dir='ltr'>neque</span> <span class='ocrx_word' id='word_1_865' title='bbox 2202 2684 2250 2710; x_wconf 88' lang='lat' dir='ltr'>est</span> <span class='ocrx_word' id='word_1_866' title='bbox 2277 2684 2379 2717; x_wconf 86' lang='lat' dir='ltr'>extra,</span> <span class='ocrx_word' id='word_1_867' title='bbox 2402 2686 2510 2719; x_wconf 81' lang='lat' dir='ltr'>neque</span> 
     </span>
     <span class='ocr_line' id='line_1_110' title="bbox 1499 2721 2510 2766; baseline -0.004 -9"><span class='ocrx_word' id='word_1_868' title='bbox 1499 2725 1654 2766; x_wconf 86' lang='lat' dir='ltr'>contingit</span> <span class='ocrx_word' id='word_1_869' title='bbox 1676 2725 1792 2756; x_wconf 85' lang='lat' dir='ltr'>factam</span> <span class='ocrx_word' id='word_1_870' title='bbox 1815 2734 1882 2755; x_wconf 89' lang='lat' dir='ltr'>esse</span> <span class='ocrx_word' id='word_1_871' title='bbox 1906 2723 2048 2764; x_wconf 87' lang='lat' dir='ltr'>corporis</span> <span class='ocrx_word' id='word_1_872' title='bbox 2072 2723 2194 2754; x_wconf 89' lang='lat' dir='ltr'>molem</span> <span class='ocrx_word' id='word_1_873' title='bbox 2217 2722 2329 2754; x_wconf 86' lang='lat' dir='ltr'>ullius:</span> <span class='ocrx_word' id='word_1_874' title='bbox 2357 2732 2395 2753; x_wconf 82' lang='lat' dir='ltr'>ex</span> <span class='ocrx_word' id='word_1_875' title='bbox 2418 2721 2510 2753; x_wconf 84' lang='lat' dir='ltr'>omni</span> 
     </span>
     <span class='ocr_line' id='line_1_111' title="bbox 1499 2765 2511 2810; baseline -0.004 -9"><span class='ocrx_word' id='word_1_876' title='bbox 1499 2770 1586 2801; x_wconf 88' lang='lat' dir='ltr'>enim</span> <span class='ocrx_word' id='word_1_877' title='bbox 1609 2776 1656 2801; x_wconf 90' lang='lat' dir='ltr'>est</span> <span class='ocrx_word' id='word_1_878' title='bbox 1679 2769 1807 2810; x_wconf 87' lang='lat' dir='ltr'>propria</span> <span class='ocrx_word' id='word_1_879' title='bbox 1830 2768 1961 2799; x_wconf 88' lang='lat' dir='ltr'>materia</span> <span class='ocrx_word' id='word_1_880' title='bbox 1981 2775 2068 2799; x_wconf 89' lang='lat' dir='ltr'>totus</span> <span class='ocrx_word' id='word_1_881' title='bbox 2092 2768 2253 2799; x_wconf 88' lang='lat' dir='ltr'>mundus:</span> <span class='ocrx_word' id='word_1_882' title='bbox 2277 2766 2409 2798; x_wconf 80' lang='lat' dir='ltr'>materia</span> <span class='ocrx_word' id='word_1_883' title='bbox 2423 2765 2511 2797; x_wconf 86' lang='lat' dir='ltr'>enim</span> 
     </span>
     <span class='ocr_line' id='line_1_112' title="bbox 1499 2812 2509 2855; baseline -0.004 -10"><span class='ocrx_word' id='word_1_884' title='bbox 1499 2821 1564 2846; x_wconf 89' lang='lat' dir='ltr'>erat</span> <span class='ocrx_word' id='word_1_885' title='bbox 1587 2814 1648 2855; x_wconf 91' lang='lat' dir='ltr'>ipsi</span> <span class='ocrx_word' id='word_1_886' title='bbox 1673 2824 1788 2854; x_wconf 88' lang='lat' dir='ltr'>corpus</span> <span class='ocrx_word' id='word_1_887' title='bbox 1812 2813 1953 2844; x_wconf 91' lang='lat' dir='ltr'>naturale</span> <span class='ocrx_word' id='word_1_888' title='bbox 1977 2812 2135 2844; x_wconf 84' lang='lat' dir='ltr'>sensibile.</span> <span class='ocrx_word' id='word_1_889' title='bbox 2160 2812 2270 2853; x_wconf 85' lang='lat' dir='ltr'>Itaque</span> <span class='ocrx_word' id='word_1_890' title='bbox 2293 2820 2399 2852; x_wconf 86' lang='lat' dir='ltr'>neque</span> <span class='ocrx_word' id='word_1_891' title='bbox 2422 2819 2509 2842; x_wconf 88' lang='lat' dir='ltr'>nunc</span> 
     </span>
     <span class='ocr_line' id='line_1_113' title="bbox 1499 2854 2510 2899; baseline -0.004 -9"><span class='ocrx_word' id='word_1_892' title='bbox 1499 2866 1574 2890; x_wconf 91' lang='lat' dir='ltr'>sunt</span> <span class='ocrx_word' id='word_1_893' title='bbox 1596 2859 1704 2899; x_wconf 91' lang='lat' dir='ltr'>plures</span> <span class='ocrx_word' id='word_1_894' title='bbox 1728 2858 1817 2897; x_wconf 88' lang='lat' dir='ltr'>caeli,</span> <span class='ocrx_word' id='word_1_895' title='bbox 1841 2867 1946 2899; x_wconf 90' lang='lat' dir='ltr'>neque</span> <span class='ocrx_word' id='word_1_896' title='bbox 1969 2857 2109 2896; x_wconf 87' lang='lat' dir='ltr'>fuerunt,</span> <span class='ocrx_word' id='word_1_897' title='bbox 2133 2866 2238 2898; x_wconf 89' lang='lat' dir='ltr'>neque</span> <span class='ocrx_word' id='word_1_898' title='bbox 2262 2854 2418 2896; x_wconf 83' lang='lat' dir='ltr'>contingit</span> <span class='ocrx_word' id='word_1_899' title='bbox 2442 2854 2510 2886; x_wconf 84' lang='lat' dir='ltr'>fieri</span> 
     </span>
     <span class='ocr_line' id='line_1_114' title="bbox 1501 2899 2511 2945; baseline -0.004 -11"><span class='ocrx_word' id='word_1_900' title='bbox 1501 2904 1625 2945; x_wconf 84' lang='lat' dir='ltr'>plures:</span> <span class='ocrx_word' id='word_1_901' title='bbox 1659 2903 1715 2934; x_wconf 90' lang='lat' dir='ltr'>sed</span> <span class='ocrx_word' id='word_1_902' title='bbox 1738 2913 1842 2934; x_wconf 90' lang='lat' dir='ltr'>unum</span> <span class='ocrx_word' id='word_1_903' title='bbox 1875 2909 1906 2934; x_wconf 90' lang='lat' dir='ltr'>et</span> <span class='ocrx_word' id='word_1_904' title='bbox 1937 2901 2046 2933; x_wconf 88' lang='lat' dir='ltr'>solum</span> <span class='ocrx_word' id='word_1_905' title='bbox 2075 2907 2106 2933; x_wconf 89' lang='lat' dir='ltr'>et</span> <span class='ocrx_word' id='word_1_906' title='bbox 2137 2900 2316 2942; x_wconf 88' lang='lat' dir='ltr'>perfectum</span> <span class='ocrx_word' id='word_1_907' title='bbox 2346 2906 2393 2931; x_wconf 90' lang='lat' dir='ltr'>est</span> <span class='ocrx_word' id='word_1_908' title='bbox 2423 2899 2511 2931; x_wconf 85' lang='lat' dir='ltr'>istud</span> 
     </span>
     <span class='ocr_line' id='line_1_115' title="bbox 1501 2948 1637 2979; baseline -0.007 0"><span class='ocrx_word' id='word_1_909' title='bbox 1501 2948 1637 2979; x_wconf 88' lang='lat' dir='ltr'>caelum.</span> 
     </span>
    </p>
   </div>
   <div class='ocr_carea' id='block_1_18' title="bbox 1434 3041 2513 3642">
    <p class='ocr_par' dir='ltr' id='par_1_30' title="bbox 1434 3041 2513 3642">
     <span class='ocr_line' id='line_1_116' title="bbox 1434 3041 2512 3082; baseline -0.004 -8"><span class='ocrx_word' id='word_1_910' title='bbox 1434 3051 1483 3074; x_wconf 91' lang='lat' dir='ltr'>aut</span> <span class='ocrx_word' id='word_1_911' title='bbox 1498 3045 1618 3082; x_wconf 89' lang='lat' dir='ltr'>simplex</span> <span class='ocrx_word' id='word_1_912' title='bbox 1639 3050 1689 3073; x_wconf 87' lang='lat' dir='ltr'>aut</span> <span class='ocrx_word' id='word_1_913' title='bbox 1710 3043 1926 3081; x_wconf 90' lang='lat' dir='ltr'>compositum:</span> <span class='ocrx_word' id='word_1_914' title='bbox 1949 3042 2018 3072; x_wconf 89' lang='lat' dir='ltr'>item</span> <span class='ocrx_word' id='word_1_915' title='bbox 2033 3048 2182 3080; x_wconf 88' lang='lat' dir='ltr'>oporteret</span> <span class='ocrx_word' id='word_1_916' title='bbox 2203 3051 2266 3071; x_wconf 87' lang='lat' dir='ltr'>esse</span> <span class='ocrx_word' id='word_1_917' title='bbox 2287 3041 2326 3070; x_wconf 92' lang='lat' dir='ltr'>ibi</span> <span class='ocrx_word' id='word_1_918' title='bbox 2343 3047 2393 3070; x_wconf 88' lang='lat' dir='ltr'>aut</span> <span class='ocrx_word' id='word_1_919' title='bbox 2407 3048 2512 3071; x_wconf 83' lang='lat' dir='ltr'>secun-</span> 
     </span>
     <span class='ocr_line' id='line_1_117' title="bbox 1435 3082 2511 3122; baseline -0.005 -8"><span class='ocrx_word' id='word_1_920' title='bbox 1435 3086 1505 3114; x_wconf 91' lang='lat' dir='ltr'>dum</span> <span class='ocrx_word' id='word_1_921' title='bbox 1531 3092 1665 3114; x_wconf 85' lang='lat' dir='ltr'>naturam</span> <span class='ocrx_word' id='word_1_922' title='bbox 1686 3090 1736 3113; x_wconf 87' lang='lat' dir='ltr'>aut</span> <span class='ocrx_word' id='word_1_923' title='bbox 1750 3090 1864 3122; x_wconf 87' lang='lat' dir='ltr'>praeter</span> <span class='ocrx_word' id='word_1_924' title='bbox 1884 3089 2028 3112; x_wconf 83' lang='lat' dir='ltr'>naturam.</span> <span class='ocrx_word' id='word_1_925' title='bbox 2044 3099 2063 3104; x_wconf 92' lang='lat'>—</span> <span class='ocrx_word' id='word_1_926' title='bbox 2080 3083 2105 3111; x_wconf 87' lang='grc'>5.</span> <span class='ocrx_word' id='word_1_927' title='bbox 2121 3082 2211 3120; x_wconf 83' lang='lat' dir='ltr'>Atqui</span> <span class='ocrx_word' id='word_1_928' title='bbox 2228 3082 2339 3121; x_wconf 83' lang='lat' dir='ltr'>primo,</span> <span class='ocrx_word' id='word_1_929' title='bbox 2361 3087 2441 3110; x_wconf 85' lang='lat' dir='ltr'>extra</span> <span class='ocrx_word' id='word_1_930' title='bbox 2461 3090 2511 3110; x_wconf 81' lang='lat' dir='ltr'>su·</span> 
     </span>
     <span class='ocr_line' id='line_1_118' title="bbox 1435 3121 2511 3162; baseline -0.005 -8"><span class='ocrx_word' id='word_1_931' title='bbox 1435 3134 1567 3162; x_wconf 90' lang='lat' dir='ltr'>premam</span> <span class='ocrx_word' id='word_1_932' title='bbox 1589 3125 1742 3162; x_wconf 87' lang='lat' dir='ltr'>sphaeram</span> <span class='ocrx_word' id='word_1_933' title='bbox 1770 3133 1832 3152; x_wconf 92' lang='lat' dir='ltr'>non</span> <span class='ocrx_word' id='word_1_934' title='bbox 1858 3130 1901 3152; x_wconf 89' lang='lat' dir='ltr'>est</span> <span class='ocrx_word' id='word_1_935' title='bbox 1928 3123 2049 3161; x_wconf 87' lang='lat' dir='ltr'>aliquod</span> <span class='ocrx_word' id='word_1_936' title='bbox 2070 3132 2176 3160; x_wconf 88' lang='lat' dir='ltr'>corpus</span> <span class='ocrx_word' id='word_1_937' title='bbox 2197 3121 2319 3159; x_wconf 87' lang='lat' dir='ltr'>simplex</span> <span class='ocrx_word' id='word_1_938' title='bbox 2347 3121 2511 3150; x_wconf 80' lang='lat' dir='ltr'>secundum</span> 
     </span>
     <span class='ocr_line' id='line_1_119' title="bbox 1436 3161 2510 3202; baseline -0.005 -8"><span class='ocrx_word' id='word_1_939' title='bbox 1436 3172 1580 3194; x_wconf 83' lang='lat' dir='ltr'>naturam.</span> <span class='ocrx_word' id='word_1_940' title='bbox 1602 3166 1704 3202; x_wconf 87' lang='lat' dir='ltr'>Neque</span> <span class='ocrx_word' id='word_1_941' title='bbox 1725 3163 1804 3193; x_wconf 82' lang='lat' dir='ltr'>enirn</span> <span class='ocrx_word' id='word_1_942' title='bbox 1825 3170 1869 3192; x_wconf 91' lang='lat' dir='ltr'>est</span> <span class='ocrx_word' id='word_1_943' title='bbox 1890 3163 1929 3192; x_wconf 92' lang='lat' dir='ltr'>ibi</span> <span class='ocrx_word' id='word_1_944' title='bbox 1944 3173 2050 3200; x_wconf 90' lang='lat' dir='ltr'>corpus</span> <span class='ocrx_word' id='word_1_945' title='bbox 2073 3163 2154 3200; x_wconf 88' lang='lat' dir='ltr'>quod</span> <span class='ocrx_word' id='word_1_946' title='bbox 2174 3161 2350 3192; x_wconf 86' lang='lat' dir='ltr'>circulariter</span> <span class='ocrx_word' id='word_1_947' title='bbox 2366 3166 2510 3196; x_wconf 83' lang='lat' dir='ltr'>movetur,</span> 
     </span>
     <span class='ocr_line' id='line_1_120' title="bbox 1437 3199 2511 3242; baseline -0.006 -8"><span class='ocrx_word' id='word_1_948' title='bbox 1437 3205 1506 3242; x_wconf 88' lang='lat' dir='ltr'>quia</span> <span class='ocrx_word' id='word_1_949' title='bbox 1520 3204 1688 3234; x_wconf 88' lang='lat' dir='ltr'>huiusmodi</span> <span class='ocrx_word' id='word_1_950' title='bbox 1709 3214 1815 3242; x_wconf 89' lang='lat' dir='ltr'>corpus</span> <span class='ocrx_word' id='word_1_951' title='bbox 1832 3213 1893 3232; x_wconf 92' lang='lat' dir='ltr'>non</span> <span class='ocrx_word' id='word_1_952' title='bbox 1910 3210 2006 3241; x_wconf 89' lang='lat' dir='ltr'>potest</span> <span class='ocrx_word' id='word_1_953' title='bbox 2019 3202 2165 3232; x_wconf 88' lang='lat' dir='ltr'>transferri</span> <span class='ocrx_word' id='word_1_954' title='bbox 2185 3208 2264 3231; x_wconf 83' lang='lat' dir='ltr'>extra</span> <span class='ocrx_word' id='word_1_955' title='bbox 2278 3210 2346 3230; x_wconf 88' lang='lat' dir='ltr'>eum</span> <span class='ocrx_word' id='word_1_956' title='bbox 2366 3201 2464 3230; x_wconf 86' lang='lat' dir='ltr'>locum</span> <span class='ocrx_word' id='word_1_957' title='bbox 2479 3199 2511 3228; x_wconf 85' lang='lat' dir='ltr'>in</span> 
     </span>
     <span class='ocr_line' id='line_1_121' title="bbox 1438 3239 2509 3282; baseline -0.007 -8"><span class='ocrx_word' id='word_1_958' title='bbox 1438 3255 1497 3282; x_wconf 88' lang='lat' dir='ltr'>quo</span> <span class='ocrx_word' id='word_1_959' title='bbox 1513 3252 1570 3281; x_wconf 81' lang='lat' dir='ltr'>est3</span> <span class='ocrx_word' id='word_1_960' title='bbox 1592 3245 1650 3274; x_wconf 89' lang='lat' dir='ltr'>hoc</span> <span class='ocrx_word' id='word_1_961' title='bbox 1663 3251 1760 3274; x_wconf 86' lang='lat' dir='ltr'>autem</span> <span class='ocrx_word' id='word_1_962' title='bbox 1783 3244 1963 3282; x_wconf 81' lang='lat' dir='ltr'>contingeret</span> <span class='ocrx_word' id='word_1_963' title='bbox 1989 3244 2018 3272; x_wconf 91' lang='lat' dir='ltr'>in</span> <span class='ocrx_word' id='word_1_964' title='bbox 2040 3242 2194 3281; x_wconf 85' lang='lat' dir='ltr'>hypothesi</span> <span class='ocrx_word' id='word_1_965' title='bbox 2222 3242 2258 3270; x_wconf 89' lang='lat' dir='ltr'>de</span> <span class='ocrx_word' id='word_1_966' title='bbox 2273 3250 2331 3279; x_wconf 87' lang='lat' dir='ltr'>qua</span> <span class='ocrx_word' id='word_1_967' title='bbox 2349 3239 2509 3278; x_wconf 87' lang='lat' dir='ltr'>loquimur.</span> 
     </span>
     <span class='ocr_line' id='line_1_122' title="bbox 1439 3281 2512 3322; baseline -0.005 -9"><span class='ocrx_word' id='word_1_968' title='bbox 1439 3285 1575 3313; x_wconf 86' lang='lat' dir='ltr'>Similiter</span> <span class='ocrx_word' id='word_1_969' title='bbox 1600 3294 1662 3314; x_wconf 93' lang='lat' dir='ltr'>non</span> <span class='ocrx_word' id='word_1_970' title='bbox 1684 3291 1727 3313; x_wconf 91' lang='lat' dir='ltr'>est</span> <span class='ocrx_word' id='word_1_971' title='bbox 1741 3284 1780 3313; x_wconf 89' lang='lat' dir='ltr'>ibi</span> <span class='ocrx_word' id='word_1_972' title='bbox 1801 3293 1908 3321; x_wconf 88' lang='lat' dir='ltr'>corpus</span> <span class='ocrx_word' id='word_1_973' title='bbox 1929 3293 2015 3322; x_wconf 84' lang='lat' dir='ltr'>grave</span> <span class='ocrx_word' id='word_1_974' title='bbox 2035 3290 2086 3312; x_wconf 83' lang='lat' dir='ltr'>aut</span> <span class='ocrx_word' id='word_1_975' title='bbox 2106 3283 2182 3318; x_wconf 83' lang='lat' dir='ltr'>leve,</span> <span class='ocrx_word' id='word_1_976' title='bbox 2203 3281 2273 3319; x_wconf 82' lang='lat' dir='ltr'>quia</span> <span class='ocrx_word' id='word_1_977' title='bbox 2293 3281 2365 3310; x_wconf 83' lang='lat' dir='ltr'>haec</span> <span class='ocrx_word' id='word_1_978' title='bbox 2385 3289 2512 3317; x_wconf 86' lang='lat' dir='ltr'>corpora</span> 
     </span>
     <span class='ocr_line' id='line_1_123' title="bbox 1439 3319 2511 3360; baseline -0.004 -8"><span class='ocrx_word' id='word_1_979' title='bbox 1439 3325 1546 3353; x_wconf 83' lang='lat' dir='ltr'>habent</span> <span class='ocrx_word' id='word_1_980' title='bbox 1560 3325 1615 3354; x_wconf 85' lang='lat' dir='ltr'>alia</span> <span class='ocrx_word' id='word_1_981' title='bbox 1629 3325 1694 3354; x_wconf 87' lang='lat' dir='ltr'>loca</span> <span class='ocrx_word' id='word_1_982' title='bbox 1708 3324 1858 3360; x_wconf 87' lang='lat' dir='ltr'>naturalia,</span> <span class='ocrx_word' id='word_1_983' title='bbox 1870 3324 1943 3353; x_wconf 85' lang='lat' dir='ltr'>infra</span> <span class='ocrx_word' id='word_1_984' title='bbox 1956 3330 2116 3352; x_wconf 85' lang='lat' dir='ltr'>extremam</span> <span class='ocrx_word' id='word_1_985' title='bbox 2132 3320 2392 3352; x_wconf 83' lang='lat' dir='ltr'>circumferentiam</span> <span class='ocrx_word' id='word_1_986' title='bbox 2406 3319 2511 3356; x_wconf 84' lang='lat' dir='ltr'>totius;</span> 
     </span>
     <span class='ocr_line' id='line_1_124' title="bbox 1440 3361 2511 3402; baseline -0.004 -10"><span class='ocrx_word' id='word_1_987' title='bbox 1440 3364 1573 3392; x_wconf 91' lang='lat' dir='ltr'>omnium</span> <span class='ocrx_word' id='word_1_988' title='bbox 1587 3372 1684 3394; x_wconf 90' lang='lat' dir='ltr'>autem</span> <span class='ocrx_word' id='word_1_989' title='bbox 1699 3364 1815 3400; x_wconf 90' lang='lat' dir='ltr'>levium,</span> <span class='ocrx_word' id='word_1_990' title='bbox 1831 3371 1858 3393; x_wconf 90' lang='lat' dir='ltr'>et</span> <span class='ocrx_word' id='word_1_991' title='bbox 1873 3364 1979 3402; x_wconf 88' lang='lat' dir='ltr'>pariter</span> <span class='ocrx_word' id='word_1_992' title='bbox 1999 3363 2133 3392; x_wconf 88' lang='lat' dir='ltr'>omnium</span> <span class='ocrx_word' id='word_1_993' title='bbox 2153 3361 2284 3400; x_wconf 80' lang='lat' dir='ltr'>gravium</span> <span class='ocrx_word' id='word_1_994' title='bbox 2300 3367 2343 3389; x_wconf 89' lang='lat' dir='ltr'>est</span> <span class='ocrx_word' id='word_1_995' title='bbox 2358 3369 2435 3389; x_wconf 90' lang='lat' dir='ltr'>unus</span> <span class='ocrx_word' id='word_1_996' title='bbox 2456 3369 2511 3388; x_wconf 88' lang='lat' dir='ltr'>nu-</span> 
     </span>
     <span class='ocr_line' id='line_1_125' title="bbox 1441 3401 2512 3439; baseline -0.004 -7"><span class='ocrx_word' id='word_1_997' title='bbox 1441 3414 1521 3433; x_wconf 89' lang='lat' dir='ltr'>mero</span> <span class='ocrx_word' id='word_1_998' title='bbox 1543 3405 1634 3433; x_wconf 90' lang='lat' dir='ltr'>locus.</span> <span class='ocrx_word' id='word_1_999' title='bbox 1650 3421 1670 3426; x_wconf 88' lang='lat'>—-</span> <span class='ocrx_word' id='word_1_1000' title='bbox 1684 3405 1768 3434; x_wconf 84' lang='lat' dir='ltr'>Ratio</span> <span class='ocrx_word' id='word_1_1001' title='bbox 1783 3405 1837 3434; x_wconf 86' lang='lat' dir='ltr'>ista</span> <span class='ocrx_word' id='word_1_1002' title='bbox 1856 3405 1943 3433; x_wconf 88' lang='lat' dir='ltr'>habet</span> <span class='ocrx_word' id='word_1_1003' title='bbox 1963 3403 2163 3433; x_wconf 83' lang='lat' dir='ltr'>necessitatem</span> <span class='ocrx_word' id='word_1_1004' title='bbox 2184 3411 2218 3431; x_wconf 86' lang='lat' dir='ltr'>ex</span> <span class='ocrx_word' id='word_1_1005' title='bbox 2236 3411 2273 3430; x_wconf 89' lang='lat' dir='ltr'>eo</span> <span class='ocrx_word' id='word_1_1006' title='bbox 2295 3401 2376 3439; x_wconf 91' lang='lat' dir='ltr'>quod</span> <span class='ocrx_word' id='word_1_1007' title='bbox 2390 3406 2433 3429; x_wconf 88' lang='lat' dir='ltr'>est</span> <span class='ocrx_word' id='word_1_1008' title='bbox 2446 3406 2512 3429; x_wconf 84' lang='lat' dir='ltr'>tan-</span> 
     </span>
     <span class='ocr_line' id='line_1_126' title="bbox 1441 3442 2512 3476; baseline -0.003 -4"><span class='ocrx_word' id='word_1_1009' title='bbox 1441 3450 1502 3472; x_wconf 90' lang='lat' dir='ltr'>tum</span> <span class='ocrx_word' id='word_1_1010' title='bbox 1524 3454 1615 3473; x_wconf 89' lang='lat' dir='ltr'>unum</span> <span class='ocrx_word' id='word_1_1011' title='bbox 1637 3451 1797 3473; x_wconf 87' lang='lat' dir='ltr'>extremum</span> <span class='ocrx_word' id='word_1_1012' title='bbox 1812 3452 1840 3474; x_wconf 92' lang='lat' dir='ltr'>et</span> <span class='ocrx_word' id='word_1_1013' title='bbox 1855 3454 1948 3473; x_wconf 89' lang='lat' dir='ltr'>unum</span> <span class='ocrx_word' id='word_1_1014' title='bbox 1970 3443 2138 3473; x_wconf 85' lang='lat' dir='ltr'>medium.—</span> <span class='ocrx_word' id='word_1_1015' title='bbox 2149 3443 2176 3471; x_wconf 89' lang='lat'>6.</span> <span class='ocrx_word' id='word_1_1016' title='bbox 2193 3442 2336 3476; x_wconf 83' lang='lat' dir='ltr'>Secundo,</span> <span class='ocrx_word' id='word_1_1017' title='bbox 2351 3447 2431 3470; x_wconf 85' lang='lat' dir='ltr'>extra</span> <span class='ocrx_word' id='word_1_1018' title='bbox 2446 3448 2512 3469; x_wconf 79' lang='lat' dir='ltr'>cae·</span> 
     </span>
     <span class='ocr_line' id='line_1_127' title="bbox 1441 3479 2512 3524; baseline -0.004 -12"><span class='ocrx_word' id='word_1_1019' title='bbox 1441 3484 1500 3512; x_wconf 91' lang='lat' dir='ltr'>lum</span> <span class='ocrx_word' id='word_1_1020' title='bbox 1516 3485 1627 3513; x_wconf 91' lang='lat' dir='ltr'>nullum</span> <span class='ocrx_word' id='word_1_1021' title='bbox 1642 3494 1748 3522; x_wconf 91' lang='lat' dir='ltr'>corpus</span> <span class='ocrx_word' id='word_1_1022' title='bbox 1763 3485 1883 3522; x_wconf 88' lang='lat' dir='ltr'>simplex</span> <span class='ocrx_word' id='word_1_1023' title='bbox 1898 3491 1941 3513; x_wconf 88' lang='lat' dir='ltr'>est</span> <span class='ocrx_word' id='word_1_1024' title='bbox 1954 3490 2067 3521; x_wconf 88' lang='lat' dir='ltr'>praeter</span> <span class='ocrx_word' id='word_1_1025' title='bbox 2087 3489 2231 3512; x_wconf 83' lang='lat' dir='ltr'>naturam.</span> <span class='ocrx_word' id='word_1_1026' title='bbox 2254 3482 2351 3511; x_wconf 89' lang='lat' dir='ltr'>Locus</span> <span class='ocrx_word' id='word_1_1027' title='bbox 2372 3480 2450 3509; x_wconf 88' lang='lat' dir='ltr'>enim</span> <span class='ocrx_word' id='word_1_1028' title='bbox 2464 3479 2512 3524; x_wconf 78' lang='lat' dir='ltr'>ille</span> 
     </span>
     <span class='ocr_line' id='line_1_128' title="bbox 1442 3519 2511 3562; baseline -0.003 -11"><span class='ocrx_word' id='word_1_1029' title='bbox 1442 3524 1558 3552; x_wconf 87' lang='lat' dir='ltr'>deberet</span> <span class='ocrx_word' id='word_1_1030' title='bbox 1580 3533 1641 3553; x_wconf 88' lang='lat' dir='ltr'>esse</span> <span class='ocrx_word' id='word_1_1031' title='bbox 1667 3525 1747 3554; x_wconf 82' lang='lat' dir='ltr'>alteri</span> <span class='ocrx_word' id='word_1_1032' title='bbox 1769 3524 1884 3562; x_wconf 87' lang='lat' dir='ltr'>corpori</span> <span class='ocrx_word' id='word_1_1033' title='bbox 1908 3523 2066 3559; x_wconf 80' lang='lat' dir='ltr'>naturalis3</span> <span class='ocrx_word' id='word_1_1034' title='bbox 2095 3531 2157 3551; x_wconf 85' lang='lat' dir='ltr'>non</span> <span class='ocrx_word' id='word_1_1035' title='bbox 2182 3528 2224 3551; x_wconf 92' lang='lat' dir='ltr'>est</span> <span class='ocrx_word' id='word_1_1036' title='bbox 2252 3528 2349 3551; x_wconf 88' lang='lat' dir='ltr'>autem</span> <span class='ocrx_word' id='word_1_1037' title='bbox 2372 3519 2511 3549; x_wconf 73' lang='lat' dir='ltr'>naturalis</span> 
     </span>
     <span class='ocr_line' id='line_1_129' title="bbox 1442 3558 2512 3601; baseline -0.004 -10"><span class='ocrx_word' id='word_1_1038' title='bbox 1442 3572 1536 3600; x_wconf 87' lang='lat' dir='ltr'>neque</span> <span class='ocrx_word' id='word_1_1039' title='bbox 1558 3565 1673 3601; x_wconf 85' lang='lat' dir='ltr'>corpori</span> <span class='ocrx_word' id='word_1_1040' title='bbox 1697 3564 1872 3594; x_wconf 88' lang='lat' dir='ltr'>circulariter</span> <span class='ocrx_word' id='word_1_1041' title='bbox 1896 3570 1992 3600; x_wconf 88' lang='lat' dir='ltr'>moto,</span> <span class='ocrx_word' id='word_1_1042' title='bbox 2014 3572 2109 3601; x_wconf 90' lang='lat' dir='ltr'>neque</span> <span class='ocrx_word' id='word_1_1043' title='bbox 2133 3561 2250 3600; x_wconf 90' lang='lat' dir='ltr'>corpori</span> <span class='ocrx_word' id='word_1_1044' title='bbox 2273 3560 2353 3600; x_wconf 81' lang='lat' dir='ltr'>gravi</span> <span class='ocrx_word' id='word_1_1045' title='bbox 2375 3566 2426 3590; x_wconf 89' lang='lat' dir='ltr'>aut</span> <span class='ocrx_word' id='word_1_1046' title='bbox 2446 3558 2512 3595; x_wconf 87' lang='lat' dir='ltr'>levi,</span> 
     </span>
     <span class='ocr_line' id='line_1_130' title="bbox 1443 3601 2513 3642; baseline -0.004 -11"><span class='ocrx_word' id='word_1_1047' title='bbox 1443 3610 1555 3639; x_wconf 90' lang='lat' dir='ltr'>praeter</span> <span class='ocrx_word' id='word_1_1048' title='bbox 1570 3613 1645 3641; x_wconf 82' lang='lat' dir='ltr'>quae</span> <span class='ocrx_word' id='word_1_1049' title='bbox 1659 3614 1721 3633; x_wconf 88' lang='lat' dir='ltr'>non</span> <span class='ocrx_word' id='word_1_1050' title='bbox 1735 3611 1778 3633; x_wconf 87' lang='lat' dir='ltr'>est</span> <span class='ocrx_word' id='word_1_1051' title='bbox 1791 3605 1871 3634; x_wconf 87' lang='lat' dir='ltr'>aliud</span> <span class='ocrx_word' id='word_1_1052' title='bbox 1886 3613 2008 3642; x_wconf 84' lang='lat' dir='ltr'>corpus;</span> <span class='ocrx_word' id='word_1_1053' title='bbox 2030 3613 2099 3641; x_wconf 86' lang='lat' dir='ltr'>ergo</span> <span class='ocrx_word' id='word_1_1054' title='bbox 2121 3609 2175 3632; x_wconf 87' lang='lat' dir='ltr'>etc.</span> <span class='ocrx_word' id='word_1_1055' title='bbox 2187 3611 2242 3640; x_wconf 92' lang='lat'>-7.</span> <span class='ocrx_word' id='word_1_1056' title='bbox 2269 3601 2377 3635; x_wconf 74' lang='lat' dir='ltr'>Tertio,</span> <span class='ocrx_word' id='word_1_1057' title='bbox 2392 3608 2454 3629; x_wconf 87' lang='lat' dir='ltr'>non</span> <span class='ocrx_word' id='word_1_1058' title='bbox 2467 3604 2513 3628; x_wconf 85' lang='lat' dir='ltr'>est</span> 
     </span>
    </p>
   </div>
   <div class='ocr_carea' id='block_1_19' title="bbox 2521 822 2672 888">
    <p class='ocr_par' dir='ltr' id='par_1_31' title="bbox 2521 822 2672 888">
     <span class='ocr_line' id='line_1_131' title="bbox 2521 822 2672 888; baseline 0 -6"><span class='ocrx_word' id='word_1_1059' title='bbox 2521 822 2672 888; x_wconf 51' lang='grc' dir='ltr'>’.Ἢ-,6.</span> 
     </span>
    </p>
   </div>
   <div class='ocr_carea' id='block_1_20' title="bbox 2526 1476 2677 1506">
    <p class='ocr_par' dir='ltr' id='par_1_32' title="bbox 2526 1476 2677 1506">
     <span class='ocr_line' id='line_1_132' title="bbox 2526 1476 2677 1506; baseline 0 -5"><span class='ocrx_word' id='word_1_1060' title='bbox 2526 1476 2620 1501; x_wconf 72' lang='lat' dir='ltr'>*Tut-</span> <span class='ocrx_word' id='word_1_1061' title='bbox 2634 1482 2677 1506; x_wconf 77' lang='lat'>⁹7-</span> 
     </span>
    </p>
   </div>
   <div class='ocr_carea' id='block_1_21' title="bbox 2534 2499 2683 2528">
    <p class='ocr_par' dir='ltr' id='par_1_33' title="bbox 2534 2499 2683 2528">
     <span class='ocr_line' id='line_1_133' title="bbox 2534 2499 2683 2528; baseline 0.013 -2"><span class='ocrx_word' id='word_1_1062' title='bbox 2534 2499 2683 2528; x_wconf 72' lang='lat' dir='ltr'>&#39;&#39;rm-⁹⁸·</span> 
     </span>
    </p>
   </div>
   <div class='ocr_carea' id='block_1_22' title="bbox 2617 809 2740 836">
    <p class='ocr_par' dir='ltr' id='par_1_34' title="bbox 2617 809 2740 836">
     <span class='ocr_line' id='line_1_134' title="bbox 2617 809 2740 836; baseline 0 -7"><span class='ocrx_word' id='word_1_1063' title='bbox 2617 812 2670 836; x_wconf 75' lang='lat' dir='ltr'>cap.</span> <span class='ocrx_word' id='word_1_1064' title='bbox 2679 809 2740 830; x_wconf 53' lang='grc' dir='ltr'>ιιι(</span> 
     </span>
    </p>
   </div>
  </div>
 </body>
</html>
