2690 4062
57 600 66 609 '¹
95 598 209 626 austeras
209 598 267 620 rico.

56 631 217 673 ffae'uroauster
231 657 268 673 pa.

299 263 380 288 LXVI

298 338 413 367 meses,
430 338 448 359 a
467 325 562 359 nobis
586 324 691 358 dictus
716 323 837 367 aquilo,
854 322 910 366 qui
934 321 1037 354 oritur
1063 320 1097 352 in
1122 326 1246 362 puncto
1271 316 1309 367 L,
1326 323 1358 348 et

298 379 347 404 est
376 370 503 403 medius
533 370 617 402 inter
648 368 788 401 caeciam
820 374 851 399 et
878 365 1072 409 aparctiam,
1101 362 1165 394 hoc
1196 369 1245 394 est
1274 368 1358 392 mter

297 415 488 448 vulturnum
516 421 548 446 et
579 412 844 456 septentrionem.
871 409 935 442 Sed
966 420 984 441 a
1015 407 1144 450 punctis
1176 404 1356 448 oppositis,

298 459 420 492 scilicet
435 458 473 491 ab
491 456 559 491 1-et‘
570 468 588 489 a
605 457 648 496 K,
668 455 778 488 nullus
803 461 935 497 apparet
950 451 1045 484 nobis
1070 448 1264 482 sensibiliter
1279 447 1356 480 flare

296 511 430 536 ventus:
454 501 507 534 vel
527 502 554 533 si
577 500 671 540 flant,
692 498 738 532 illi
761 506 837 530 sunt
860 506 973 529 tenues
997 503 1030 527 et
1052 493 1195 533 modici,
1227 501 1259 525 et
1286 503 1355 524 non

297 547 487 591 pertingunt
509 544 550 578 ad
565 555 644 584 nos;
663 544 747 576 sicut
762 550 810 574 est
826 540 878 573 ille
894 540 950 584 qui
965 538 1003 571 ab
1020 537 1136 571 incolis
1156 536 1220 569 loci
1238 535 1355 586 dicitur

296 590 496 635 phoenicias,
518 600 535 621 a
558 587 652 621 nobis
676 597 754 620 vero
780 592 969 618 euroauster
984 582 1011 622 *,
1028 590 1059 614 et
1083 582 1181 614 etiam
1207 579 1273 620 ille,
1321 591 1354 612 ui

297 635 414 668 dicitur
441 631 670 666 austroafricus
689 630 720 662 *z
746 637 822 662 sunt
838 629 926 661 enim
949 625 1073 659 modici
1096 625 1202 665 flatus,
1224 633 1256 657 et
1279 624 1288 656 i
1314 635 1353 657 eo

296 678 390 711 nobis
409 689 478 710 non
494 684 657 720 apparent.
671 674 760 707 Dicit
776 680 886 705 autem
902 669 991 715 quod
1009 668 1164 714 praedicti
1180 669 1268 702 venti
1284 679 1353 701 non

296 722 416 755 habent
432 720 621 759 contrarios,
638 718 714 762 quia
734 716 942 749 contrarietas
967 723 1016 747 est
1034 713 1254 758 principaliter
1270 713 1354 745 inter

296 775 436 810 quatuor
457 763 661 808 principaleS,
686 762 769 794 inter
792 759 872 793 alios
896 767 1006 792 autem
1029 769 1098 791 non
1121 766 1171 790 est
1193 757 1255 790 nisi
1279 768 1352 800 par-

295 811 349 843 tici
375 810 468 849 ative‚
484 808 559 852 quia
582 805 728 839 medium
751 804 922 848 participat
945 811 1095 835 naturam
1118 810 1350 835 extremorum.

351 822 381 886 ξ.
406 851 533 886 Deinde
557 862 632 883 cum
656 849 749 882 dicit:
774 847 899 881 Essendi
917 853 1017 880 autem
1035 846 1140 891 plures
1154 852 1255 879 ventos
1278 854 1350 885 etc.‚

317 898 370 930 uia
389 896 537 940 superius
560 892 752 927 Aristoteles
776 899 995 935 supposuerat
1019 890 1109 934 quod
1132 890 1242 934 plures
1261 889 1350 922 venti

293 910 373 974 flant
395 952 412 973 a
440 948 530 983 parte
560 937 680 971 boreali
711 947 810 980 quam
840 947 858 968 a
885 944 976 979 parte
1004 933 1158 974 australi,
1189 933 1264 967 ideo
1296 933 1350 966 hic

294 983 436 1018 ostendit
451 994 582 1016 causam
600 981 708 1014 huius.
729 981 769 1013 Et
794 979 871 1013 dicit
894 978 984 1024 quod
999 990 1095 1011 causa
1116 989 1214 1023 quare
1234 989 1252 1010 a
1268 977 1349 1010 locis

293 1029 333 1062 ad
350 1034 477 1067 arctum,
498 1026 581 1059 idest
604 1025 643 1058 ad
663 1024 931 1069 septentrionem,
950 1023 1035 1056 inter
1058 1022 1173 1067 polum
1193 1022 1349 1055 arcticum

293 1082 325 1106 et
340 1073 510 1111 orientem,
526 1070 604 1103 flant
619 1069 729 1114 plures
748 1069 836 1101 venti
853 1079 951 1112 quam
968 1079 986 1101 a
1002 1075 1091 1111 parte
1108 1066 1272 1117 opposita,
1289 1066 1349 1098 sci-

292 1116 367 1149 licet
381 1115 492 1155 austri,
508 1123 557 1147 est
572 1114 647 1158 quia
666 1121 776 1146 nostra
792 1111 974 1145 habitabilis
990 1111 1208 1155 propinquior
1231 1119 1280 1143 est
1295 1110 1348 1143 isti

292 1161 373 1204 parti
397 1170 495 1204 quam
519 1157 591 1198 illis·
601 1166 633 1190 et
655 1156 730 1190 ideo
753 1157 842 1190 venti
866 1157 922 1200 qui
945 1155 989 1188 ibi
1012 1163 1219 1199 generantur,
1243 1155 1348 1198 magis

292 1204 474 1237 sentiuntur
497 1214 515 1235 a
538 1201 632 1234 nobis
657 1212 756 1246 quam
779 1200 843 1241 alii,
860 1201 917 1244 qui
940 1199 1020 1233 flant
1035 1211 1053 1232 a
1076 1208 1166 1244 parte
1183 1200 1348 1243 opposita.

291 1247 418 1282 Deinde
438 1246 533 1280 aliam
550 1257 681 1278 causam
704 1245 856 1289 assignat,
873 1255 932 1288 per
950 1255 1050 1288 quam
1074 1243 1256 1277 ostenditur
1273 1244 1349 1276 sim-

291 1292 415 1336 pliciter
434 1302 532 1335 quare
551 1289 660 1334 plures
683 1289 773 1322 venti
795 1297 991 1332 generantur
1014 1287 1068 1321 hic
1092 1299 1192 1332 quam
1210 1287 1271 1320 ibi:
1295 1299 1349 1320 su-

291 1336 399 1380 perior
421 1335 508 1368 enim
531 1335 614 1367 ratio
638 1333 702 1366 hoc
725 1332 917 1366 ostendebat
940 1332 1050 1366 solum
1077 1331 1187 1377 quoad
1209 1343 1282 1365 nos.
1308 1332 1350 1365 Et

291 1389 356 1420 est,
387 1380 462 1424 quia
485 1378 529 1411 ibi
553 1386 629 1411 sunt
652 1377 761 1422 plures
785 1388 888 1422 aquae
912 1385 945 1410 et
967 1377 1059 1410 nives
1083 1385 1218 1420 propter
1241 1387 1348 1409 remo-

291 1425 415 1457 tionem
438 1434 456 1455 a
480 1422 559 1463 sole,
583 1433 683 1467 quam
698 1422 732 1454 in
755 1421 816 1455 alia
839 1429 929 1465 parte
946 1432 1030 1465 quae
1053 1430 1102 1454 est
1126 1420 1270 1454 subiecta
1286 1420 1349 1454 soli

291 1477 323 1501 et
345 1469 414 1500 eius
437 1467 569 1507 lationi,
600 1467 656 1511 qui
680 1477 748 1499 non
771 1466 930 1510 permittit
953 1477 970 1499 a
995 1476 1072 1498 uam
1100 1464 1144 1498 ibi
1173 1465 1348 1509 congelari.

291 1512 382 1545 Licet
397 1512 484 1544 enirn
508 1519 624 1544 ventus
648 1519 821 1554 generetur
837 1522 876 1543 ex
892 1509 973 1543 exha
987 1510 1096 1543 atione
1120 1510 1215 1550 sicca,
1239 1518 1349 1543 tamen

291 1555 449 1589 exhalatio
480 1556 564 1588 sicca
587 1566 655 1588 non
681 1563 791 1599 potest
812 1555 995 1588 continuari
1020 1563 1076 1587 aut
1099 1553 1292 1587 condensari
1315 1555 1350 1587 in

290 1609 424 1633 ventum
440 1600 509 1632 sine
533 1599 738 1640 humiditate,
762 1599 973 1632 continuante
997 1607 1104 1642 partes
1127 1599 1231 1632 siccae
1254 1598 1349 1632 exha-

289 1644 428 1677 lationis.
452 1643 505 1677 Ad
532 1652 657 1677 arctum
680 1644 779 1687 igitur
801 1643 906 1687 magis
930 1642 1099 1676 elevantur
1127 1642 1348 1676 exhalationes

289 1689 402 1728 siccae,
426 1696 458 1721 et
479 1687 563 1720 fiunt
586 1687 695 1732 plures
718 1687 818 1720 venti.

344 1743 374 1775 9.
399 1731 526 1765 Deinde
544 1743 619 1765 curn
636 1731 728 1765 dicit:
752 1732 807 1765 Est
822 1738 922 1765 autem
937 1731 1084 1766 dictorum
1100 1738 1258 1765 ventorum
1274 1740 1347 1772 etc.‚

290 1775 430 1810 ostendit
453 1775 492 1809 ad
515 1777 673 1810 maiorem
697 1775 894 1809 evidentiam
918 1775 1177 1820 praedictorum,
1201 1776 1259 1821 qui
1282 1777 1348 1809 sint

999 238 1585 280 METEOROLOGICORUM
1612 238 1706 274 LIB.
1738 238 1770 273 11

1412 315 1502 347 venti
1526 314 1672 347 boreales
1704 322 1737 347 et
1768 314 1825 358 qui
1849 313 2015 347 australes.
2048 314 2090 347 Et
2113 314 2191 348 dicit
2218 315 2310 360 quod
2333 315 2482 350 boreales

1412 367 1504 399 sunt,
1529 358 1586 402 qui
1609 358 1708 391 etiam
1736 357 1891 391 dicuntur
1921 357 2122 402 quandoque
2146 370 2163 391 a
2189 360 2304 392 arctias
2335 369 2368 394 et
2395 360 2484 395 thra-

1412 404 1506 442 scias,
1525 402 1609 435 idest
1623 402 1808 445 septentrio
1829 410 1862 435 et
1881 403 2009 442 circius,
2050 403 2085 435 ui
2107 414 2161 436 me
2185 403 2254 437 iant
2272 404 2357 438 inter
2375 416 2484 449 arges-

1411 455 1488 486 tem‚
1506 446 1591 479 idest
1614 457 1741 486 corum,
1761 454 1793 479 et
1812 445 1963 487 boream;
1989 414 2047 480 sed
2074 447 2231 480 australes
2251 457 2329 481 sunt
2355 458 2482 491 auster,

1411 491 1467 568 gui
1491 491 1590 523 etiam
1613 489 1783 533 ithagenes
1807 489 1937 530 dicitur,
1961 499 1994 523 et
2016 490 2094 524 libs:
2119 492 2176 536 qui
2200 491 2280 525 flant
2296 504 2314 525 a
2335 493 2483 527 meridie.

1447 533 1598 567 rientales
1614 545 1694 567 vero
1710 542 1788 567 sunt
1810 533 1968 578 apeliotes
1989 543 2049 568 etc.
2072 535 2115 568 Et
2133 536 2359 570 universaliter
2375 538 2483 571 orien-

1409 578 1488 611 tales
1505 587 1583 611 sunt
1607 577 1674 611 duo
1699 579 1756 623 qui
1780 588 1858 611 sunt
1881 579 2137 623 propinquiores
2162 581 2291 622 orienti,
2312 590 2345 614 et
2365 582 2482 615 tertius

1408 622 1462 655 ille
1494 623 1550 667 qui
1583 623 1688 655 oritur
1717 622 1752 655 in
1783 631 1909 700 §uncto
1933 624 2092 664 orientis,
2123 625 2181 675 qui
2212 634 2261 658 est
2290 625 2420 659 medius
2449 635 2483 660 et

1409 667 1597 700 communis
1617 667 1758 711 utrique.
1809 667 1839 700 ic
1855 667 2074 701 occidentales
2091 680 2149 713 qui
2165 678 2244 702 sunt
2262 670 2480 715 propinquio-

1407 722 1458 744 res
1475 710 1647 751 occidenti,
1671 719 1704 744 et
1727 712 1915 744 communis
1939 713 2070 756 utrique
2094 713 2151 757 qui
2175 714 2280 747 oritur
2301 714 2336 747 in
2355 723 2481 758 puncto

1407 755 1604 789 occidentis:
1631 754 1788 789 australes
1818 767 1898 789 vero
1921 757 2177 801 propinquiores
2204 766 2335 800 austro,
2359 767 2392 792 et
2411 771 2482 793 me-

1407 800 1480 833 dius
1504 800 1588 832 inter
1611 810 1687 832 eos:
1717 808 1750 833 et
1772 799 1937 841 boreales,
1961 801 2019 846 qui
2042 810 2121 835 sunt
2149 802 2325 836 viciniores
2349 811 2481 848 septen-

1406 843 1516 884 trioni,
1533 852 1566 876 et
1589 844 1646 888 qui
1669 843 1794 877 mediat
1807 845 1893 878 inter
1915 856 1984 886 eos,
2001 854 2038 878 ut
2054 854 2144 890 patet
2167 846 2201 879 in
2241 847 2400 882 raemisso
2420 848 2481 882 cir-

1406 887 1492 921 culo.
1511 907 1530 912 -
1545 884 1742 922 Notandum
1768 897 1818 921 est
1833 897 1944 922 autem
1983 889 2051 924 uod
2067 890 2214 924 Aristote
2228 902 2263 924 es
2278 891 2480 937 quandoque

1405 932 1573 972 nominat,
1598 941 1631 965 et
1653 932 1819 966 nominari
1842 932 1922 966 dicit
1944 945 1963 966 a

1404 977 1493 1009 mine
1510 976 1657 1009 alterius:
1676 977 1753 1021 quia
1768 985 1904 1021 propter
1919 989 2074 1022 magnam
2089 980 2292 1013 vicinitatem
2305 991 2406 1025 quam
2421 980 2479 1015 ha-

1404 1020 1459 1054 bet
1482 1020 1576 1053 locus
1599 1021 1634 1054 in
1658 1032 1726 1065 quo
1754 1021 1860 1054 oritur
1882 1033 1984 1063 unus,
2007 1021 2049 1056 ad
2078 1022 2192 1057 locum
2219 1023 2367 1066 alterius,
2386 1022 2479 1060 'unus

1403 1064 1534 1098 videtur
1549 1065 1743 1109 participare
1766 1074 1918 1099 naturam
1933 1075 1965 1099 et
1981 1078 2106 1100 nomen
2122 1067 2271 1101 alterius:
2291 1077 2330 1102 ut
2351 1078 2480 1114 septen-

1403 1110 1468 1143 trio
1489 1109 1608 1143 dicitur
1631 1109 1766 1150 boreas,
1789 1118 1822 1143 et
1845 1110 1892 1143 sic
1923 1109 1963 1144 de
1987 1111 2135 1155 singulis.

1461 1153 1620 1188 Ostendit
1646 1153 1764 1187 deinde
1788 1165 1888 1199 quare
1917 1163 2053 1189 extenso
2079 1156 2216 1190 nomine
2248 1165 2366 1191 omnes
2387 1158 2480 1192 venti

1404 1197 1558 1232 dicuntur
1573 1197 1720 1232 boreales
1736 1197 1790 1232 vel
1805 1198 1973 1240 australes;
1990 1208 2023 1233 et
2037 1201 2140 1234 sumit
2155 1201 2319 1235 rationem
2333 1213 2375 1236 ex
2388 1202 2480 1236 simie-

1403 1242 1542 1276 litudine
1566 1242 1772 1287 qualitatum.
1790 1243 1891 1276 Venti
1915 1244 2004 1277 enim
2028 1244 2258 1286 occidentales,
2298 1246 2333 1279 ui
2357 1246 2480 1281 vocan-

1403 1296 1457 1320 tur
1480 1286 1635 1331 zephyri,
1659 1287 1736 1332 quia
1759 1288 2009 1331 coniunguntur
2027 1288 2146 1323 boreae
2172 1298 2251 1323 sunt
2287 1290 2478 1335 rigidiores:

1404 1330 1579 1365 orientales
1603 1340 1726 1372 autem,
1743 1332 1800 1376 qui
1823 1333 2006 1376 iunguntur
2028 1333 2235 1375 australibus,
2252 1343 2330 1368 sunt
2345 1334 2479 1370 calidio-

1404 1387 1474 1416 res;
1490 1384 1523 1409 et
1534 1375 1611 1409 ideo
1623 1385 1759 1420 propter
1771 1375 2022 1411 similitudinem
2034 1377 2152 1412 harum
2165 1377 2361 1423 qualitatum
2373 1378 2480 1415 orien-

1404 1420 1484 1454 tales
1503 1429 1667 1454 vocantur
1681 1420 1851 1462 australes,
1872 1420 2091 1456 occidentales
2109 1431 2222 1456 autem
2245 1422 2400 1458 dicuntur
2422 1423 2480 1459 bo-

1403 1464 1505 1498 reales
1511 1477 1521 1506 ;
1537 1473 1570 1498 et
1590 1465 1638 1498 sic
1661 1476 1778 1498 omnes
1797 1466 1887 1499 venti
1905 1465 2060 1500 dicuntur
2074 1465 2222 1501 boreales
2238 1476 2296 1501 aut
2310 1467 2478 1503 ausu-ales.

1459 1509 1616 1553 Assignat
1643 1518 1755 1543 autem
1782 1520 1916 1543 causam
1943 1521 2044 1555 quare
2079 1511 2237 1546 australes
2275 1513 2366 1547 venti
2398 1521 2480 1548 sunt

1405 1553 1595 1587 calidiores:
1613 1554 1690 1598 quia
1713 1553 1838 1588 scilicet
1851 1554 1940 1600 pluri
1962 1561 2102 1600 tempore,
2121 1555 2206 1590 idest
2228 1555 2374 1601 longiori
2392 1565 2479 1592 mem-

1404 1609 1496 1642 pore,
1520 1606 1607 1631 stant
1630 1597 1691 1632 sub
1715 1597 1801 1639 sole;
1825 1607 1858 1632 et
1881 1598 2029 1633 boreales
2048 1611 2089 1634 ex
2112 1601 2269 1645 opposito
2285 1609 2365 1636 sunt
2385 1600 2479 1647 frigi-

1404 1642 1523 1683 diores,
1543 1643 1621 1687 quia
1643 1642 1755 1676 minus
1772 1651 1859 1676 stant
1883 1643 1943 1677 sub
1963 1643 2043 1678 sole.
2061 1644 2177 1678 Potest
2200 1646 2300 1679 etiam
2318 1645 2479 1691 assignari

1403 1686 1465 1720 alia
1487 1696 1603 1720 causa:
1650 1687 1706 1720 uia
1724 1686 1848 1721 scilicet
1871 1687 2028 1722 australes
2051 1697 2223 1724 transeunt
2245 1701 2304 1734 per
2325 1689 2400 1724 loca
2423 1701 2478 1725 ca·

1403 1730 1537 1772 lidiora,
1565 1739 1598 1765 et
1620 1731 1631 1764 i
1655 1742 1697 1765 eo
1721 1732 1878 1766 continue
1901 1733 2006 1777 magis
2031 1731 2203 1775 calefiunt,
2227 1733 2375 1769 boreales
2397 1746 2478 1770 vero

1403 1787 1462 1820 per
1480 1775 1658 1820 frigidiora,
1676 1784 1709 1810 et
1726 1775 1801 1810 ideo
1818 1787 1951 1822 semper
1964 1777 2071 1822 magis
2094 1776 2180 1812 fiunt
2202 1777 2398 1823 frigidiores.

2007 933 2097 975 aliis,
2125 947 2231 968 unum
2259 945 2397 969 ventum
2419 947 2480 970 no-
2526 942 2529 945 ’
