2782 4134
86 1291 95 1299 '¹
123 1287 214 1309 scilicet
239 1286 292 1308 add.

88 1315 154 1336 codd.
169 1319 216 1335 exc.
230 1319 271 1334 Asi.

88 1341 97 1350 '
112 1341 148 1362 Cf.
157 1341 207 1361 lect.
217 1344 291 1366 praec.

87 1372 110 1388 n.
120 1373 135 1393 4
149 1372 183 1394 sq.

88 1496 97 1505 ·
111 1495 145 1517 ef.
156 1500 217 1516 num.
227 1500 248 1521 7.

85 1551 94 1559 ·
118 1551 200 1570 elom.
224 1548 291 1570 codd.

87 1581 135 1597 exc.
151 1580 171 1596 c.

87 1812 96 1821 ·
110 1812 168 1833 hanc
182 1817 229 1833 om.
242 1817 263 1832 r.

86 1967 95 1976 '
109 1967 178 1989 Num.
192 1973 214 1994 3.

86 2020 95 2030 '¹
109 2019 178 2041 Num.
193 2019 214 2040 6.

86 2332 95 2341 ·
106 2337 243 2359 permanere
255 2339 277 2354 P.

86 2540 96 2551 “
111 2542 133 2562 et
146 2546 193 2563 om.
206 2547 228 2563 r.

322 251 370 286 68

321 326 428 355 suntin
442 325 497 354 alio
520 323 639 352 mundo.
662 321 718 349 Sed
739 328 839 348 omnes
860 324 953 354 partes
975 322 1065 343 terrae
1086 323 1159 350 quae
1181 318 1247 356 sunt
1267 321 1296 338 1n
1312 311 1367 354 hoc

320 366 438 400 mundo,
454 369 603 392 moventur
616 361 652 389 ad
666 360 789 388 eundem
810 366 929 385 numero
944 356 1052 383 locum:
1076 362 1150 396 ergo.
1158 360 1256 379 omma
1272 358 1367 386 gravm

321 412 348 434 et
367 405 439 433 levia
462 404 491 431 in
516 408 706 439 quocumque-
726 398 834 426 mundo
861 394 1005 424 existentia
1032 391 1195 435 naturaliter
1215 395 1367 432 moyentur

321 445 357 473 ad
372 444 471 472 eadem
492 450 612 469 numero
633 438 728 467 media
745 444 772 465 et
786 442 924 464 extrema:
948 432 1026 470 quod
1047 430 1207 475 manifestat
1227 434 1366 472 unitatem

321 483 429 511 mundi.
445 499 463 503 -
479 482 504 509 5.
519 480 711 508 Confirmatur
731 475 844 504 solutio.
869 476 974 502 Natura
987 479 1115 508 gravmm
1136 475 1163 496 et
1186 468 1291 495 levmm
1317 467 1366 494 de-

320 522 487 550 terminatur
506 521 542 548 ad
563 524 638 547 certa
658 517 730 551 loca,
749 515 787 543 ita
808 514 886 550 quod
904 511 1001 540 omnia
1025 518 1098 546 quae
1118 508 1223 535 habent
1244 506 1365 549 eandem

321 568 460 595 naturam,
482 560 518 588 ad
538 567 627 586 unum
648 564 768 584 numero
792 554 886 581 locum
907 560 994 579 unam
1016 556 1136 592 nurnero
1158 547 1264 574 habent
1285 545 1366 572 incli-

321 596 476 629 nationem.
492 614 511 620 -
526 599 552 626 6.
568 595 722 625 Conclusio
742 594 856 621 intenta.
878 590 938 618 Nisi
958 596 1112 626 praemissa
1132 591 1278 622 negentur,
1296 593 1365 612 con-

323 639 481 668 cedendum
495 644 537 665 est
550 645 639 664 unum
660 643 720 662 esse
741 640 859 660 numero
874 629 1000 658 medium
1015 634 1042 655 et
1055 635 1146 654 unum
1161 633 1221 652 esse
1242 632 1364 667 numero

323 685 487 712 extremum,
509 677 546 705 ad
566 684 638 712 quae
659 672 755 701 omnia
775 670 869 707 gravia
887 675 914 697 et
927 667 999 696 levia
1019 667 1155 694 feruntur.
1179 665 1246 698 Quo
1259 669 1364 699 posxto,

322 717 504 753 consequitur
529 713 684 743 necessario
714 720 803 738 unum
828 717 888 736 esse
916 707 1056 735 mundum
1084 711 1112 733 et
1138 713 1199 732 non
1219 703 1323 748 plures.
1346 718 1365 722 -

323 767 349 793 7.
360 756 460 784 Thesis
470 756 506 783 ad
520 751 752 782 manifestandum
767 749 794 776 id
809 748 886 785 quod
900 747 930 774 in
943 747 996 774 hac
1011 752 1038 773 et
1051 744 1230 781 praecedenti
1244 743 1364 787 lectione

321 796 373 824 fuit
393 794 584 831 suppositum,
605 799 719 826 nempe:
743 796 866 825 corpora
887 785 1031 814 naturalia
1052 784 1156 827 habent
1176 783 1366 810 determmata

323 837 394 869 loca,
405 835 442 862 ad
456 842 525 870 quae
537 830 705 859 naturaliter
707 829 885 866 seruntur.-
898 826 1003 853 Textus
1018 823 1182 852 subdivisxo.
1192 839 1211 843 —
1221 822 1238 849 8
1258 821 1365 848 Proba-

322 881 368 902 tur
377 874 470 910 primo
484 871 600 900 ratione.
622 869 714 897 Omne
729 867 808 904 quod
822 871 960 899 movetur,
973 868 1176 906 transmutatur
1190 870 1224 889 ex
1238 860 1365 897 quodam

322 912 508 941 determinato
538 910 567 938 in
598 907 769 936 contrarium
796 904 1034 933 determinatum:
1067 902 1194 938 alioqum
1221 905 1366 943 oporteret

321 959 432 980 motum
453 959 512 979 esse
540 947 697 982 infinitum,
719 955 754 973 eo
775 945 855 981 quod
875 944 953 971 nulla
974 948 1047 971 esset
1073 940 1145 985 ratio
1167 948 1254 976 quare
1276 947 1365 975 magis

321 991 516 1020 terminaretur
535 988 580 1016 hic
597 996 682 1023 quarn
696 985 770 1013 alibi.
785 985 916 1020 Corpora
930 991 997 1019 ergo
1012 981 1150 1009 naturaha
1164 989 1224 1023 non
1237 979 1366 1022 feruntur

321 1032 358 1059 ad
377 1028 636 1061 indeterminatum,
664 1025 713 1053 sed
740 1025 776 1052 ad
797 1024 861 1052 loca
888 1021 1021 1059 opposita
1040 1020 1083 1048 his
1105 1020 1134 1048 in
1159 1020 1263 1056 quibus
1287 1026 1365 1054 prius

459 1142 470 1153 .
577 1115 761 1154 raemissis
782 1114 928 1151 duabus
948 1112 1152 1150 rationibus
1172 1110 1220 1148 ad
1241 1118 1363 1147 osten-

393 1296 409 1308 «
463 1302 469 1315 χ
521 1259 557 1289 '³
575 1286 670 1324 quae
700 1272 854 1322 quidem
875 1273 895 1293 ’¹‘
914 1271 1017 1308 addit
1039 1269 1232 1319 quoddam
1251 1268 1362 1315 aliud,

318 1328 420 1377 quod
445 1327 642 1365 videbatur
669 1326 829 1363 deficere
857 1325 905 1362 ad
930 1323 1092 1372 primam
1120 1322 1302 1359 rationem
1332 1322 1362 1357 *.

317 1383 447 1417 Posset
475 1380 574 1416 enim
593 1379 723 1427 aliquis
752 1378 874 1415 dicere
907 1377 1012 1425 quod
1036 1375 1257 1424 corporibus
1285 1386 1363 1411 non

318 1434 411 1470 inest
436 1432 577 1469 moveri
605 1431 817 1469 naturaliter
845 1430 893 1467 ad
927 1429 1052 1477 aliqua
1078 1429 1162 1466 loca
1190 1426 1363 1464 determi-

318 1493 404 1523 nata
419 1487 453 1521 ⁹⁴²:
472 1486 545 1532 vel,
566 1484 595 1522 si
615 1485 663 1522 ad
690 1484 814 1532 aliqua
837 1484 920 1519 loca
940 1481 1184 1519 determinata
1207 1492 1364 1517 moven-

317 1546 386 1586 tur,
408 1550 451 1574 ea
470 1550 565 1586 quae
585 1545 669 1574 sunt
681 1537 792 1574 unius
813 1535 949 1585 speciei
969 1543 1004 1572 et
1018 1535 1038 1556 *
1066 1535 1214 1572 diversa
1233 1546 1364 1570 secun-

320 1591 409 1628 dum
429 1603 641 1638 numerum,
661 1596 864 1627 moventur
882 1588 931 1626 ad
958 1590 1040 1626 loca
1060 1588 1208 1625 diversa
1232 1599 1363 1624 secun-

320 1644 410 1681 dum
438 1655 647 1690 numerum,
669 1655 766 1691 quae
795 1641 1022 1679 conveniunt
1049 1641 1086 1677 in
1115 1640 1257 1689 specie;
1287 1652 1364 1676 non

319 1704 442 1733 autern
471 1697 519 1733 ad
547 1697 709 1733 eundem
743 1696 870 1732 locum
904 1694 1112 1731 secundum
1140 1705 1362 1740 numerum,

319 1749 412 1785 sicut
429 1749 551 1797 prima
578 1748 670 1785 ratio
691 1748 938 1796 supponebat.
958 1748 1018 1785 Ad
1037 1747 1131 1783 haec
1158 1746 1267 1794 igitur
1287 1759 1364 1783 cer-

317 1801 492 1839 tificanda
509 1801 759 1850 Philosophus
787 1800 926 1837 inducit
943 1800 1041 1837 hanc
1057 1801 1075 1821 '³‘
1091 1799 1236 1836 tertiam
1255 1799 1364 1836 ratio-

318 1867 417 1891 nem.
440 1854 547 1891 Circa
562 1866 676 1902 quam
695 1853 763 1890 tria
781 1853 882 1890 facit:
902 1853 1025 1901 primo
1041 1852 1147 1902 ponit
1161 1852 1363 1898 rationem;

319 1907 484 1944 secundo
513 1907 671 1944 excludit
698 1906 889 1955 quandam
912 1906 1189 1953 obviationem,
1224 1905 1290 1942 ibi:
1326 1906 1367 1942 Si

319 1966 441 1996 autem
456 1960 505 1996 ad
516 1960 634 2008 specie
652 1960 779 1996 eadem
795 1960 814 1980 ‘³‘
831 1966 916 2005 etc.;
932 1959 1038 1995 tertio
1058 1959 1166 1995 infert
1179 1959 1364 2008 principa-

318 2013 393 2049 lem
413 2012 703 2059 conclusionem,
723 2012 791 2048 ibi:
811 2013 943 2060 Itaque
961 2012 1208 2048 necessarium
1224 2012 1244 2032 *
1265 2019 1332 2049 etc.

372 2076 406 2101 2.
427 2064 525 2101 Dicit
543 2077 630 2112 ergo
658 2065 779 2114 primo
807 2064 1058 2101 necessarium
1087 2077 1167 2102 esse
1195 2065 1299 2113 quod
1322 2065 1368 2102 sit

319 2117 449 2165 aliquis
464 2126 588 2155 motus
602 2117 878 2166 praedictorum
895 2130 1109 2166 corporum.
1123 2118 1367 2155 Manifestum

320 2177 373 2206 est
401 2178 525 2206 autern
553 2170 656 2219 quod
682 2178 899 2207 moventur:
929 2171 1032 2219 quod
1067 2171 1221 2219 quidem
1251 2183 1364 2220 appa-

318 2230 372 2258 ret
399 2230 434 2259 et
460 2235 527 2271 per
553 2235 704 2260 sensum
732 2230 768 2259 et
794 2235 862 2272 per
889 2223 1093 2271 rationem,
1123 2224 1210 2273 quia
1237 2224 1365 2262 huius-

317 2275 420 2312 modi
439 2283 523 2312 sunt
542 2288 700 2325 corpora
718 2275 909 2323 naturalia,
930 2276 1065 2325 quibus
1085 2276 1264 2326 competit
1282 2289 1363 2314 mo-

317 2328 407 2365 veri.
429 2329 555 2366 Potest
579 2341 665 2377 ergo
695 2328 871 2366 dubitatio
899 2341 1094 2366 remanere
1115 2331 1145 2376 ²³⁵,
1175 2338 1301 2367 utrum
1320 2330 1366 2367 sit

318 2380 518 2418 dicendum
537 2383 639 2430 quod
668 2394 826 2430 corpora
853 2382 1032 2419 naturalia
1051 2391 1279 2420 moveantur
1296 2396 1365 2432 per

316 2433 533 2470 violentiam
569 2434 745 2471 omnibus
772 2434 938 2472 motibus
975 2435 1112 2484 quibus
1139 2444 1362 2484 moventur,

319 2486 429 2523 etiam
453 2486 483 2523 si
502 2487 573 2524 sint
600 2487 788 2533 contrarii;
808 2495 898 2536 puta
926 2488 1027 2537 quod
1046 2489 1138 2536 ignis
1166 2489 1365 2527 inducatur

319 2540 388 2575 et*
404 2551 551 2576 sursum
580 2547 615 2576 et
643 2540 819 2577 deorsum
846 2553 913 2588 per
939 2541 1167 2579 violentiam.
1191 2543 1267 2580 Sed
1290 2544 1365 2580 hoc

320 2599 374 2628 est
391 2592 632 2640 impossibile:
657 2592 743 2641 quia
763 2593 864 2641 quod
890 2605 962 2630 non
987 2600 1040 2630 est
1065 2596 1215 2632 omnino
1234 2602 1363 2634 natum

318 2644 471 2690 moveri,
491 2644 585 2682 idest
612 2645 716 2692 quod
739 2646 881 2682 nullum
910 2654 1057 2683 motum
1081 2648 1194 2685 habet
1222 2661 1266 2686 ex
1297 2662 1364 2687 sua

319 2704 461 2744 natura,
480 2696 707 2746 impossibile
737 2706 790 2735 est
822 2699 925 2746 quod
961 2709 1158 2738 moveatur
1188 2714 1257 2750 per
1284 2703 1365 2740 vio-

319 2749 480 2786 lentiam.
520 2751 604 2787 Hoc
642 2751 741 2787 enim
778 2750 935 2788 dicimus
971 2752 1187 2791 violentiam
1222 2755 1298 2804 pati
1327 2762 1363 2804 α,

321 2801 424 2849 quod
442 2813 509 2850 per
534 2802 612 2840 vim
639 2803 797 2840 fortioris
825 2805 964 2852 agentis
993 2815 1207 2844 removetur
1231 2820 1252 2845 a
1279 2821 1366 2857 pro-

319 2854 400 2902 pria
427 2854 680 2893 inclinatione:
702 2856 731 2893 si
750 2856 857 2904 igitur
886 2859 1103 2907 corporibus
1123 2873 1201 2898 non
1229 2860 1367 2899 inesset

321 2906 443 2955 aliqua
479 2908 653 2945 naturalis
689 2909 876 2946 inclinatio
910 2911 958 2947 ad
995 2912 1181 2960 quosdam
1218 2922 1365 2962 motus,

321 2959 497 2996 violentia
523 2960 560 2997 in
588 2961 639 2998 eis
667 2962 792 2998 locum
821 2975 898 2999 non
917 2964 1085 3011 haberet3
1112 2966 1205 3003 sicut
1233 2967 1261 3003 si
1290 2968 1366 3005 ani-

323 3012 397 3048 mal
433 3025 510 3049 non
537 3021 633 3050 esset
660 3022 789 3051 natum
825 3015 974 3063 videre,
1003 3030 1080 3055 non
1109 3019 1368 3058 attribueretur

325 3063 357 3099 ei
385 3065 550 3102 caecitas.
580 3066 739 3115 Oportet
766 3067 874 3116 igitur
911 3068 1034 3106 dicere
1071 3072 1174 3119 quod
1212 3072 1367 3111 istorum

326 3127 523 3164 corporum
547 3130 641 3166 quae
662 3127 745 3156 sunt
762 3129 886 3168 partes
906 3122 1050 3169 mundi,
1071 3124 1115 3160 sit
1135 3124 1266 3172 aliquis
1286 3138 1368 3163 mo-

325 3174 382 3204 tus
410 3170 613 3207 secundum
640 3179 821 3210 naturam.
851 3175 996 3212 Eorum
1027 3175 1136 3224 igitur
1171 3190 1333 3226 quorum
1353 3178 1369 3208 β

346 3347 351 3353 .
381 3314 407 3354 ᾳ)
425 3315 572 3355 violentiam
588 3317 654 3348 pati.
667 3331 686 3336 —
695 3325 745 3349 per
757 3319 904 3346 violentiam
920 3323 980 3354 pati
993 3324 1067 3349 codd.
1080 3338 1099 3343 —
1111 3325 1167 3349 Lin.
1181 3333 1236 3358 seq.
1250 3334 1297 3359 pro
1311 3328 1371 3361 sor-

330 3351 411 3378 ῖιονιε,
426 3351 566 3381 superioris
580 3352 654 3376 codd.
668 3360 720 3378 exc.
733 3354 767 3384 A;
786 3355 804 3378 P
818 3355 877 3387 legit
890 3358 959 3389 quod
970 3366 1020 3389 per
1039 3360 1184 3391 superioris
1202 3363 1306 3394 agentis
1325 3370 1371 3388 na-

330 3385 417 3408 turam
435 3389 588 3425 nemoyetyr,
607 3386 700 3417 minus,
718 3393 746 3412 ut
764 3394 837 3420 patet.
857 3391 887 3415 ad
906 3399 969 3417 rem.

384 3416 408 3449 β)
427 3421 461 3443 sit
474 3419 599 3451 aliquis...
612 3428 730 3453 quorum.
742 3436 760 3441 ·-
773 3423 825 3448 sint
843 3426 924 3457 aliqui
936 3430 1021 3453 motus
1035 3430 1176 3455 secundum
1191 3434 1315 3457 naturam
1330 3439 1372 3457 eo·

331 3458 399 3491 νῖυζι.
418 3452 490 3493 Ergo
509 3461 616 3485 quorum
634 3455 662 3480 P.
674 3470 690 3474 -
709 3457 770 3482 Post
789 3458 850 3483 duas
869 3460 947 3486 lineas
966 3470 1012 3494 pro
1032 3463 1057 3488 in
1082 3465 1106 3487 V
1120 3465 1235 3498 Physic„
1255 3467 1280 3491 in
1301 3467 1372 3501 Pny—

331 3493 391 3511 ειειε
410 3486 444 3516 P,
464 3495 488 3511 tn
508 3488 677 3528 Rhysicorum
695 3492 840 3524 BCDFpEl.
854 3507 872 3515 -·
885 3495 964 3521 Paulo
990 3497 1053 3523 infra
1071 3507 1118 3532 pro
1136 3501 1173 3525 ad
1191 3501 1239 3526 hoc
1258 3502 1371 3528 medium

332 3521 402 3553 quod
419 3524 458 3546 est
476 3522 558 3552 hams,
578 3524 612 3548 ad
631 3525 741 3550 medium
761 3527 835 3552 huius
855 3529 883 3554 P.

354 3572 360 3578 .
384 3556 410 3589 γ)
429 3557 490 3588 quia
502 3557 580 3583 etiam
595 3559 651 3590 ipsa
664 3560 816 3593 singularia.
829 3576 846 3582 —-
860 3564 908 3588 Pro
921 3565 999 3591 etiam
1015 3574 1130 3600 corrupte
1144 3570 1169 3595 in
1185 3571 1259 3596 codd.
1274 3579 1326 3597 exc.
1336 3572 1372 3603 A;

1015 239 1086 275 DE
1116 235 1288 273 CAELO
1318 234 1387 270 ET
1416 229 1609 268 MUNDO
1639 229 1732 264 LIB.
1765 229 1778 263 I

1423 314 1510 336 erant.
1534 307 1654 334 Constat
1675 305 1761 333 etiam
1783 305 1950 333 inductione
1972 305 2042 333 illud
2062 305 2092 333 in
2114 306 2195 342 quod
2209 306 2300 334 tendit
2315 312 2412 334 motus
2427 315 2489 335 esse

1421 346 1528 383 aliquid
1550 344 1780 379 determinatum,
1796 345 1890 381 specie
1904 345 2039 373 differens
2053 346 2089 372 ab
2104 354 2139 373 eo
2155 354 2172 373 a
2186 354 2245 381 quo
2261 345 2360 382 incipit
2381 353 2488 375 motus.

1422 385 1619 414 contrariatur
1629 390 1725 412 autem
1737 393 1852 412 sursum
1867 385 2027 413 secundum
2039 384 2137 412 locum
2149 384 2175 412 ei
2190 385 2271 421 quod
2282 391 2325 413 est
2335 386 2487 414 deorsum:

1421 434 1489 461 ergo
1504 433 1618 452 sursum
1631 430 1660 450 et
1680 424 1818 452 deorsum
1833 430 1900 452 sunt
1913 424 2028 452 termini
2044 424 2219 452 naturalium
2233 431 2369 453 motuum
2383 434 2489 462 corpo-

1420 473 1484 492 rum
1499 462 1680 499 simplicium.
1693 478 1713 484 -
1727 472 1756 499 9.
1769 463 1896 492 Solvitur
1909 463 2034 492 obiectio
2049 473 2083 491 ex
2097 470 2181 491 motu
2195 463 2340 499 circulari3
2352 471 2380 492 et
2395 464 2488 493 mani-

1419 503 1537 531 festatur
1548 502 1700 538 quomodo
1712 502 1799 530 etiam
1810 502 1840 530 in
1854 503 1898 531 his
1917 512 1991 540 quae
2005 509 2160 531 moventur
2170 503 2353 539 circulariter,
2366 504 2488 533 mutatio

1420 549 1461 570 est
1482 542 1579 578 aliquo
1605 542 1696 569 modo
1717 541 1747 569 in
1769 542 1904 578 opposita
1925 549 1953 571 et
1974 542 2063 571 finita.
2085 559 2105 564 -
2130 552 2174 571 10.
2196 543 2340 571 Probatur
2360 544 2489 572 secundo

1419 581 1506 610 thesis
1522 581 1567 616 (cf.
1582 590 1612 608 n.
1627 582 1655 617 7)
1670 589 1722 617 per
1735 581 1859 618 signum.
1875 581 2015 610 Videmus
2034 582 2113 610 enim
2128 583 2209 619 quod
2221 589 2306 618 terra,
2322 591 2382 619 quo
2397 583 2489 620 magis

1419 620 1632 658 appropinquat
1646 621 1684 648 ad
1698 620 1836 657 medium,
1849 630 1884 650 eo
1895 622 2022 650 velocius
2036 622 2137 658 fertur;
2153 628 2181 650 et
2195 621 2295 650 similis
2310 628 2353 650 est
2367 621 2440 650 ratio
2452 623 2490 650 de

1419 660 1484 697 igne
1506 660 1603 696 quoad
1624 660 1722 688 locum
1737 669 1860 688 sursum.
1883 660 1914 689 Si
1927 670 1997 698 ergo
2011 661 2042 689 in
2060 661 2205 690 infinitum
2219 662 2341 690 ferretur
2353 668 2431 690 terra
2443 662 2490 690 vel

1419 700 1500 737 ignis,
1523 700 1553 727 in
1574 698 1719 727 infinitum
1741 706 1840 736 posset
1859 701 1996 729 velocitas
2015 701 2145 738 corporis
2166 701 2304 730 naturalis
2325 700 2439 738 augeri,
2461 707 2490 729 et

1420 745 1631 776 consequenter
1644 738 1705 766 eius
1719 738 1842 776 gravitas
1855 740 1900 768 vel
1913 740 2022 768 levitas.
2045 741 2204 769 Ostensum
2225 747 2268 769 est
2288 747 2386 769 autem
2408 741 2490 777 quod

1419 788 1480 807 non
1500 785 1595 815 potest
1620 787 1682 806 esse
1703 778 1825 815 gravitas
1846 779 1891 807 vel
1911 779 2011 808 levitas
2031 780 2152 809 infinita.
2175 782 2252 818 Ergo
2274 790 2369 818 neque
2391 786 2490 808 motus

1420 828 1576 855 corporum
1590 817 1766 846 naturalium
1781 824 1877 854 potest
1891 827 1953 847 esse
1967 819 1997 848 in
2011 819 2165 856 infinitum,
2181 821 2233 848 sed
2254 826 2298 848 est
2317 820 2348 848 in
2369 819 2490 857 aliquod

1419 857 1649 886 determinatum.
1666 874 1684 878 -
1699 866 1709 885 1
1720 867 1743 885 1.
1758 858 1958 886 Excluduntur
1971 859 2047 887 duae
2061 868 2173 895 causae,
2189 860 2226 888 ab
2238 859 2303 893 aliis
2317 859 2488 897 assignatae,

1419 897 1504 925 huius
1525 896 1688 932 accidentis,
1704 897 1785 933 quod
1805 903 1881 926 terra
1901 898 2028 927 velocius
2049 905 2183 927 movetur
2204 905 2315 936 quanto
2332 899 2424 937 magis
2439 899 2490 927 de-

1419 936 1576 971 scenderit;
1598 943 1626 964 et
1647 936 1830 965 concluditur
1849 946 1917 966 cum
1937 937 2092 966 Aristotele
2119 939 2202 976 quod
2222 939 2309 967 huius
2329 948 2417 968 eausa
2437 945 2488 974 est,

1420 977 1499 1013 quod
1514 982 1623 1013 quanto
1644 985 1751 1012 corpus
1765 986 1850 1013 grave
1870 977 1963 1014 magis
1984 977 2141 1014 descendit,
2155 984 2238 1007 tamo
2259 978 2352 1016 magis
2372 979 2489 1007 confor-

1418 1023 1495 1045 tatur
1515 1015 1637 1053 gravitas
1658 1015 1728 1051 eius,
1743 1022 1863 1053 propter
1882 1017 2130 1054 propinquitatem
2150 1018 2188 1046 ad
2207 1018 2360 1055 proprium
2381 1018 2488 1048 locum.

1419 1115 1475 1145 est
1491 1120 1569 1144 una
1597 1114 1742 1154 natura,
1765 1115 1821 1144 est
1837 1120 1938 1145 unus
1958 1116 2098 1146 motus.
2117 1109 2227 1147 Unus
2247 1116 2378 1147 autem
2405 1122 2490 1147 mo-

1417 1169 1477 1198 tus
1506 1160 1651 1207 dicitur,
1672 1160 1737 1209 qui
1766 1167 1822 1197 est
1849 1161 1898 1198 ad
1925 1173 2048 1198 unum
2076 1162 2297 1211 terminum,
2317 1170 2360 1200 ut
2385 1170 2490 1212 patet

1354 1227 1361 1235 ·
1417 1214 1456 1251 in
1474 1214 1509 1251 V
1527 1213 1675 1262 Physic.
1699 1214 1717 1234 ’¹‘
1746 1214 1915 1251 Necesse
1944 1222 2000 1252 est
2029 1227 2119 1263 ergo
2143 1215 2249 1264 quod
2268 1223 2396 1253 motus
2415 1215 2491 1256 sin-

1418 1267 1593 1315 gulorum
1630 1278 1728 1314 quae
1767 1274 1855 1304 sunt
1881 1266 1994 1304 unius
2022 1267 2183 1317 speciei,
2213 1267 2259 1305 sit
2292 1268 2343 1306 ad
2369 1280 2492 1306 unum

1419 1331 1580 1357 numero
1609 1319 1752 1356 locum:
1781 1319 1968 1368 videlicet,
1995 1320 2027 1357 si
2054 1320 2128 1358 sint
2159 1321 2311 1369 gravia,
2337 1321 2388 1358 ad
2415 1321 2492 1359 hoc

1418 1372 1586 1410 medium
1607 1372 1711 1421 quod
1742 1380 1798 1410 est
1823 1372 1936 1410 huius
1964 1373 2119 1421 mundi;
2149 1381 2186 1411 et
2213 1374 2244 1411 si
2273 1373 2346 1411 sint
2372 1374 2490 1423 levia,

1419 1426 1468 1463 ad
1495 1426 1571 1462 hoc
1599 1432 1813 1463 extremum
1850 1425 1963 1463 huius
1990 1427 2136 1465 mundi.
2170 1427 2220 1464 Et
2248 1426 2298 1464 ad
2330 1427 2407 1464 hoc
2433 1439 2491 1465 se-

1419 1479 1544 1529 quitur
1573 1491 1655 1515 esse
1682 1490 1804 1516 unum
1831 1480 2033 1518 mundum.

1475 1533 1509 1570 3.
1539 1531 1687 1569 Deinde
1717 1543 1807 1569 cum
1836 1531 1944 1570 dicit:
1972 1533 2018 1570 Si
2045 1538 2172 1570 autem
2200 1533 2253 1570 ad
2277 1533 2399 1582 specie
2427 1544 2490 1571 ea—

1418 1586 1502 1622 dem
1531 1593 1615 1632 etc.,
1641 1585 1804 1623 excludit
1827 1585 2023 1635 quandam
2051 1585 2326 1624 obviationem.
2355 1586 2492 1624 Posset

1420 1639 1521 1675 enim
1558 1637 1691 1687 aliquis
1720 1637 1847 1676 dicere
1883 1639 1990 1688 quod
2023 1639 2155 1677 omnia
2192 1651 2355 1688 corpora
2391 1651 2491 1688 quae

1419 1692 1561 1729 habent
1589 1691 1755 1728 eundem
1783 1699 1934 1729 motum
1962 1693 2187 1739 naturalem,
2207 1699 2414 1730 moventur
2441 1693 2491 1732 ad

1419 1746 1503 1782 loca
1523 1756 1622 1793 quae
1651 1752 1738 1782 sunt
1758 1744 1895 1782 eadem
1923 1745 2062 1796 specie,
2083 1745 2152 1783 sed
2170 1745 2279 1795 plura
2306 1757 2488 1785 numero:

1418 1798 1507 1847 quia
1535 1797 1650 1834 etiam
1683 1797 1766 1847 ipsa
1791 1797 2006 1848 singularia
2024 1803 2055 1846 ⁷,
2080 1797 2177 1836 idest
2203 1797 2373 1847 singulae
2403 1810 2491 1849 par-

1418 1859 1474 1888 tes
1491 1851 1607 1888 unius
1625 1850 1797 1900 corporis
1816 1851 2006 1899 naturalis,
2020 1859 2114 1901 puta
2131 1859 2255 1889 terrae
2272 1852 2337 1890 vel
2354 1863 2490 1901 aquae,

1419 1912 1506 1941 sunt
1524 1905 1634 1954 plura
1653 1916 1829 1952 numer0‚
1850 1904 1918 1943 sed
1937 1917 2016 1942 non
2035 1904 2217 1942 differunt
2234 1905 2372 1954 specie.
2397 1904 2491 1942 Non

1419 1958 1569 1995 videtur
1588 1965 1716 1995 autem
1734 1958 1844 2007 plura
1871 1958 2064 2007 requirere
2086 1957 2210 1995 unitas
2229 1965 2386 1996 naturae
2405 1969 2490 1996 mo-

1420 2010 1552 2048 bilium
1573 2023 1672 2060 quae
1691 2017 1778 2048 sunt
1795 2010 1909 2048 unius
1923 2010 2075 2061 speciei,
2091 2023 2208 2061 quam
2228 2010 2334 2061 quod
2354 2015 2490 2049 eorum

1422 2071 1549 2101 motus
1578 2063 1625 2101 sit
1650 2076 1750 2101 unus
1778 2064 1991 2102 secundum
2019 2064 2205 2114 speciem3
2233 2063 2282 2102 ad
2301 2062 2410 2114 quod
2434 2063 2492 2102 vi-

1423 2117 1532 2154 detur
1559 2117 1735 2155 sufficere
1763 2114 1776 2138 δ
1804 2117 1912 2166 quod
1938 2118 2024 2155 loca
2051 2117 2102 2155 ad
2129 2129 2229 2167 quae
2256 2117 2489 2167 terminatur,

1421 2170 1494 2208 sint
1514 2169 1649 2208 similia
1676 2170 1715 2208 in
1744 2170 1883 2220 specie.

1473 2235 1511 2271 4.
1547 2224 1624 2261 Sed
1651 2223 1733 2273 ipse
1761 2224 1811 2262 ad
1839 2224 1914 2261 hoc
1951 2222 2233 2261 excludendum
2261 2223 2351 2261 dicit
2385 2222 2492 2274 quod

1419 2277 1494 2314 tale
1523 2278 1543 2299 *²
1571 2276 1770 2326 accidens,
1809 2276 1949 2315 scilicet
1975 2276 2126 2314 moveri
2154 2276 2203 2315 ad
2237 2277 2374 2315 eadem
2406 2276 2493 2315 loca
2518 2290 2529 2300 ·

1420 2330 1634 2368 secundum
1663 2330 1854 2379 speciem,
1883 2342 1963 2368 non
1989 2329 2141 2368 videtur
2168 2329 2375 2367 convenire
2402 2329 2492 2368 huic

1419 2382 1606 2432 partium,
1635 2383 1724 2420 huic
1752 2390 1881 2420 autem
1919 2395 1998 2420 non
2027 2385 2091 2430 (ut
2119 2382 2283 2420 scilicet‘
2297 2383 2490 2432 quaedam

1419 2443 1546 2486 partes
1575 2436 1716 2473 similes
1745 2435 1872 2486 specie
1900 2443 2132 2474 moveantur
2159 2436 2209 2474 ad
2241 2435 2409 2474 eundem
2435 2436 2491 2474 lo-

1421 2501 1509 2527 cum
1538 2501 1714 2537 numero,
1741 2489 1933 2538 quaedam
1959 2501 2054 2526 vero
2087 2488 2137 2526 ad
2166 2489 2331 2527 eundern
2360 2489 2490 2527 locum

1420 2542 1634 2580 secundum
1672 2542 1883 2591 speciem);
1913 2542 1982 2579 sed
2010 2541 2179 2579 similiter
2207 2549 2358 2592 oportet
2385 2542 2492 2592 quod

1421 2595 1625 2633 conveniat
1662 2595 1842 2633 omnibus
1871 2592 1933 2642 ('ut
1950 2595 2090 2633 scilicet
2117 2595 2181 2633 vel
2201 2607 2338 2633 omnes
2364 2602 2492 2645 partes

1420 2649 1562 2686 similes
1595 2648 1720 2698 specie
1758 2656 1989 2686 moveantur
2025 2648 2075 2686 ad
2111 2660 2233 2686 unum
2270 2648 2400 2687 locum
2433 2661 2491 2687 se·

1421 2703 1591 2740 cundum
1624 2714 1851 2750 numerum,
1884 2702 1948 2739 vel
1985 2714 2120 2739 omnes
2157 2701 2378 2740 huiusmodi
2404 2714 2491 2752 par-

1419 2763 1475 2793 tes
1503 2763 1732 2793 moveantur
1760 2755 1809 2793 ad
1836 2767 1958 2792 unum
1986 2756 2116 2793 locum
2150 2754 2314 2793 similem
2341 2755 2491 2806 specie,

1421 2821 1582 2846 numero
1602 2815 1730 2846 tamen
1755 2808 1994 2846 differentem
2015 2808 2065 2856 '·');
2095 2807 2184 2858 quia
2203 2820 2340 2846 omnes
2360 2807 2490 2846 huius-

1422 2861 1528 2900 modi
1557 2861 1722 2900 similiter
1751 2875 1792 2900 se
1819 2862 1963 2900 habent
1990 2869 2176 2911 quantum
2205 2862 2255 2900 ad
2281 2861 2358 2901 hoc
2385 2861 2492 2912 quod

1422 2928 1500 2952 non
1529 2915 1708 2953 differunt
1731 2915 1857 2965 specie
1878 2915 1927 2952 ab
1955 2915 2134 2963 invicem,
2155 2914 2224 2952 sed
2243 2914 2491 2965 unumquod-

1422 2978 1497 3017 que
1527 2968 1652 3006 differt
1680 2969 1728 3006 ab
1757 2969 1876 3006 altero
1914 2968 2128 3006 secundum
2156 2980 2375 3006 numerum.
2404 2967 2492 3006 Hoc

1423 3030 1552 3059 autem
1580 3021 1668 3059 ideo
1697 3021 1800 3069 dicit,
1830 3021 1919 3071 quia
1946 3029 2072 3071 partes
2111 3021 2269 3059 alicuius
2297 3021 2489 3072 corporis,

1422 3082 1514 3124 puta
1540 3082 1683 3123 terrae,
1712 3087 1811 3124 quae
1841 3082 1927 3111 sunt
1955 3075 1994 3112 in
2021 3075 2096 3112 hoc
2128 3074 2294 3122 mundo,
2323 3073 2493 3113 similiter

1423 3140 1462 3164 se
1496 3128 1639 3164 habent
1677 3128 1726 3165 ad
1762 3127 1927 3165 invicem
1966 3135 2002 3165 et
2039 3140 2127 3165 cum
2164 3127 2334 3177 partibus
2371 3125 2492 3166 terrae

1425 3193 1522 3229 quae
1552 3180 1695 3218 suntin
1724 3180 1797 3218 alio
1826 3181 1984 3229 mundo,
2007 3193 2053 3218 ex
2072 3193 2150 3230 quo
2178 3189 2278 3219 terra
2296 3181 2358 3219 hic
2386 3188 2423 3218 et
2440 3180 2493 3218 ibi

1425 3329 1492 3353 istud
1507 3329 1533 3354 in
1548 3335 1698 3363 expungunt
1713 3330 1795 3356 Psl.-
1805 3330 1868 3355 Post
1881 3337 1960 3355 unam
1976 3330 2020 3355 lin.
2035 3337 2083 3364 pro
2096 3333 2160 3356 nunt
2167 3330 2258 3362 plura,
2272 3335 2332 3354 cum
2346 3329 2402 3355 sint
2409 3329 2493 3362 plura

1426 3364 1508 3393 codd..
1527 3365 1593 3390 bene
1612 3366 1633 3390 si
1651 3365 1700 3391 sed
1718 3373 1770 3390 non
1790 3365 1909 3398 intelligis
1929 3369 2016 3391 tamen
2038 3373 2100 3391 non.

1478 3398 1503 3431 δ)
1523 3400 1652 3432 sufficere.
1664 3415 1683 3421 -
1695 3401 1829 3434 sufficiens
1848 3401 1894 3431 sG,
1913 3408 1967 3426 om.
1981 3406 2030 3426 cet.
2039 3408 2094 3426 exc.
2107 3401 2140 3426 Α.
2153 3413 2171 3420 -
2185 3400 2235 3425 Pro
2254 3400 2424 3431 terminatur,
2438 3403 2492 3426 ter-

1426 3434 1563 3459 minantur
1582 3436 1616 3466 Ρ;
1636 3436 1667 3460 cf.
1687 3436 1731 3461 lin.
1745 3437 1862 3469 praeced.
1883 3439 1968 3462 motus
1986 3436 2023 3462 sit
2041 3443 2117 3461 unus.

1478 3469 1500 3501 ε)
1521 3473 1549 3494 ut
1567 3470 1673 3496 scilicet.
1686 3484 1704 3491 —
1716 3468 1815 3497 scilicet
1835 3472 1907 3504 quod
1925 3472 1954 3497 P.
1973 3471 2094 3497 Similiter
2108 3475 2168 3504 post
2180 3476 2232 3496 tres
2248 3470 2328 3496 linens
2341 3478 2389 3503 pro
2402 3473 2432 3496 ut
2442 3470 2493 3497 sci·

1426 3503 1492 3533 licet,
1512 3506 1583 3537 quod
1601 3506 1699 3531 scilicet
1718 3506 1746 3532 Ρ.

1479 3539 1504 3572 ζ)
1524 3541 1560 3564 ad
1579 3548 1659 3566 unum
1677 3542 1761 3567 Iocum
1776 3542 1887 3567 similem
1940 3541 2114 3576 differentem.
2127 3554 2146 3560 -
2159 3542 2197 3567 ad
2211 3542 2296 3567 Iocum
2310 3541 2422 3567 similem
2434 3547 2492 3574 spe-

1426 3574 1476 3604 cie,
1497 3582 1607 3601 numero
1626 3576 1791 3610 differentem
1812 3578 1887 3603 codd.

2774 487 2782 657 ,φήῃ-εει.-.-

2517 1222 2580 1303 ἐξ·

2682 1228 2730 1245 ε
