2690 4062
344 294 381 319 vl
846 283 917 320 DE
947 281 1334 320 GENERATIONE
1363 281 1434 317 ET
1464 280 1847 317 CORRUPTIONE
1876 281 1972 318 LIB.
2003 282 2017 317 1

370 361 466 393 oterit
493 361 700 394 transmutari
723 361 758 393 in
785 360 922 404 patiens,
947 368 979 392 et
1001 371 1019 392 e
1045 369 1215 391 converso.
1241 358 1294 391 Sic
1318 358 1406 390 enim
1461 369 1524 401 que
1541 365 1651 390 tamen
1666 368 1742 401 pars
1761 358 1868 401 tetigit
1886 367 2037 391 naturam
2053 359 2237 392 activorum
2253 369 2286 393 et
2301 362 2526 405 passivorum3

369 413 382 437 t
406 406 573 448 generatio
597 414 629 438 et
653 405 835 449 corruptio,
864 404 986 437 scilicet
1010 402 1049 436 de
1074 402 1236 435 contrario
1265 402 1298 434 in
1328 413 1406 434 con·
1459 401 1512 434 vel
1528 400 1711 434 secundum
1727 401 1824 434 aliam
1840 401 1997 435 litteram:
2016 402 2114 436 ambo
2131 404 2309 448 tetigerunt
2325 417 2450 440 verum.
2467 408 2526 441 Di-

344 449 488 482 trarium,
1459 446 1564 478 cimus
1588 446 1677 478 enim
1701 445 1877 490 aliquando
1901 447 1968 490 pati
1992 446 2189 489 subiectum,
2213 449 2298 482 sicut
2319 450 2455 494 quando
2475 451 2525 485 di-

411 503 441 535 7.
466 492 594 526 Deinde
611 504 687 526 cum
704 492 800 526 dicit:
831 493 871 525 Et
885 491 1045 525 secundum
1060 490 1206 524 rationem
1229 495 1328 522 autem
1343 500 1404 523 non
1459 489 1564 522 cimus
1587 489 1758 522 hominem
1789 491 1895 523 sanari
1925 490 1979 524 vel
2010 490 2149 525 calefieri
2183 493 2236 526 vel
2267 493 2448 538 infrigidari
2460 508 2470 536 ;
2493 505 2526 529 et

345 537 445 570 eadem
468 546 527 570 etc.
543 562 551 577 ‚
582 537 665 570 redit
692 536 731 570 ad
755 536 934 580 praedictas
968 535 1178 578 antiquorum
1207 534 1403 577 opiniones,
1457 532 1532 566 ideo
1555 533 1768 566 Democritus
1803 534 1914 567 solum
1937 536 2115 579 respiciens
2138 536 2180 570 ad
2202 537 2387 572 subiectum
2401 564 2410 579 ,
2445 539 2526 574 dixit

345 580 548 615 ostendendo
568 592 699 614 causam
719 580 950 613 contrarietatis
974 580 1122 622 ipsorum
1146 576 1252 621 (quod
1269 577 1403 621 quidem
1457 578 1560 610 activa
1583 586 1616 610 et
1638 578 1768 621 passiva
1791 590 1863 611 esse
1887 579 2028 612 similia:
2053 588 2085 613 et
2108 581 2142 613 in
2166 581 2230 614 hoc
2245 581 2328 616 bene
2347 582 2437 617 dixit.
2466 585 2525 618 Di-

344 637 443 669 supra
466 625 541 658 licet
563 625 650 658 idem
673 624 805 664 fecerit,
835 634 902 656 non
926 623 972 655 sic
996 631 1104 655 tamen
1135 630 1244 665 aperte
1267 621 1402 654 manife-
1457 622 1561 654 cimus
1579 623 1677 655 etiam
1701 621 1877 666 aliquando
1902 632 1935 656 et
1958 625 2159 658 contrarium
2182 626 2261 670 pati,
2278 627 2363 660 sicut
2381 627 2526 662 calidum

344 669 466 714 stavit).
490 670 580 703 Dicit
602 680 679 712 ergo
704 668 794 712 quod
822 668 945 711 antiqui
969 665 1159 710 philosophi
1183 665 1243 698 sibi
1260 666 1401 699 invicem
1454 665 1618 709 frigefieri,
1642 675 1675 699 et
1698 665 1856 710 frigidum
1880 667 2038 709 calefieri;
2061 677 2094 702 et
2117 669 2193 703 ideo
2217 671 2317 705 etiam
2340 670 2394 705 alii
2413 672 2526 706 solum

345 713 564 746 contradicere
587 713 759 752 videntur,
795 723 862 745 non
893 710 1007 744 eadem
1031 710 1175 744 dicentes
1189 735 1197 750 ,
1234 711 1310 754 quia
1332 721 1401 743 non
1455 710 1612 743 terminos
1636 711 1820 752 intuentes,
1849 711 2001 746 dixerunt
2022 714 2094 758 ipsa
2117 715 2222 748 activa
2245 723 2278 749 et
2300 716 2430 760 passiva
2452 729 2526 751 esse

343 757 527 791 habuerunt
548 757 684 795 eandem
701 757 856 796 rationem,
874 755 958 789 idest
981 754 1291 795 considerationem3
1316 763 1400 787 utra-
1455 755 1593 788 omnino
1617 754 1798 788 dissimilia.
