2690 4062
1049 266 1162 303 CAP.
1190 266 1296 313 VIII,
1328 265 1480 302 LECT.
1510 265 1599 302 XXI
2393 279 2429 303 1x

834 541 1138 598 LECTIO
1174 543 1836 600 VIGESIMAPRIMA

410 692 625 725 DlVERSAE
649 692 880 724 OPINIONES
903 693 960 723 DE
984 693 1113 724 MODO
1138 693 1231 730 QUO
1253 693 1514 725 PERFICITUR
1536 694 1682 725 AGERE
1706 695 1764 726 ET
1787 695 1887 726 PATI
1912 695 1955 726 IN
1979 695 2268 735 CORPORIBUS;

1035 749 1367 781 COMPARANTUR
1396 750 1638 782 ADINVICEM

234 883 306 921 Πῶς
328 876 367 914 δὲ
399 874 581 926 ἐνδέχεται
613 879 720 912 τοῦτο
752 880 969 924 συμβαίνειν,
1003 879 1106 912 πάλιν
1135 879 1302 926 λέγωμεν.
1361 882 1379 902 *
1401 883 1579 920 Quomodo
1603 891 1709 915 autem
1726 886 1887 927 contingat
1909 888 1971 919 hoc
1995 889 2134 920 accidere
2153 900 2261 928 rursus
2278 891 2431 924 dicamus.
2458 899 2535 927 ἀρ.
2545 905 2594 921 vm.
2603 899 2672 922 Text.

1283 924 1290 934 '
1429 927 1489 958 His
1504 928 1636 970 quidem
1654 929 1750 970 igitur
1764 930 1888 962 videtur
1910 932 1975 973 pati
1991 934 2248 976 unumquodque
2261 946 2319 977 per
2333 947 2432 978 quos·
2460 927 2495 953 ⁵⁶·

303 927 380 964 Τοῖς
404 926 464 969 μὲν
492 921 669 956 οὖν’δοκεῖ
693 923 838 969 πάσχειν
864 923 1011 957 ἕκαστον
1034 920 1094 957 διά
1118 935 1217 956 τινων
1244 936 1306 957 πο-

303 982 367 1014 ρων
393 967 559 1005 εἰσιόντος
585 968 648 1000 τοῦ
675 971 857 1007 ποιοῦντος
882 968 1033 1014 ἐσχάτου
1057 971 1116 1000 καὶ
1141 968 1306 1012 κυριωτά-

303 1025 386 1055 του,
411 1014 470 1046 καὶ
495 1012 622 1045 τοῦτον
649 1013 710 1043 τόν
735 1012 862 1057 τρόπον
891 1016 950 1046 καὶ
976 1014 1055 1058 ὁρᾶν
1085 1015 1144 1045 καὶ
1171 1013 1305 1046 ἀκούειν

258 1074 260 1076 ·
303 1059 396 1104 ἡμᾶς
439 1059 496 1090 acl
519 1058 579 1089 καὶ
603 1056 668 1094 τάς
689 1056 795 1095 ἄλλας
813 1056 984 1096 αἰσθήσεις
1003 1056 1223 1090 αἰσθάνεσθαι
1241 1057 1307 1089 πά-

266 1125 270 1131 .
304 1114 383 1144 σας,
411 1112 464 1134 ετι
487 1096 527 1134 δὲ
552 1099 694 1145 ὁρᾶσθαι
726 1097 786 1134 διά
810 1113 848 1134 τε
875 1099 969 1146 ἀέρος
1001 1104 1059 1134 καὶ
1085 1097 1214 1139 ὕδατος
1245 1104 1306 1134 καὶ

305 1148 372 1180 τῶν
401 1142 598 1189 διαφανῶν,
625 1140 685 1178 διά
709 1148 751 1178 τό
776 1143 898 1190 πόρους
931 1146 1019 1191 ἔχειν
1047 1144 1214 1190 ἀοράτους
1246 1147 1306 1190 μὲν

296 1191 365 1224 ’διά
387 1189 604 1236 μικρότητι,
629 1191 773 1228 πυκνούς
797 1186 836 1222 δὲ
859 1193 918 1223 καὶ
941 1191 1039 1223 κατα
1062 1194 1221 1235 στοῖχον,
1246 1192 1307 1222 καὶ

248 1235 552 1281 ’Ἀιμᾶὶλσιΐέχειν
576 1235 625 1266 τά
648 1231 798 1278 διαφανῆ
824 1235 970 1279 μᾶλλον.

235 1281 274 1314 01
297 1280 358 1326 μὲν
385 1277 442 1312 οὖν
466 1280 523 1312 ἐπί
547 1289 648 1310 τινων
667 1277 758 1311 οὕτω
778 1274 951 1322 διώρισαν,
969 1277 1081 1321 ὥσπερ
1105 1280 1164 1310 καὶ
1181 1279 1308 1322 Ἐμπε-

247 1329 261 1349 ’ῑ
304 1319 450 1366 δοκλῆς,
477 1323 516 1356 οὗ
541 1321 643 1367 μόνον
673 1323 730 1355 ἐπὶ
755 1324 823 1355 τῶν
849 1322 1038 1356 ποιούντων
1069 1325 1127 1355 καὶ
1158 1321 1310 1367 πασχόν-

306 1381 388 1411 των,
409 1368 500 1402 ἀλλά
522 1369 581 1399 καὶ
606 1365 787 1413 μίγνυσθαί
812 1378 911 1412 φασιν
938 1366 1022 1399 ὅσων
1049 1370 1078 1399 οἱ
1105 1365 1203 1411 πόροι
1227 1366 1308 1411 σύμ-

121 1411 131 1427 ²'
157 1421 189 1458 fr
207 1406 218 1430 .'
302 1425 422 1460 μετροι
447 1412 528 1458 πρός
555 1409 724 1449 ἀλλήλους
749 1413 851 1444 εἰσίν·

104 1459 162 1480 '³³
200 1462 203 1466 ⁴
238 1453 305 1501 6δῷ
329 1453 368 1491 δὲ
392 1457 549 1503 μάλιστα
581 1457 642 1488 καὶ
673 1458 748 1498 περὶ
774 1455 914 1488 πάντων
939 1457 987 1487 ἑνὶ
1010 1454 1101 1507 λόγφ
1133 1450 1308 1498 διωρίκασι

259 1514 270 1523 ”
303 1502 501 1540 Λεύκιππος
520 1502 578 1533 καὶ
597 1499 819 1545 Δημόκριτος,
839 1499 947 1545 ἀρχήν
965 1510 1190 1544 ποιησαμενοι
1213 1499 1310 1532 κατοὶ

303 1546 400 1592 φύσιν
425 1545 512 1591 ἥπερ
537 1542 645 1577 ἐστίν.

231 1590 355 1630 'avim
378 1591 444 1639 γάρ
469 1591 538 1623 τῶν
564 1588 714 1633 ἀρχαίων
739 1583 835 1629 ἔδοξε
860 1587 902 1621 τὸ
929 1586 963 1620 δν
990 1587 1025 1629 ἐξ
1045 1586 1195 1634 ἀνάγκης
1215 1587 1248 1619 ἓν
1266 1583 1309 1618 εἶ-

248 1646 251 1652 ·
305 1647 363 1669 ναι
385 1637 444 1668 καὶ
470 1635 651 1671 ἀκίνητον·
678 1632 720 1664 τό
737 1633 797 1677 μὲν
819 1632 884 1710 vdeo
903 1632 1000 1664 κενόν
1019 1632 1079 1664 οὑκ
1097 1631 1146 1674 ὄν,
1171 1629 1309 1669 κινηθῆ-

305 1691 363 1713 ναι
385 1674 415 1712 δ’
437 1679 497 1711 οὐκ
523 1676 563 1712 ἀν
587 1673 756 1717 δύνασθαι
781 1678 828 1722 μή
874 1688 951 1715 ντος
976 1677 1075 1709 κενοῦ
1105 1675 1310 1722 κεχωρισμέ-

258 1738 261 1745 ¹
280 1727 283 1730 ’
303 1734 375 1758 νου.
399 1717 479 1756 Οὐδ’
501 1721 546 1755 αὖ
572 1720 687 1754 πολλοὶ
709 1718 797 1754 εἶναι
814 1722 861 1767 μή
883 1721 980 1759 ὄντος
999 1722 1062 1753 τοῦ
1087 1716 1306 1767 διείργοντος.

246 1779 273 1795 ’¹⁷
302 1769 417 1802 Τοῦτο
441 1764 469 1800 δ’
498 1762 596 1800 οὐδέν
621 1761 810 1810 διαφέρειν,
836 1768 866 1799 εἴ
889 1777 940 1804 τις
967 1767 1078 1798 οἴεται
1102 1764 1150 1811 μή
1173 1765 1309 1811 συνεχὲς

303 1809 394 1847 εἶναι
418 1811 460 1845 τό
485 1813 554 1845 πᾶν
581 1811 655 1844 ἀλλ’
679 1810 853 1845 ἅπτεσθαι
877 1806 1091 1855 διῃρημένον,
1116 1810 1179 1842 τοῦ
1204 1809 1309 1854 φάναι

304 1857 422 1891 πολλοὶ
442 1855 566 1901 καὶμὴ
585 1856 618 1887 ἓν
643 1852 730 1888 εἶναι
753 1854 811 1888 καὶ
835 1855 945 1887 κενόν.
972 1855 1010 1886 Εἰ
1027 1855 1087 1900 μὲν
1129 1854 1169 1899 ἀρ
1191 1853 1308 1897 πάντῃ

245 1900 251 1929 ἶ
304 1897 495 1946 διαιρετόν,
522 1899 618 1934 οόθέν
643 1897 732 1932 εἶναι
755 1898 810 1941 ἓν,
837 1897 927 1932 ὥστε
952 1894 1032 1931 οὐδὲ
1057 1867 1191 1940 πολλοὶ,
1219 1896 1310 1931 ἀλλά

304 1947 400 1979 κενόν
426 1945 468 1978 τό
494 1943 588 1977 ὅλον·
615 1943 644 1976 εἱ
668 1939 706 1977 δὲ
731 1944 776 1987 τῇ
794 1946 854 1989 μὲν
876 1944 921 1986 τῇ
941 1938 980 1976 δὲ
997 1942 1058 1988 μή,
1078 1942 1308 1987 πεπλασμένῳ

306 1993 372 2024 τινὶ
397 1990 495 2023 τοῦτ’
517 1988 685 2022 ἑοικέναι·
711 1987 809 2035 μέχρι
834 1987 941 2022 πόσου
966 1987 1031 2034 γάρ
1055 1990 1114 2020 καὶ
1139 1983 1199 2020 διά
1216 1990 1249 2020 τί
1268 1987 1309 2020 τὸ

305 2034 365 2080 μὲν
391 2033 501 2071 οὕτως
526 2033 599 2079 ἔχει
622 2034 686 2066 τοῦ
713 2032 791 2066 ὅλου
815 2035 873 2065 καὶ
891 2031 1016 2077 πλῆρές
1034 2030 1107 2065 ἐστι
1125 2034 1167 2066 τό
1183 2027 1222 2064 δὲ
1238 2028 1310 2074 διῃ-

253 2090 258 2094 ·
305 2077 468 2124 puy-&023
495 2077 550 2110 ἔτι
574 2078 696 2122 ὅμοίως
720 2076 825 2123 φάναι
860 2077 1049 2124 ἀναγκαῖον
1074 2076 1121 2121 μή
1147 2073 1235 2109 εἶναι
1258 2078 1309 2108 κί-

246 2142 250 2144 ε
305 2134 412 2162 νησιν.
443 2123 505 2154 Ἐκ
529 2123 590 2167 μὲν
616 2119 673 2154 οὖν
698 2121 834 2155 τούτων
859 2123 926 2154 τῶν
949 2121 990 2154 λό
1015 2133 1074 2163 ων,
1098 2120 1309 2165 ὑπερβάντες

270 2177 278 2195 2
305 2167 371 2205 τήν
401 2165 554 2205 αἴσθησιν
585 2169 644 2198 καὶ
678 2161 881 2210 παριδόντες
914 2166 1027 2204 αὐτην
1061 2167 1103 2204 ὡς
1137 2166 1187 2206 τῷ·
1217 2164 1308 2212 λόγῳ

304 2209 383 2245 δίον
409 2209 673 2252 ἀκολουθεῖνγὶν
697 2213 756 2243 καὶ
783 2211 943 2248 ἀκίνητον
968 2213 1012 2244 τό
1037 2211 1106 2242 πᾶν
1124 2206 1210 2242 εἶναί
1227 2221 1309 2254 φασι

305 2255 364 2289 καὶ
390 2255 529 2300 ἄπειρον
555 2255 654 2287 ἔνιοι·
680 2256 723 2287 τὰ
746 2257 795 2301 γὀἰ
839 2254 943 2300 πέρας
970 2257 1137 2299 περαίνειν
1162 2252 1203 2286 ἄν
1227 2255 1309 2299 πρός

306 2302 351 2333 τό
372 2300 484 2332 κενόν.
516 2300 555 2330 Οί
587 2300 647 2343 μὲν
681 2297 738 2331 οὖν
765 2310 873 2338 ουτως
902 2301 960 2331 καὶ
990 2293 1050 2331 διαὶ
1082 2297 1217 2336 ταότας
1243 2299 1308 2336 τοὶς

308 2344 424 2382 αἰτίας
451 2342 674 2388 ἀπεφήναντο
700 2346 774 2387 περὶΙ
799 2344 863 2382 τῆς
882 2341 1066 2381 ἀληθείας·
1093 2343 1167 2376 ἐπεὶ
1192 2337 1230 2375 δὲ
1245 2343 1308 2388 ,ἐπὶ

306 2390 368 2434 μὲν
393 2389 460 2420 τῶν
483 2387 595 2434 λόγων
620 2382 716 2419 δοκεῖ
739 2389 858 2420 ταῦτα
874 2387 1084 2432 συμβαίνειν,
1111 2387 1166 2419 ἐπὶ
1183 2381 1222 2418 δὲ
1240 2387 1308 2419 τῶν

307 2444 333 2466 π
354 2432 522 2480 ἀγμάτων
554 2434 661 2476 μανίᾳ
694 2431 936 2476 παραπλήσιον
968 2428 1054 2464 εἶναι
1087 2431 1129 2464 τό
1152 2426 1308 2474 δοξάζειν

268 2487 271 2490 ⁴
307 2488 434 2515 ουτως·
462 2471 587 2510 οὐδένα
609 2478 675 2522 γαρ
708 2477 775 2508 τῶν
801 2475 1010 2522 μαινομένων
1043 2475 1228 2518 ἐξεστάναι
1251 2487 1309 2508 το-

307 2522 452 2555 σοῦντον
477 2520 567 2553 ὥστε
598 2520 640 2552 τὸ
665 2521 730 2565 πῦρ
756 2520 790 2552 ἓν
814 2518 901 2554 εἶναι
925 2516 1036 2553 δοκεῖν
1059 2523 1118 2553 καὶ
1153 2521 1212 2552 τόν
1236 2518 1312 2562 κ’ρό-

307 2567 482 2607 σταλλον,
510 2565 602 2598 ἀλλά
632 2564 734 2608 μόνον
767 2567 815 2598 τά
845 2565 939 2598 καλοὶ
965 2567 1024 2597 καὶ
1051 2567 1099 2598 τά
1122 2564 1310 2609 φαινόμενα

263 2610 274 2624 ”
307 2604 368 2643 διά
394 2609 595 2651 συνήθειαν,
623 2610 726 2642 ταῦτ’
754 2606 851 2647 ἐνίοις
881 2605 942 2643 δια
967 2611 1030 2647 τήν
1063 2612 1187 2652 μανίαν
1213 2608 1310 2641 οὐθέν

307 2648 404 2687 δοκεῖ
426 2650 608 2699 διαφέρειν.

195 2715 199 2722 ·
241 2697 439 2737 Λεύκιππος
455 2694 485 2730 δ’
506 2698 594 2744 ἔχειν
615 2698 708 2741 ᾠήθη
728 2697 850 2744 λόγους
868 2697 991 2736 οἵτινες
1016 2700 1096 2743 πρὸς
1115 2699 1180 2735 τήν
1198 2696 1314 2736 αἴσθη-

309 2754 360 2775 σιν
393 2743 652 2789 ὁμολογούμενα
682 2743 843 2799 λέγοντες
873 2741 933 2776 οὐκ
966 2742 1204 2787 ἀναιρήσουσιν
1230 2742 1312 2776 οὔτε

335 2786 440 2820 ένεσιν
466 2788 548 2820 οὕτε
566 2786 689 2842 φθοράν
707 2798 788 2820 ουτε
814 2789 941 2824 κίνησιν
963 2789 1020 2818 καὶ
1040 2789 1081 2819 τό
1099 2786 1226 2824 πλῆθος
1246 2787 1312 2818 τῶν

350 2843 431 2864 των.
462 2833 699 2878 Ὁμολογησας
723 2827 761 2864 δέ
784 2831 903 2863 ταῦτα
920 2832 978 2876 μὲν
998 2834 1069 2870 τοῖς
1087 2830 1312 2875 φαινομένοις,

311 2879 385 2914 τοῖς
408 2871 447 2908 δὲ
472 2878 516 2908 το“
541 2877 575 2908 ἓν
598 2875 915 2918 κατασκευάζουσιν
941 2877 983 2913 ὥς
1008 2875 1088 2907 οὔτε
1116 2875 1155 2908 ἄν
1185 2877 1313 2912 κίνησιν

313 2919 419 2955 οὖσαν
447 2919 525 2953 ἄνευ
549 2921 648 2953 κενοῦ
674 2920 717 2953 τό
741 2932 780 2952 τε
804 2921 900 2952 κενόν
921 2921 968 2965 μή
987 2919 1036 2959 ὅν,
1054 2921 1111 2951 καὶ
1134 2920 1197 2952 τοῦ
1215 2918 1313 2957 ὄντος

263 2960 266 2963 ⁴
313 2964 408 2998 οὐθὲν
440 2966 488 3010 μή
519 2965 553 2998 ὅν
579 2975 676 3008 φησιν
706 2962 805 2997 εἶναι.
843 2965 889 2997 Τό
918 2966 983 3010 γάρ
1013 2966 1131 3008 κυρίως
1162 2963 1197 2996 ὂν
1223 2975 1314 3007 παμ-

313 3007 439 3047 πληθὲς
462 3010 519 3043 ὄν·

247 3053 320 3088 ἀλλ’
343 3051 430 3087 εἶναι
454 3055 497 3086 τό
522 3054 681 3086 τοιοῦτον
707 3054 771 3099 οὐχ
794 3052 843 3094 ἔν’,
871 3052 945 3085 ἀλλ’
968 3051 1092 3097 ἄπειρα
1118 3054 1159 3084 vd
1184 3050 1313 3090 πλῆθος

311 3101 370 3131 καὶ
397 3097 534 3143 ἀόρατα
557 3093 618 3130 διαὶ
644 3098 862 3142 σμικρότητα
885 3097 953 3130 τῶν
979 3096 1099 3143 ὄγκων.
1133 3097 1256 3129 Ταῦτα
1280 3091 1310 3128 δ’

312 3143 347 3175 ὃν
373 3143 420 3184 τῷ
445 3143 530 3184 κενῷ
554 3141 712 3187 φέρεσθαι
729 3142 845 3186 (κενὸν
862 3143 927 3188 γάρ
945 3138 1066 3185 εἶναι),
1084 3143 1141 3173 καὶ
1163 3140 1314 3173 σινιστά-

312 3198 399 3231 μενα
424 3186 484 3230 μέν
501 3186 631 3233 γένεσιν
657 3191 777 3228 ποιεῖν,
796 3185 1005 3229 διαλυόμενα
1022 3181 1059 3217 δέ
1077 3184 1213 3229 φθοράν.
1239 3186 1314 3217 Ποι-

313 3235 360 3263 εἴν
377 3226 415 3262 δέ
439 3233 498 3262 καὶ
516 3230 662 3276 πάσχειν
682 3230 703 3273 ᾗ
720 3229 947 3277 τυγχάνουσιν
967 3229 1169 3273 ἁπτόμενα·
1197 3228 1312 3272 ταύτῃ

310 3275 376 3322 γάρ
402 3274 468 3320 οὐχ
490 3275 524 3307 ἓν
549 3272 650 3308 εἶναι.
674 3276 741 3306 Καὶ
765 3273 988 3317 συντιθέμενα
1011 3268 1049 3306 δὲ
1073 3275 1131 3305 καὶ
1157 3285 1199 3305 πε
1221 3274 1315 3306 ιπλε-

311 3318 442 3363 κόμενα
465 3319 604 3365 γεννᾶν·
630 3319 668 3350 ἐκ
692 3313 730 3350 δέ
755 3319 818 3351 τοῦ
849 3316 928 3351 κατ’
959 3317 1123 3353 ἀλήθειαν
1156 3317 1313 3354 ένοςούκ

315 3362 355 3395 ἂν
379 3360 538 3407 γενέσθαι
563 3361 705 3403 πλῆθος,
732 3358 802 3394 οὐδ’
823 3362 860 3395 έκ
877 3363 944 3394 τῶν
964 3361 1093 3399 ἀληθῶς
1112 3362 1245 3393 πολλῶν
1263 3360 1311 3401 ἕν,

315 3407 390 3439 ἀλλ’
419 3403 506 3439 εἶναι
530 3405 625 3439 τοῦτ’
656 3403 852 3447 ἀδύνατον,

249 3451 322 3484 ἀλλ’
343 3449 435 3483 ὥσπε
473 3445 710 3494 Ἐμπεδοκλῆς
733 3452 791 3482 καὶ
817 3451 883 3482 τῶν
910 3449 1019 3482 ἄλλων
1045 3448 1133 3485 τινές
1150 3459 1231 3491 φασι
1249 3447 1316 3480 πά-

315 3506 408 3539 σχειν
434 3461 494 3527 διοὲ
511 3493 634 3538 πόρων,
654 3492 745 3526 οὕτω
770 3495 886 3526 πᾶσαν
906 3491 1082 3526 ἀλλοίωσιν
1106 3494 1165 3524 καὶ
1184 3493 1252 3524 πᾶν
1271 3492 1313 3524 τό

316 3538 461 3583 πάσχειν
487 3539 613 3570 τοῦτον
638 3537 789 3584 γίνεσθαι
814 3540 873 3570 τόν
900 3537 1039 3580 τρόπον,
1058 3531 1118 3568 διά
1135 3537 1198 3569 τοῦ
1215 3536 1314 3568 κενοῦ

314 3582 489 3629 γινομένης
516 3582 579 3620 τῆς
604 3581 789 3619 διαλύσεως
813 3584 872 3614 καὶ
896 3582 960 3619 τῆς
982 3580 1117 3624 φθορᾶς,
1138 3581 1257 3624 ὁμοίως
1276 3575 1313 3611 δέ

313 3630 372 3659 καὶ
398 3627 459 3664 τῆς
487 3625 679 3667 αὐξήσεως,
707 3621 976 3670 ύπεισδυομένων
1002 3625 1158 3668 στερεῶν.
1186 3622 1313 3668 Σχεδόν

391 3688 461 3721 Opp.
482 3689 512 3713 D.
531 3688 646 3713 Tuoms
664 3688 696 3713 T.
711 3688 750 3712 111.
770 3689 914 3713 Appssmx.

1535 983 1652 1014 poros,
1675 973 1868 1014 ingrediente
1892 976 2025 1008 faciente
2048 978 2163 1009 ultimo
2195 986 2226 1011 et
2247 980 2431 1022 principali:

1429 1022 1460 1047 et
1474 1017 1537 1048 hoc
1556 1017 1657 1048 modo
1682 1024 1712 1049 et
1726 1018 1831 1049 videre
1847 1026 1877 1050 et
1897 1021 2005 1052 audire
2023 1031 2083 1053 nos
2105 1022 2257 1064 inquiunt
2275 1031 2307 1056 et
2321 1035 2432 1056 secun-

1429 1061 1509 1092 dum
1536 1061 1615 1092 alios
1639 1071 1750 1093 sensus
1778 1063 1892 1094 sentire
1925 1075 2054 1104 omnes,
2083 1067 2221 1108 amplius
2250 1068 2348 1100 videri
2375 1080 2433 1110 per

1428 1114 1534 1136 aerem
1549 1111 1580 1136 et
1597 1115 1716 1146 aquam
1734 1113 1765 1137 et
1779 1117 1835 1146 per
1853 1110 2092 1149 transparentia:
2112 1111 2187 1152 quia
2202 1121 2300 1152 poros
2316 1113 2432 1145 habent

1427 1149 1600 1180 invisibiles
1623 1149 1756 1191 quidem
1773 1159 1902 1192 propter
1924 1153 2122 1194 parvitatem,
2137 1155 2256 1196 spissos
2279 1164 2387 1188 autem
2402 1165 2432 1189 et

1430 1194 1609 1224 secundum
1623 1194 1780 1234 ordinem,
1795 1202 1826 1226 et
1837 1196 1938 1237 magis
1950 1196 2066 1229 habent
2082 1201 2308 1240 transparentia
2319 1202 2431 1242 magis.

1363 1279 1406 1309 Hi
1429 1279 1525 1320 igitur
1547 1280 1580 1311 in
1603 1281 1796 1322 quibusdam
1818 1283 1861 1314 ita
1888 1284 2195 1326 determinaverunt,
2220 1288 2431 1328 quemadmo-

1430 1324 1509 1354 dum
1533 1331 1564 1356 et
1585 1324 1808 1366 Empedocles,
1838 1337 1903 1358 non
1928 1329 2035 1360 solum
2058 1330 2091 1361 in
2115 1330 2300 1362 facientibus
2324 1338 2355 1363 et
2376 1342 2430 1372 pa-

1429 1367 1595 1407 tientibus,
1624 1369 1678 1400 sed
1711 1377 1742 1401 et
1771 1371 1894 1402 misceri
1922 1372 2072 1415 inquiunt
2103 1385 2157 1414 ea,
2189 1385 2330 1417 quorum
2360 1377 2431 1417 pori

1431 1412 1607 1444 adinvicem
1630 1420 1705 1445 sunt
1727 1417 2039 1448 commensurabiles.

1362 1455 1380 1476 ²⁸
1395 1454 1636 1497 Compendiose
1651 1464 1759 1489 autem
1775 1459 1912 1491 maxime
1929 1468 1959 1492 et
1983 1462 2021 1492 de
2037 1462 2187 1494 omnibus
2203 1473 2270 1494 uno
2284 1474 2432 1495 sermone
2458 1472 2468 1482 ⁸

1431 1501 1719 1533 determinaverunt
1742 1503 1924 1544 Leucippus
1949 1512 1979 1536 et
2002 1506 2219 1546 Democritus,
2238 1508 2431 1549 principium

1431 1544 1580 1576 facientes
1603 1547 1781 1578 secundum
1804 1554 1950 1581 naturam
1972 1551 2061 1590 quod
2085 1557 2142 1582 est.

1365 1588 1506 1626 Quidam
1529 1589 1616 1620 enim
1636 1590 1843 1632 antiquorum
1867 1593 1988 1632 opinati
2017 1601 2092 1625 sunt
2115 1605 2170 1626 ens
2193 1605 2230 1626 ex
2251 1596 2433 1627 necessitate

1430 1642 1498 1664 esse
1514 1643 1618 1664 unum
1633 1641 1664 1666 et
1679 1634 1862 1666 immobile:
1882 1647 2021 1668 vacuum
2037 1638 2167 1679 quidem
2183 1640 2268 1671 enim
2284 1650 2350 1671 non
2365 1650 2432 1679 enS,

1431 1677 1554 1708 moveri
1570 1684 1678 1709 autem
1696 1689 1763 1710 non
1786 1690 1880 1720 posse
1904 1691 1970 1712 non
1986 1689 2057 1714 ente
2080 1693 2181 1714 vacuo
2196 1691 2350 1724 separato.
2369 1685 2433 1715 Ne-

1431 1731 1494 1762 que
1517 1731 1626 1753 rursus
1642 1723 1743 1755 multa
1759 1733 1826 1755 esse
1842 1734 1909 1755 non
1930 1733 2001 1757 ente
2023 1734 2213 1768 segregante.
2229 1725 2245 1743 ¹¹¹
2259 1729 2331 1760 Hoc
2348 1728 2434 1759 enim

1430 1765 1509 1796 nihil
1525 1765 1658 1806 differre,
1670 1767 1696 1798 si
1712 1768 1784 1808 quis
1799 1768 1954 1801 existimet
1969 1767 2035 1801 non
2048 1771 2239 1803 continuum
2255 1782 2322 1803 esse
2337 1782 2434 1803 omne

1431 1810 1486 1841 sed
1509 1816 1635 1851 tangere
1658 1811 1807 1851 divisum,
1835 1819 1866 1844 et
1888 1813 1956 1845 fore
1979 1815 2080 1846 multa
2103 1822 2139 1857 et*
2155 1826 2222 1846 non
2241 1826 2343 1847 unum
2367 1826 2434 1847 esse

1431 1860 1463 1885 et
1484 1858 1633 1886 vacuum.
1654 1855 1686 1887 Si
1710 1856 1797 1888 enim
1819 1857 1939 1898 ubique
1959 1858 2122 1899 divisibile,
2139 1859 2218 1890 nihil
2237 1869 2303 1892 esse
2319 1870 2434 1899 unum,

1432 1906 1626 1940 quapropter
1643 1909 1747 1942 neque
1770 1901 1882 1941 multa,
1898 1902 1953 1932 sed
1975 1913 2115 1934 vacuum
2138 1914 2244 1936 omne.
2269 1905 2301 1936 Si
2325 1911 2433 1936 autem

1431 1949 1502 1974 tum
1526 1943 1679 1975 divisibile
1707 1944 1856 1985 quidem,
1880 1952 1951 1977 tum
1974 1954 2081 1978 autem
2104 1958 2189 1988 non,
2211 1948 2358 1979 fictitium
2381 1948 2435 1979 ali-

1432 1987 1509 2028 quid
1526 1988 1588 2018 hoc
1605 1988 1716 2029 utique
1734 1989 1842 2021 videri.
1860 1990 1969 2032 Usque
1986 1998 2143 2033 quantum
2159 1992 2244 2023 enim
2261 1999 2291 2023 et
2306 1999 2435 2034 propter

1432 2031 1510 2073 quid
1533 2031 1595 2063 hoc
1619 2032 1750 2073 quidem
1772 2033 1816 2064 ita
1838 2034 1933 2066 habet
1955 2045 2022 2066 esse
2045 2036 2155 2075 totius,
2176 2044 2207 2068 et
2221 2037 2362 2079 plenum,
2377 2043 2434 2075 est,

1431 2075 1494 2107 hoc
1509 2083 1617 2107 autem
1630 2075 1786 2108 divisum?
1800 2078 1950 2119 Amplius
1964 2086 2071 2111 autern
2083 2080 2127 2112 sic
2143 2079 2435 2121 fore'necesshrium

1432 2130 1499 2151 non
1519 2130 1586 2151 esse
1609 2121 1798 2153 motionem.
1823 2123 1870 2153 Ex
1897 2123 1945 2154 his
1968 2124 2063 2165 igitur
2085 2120 2434 2166 utiqueseifmbnibus,

1431 2165 1686 2196 transcendentes
1702 2175 1832 2197 sensum
1851 2173 1882 2198 et
1897 2167 2102 2209 despicientes
2122 2179 2197 2206 eum
2220 2167 2433 2210 aesijeonve-

1432 2208 1522 2239 niens
1536 2209 1693 2240 rationem
1714 2210 1815 2254 sequi,
1832 2221 1936 2247 unum
1955 2218 1986 2243 et
2002 2209 2285 2254 immobiles-omne
2301 2216 2368 2247 esse
2390 2213 2435 2243 di-

1431 2259 1508 2283 cunt
1531 2259 1568 2284 et·
1584 2252 1746 2285 infinitum
1775 2254 1958 2296 quoddam:
1982 2255 2080 2298 finem
2104 2257 2189 2288 enim
2211 2257 2301 2288 finire
2324 2257 2434 2298 utique

1430 2297 1471 2328 ad
1496 2306 1645 2328 vacuum.
1672 2297 1715 2328 Hi
1738 2297 1833 2339 igitur
1853 2299 1897 2330 ita
1919 2306 1950 2331 et
1967 2307 2098 2341 propter
2125 2311 2234 2332 causas
2256 2301 2312 2332 has
2336 2311 2435 2340 enun-

1430 2340 1587 2372 tiaverunt
1616 2341 1655 2372 de
1687 2341 1825 2374 veritate.
1854 2343 1872 2363 *
1903 2344 2052 2385 Amplius
2088 2351 2196 2376 autem
2225 2345 2258 2376 in
2289 2354 2435 2383 sermone
2461 2353 2471 2363 ⁸

1429 2385 1563 2426 quidem
1595 2385 1720 2417 videtur
1749 2386 1812 2418 hoc
1840 2387 2038 2429 contingere,
2068 2389 2101 2419 in
2133 2389 2226 2421 rebus
2255 2395 2362 2420 autem
2392 2389 2436 2420 ita

1377 2432 1379 2434 '
1432 2429 1556 2470 opinari
1581 2430 1757 2466 dementiae
1772 2437 1831 2462 vest
1858 2431 1977 2464 simile:
2006 2433 2113 2464 nullus
2136 2433 2221 2464 enim
2238 2432 2435 2464 dementium

1433 2473 1591 2514 egreditur
1611 2474 1789 2515 intantum,
1812 2482 1850 2506 ut
1871 2476 1978 2518 ignem
2006 2487 2109 2519 unum
2133 2487 2199 2508 esse
2228 2477 2382 2509 existimet
2405 2483 2436 2508 et

1431 2517 1576 2558 glaciem,
1601 2519 1657 2550 sed
1679 2519 1787 2552 solum
1806 2520 1892 2552 bona
1915 2528 1945 2552 et
1969 2521 2150 2562 apparentia
2171 2529 2301 2562 propter
2331 2531 2435 2552 assue-

1432 2562 1595 2601 tudinem,
1611 2563 1688 2595 haec
1711 2563 1904 2606 quibusdam
1926 2562 2056 2607 propter
2069 2566 2272 2598 'dementiam
2294 2565 2374 2597 nihil
2391 2565 2435 2597 vi-

1435 2606 1549 2638 dentur
1571 2606 1703 2639 differre.
1727 2608 1730 2611 ’

1367 2694 1385 2714 '¹‘
1399 2695 1584 2736 Leucippus
1600 2702 1708 2727 autem
1727 2695 1915 2728 existimavit
1930 2696 2044 2728 habere
2062 2702 2225 2728 sermones
2240 2696 2296 2738 qui
2312 2697 2352 2727 ad
2367 2707 2437 2728 sen-

1436 2750 1509 2771 sum
1536 2740 1680 2771 confessa
1710 2739 1847 2772 dicentes
1861 2739 1863 2742 ’
1876 2740 1943 2772 non
1974 2741 2175 2778 destruebant
2200 2741 2437 2782 generationem

1435 2793 1541 2825 neque
1565 2784 1803 2825 corruptionem
1830 2795 1935 2826 neque
1965 2792 2093 2816 motum
2124 2795 2228 2826 neque
2258 2785 2435 2816 multitudi-

1417 2831 1419 2833 ’
1436 2838 1511 2860 nem
1534 2828 1668 2860 entium.
1686 2828 1851 2860 Confitens
1871 2836 1978 2861 autem
1994 2839 2077 2872 quae
2102 2829 2335 2870 apparentibus,
2361 2839 2436 2860 con-

1436 2872 1637 2904 stituentibus
1653 2879 1760 2904 autem
1784 2872 1887 2904 unum
1903 2881 1939 2905 ut
1962 2883 2028 2904 non
2048 2880 2153 2905 entem
2171 2873 2350 2904 motionem
2369 2872 2436 2903 sine

1435 2927 1538 2948 vacuo
1562 2917 1662 2948 facere
1686 2928 1824 2948 vacuum
1847 2928 1914 2948 non
1938 2925 2008 2948 ens:
2033 2924 2064 2948 et
2086 2917 2166 2948 entis
2188 2917 2268 2948 nihil
2290 2926 2357 2947 non
2380 2926 2436 2948 ens

1435 2961 1540 3002 inquit
1558 2971 1634 2992 esse.
1655 2961 1871 3003 Principaliter
1889 2961 1975 2992 enim
1995 2971 2060 3001 ens,
2079 2961 2213 3002 plenum
2235 2971 2302 2991 esse
2326 2971 2390 2991 ens.

1369 3049 1431 3082 Sed
1455 3060 1522 3081 esse
1545 3050 1606 3081 tale
1629 3060 1695 3081 non
1719 3060 1838 3089 unum,
1853 3051 1909 3080 sed
1931 3049 2054 3081 infinita
2075 3049 2280 3080 multitudine
2303 3055 2334 3080 et
2356 3048 2435 3080 invi-

1436 3094 1537 3125 sibilia
1551 3101 1681 3136 propter
1699 3094 1885 3135 parvitatem
1912 3101 2088 3125 tumorum.
2106 3094 2194 3124 Haec
2208 3099 2316 3124 autem
2334 3093 2367 3123 in
2382 3103 2436 3134 va-

1437 3148 1500 3171 cuo
1523 3139 1595 3170 ferri
1620 3137 1771 3181 (vacuum
1795 3138 1880 3168 enim
1904 3136 1996 3180 esse),
2016 3144 2047 3169 et
2065 3143 2283 3178 coagmentata
2305 3136 2437 3178 quidem

1436 3183 1672 3223 generationem
1691 3182 1802 3220 facere,
1819 3182 1972 3213 dissoluta
1991 3188 2099 3213 autem
2113 3181 2360 3222 corruptionem.
2377 3181 2436 3211 Fa-

1436 3236 1505 3258 cere
1527 3234 1636 3258 autem
1659 3233 1689 3257 et
1711 3226 1776 3266 pati
1799 3233 1956 3267 quatenus
1979 3236 2012 3256 se
2035 3225 2235 3266 contingunt,
2259 3225 2436 3256 secundum

1437 3272 1523 3303 enim
1537 3271 1570 3301 id
1586 3281 1653 3301 non
1669 3280 1772 3301 unum
1788 3280 1865 3301 esse.
1880 3270 1922 3301 Et
1937 3270 2115 3311 composita
2131 3276 2162 3301 et
2180 3268 2369 3309 complicata
2383 3279 2435 3310 ge-

1436 3325 1556 3353 nerare,
1570 3314 1588 3334 *
1602 3325 1639 3345 ex
1655 3324 1693 3345 eo
1709 3320 1818 3345 autem
1834 3314 1923 3355 quod
1938 3324 2010 3346 vere
2026 3324 2129 3345 unum
2144 3320 2202 3352 est,
2214 3323 2281 3344 non
2293 3313 2435 3354 generari

1437 3359 1676 3390 multitudinem
1689 3381 1698 3397 ,
1723 3368 1826 3399 neque
1850 3368 1887 3389 ex
1909 3368 1981 3390 vere
2005 3358 2114 3389 multis
2144 3367 2265 3397 unum,
2294 3357 2350 3388 sed
2369 3367 2436 3388 esse

1436 3404 1499 3434 hoc
1521 3402 1727 3444 impossibile.

1370 3445 1431 3476 Sed
1455 3454 1492 3478 ut
1513 3446 1725 3487 Empedocles
1757 3453 1788 3477 et
1815 3447 1913 3487 aliqui
1937 3446 2073 3478 aliorum
2105 3445 2256 3487 inquiunt
2287 3445 2353 3486 pati
2381 3455 2437 3486 per

1436 3498 1549 3532 poros:
1566 3491 1609 3522 ita
1625 3500 1756 3521 omnem
1772 3490 1989 3522 alterationem
2012 3498 2043 3522 et
2059 3500 2156 3521 omne
2174 3490 2240 3530 pati
2257 3490 2320 3521 hoc
2336 3490 2436 3520 modo

1436 3535 1576 3576 generari
1599 3545 1655 3575 per
1677 3545 1815 3565 vacuum
1838 3534 1918 3566 facta
1941 3534 2150 3566 dissolutione
2170 3541 2201 3565 et
2221 3534 2436 3574 corruptione,

1437 3579 1581 3610 similiter
1592 3586 1699 3610 autem
1713 3585 1744 3610 et
1755 3579 2048 3619 augmentationem
2060 3578 2307 3609 subintrantibus
2318 3578 2435 3609 solidis.

1437 3621 1453 3638 *
1477 3623 1555 3654 Fere
1578 3630 1686 3654 autem
1710 3630 1740 3654 et
1762 3623 1951 3663 Empedocli
1983 3633 2108 3654 necesse
2133 3629 2179 3653 est
2202 3622 2323 3661 dicere,
2347 3628 2384 3652 ut
2407 3627 2438 3651 et

2217 3684 2257 3708 2*

2483 1470 2550 1492 Text.
2565 1476 2599 1498 57.

2459 1737 2470 1748 ⁸
2485 1735 2552 1757 Text.
2567 1735 2602 1763 58.

2486 2352 2555 2374 Text.
2569 2358 2605 2380 59.

2461 2702 2472 2712 ⁸
2486 2701 2554 2723 Text.
2570 2700 2608 2722 60.

2461 3318 2473 3329 ·
2487 3317 2554 3339 Text.
2569 3318 2600 3338 or.

2464 3629 2474 3639 ⁸*
2488 3627 2555 3649 Text.
2571 3626 2606 3648 62.
