2782 4134
103 380 112 388 ·
123 366 232 405 corporis
244 376 314 398 codd.

100 636 112 646 ‘⁶
126 635 164 656 hic
183 635 243 662 Pan,
265 641 313 657 om.

99 740 112 751 ⁴
125 739 196 762 Num.
210 746 260 768 seq.

101 846 110 855 ⁸
126 845 197 866 Num.
211 850 233 866 2.

97 1597 106 1604 ·
120 1599 182 1622 quae
197 1600 210 1615 Ρ
218 1610 224 1621 ,
246 1593 309 1621 quod

95 1628 109 1642 Β
125 1625 146 1642 01
160 1621 210 1642 Par.

95 2074 106 2085 “
120 2073 191 2094 Num.
206 2077 255 2099 seq.

94 2180 102 2188 “
121 2178 177 2206 Cap.
188 2184 210 2204 v,
226 2183 286 2199 11.11.

98 2338 107 2346 ·
119 2336 179 2357 Infra
189 2336 234 2357 hoc
244 2342 307 2358 num.

95 2602 104 2609 ·
120 2600 163 2621 illa
178 2605 226 2621 om.
240 2605 262 2621 P.

101 2711 109 2718 ·
126 2709 183 2736 Cap.
195 2714 233 2733 vn,
250 2714 273 2730 n.
289 2714 309 2729 12

95 2741 158 2783 2⁸12&
169 2735 194 2757 S.
202 2734 247 2756 Th.
258 2735 309 2756 lect.

96 3027 107 3037 ⁸
115 3026 232 3047 elementis
241 3032 307 3054 Atpo.

96 3053 176 3073 mixtis
191 3058 238 3074 pse.

95 3080 107 3090 ⁸
122 3079 158 3100 uel
171 3085 192 3100 Ρ.

342 286 418 323 256

341 377 426 401 rurn
447 365 467 385 ’²‘
487 376 533 401 ex
561 376 607 401 eo
628 363 733 413 quod
753 370 808 400 est
835 363 873 400 in
902 362 1087 412 potentia,
1113 362 1180 398 sed
1206 372 1276 409 per
1304 371 1406 396 crea-

340 425 609 507 tlogffnllieinde
648 482 736 506 cum
772 468 879 506 dicit:
908 467 1109 515 Reliquum
1147 470 1272 501 autem
1309 464 1405 500 dice-

341 535 383 560 re
411 531 494 571 etc.,
525 522 689 560 ostendit
715 521 913 571 quomodo
943 520 988 556 sit
1011 519 1202 566 generatio
1223 524 1259 553 et
1278 524 1405 553 motus

343 588 560 625 corporum.
600 577 649 612 Et
677 575 774 611 circa
807 575 882 610 hoc
911 573 987 609 duo
1026 571 1131 607 facit:
1161 570 1286 619 primo
1317 569 1406 606 dicit

341 629 390 666 de
418 642 494 678 quo
525 635 580 665 est
607 627 776 674 intentio,
798 634 834 663 et
861 637 939 674 quo
969 623 1102 661 ordine
1122 623 1160 660 id
1179 624 1198 644 *
1217 623 1263 659 511
1292 634 1404 670 agen-

342 683 455 729 dum3
485 682 653 719 secundo
674 679 867 728 exequitur
883 677 1135 727 propositum,
1156 676 1228 713 ibi:
1259 676 1314 712 Sit
1337 676 1404 712 ita-

341 746 413 783 que
431 735 651 771 elementum
669 734 688 754 *
709 741 777 770 ete.

394 788 493 824 Dicit
521 800 609 835 ergo
637 786 762 834 primo
792 784 917 833 quod,
948 796 1035 821 011111
1065 795 1143 821 11011
1172 783 1244 821 51111
1273 782 1403 819 omnia

341 853 502 890 corpora
529 838 772 888 generabilia,
802 850 928 886 neque
957 839 1070 885 nulla,
1099 845 1141 874 ut
1168 849 1282 886 supra
1301 838 1320 857 ²⁸
1349 835 1402 873 di-

341 901 443 930 ctum
464 901 535 940 est,
557 892 743 941 reliquum
773 899 828 928 est
856 892 1096 929 manifestare
1126 903 1292 940 quorum
1322 902 1403 927 cor-

338 959 477 995 porum
506 953 560 983 est
593 944 804 994 generatio,
840 953 877 982 et
903 951 1062 995 propter
1088 945 1179 994 quid
1204 950 1276 990 est,
1306 943 1403 980 idest

339 1012 437 1048 quae
467 1006 521 1035 est
550 1011 662 1035 causa
691 998 956 1046 generationis.
987 999 1098 1046 Quae
1127 997 1284 1047 quidem
1314 1010 1403 1034 con-

339 1052 513 1089 sideratio
543 1052 742 1088 inchoatur
765 1051 803 1089 in
822 1053 898 1088 hoc
917 1052 1026 1100 libro,
1057 1052 1124 1089 sed
1143 1051 1336 1100 perficitur
1364 1050 1401 1087 in

337 1105 432 1141 libro
460 1105 506 1141 de
534 1105 794 1142 Generatione.
826 1105 904 1142 Sed
932 1105 1021 1155 quia
1049 1105 1174 1142 omnis
1203 1104 1367 1152 cognitio
1388 1103 1402 1130 ζ

338 1166 393 1194 051
409 1170 478 1206 per
497 1157 621 1207 aliqua
639 1158 776 1207 prima,
798 1170 843 1195 ex
862 1158 1000 1207 quibus
1021 1158 1261 1195 definitiones
1283 1165 1319 1194 et
1338 1158 1402 1194 de—

336 1211 628 1248 monstrationes
656 1212 885 1260 procedunt;
915 1212 1159 1248 manifestum
1189 1218 1244 1248 est
1272 1218 1401 1247 autem

336 1265 440 1312 quod
477 1265 665 1301 elementa
702 1264 959 1312 quarumlibet
994 1277 1120 1301 rerum
1156 1271 1243 1301 sunt
1278 1264 1402 1313 prima

334 1317 431 1353 inter
451 1329 495 1354 ea
523 1329 621 1366 quae
641 1317 767 1354 insunt
787 1318 899 1355 rebus
920 1318 1020 1365 (licet
1040 1318 1167 1366 aliqua
1196 1317 1403 1354 extrinseca

333 1369 518 1419 principia
536 1378 694 1419 possent
714 1383 795 1407 esse
814 1371 953 1420 priora,
973 1378 1065 1420 puta
1084 1383 1200 1418 agens
1221 1378 1257 1406 et
1283 1370 1402 1416 finis);

335 1430 484 1472 oportet
502 1423 608 1471 quod
623 1423 672 1460 ad
692 1424 1003 1472 cognoscendum
1020 1423 1305 1472 generationem
1321 1435 1403 1459 cor-

333 1488 494 1525 porum,
527 1476 632 1525 prius
662 1485 913 1524 cognoscatur
940 1490 1039 1526 quae
1068 1484 1155 1514 sunt
1184 1477 1371 1513 elementa
1389 1481 1404 1499 '¹

335 1541 540 1578 corporum
569 1530 842 1577 generabilium
872 1538 909 1567 et
937 1530 1248 1579 corruptibilium,
1271 1537 1307 1566 et
1327 1541 1403 1578 qua

334 1582 479 1619 ratione
508 1591 595 1620 sunt
623 1584 822 1631 elementa,
845 1591 882 1620 et
900 1583 1055 1620 ulterius
1075 1583 1202 1632 quot*
1223 1590 1311 1619 sunt
1330 1583 1403 1619 ele-

333 1643 473 1683 menta,
495 1643 531 1673 et
554 1636 679 1685 qualia
709 1649 880 1685 corpora.
911 1638 973 1674 Ad
1001 1637 1076 1673 1100
1095 1644 1225 1673 autem
1245 1635 1402 1672 manife-

334 1689 529 1736 standum,
569 1696 718 1738 oportet
750 1690 921 1738 accipere
955 1690 1064 1739 quasi
1100 1689 1403 1738 suppositionem

336 1750 373 1779 et
399 1741 650 1791 principium,
689 1755 788 1791 quae
822 1743 868 1779 sit
895 1750 1029 1779 natura
1058 1742 1256 1788 elementi;
1296 1741 1402 1790 quod

334 1795 592 1832 manifestatur
609 1807 679 1844 per
708 1795 787 1832 eius
817 1795 1090 1833 definitionem.

389 1849 424 1885 6.
446 1848 595 1885 Deinde
616 1861 704 1885 cum
726 1848 833 1886 dicit:
863 1849 919 1885 Sit
935 1849 1060 1897 itaque
1079 1848 1300 1885 elementum
1318 1855 1401 1894 etc.,

336 1901 532 1951 exequitur
540 1901 782 1950 propositum
795 1902 927 1939 ordine
937 1902 1144 1951 praedicto.
1158 1901 1287 1938 Primo
1301 1901 1402 1938 enim

336 1955 499 1992 ostendit
517 1967 615 2004 quae
635 1954 681 1991 sit
709 1955 886 1992 elementi
906 1962 1050 2003 natura,
1081 1967 1199 2003 quam
1219 1954 1404 2002 significat

337 2008 524 2054 definitio;
550 2008 720 2045 secundo
750 2021 847 2057 quae
878 2016 913 2045 et
941 2008 1067 2057 qualia
1095 2008 1168 2045 sint
1196 2019 1401 2056 corporum

337 2062 540 2107 elementa,
570 2061 637 2098 ibi:
669 2062 710 2098 Si
737 2062 861 2110 itaque
888 2062 989 2110 quod
1015 2062 1153 2098 dictum
1183 2067 1236 2098 est
1264 2062 1283 2082 ²³²
1314 2068 1400 2107 etc.;

334 2114 443 2151 tertio
477 2114 629 2163 inquirit
656 2114 855 2162 quomodo
886 2115 932 2151 sit
959 2127 1166 2163 corporum
1195 2114 1401 2162 generatio,

335 2167 402 2204 ibi:
428 2167 615 2209 Quoniam
635 2173 760 2204 autem
782 2180 901 2216 neque
915 2168 1090 2216 infinita*
1107 2175 1176 2204 etc.
1199 2167 1309 2204 Circa
1327 2167 1402 2216 pri-

335 2233 444 2257 mum
474 2220 550 2257 duo
580 2220 686 2257 facit:
715 2220 844 2269 primo*
875 2221 983 2269 ponit
1010 2228 1134 2270 partes
1172 2220 1401 2257 definitionis

335 2273 531 2319 elementi;
562 2273 731 2310 secundo
768 2274 907 2322 probat
933 2274 1032 2310 hanc
1062 2273 1238 2311 elementi
1268 2273 1401 2310 defini-

334 2327 490 2373 tionem,
511 2326 578 2363 ibi:
604 2327 695 2363 Tale
713 2327 811 2364 enim
827 2328 847 2348 ³²
866 2334 935 2367 etc.

389 2379 499 2416 Circa
518 2379 700 2428 primum,
717 2379 824 2428 ponit
842 2387 916 2416 tres
935 2387 1061 2428 partes
1082 2379 1312 2417 definitionis
1328 2380 1401 2416 010-

335 2433 462 2470 menti.
494 2433 668 2480 Quarum
687 2433 812 2481 prima
841 2441 906 2480 est,
929 2434 1033 2482 quod
1054 2434 1286 2470 elementum
1311 2433 1402 2470 alio-

335 2498 421 2522 rum
451 2498 656 2535 corporum
686 2493 762 2532 est,
798 2485 836 2523 in
865 2486 970 2534 quod
1004 2486 1077 2523 alia
1112 2499 1274 2535 corpora
1309 2486 1402 2523 divi-

336 2538 476 2576 duntur
495 2551 562 2575 seu
577 2539 829 2575 resolvuntur.
847 2539 939 2576 Non
959 2539 1061 2576 enirn
1082 2539 1273 2587 quaelibet
1288 2551 1402 2575 causa

335 2599 460 2640 potest
489 2591 560 2628 dici
590 2592 833 2637 elementum,
864 2592 932 2628 sed
960 2593 1085 2628 solum
1106 2592 1167 2628 illa
1186 2592 1205 2612 *
1225 2604 1323 2640 quae
1349 2592 1402 2628 in-

335 2652 406 2681 trat
425 2644 478 2681 rei
498 2644 828 2693 compositionem.
845 2644 957 2681 Unde
971 2644 1201 2682 universalia
1216 2645 1402 2682 elementa

336 2705 422 2734 sunt
458 2697 616 2734 materia
645 2704 682 2733 et
710 2697 853 2744 forma,
884 2705 924 2734 ut
961 2705 1063 2746 patet
1096 2697 1134 2734 in
1163 2699 1176 2734 I
1205 2698 1353 2745 Physic.
1383 2699 1403 2719 '¹‘

337 2751 447 2798 Quae
467 2758 595 2787 tamen
615 2762 693 2787 non
713 2758 799 2787 sunt
820 2763 997 2799 corpora:
1018 2750 1080 2787 1110
1100 2758 1225 2787 autem
1245 2751 1403 2788 intendit

335 2803 591 2852 Philosophus
621 2803 668 2840 de
699 2803 894 2840 elementis
923 2816 1021 2852 quae
1057 2811 1145 2840 sunt
1179 2816 1350 2852 corpora.
1376 2825 1400 2832 -

336 2856 513 2893 Secunda
541 2856 723 2905 particula
739 2864 809 2903 est,
831 2857 936 2905 quod
966 2857 1196 2893 elementum
1225 2857 1344 2894 existit
1364 2857 1401 2894 in

336 2922 382 2946 00
403 2909 510 2946 0111115
531 2917 586 2946 051
605 2910 853 2956 010111οη111111,
874 2909 1043 2958 potentia
1062 2917 1126 2946 aut
1145 2917 1241 2946 actu.
1263 2910 1402 2957 Adhuc

335 2970 462 2999 autem
492 2963 563 2999 sub
593 2963 827 3000 dubitatione
851 2963 971 3000 existit
990 2963 1189 3012 quomodo
1216 2971 1301 3000 sunt
1328 2964 1399 3000 ele-

335 3024 463 3052 menta
491 3015 530 3052 in
564 3016 799 3052 elementatis
829 3017 866 3062 ³⁸²,
904 3023 1031 3053 utrum
1072 3016 1211 3052 scilicet
1243 3016 1281 3052 in
1315 3025 1401 3054 actu

334 3069 395 3104 vel
420 3068 458 3105 in
476 3069 656 3118 potentia.
688 3069 728 3106 Si
757 3068 859 3105 enim
888 3069 1080 3117 generatio
1111 3077 1147 3106 et
1168 3070 1187 3090 ’¹‘
1208 3070 1399 3119 corruptio

336 3133 540 3170 corporum
569 3122 611 3158 fit
638 3134 707 3170 per
742 3122 1074 3170 congregationem
1109 3130 1144 3159 et
1177 3123 1400 3170 segregatio-

336 3186 437 3222 nem,
458 3175 552 3211 sicut
571 3175 828 3224 Empedocles
856 3183 891 3212 et
910 3178 1158 3223 Anaxagoras
1177 3184 1398 3224 posuerunt,
1427 3169 1430 3222 1

387 3339 412 3374 ζ)
433 3340 517 3365 omnis
535 3341 660 3373 cognitio.
673 3355 692 3359 -
710 3342 827 3366 omnium
846 3342 964 3375 cognitio
984 3342 1184 3367 AER-statim
1203 3351 1251 3375 pro
1271 3343 1400 3376 definitio-

336 3382 395 3403 nes,
420 3375 499 3400 etiam
525 3376 690 3408 definitiones
708 3377 729 3400 E
749 3382 773 3401 et
793 3377 861 3406 Pata,
881 3381 906 3402 et
925 3378 1090 3410 definitiones
1115 3383 1164 3403 cet.
1181 3391 1200 3397 —
1219 3379 1269 3403 Pro
1289 3379 1399 3412 manife-

335 3413 405 3450 stum
425 3413 464 3468 εἷς
482 3414 569 3435 autem
589 3411 692 3443 quod...
710 3415 772 3436 sunt
787 3413 892 3444 prima,
918 3416 944 3437 et
970 3414 1139 3447 manifestum
1164 3414 1200 3438 sit
1222 3414 1327 3446 quod...
1345 3415 1400 3440 sint

332 3452 424 3476 prima
464 3463 470 3469 .

390 3481 416 3511 η)
434 3483 538 3511 oportet
551 3481 654 3512 quod...
669 3482 804 3506 elementa.
817 3495 836 3501 ·-
851 3486 956 3514 oportet
968 3484 1004 3508 ad
1017 3485 1228 3516 cognoscendum
1248 3485 1399 3517 generatio-

338 3522 395 3539 nem
421 3522 561 3546 corporum
588 3523 654 3548 quae
672 3519 734 3541 sunt
752 3518 879 3542 elementa
899 3519 988 3549 codd„
1014 3520 1060 3543 sed
1079 3520 1135 3544 Par.
1161 3525 1220 3552 post
1238 3521 1401 3552 corruptibi-

337 3549 402 3574 lium
422 3550 480 3575 add.
499 3558 664 3582 cognoscere.

391 3582 414 3617 0)
433 3585 563 3619 quaedam
590 3589 676 3610 tamen
703 3593 825 3618 corpora.
843 3602 862 3606 -
879 3595 938 3612 cum
957 3589 1087 3620 quaedam
1111 3597 1225 3622 corpora
1245 3591 1279 3620 Ρ;
1298 3591 1399 3616 videtur

336 3626 396 3644 cum
416 3625 535 3652 corrupte
549 3621 661 3652 positum
676 3629 690 3645 a
704 3622 870 3655 typographis
886 3631 932 3655 pro
945 3627 1031 3648 tamen
1040 3631 1048 3653 ,·
1068 3633 1127 3649 nam
1146 3633 1205 3650 cum
1225 3626 1324 3651 nullum
1340 3634 1398 3651 sen-

1022 284 1093 320 DE
1124 282 1299 320 CAELO
1329 281 1399 318 ET
1429 279 1623 318 MUNDO
1654 280 1748 316 LIB.
1779 281 1830 316 III

1463 371 1701 407 consequens
1722 366 1778 396 est
1797 359 1903 407 quod
1923 359 2111 395 elementa
2139 358 2212 395 sint
2235 366 2321 395 actu
2340 358 2379 396 in
2398 359 2529 398 mixto.

1462 411 1501 448 Si
1522 419 1649 449 autem
1670 411 1863 460 generatio
1884 419 1921 448 et
1940 411 2131 460 corruptio
2162 423 2369 460 corporum
2388 420 2444 450 est
2461 425 2532 462 per

1461 465 1742 514 alteration-em,
1773 477 1929 502 necesse
1959 472 2014 502 est
2043 464 2168 501 dicere
2202 465 2308 513 quod
2343 466 2530 503 elementa

1460 517 1533 554 sint
1550 517 1721 566 potentia
1739 518 1779 554 in
1798 518 1926 554 mixto.
1943 539 1967 546 -
1984 517 2114 555 Tertia
2131 517 2315 566 particula
2334 525 2401 566 est,
2422 520 2529 568 quod

1461 571 1694 607 elementum
1723 583 1802 608 non
1827 570 2006 608 dividitur
2033 571 2071 607 in
2101 571 2183 618 alia,
2214 570 2353 608 scilicet
2379 571 2530 609 diversa

1459 624 1672 661 secundum
1701 623 1881 672 speciem.
1907 624 2071 673 Oportet
2099 623 2201 661 enim
2229 636 2348 661 omne
2390 637 2529 673 corpus

1459 676 1646 713 divisibile
1680 689 1787 713 esse:
1821 678 2013 725 quaedam
2042 685 2173 714 tamen
2202 689 2365 727 corpora
2391 675 2404 698 ⁰
2433 677 2528 715 divi-

1459 730 1599 767 duntur
1625 729 1664 767 in
1694 729 1844 767 diversa
1872 731 2083 769 secundum
2113 731 2295 780 speciem,
2323 731 2420 768 sicut
2447 743 2528 768 ma-

1458 796 1529 820 nus
1557 782 1596 819 in
1622 795 1776 822 carnem
1805 793 1842 822 et
1869 798 1967 832 ossa,
1989 798 2034 822 ex
2059 785 2197 834 quibus
2225 785 2393 834 quadam
2423 796 2529 821 com-

1457 836 1646 885 positione
1676 838 1972 887 compaginatur‚
1997 839 2060 876 vel
2089 839 2183 875 sicut
2211 850 2299 875 caro
2328 837 2530 876 resolvitur

1457 890 1495 928 in
1515 902 1656 939 aerem,
1684 891 1822 939 ignem,
1850 904 1990 940 aquam
2012 900 2048 929 et
2065 899 2218 940 terram,
2237 904 2309 941 per
2332 891 2528 941 quandam

1457 945 1740 991 alterationem;
1774 944 1869 992 ignis
1898 952 2027 982 autem
2056 953 2093 982 et
2119 958 2202 993 aer,
2237 957 2337 995 aqua
2366 952 2403 982 et
2429 952 2529 983 terra

1457 1006 1592 1035 neutro
1609 998 1728 1035 modo
1745 998 1986 1035 resolvuntur
2000 997 2039 1035 in
2052 998 2202 1035 diversa
2217 998 2428 1036 secundum
2443 1011 2528 1048 spe-

1458 1051 1567 1088 ciem.
1599 1052 1717 1098 Quod
1736 1051 1894 1100 quidem
1920 1052 2087 1100 complet
2113 1051 2299 1089 rationem
2329 1052 2526 1098 elementi;

1457 1105 1553 1142 sicut
1578 1105 1692 1142 etiam
1719 1105 1908 1141 elementa
1927 1104 2128 1141 locutionis
2157 1104 2331 1142 dicuntur
2349 1105 2492 1143 litterae
2506 1112 2526 1154 ⁸,

1458 1171 1556 1207 quae
1589 1171 1668 1195 non
1702 1157 1922 1195 dividuntur
1949 1157 1988 1194 in
2017 1157 2168 1194 diversa
2201 1158 2414 1195 secundum
2442 1171 2528 1208 spe-

1458 1212 1568 1248 ciem.

1511 1264 1659 1302 Deinde
1681 1276 1769 1301 cum
1790 1263 1895 1300 dicit:
1929 1262 2021 1300 Tale
2039 1263 2138 1300 enim
2159 1271 2244 1312 etc.,
2263 1264 2403 1313 probat
2419 1276 2528 1314 prae-

1459 1317 1599 1355 dictam
1638 1316 1900 1354 definitionem
1939 1328 1983 1353 ex
2022 1316 2221 1354 communi
2258 1329 2332 1354 usu
2368 1318 2528 1367 loquen-

1457 1372 1572 1408 tium:
1608 1370 1828 1407 nominibus
1866 1369 1970 1407 enim
2005 1370 2192 1407 utendum
2231 1378 2287 1407 est
2313 1378 2356 1407 ut
2381 1372 2528 1419 plures,

1457 1431 1499 1461 ut
1519 1423 1653 1461 dicitur
1671 1424 1710 1460 in
1725 1425 1757 1460 11
1778 1424 1813 1460 T
1809 1424 1990 1472 opic.*Et
2009 1423 2084 1459 hoc
2104 1430 2161 1460 est
2179 1423 2284 1473 quod
2306 1423 2405 1471 dicit,
2422 1424 2529 1474 quod

1458 1489 1594 1514 omnes
1612 1477 1749 1513 volunt
1768 1476 1892 1513 dicere
1919 1488 2002 1513 esse
2029 1476 2262 1513 elementum
2292 1476 2435 1525 aliquid
2453 1477 2527 1516 tale

1458 1531 1569 1579 quale
1590 1530 1822 1579 descriptum
1839 1536 1905 1576 est,
1926 1529 2040 1566 etiarn
2061 1529 2100 1566 in
2115 1529 2295 1567 omnibus
2313 1530 2527 1579 generibus,

1456 1591 1549 1632 puta
1581 1583 1620 1620 in
1649 1582 1909 1632 corporalibus
1942 1582 2197 1619 locutionibus
2227 1590 2264 1620 et
2292 1583 2528 1622 demonstra·

1457 1636 1624 1674 tionibus
1643 1642 1667 1682 ¹,
1689 1635 1727 1672 in
1752 1636 1889 1684 quibus
1911 1635 2098 1685 principia
2121 1636 2298 1673 dicuntur
2319 1637 2525 1686 elementa,

1457 1701 1556 1739 quae
1585 1702 1663 1726 non
1693 1690 1936 1726 resolvuntur
1963 1689 2002 1726 in
2030 1689 2101 1725 alia
2128 1689 2323 1738 principia.

1511 1755 1547 1791 7.
1578 1742 1726 1779 Deinde
1765 1754 1854 1778 cum
1884 1741 1991 1779 dicit:
2022 1742 2065 1778 Si
2099 1742 2224 1791 itaque
2251 1743 2353 1791 quod
2387 1742 2527 1780 dictum

1457 1801 1511 1832 est
1537 1803 1620 1842 etc.,
1642 1795 1806 1832 ostendit
1834 1807 1933 1843 quae
1962 1802 1999 1832 01
2026 1803 2119 1844 quot
2147 1795 2220 1832 sint
2249 1796 2448 1833 elementa.
2478 1796 2528 1833 Et

1458 1849 1556 1885 circa
1583 1849 1658 1885 1100
1686 1848 1755 1885 tria
1780 1848 1886 1885 facit:
1915 1847 2041 1896 primo
2063 1848 2227 1885 ostendit
2245 1849 2351 1898 quod
2370 1860 2534 1888 necesse.

1458 1909 1513 1939 est
1540 1901 1732 1950 quaedam
1762 1913 1843 1938 esse
1883 1902 2072 1938 elementa
2101 1913 2327 1950 corporum;
2357 1901 2527 1939 secundo

1457 1955 1609 2003 inquirit
1636 1962 1765 1991 utrum
1795 1954 1868 1991 sint
1894 1954 2002 1991 finita
2019 1955 2083 1991 vel
2102 1954 2261 2002 infinita,
2282 1954 2356 1991 ibi:
2391 1956 2527 1993 Utrum

1456 2014 1581 2045 autem
1590 2008 1707 2056 finita
1721 2007 1782 2044 vel
1794 2008 1940 2056 infinita
1957 2009 1976 2029 *²
1997 2015 2087 2054 etc.;
2108 2007 2217 2045 tertio
2233 2007 2385 2057 inquirit
2398 2014 2527 2046 utrum

1457 2061 1503 2098 sit
1530 2073 1651 2098 unum
1680 2069 1848 2107 tantum,
1887 2060 1959 2098 ibi:
1999 2061 2188 2103 Quoniam
2226 2066 2352 2098 autem
2380 2072 2528 2099 necesse

1445 2115 1562 2163 finita
1583 2115 1604 2152 *ἶ
1633 2122 1701 2151 010.
1733 2114 1843 2151 Circa
1861 2114 2031 2163 primum
2053 2114 2130 2151 duo
2151 2113 2258 2151 facit:
2287 2114 2414 2163 primo
2435 2126 2526 2152 con·
2554 2124 2566 2136 ·

1458 2167 1572 2205 cludit
1606 2179 1651 2204 ex
1688 2167 1899 2216 praemissa
1933 2167 2155 2205 definitione
2194 2167 2391 2215 elementi,
2421 2168 2528 2218 qupd

1456 2233 1612 2258 necesse
1632 2228 1687 2257 est
1705 2233 1849 2270 ponere
1871 2221 2064 2269 quaedam
2090 2222 2276 2258 elementa
2296 2224 2524 2270 corpommj

1456 2274 1627 2311 secundo
1643 2274 1808 2311 ostendit
1827 2274 2027 2323 quomodo
2042 2275 2167 2311 haec*
2179 2273 2439 2312 diversimode
2457 2286 2528 2324 po·

1455 2327 1597 2364 nebant
1624 2329 1871 2375 Anaxagoras
1901 2335 1937 2364 et
1965 2327 2240 2377 Empedocles,
2265 2327 2338 2364 ibi:
2366 2327 2527 2366 Anaxa-

1455 2392 1573 2430 goras
1601 2386 1726 2417 autem
1746 2381 1765 2401 ⁸²
1794 2388 1863 2417 ete.

1510 2433 1609 2469 Dicit
1637 2445 1726 2480 ergo
1754 2433 1880 2482 primo
1910 2433 2031 2482 quod,
2067 2432 2098 2470 si
2125 2432 2320 2482 praedicta
2349 2441 2405 2470 est
2433 2433 2526 2472 defi-

1456 2485 1548 2522 nitio
1573 2486 1762 2532 01011101111,
1783 2498 1940 2522 11000550
1961 2494 2016 2523 051
2036 2485 2160 2523 dicere
2180 2487 2285 2535 quod
2310 2486 2383 2523 sint
2411 2498 2526 2535 quae-

1458 2538 1547 2575 dam
1569 2539 1757 2575 elementa
1777 2550 2001 2587 corporum:
2024 2539 2270 2576 inveniuntur
2290 2539 2391 2576 enim
2410 2551 2526 2588 quae-

1457 2591 1547 2628 dam
1569 2603 1742 2640 corpora,
1773 2591 1911 2640 quibus
1938 2592 2155 2641 praedictae
2179 2591 2416 2629 conditiones
2436 2605 2526 2630 0011-

1455 2645 1624 2681 veniunt.
1656 2646 1698 2682 111
1727 2657 1838 2682 carne
1874 2644 1975 2682 enirn
2006 2653 2042 2682 et
2070 2645 2189 2693 ligno,
2225 2652 2261 2682 et
2288 2645 2327 2682 in
2356 2645 2527 2694 quolibet

1456 2698 1586 2734 talium
1617 2710 1834 2746 corporum,
1857 2697 1996 2735 scilicet
2014 2698 2236 2746 mixtorum,
2258 2697 2352 2746 ignis
2373 2705 2410 2736 et
2427 2706 2528 2736 terra

1457 2759 1543 2787 sunt
1571 2751 1609 2788 in
1641 2751 1825 2800 potentia;
1856 2751 1944 2800 quia
1972 2751 2113 2788 scilicet
2143 2763 2213 2800 per
2250 2751 2446 2800 quandam
2474 2751 2526 2790 al—

1455 2804 1682 2841 terationem
1720 2816 1765 2840 ex
1793 2804 1879 2852 igne
1916 2812 1952 2841 et
1988 2812 2087 2841 terra
2122 2812 2158 2841 et
2186 2804 2265 2841 aliis
2302 2804 2526 2842 huiusmodi

1455 2857 1646 2907 praedicta
1675 2870 1836 2906 corpora
1866 2865 2161 2906 componuntur.
2192 2858 2241 2895 Et
2264 2858 2340 2894 11οο
2367 2857 2525 2895 manife-

1456 2918 1554 2947 stum
1585 2918 1639 2947 est
1659 2923 1704 2947 ex
1726 2910 1807 2959 ipsa
1827 2911 2099 2959 segregatione,
2130 2923 2206 2960 qua
2226 2923 2389 2960 corpora
2407 2910 2526 2948 mixta

1455 2964 1493 3000 in
1520 2964 1741 3001 huiusmodi
1774 2964 1959 3013 simplicia
1995 2965 2256 3010 resolvuntur;
2295 2963 2391 3001 sicut
2422 2971 2526 3013 patet

1455 3017 1492 3053 in
1522 3017 1752 3054 resolutione
1781 3018 1951 3066 corporis
1980 3016 2171 3064 animalis,
2201 3016 2308 3066 quod
2335 3016 2374 3054 in
2391 3017 2524 3066 pulve-

1456 3083 1537 3107 rem
1558 3078 1594 3107 et
1613 3070 1807 3118 quandam
1836 3070 2154 3108 humorositatem
2184 3077 2220 3107 et
2248 3069 2438 3119 quosdam
2457 3082 2525 3107 va-

1454 3135 1568 3171 pores
1598 3123 1818 3169 resolvitur;
1850 3131 1886 3160 et
1914 3123 1964 3160 ita
1988 3123 2102 3160 etiam
2132 3130 2188 3160 est
2212 3123 2259 3160 de
2279 3122 2359 3160 aliis
2388 3134 2525 3172 corpo-

1456 3176 1558 3213 ribus
1587 3176 1721 3214 mixtis.
1753 3177 1878 3214 Utitur
1897 3184 2026 3214 autern
2045 3176 2107 3214 1110
2126 3177 2227 3225 large
2245 3175 2524 3226 segregatione,

1455 3351 1514 3368 sum
1534 3344 1630 3368 bonum
1651 3344 1778 3377 exprimit¹
1797 3345 1860 3369 110111
1876 3344 2043 3378 typographis
2060 3343 2260 3369 adscribendum
2274 3344 2375 3368 videtur
2388 3344 2458 3376 quod
2472 3349 2525 3369 sta·

1454 3379 1500 3403 tim
1520 3387 1567 3411 pro
1587 3387 1682 3404 manus
1701 3380 1794 3412 legitur
1813 3383 1886 3405 motu
1906 3387 2016 3408 manus,·
2035 3387 2115 3404 sensu
2134 3379 2203 3404 enim
2223 3379 2330 3404 omnino
2349 3384 2427 3404 caret.
2440 3391 2459 3399 —
2473 3379 2525 3404 Pro

1454 3415 1667 3447 compaginatur,
1686 3415 1912 3448 compaginantur
1932 3416 1960 3441 P.

1509 3451 1526 3481 ι)
1545 3451 1672 3475 elementa
1691 3451 1832 3476 locutionis
1851 3451 1977 3476 dicuntur
1995 3451 2111 3476 litterae.
2122 3464 2142 3470 -
2154 3451 2189 3475 Ita
2204 3450 2271 3475 bene
2285 3450 2369 3480 codd„
2385 3457 2415 3475 ex
2429 3449 2525 3483 quibus

1454 3490 1540 3510 tamen
1555 3487 1578 3510 A
1593 3486 1776 3519 compendium
1796 3487 1868 3511 verbi
1889 3486 2030 3512 Iocutionis
2049 3486 2192 3519 corrumpit
2210 3486 2235 3510 in
2253 3486 2333 3515 locis,·
2353 3485 2384 3510 cf.
2397 3490 2451 3510 not.
2465 3492 2522 3517 seq.

1453 3521 1472 3545 P
1493 3521 1561 3545 istud
1581 3522 1764 3554 compendium
1783 3522 1890 3554 explicat
1909 3529 1955 3555 per
1974 3521 2164 3555 longitudinis,
2186 3521 2298 3554 ideoque
2316 3521 2423 3546 litterae
2441 3524 2525 3545 mutat

1453 3556 1478 3580 in
1497 3557 1591 3581 lineae.

1506 3592 1531 3623 κ)
1547 3591 1573 3616 in
1587 3592 1770 3624 corporalibus
1783 3591 1958 3617 locutionibus
1972 3595 1998 3617 et
2013 3591 2319 3617 demonstrationibus.—
2328 3591 2351 3616 Α
2364 3589 2521 3623 corrumpit:

1453 3626 1479 3651 in
1499 3627 1654 3659 corporibus
1673 3628 1713 3652 vel
1732 3627 1853 3652 omnibus
1872 3627 2152 3652 demonstrationibus.

2554 1431 2567 1443 ⁵
2581 1430 2640 1460 enp.
2652 1437 2677 1460 u,
2691 1437 2716 1454 11.
2730 1438 2751 1460 5.

2553 2014 2564 2025 ·
2579 2013 2637 2042 Cup.
2651 2019 2686 2037 iv.

2552 2283 2710 2306 ’110ch-

2553 2386 2565 2398 ⁸
2579 2385 2651 2408 Num.
2664 2391 2714 2414 neq.
