2782 4134
1071 258 1194 315 'CAR
1224 279 1328 327 vm,
1360 279 1512 316 LECT.
1542 281 1613 317 ΧΠ

259 367 414 404 semper
424 368 447 393 a
457 368 498 393 se
510 356 678 393 invicem
694 362 923 393 conservant
937 355 1101 393 eandem
1116 358 1331 396 distantiam

253 416 296 446 -et
316 409 672 458 configurationem,
696 409 803 458 quod
827 408 875 446 de
898 409 1060 457 planetis
1079 422 1159 447 non
1178 411 1324 449 accidit.

313 463 410 500 Item
438 463 545 512 quod
574 462 663 501 dicit
688 463 860 511 planetas
889 473 968 498 non
997 462 1208 511 scintillare,
1237 465 1332 502 sicut

260 515 476 565 Simplicius
509 516 597 554 dicit
612 545 621 563 ,
656 514 941 563 intelligendum
976 523 1033 552 est
1065 523 1105 552 ut
1141 517 1179 554 in
1216 518 1331 565 pluri—

258 569 347 606 bus:
377 581 468 606 nam
488 568 702 606 Mercurius
730 567 913 614 scintillat,
933 569 1036 605 unde
1058 577 1094 606 et
1116 570 1155 606 in
1176 571 1325 607 Graeco

257 622 480 660 nominatur
493 622 647 668 Stilbon,
659 634 682 659 a
695 621 945 659 scintillando.
969 622 1035 658 Sol
1051 622 1165 659 etiam
1186 630 1223 659 et
1237 623 1331 660 scin-

117 672 131 698 ⁰
254 675 349 712 tillat
361 673 375 697 θ
395 683 432 712 et
449 675 719 724 circumgyrari
737 674 900 712 videtur.
922 674 1001 712 Sed
1020 675 1230 712 scintillatio
1249 676 1331 724 qui-

254 729 350 766 dem
368 728 522 766 videtur
540 741 586 765 ex
605 740 652 765 eo
672 727 779 777 quod
797 727 902 765 visus
921 740 1002 765 non
1019 735 1146 776 potest
1164 729 1330 777 perfecte

257 781 549 831 apprehendere
568 793 650 818 rem
666 780 810 818 visam:
835 781 940 830 quod
968 781 1127 830 quidem
1156 781 1195 818 in
1217 782 1331 819 stellis

253 835 342 873 fixis
374 834 510 872 accidit
543 841 701 883 propter
734 845 867 871 earum
903 834 1140 881 distantiam,
1176 834 1231 872 in-
1251 836 1330 872 sole

254 894 386 925 autem
412 895 572 936 propter
598 887 858 925 excellentiam
887 887 1072 925 claritatis.
1108 887 1330 937 Circumgy-

254 940 352 978 ratio
372 947 502 978 autem
521 940 674 978 videtur
693 952 739 977 ex
755 953 801 978 eo
817 942 923 989 quod
942 953 1002 978 res
1016 941 1100 978 visa
1118 949 1255 990 potens
1275 950 1331 979 est

254 994 306 1032 ad
332 994 618 1031 immutandum
645 993 773 1031 visum
802 994 989 1032 intantum
1010 994 1133 1044 quod,
1172 995 1330 1032 circum-

254 1047 390 1085 voluto
418 1047 550 1097 spiritu
577 1047 737 1095 visibili,
766 1047 942 1085 videatur
973 1048 1055 1097 ipse
1084 1049 1140 1085 sol
1170 1048 1330 1087 circum-

253 1100 374 1138 volvi.
403 1101 454 1138 Et
471 1100 561 1138 inde
582 1108 639 1138 est
659 1101 766 1150 quod
785 1101 952 1138 maxime
971 1101 1124 1139 videtur
1142 1102 1199 1138 sol
1215 1104 1235 1121 ³¹⁸
1262 1102 1330 1139 cir-

254 1154 474 1203 eumgyrari
493 1154 532 1205 in
551 1162 638 1192 ortu
657 1162 695 1192 et
713 1167 870 1203 occasu,
892 1155 1182 1204 quando‘visus
1201 1163 1330 1193 noster

251 1207 521 1257 magispotest
535 1207 651 1256 defigi
669 1207 708 1245 in
729 1208 870 1257 ipsum,
891 1209 979 1258 quia
993 1221 1073 1246 non
1093 1216 1196 1245 tanta
1211 1209 1330 1246 virtus

254 1263 312 1299 'est
331 1261 509 1299 claritatis
529 1261 623 1310 eius,
643 1269 802 1311 propter
828 1274 995 1311 vapores
1023 1269 1212 1299 terrenos:
1239 1274 1328 1299 cum

253 1317 384 1352 a'utem
413 1315 584 1352 elevatus
611 1315 733 1362 fuerit,
749 1323 907 1364 propter
934 1315 1193 1352 excellentiam
1223 1315 1328 1352 clari·

252 1368 349 1416 tatis,
376 1381 456 1406 non
474 1376 600 1418 potest
624 1369 758 1406 oculus
777 1368 965 1406 intantum
991 1368 1106 1417 defigi
1138 1367 1177 1405 in
1200 1367 1328 1418 ipsum

253 1422 362 1471 quod
389 1422 553 1460 sufficiat
580 1422 629 1460 ad
657 1422 922 1471 apparentiam
955 1421 1327 1471 circumvolutionis,

252 1475 322 1514 sed
350 1487 442 1514 eum
468 1475 576 1514 videt
602 1474 880 1513 scintillantem.

306 1528 527 1566 Alexander
547 1536 677 1566 autern
705 1528 794 1565 dicit
818 1528 926 1577 quod
949 1527 1036 1565 ideo
1057 1528 1114 1564 sol
1133 1527 1172 1565 in
1187 1535 1272 1565 ortu
1292 1536 1329 1566 et

253 1594 394 1620 occasu
419 1581 573 1620 videtur
600 1581 881 1631 circumgyrari,
898 1580 989 1630 quia
1011 1581 1170 1618 sentitur
1189 1581 1327 1631 duplex

75 1676 87 1690 f
208 1676 220 1681 „
252 1642 380 1673 monas
400 1635 492 1683 eius,
509 1634 652 1672 scilicet
669 1634 828 1673 diurnus
844 1643 880 1672 et
894 1641 1024 1672 motus
1041 1634 1231 1684 proprius,
1249 1647 1295 1672 ex
1308 1636 1329 1656 ’¹²

82 1679 145 1723 Zmss.
166 1732 169 1737 .
220 1706 227 1710 -
251 1689 540 1739 comparatione
563 1689 613 1726 ad
634 1688 803 1738 quietern
823 1696 958 1726 terrae.
980 1688 1059 1725 Sed
1077 1688 1154 1725 hoc
1173 1700 1252 1725 non
1272 1697 1329 1726 est

150 1735 172 1749 ⁹⁴
210 1744 212 1749 “
251 1741 443 1791 credibile,
455 1743 562 1791 quod
576 1750 704 1779 motus
719 1741 821 1789 solis,
831 1741 1037 1791 praecipue
1053 1754 1132 1790 quo
1149 1750 1328 1780 movetur

35 1798 37 1806 ²
85 1816 87 1819 ·
109 1803 165 1827 ⁸⁴¹³·
178 1809 203 1827 t·
250 1803 362 1834 motu
379 1796 550 1846 proprio,
566 1795 688 1845 possit
705 1795 745 1832 in
762 1803 842 1833 tam
863 1795 972 1833 brevi
991 1795 1113 1844 spatio
1131 1795 1288 1845 percipi,
1307 1797 1326 1818 ’¹‘

251 1850 341 1888 etim
358 1849 426 1888 vix
446 1849 560 1887 etiam
579 1849 619 1886 in
638 1849 766 1886 multis
786 1849 920 1887 diebus
940 1848 1132 1886 sentiatur.
1144 1849 1327 1886 Aristote-

28 1931 29 1934 =
249 1904 305 1942 les
325 1903 441 1941 etiam
461 1903 550 1940 dicit
576 1903 615 1940 in
647 1902 770 1940 littera
802 1902 907 1952 quod
934 1902 1006 1939 ista
1034 1902 1325 1952 circumgyratio

90 1963 223 1988 “da-uc-
250 1964 410 2008 apparet
435 1969 516 1994 non
542 1963 700 2006 propter
719 1956 887 2005 *ipsum
907 1957 1044 2004 solem,
1073 1957 1141 1994 sed
1168 1964 1327 2006 propter

251 2010 534 2060 elongationem
561 2009 668 2047 visus
695 2008 824 2047 nostri.

303 2076 341 2114 7.
371 2064 422 2102 Et
449 2071 506 2101 est
533 2062 733 2101 sciendum
763 2062 870 2112 quod
897 2062 1006 2099 Plato
1034 2061 1164 2111 posuit
1190 2063 1326 2111 stellas,

116 2158 118 2163 ,
223 2128 225 2130 ·
249 2124 402 2169 praeter
427 2118 504 2155 hoe
532 2116 639 2165 quod
667 2123 876 2154 moventur
902 2123 1013 2152 motu
1041 2115 1212 2163 orbium,
1242 2129 1326 2153 mo—

30 2177 223 2228 ¹⁴22}-
249 2171 333 2211 veri
355 2179 466 2208 motu
486 2169 853 2218 circumgyrationis.
875 2169 995 2216 Quod
1013 2169 1171 2217 quidem
1189 2170 1208 2191 ⁸
1229 2170 1328 2206 Sim-

33 2229 36 2231 ’
249 2224 386 2275 plicius
404 2223 533 2262 nititur
560 2224 761 2260 ostendere
782 2235 865 2260 esse
891 2234 1031 2260 verum
1059 2222 1326 2271 multipliciter.

242 2278 383 2316 *Primo
412 2277 518 2327 quia,
549 2289 639 2314 cum
672 2277 802 2313 stellae
831 2275 904 2313 sint
939 2288 1101 2325 corpora
1129 2277 1326 2324 naturalia,

251 2338 404 2382 oportet
423 2330 530 2380 quod
548 2330 716 2367 habeant
735 2329 902 2379 aliquem
922 2337 1074 2366 motum
1094 2330 1326 2376 naturalem;

251 2393 289 2423 et
316 2384 406 2434 quia
426 2391 515 2421 sunt
535 2383 583 2421 de
607 2391 743 2420 natura
771 2383 877 2432 caeli,
899 2390 1050 2432 oportet
1069 2382 1175 2432 quod
1194 2395 1328 2420 secun-

251 2438 346 2478 dum
375 2437 520 2488 seipsas
549 2443 780 2474 moveantur
808 2443 918 2474 motu
950 2436 1143 2484 circulari,
1179 2437 1245 2485 qui
1275 2444 1330 2474 est

109 2508 147 2526 a*
176 2525 179 2527 a
251 2491 545 2540 circumgyratio
571 2497 596 2528 ⁸.
627 2490 808 2528 Secundo
838 2490 929 2538 quia
953 2490 1094 2538 stellae,
1115 2491 1329 2528 secundum

167 2547 169 2552 ’
249 2546 392 2597 plures,
422 2552 510 2582 sunt
538 2556 702 2593 corpora
722 2543 901 2591 animata,
928 2550 964 2580 et
982 2543 1033 2580 ita
1052 2550 1204 2593 oportet
1222 2545 1329 2592 quod

249 2611 321 2649 per
339 2611 381 2636 se
399 2605 649 2636 moveantur:
671 2605 708 2635 et
725 2597 904 2646 quamvis
932 2597 1006 2634 sint
1034 2597 1327 2646 quodammodo

250 2659 379 2702 partes
413 2651 578 2698 orbium,
598 2651 742 2688 habent
775 2658 906 2689 tamen
935 2650 1150 2688 secundum
1183 2650 1328 2700 seipsas

250 2705 450 2756 propriam
470 2704 720 2753 integritatem
748 2711 784 2741 et
807 2703 1201 2753 circumgyrationem.
1232 2705 1328 2741 Ter-

251 2759 305 2797 tio
334 2759 444 2809 quia,
478 2770 567 2795 cum
600 2758 723 2806 figura
751 2757 949 2807 sphaerica
982 2757 1028 2794 sit
1055 2757 1250 2806 aptissima
1279 2758 1328 2795 ad

252 2820 405 2851 motum
418 2812 661 2859 circularem,
683 2811 778 2848 sicut
797 2819 854 2848 est
871 2812 892 2833 ³⁸
910 2811 1145 2860 ineptissima
1165 2811 1214 2848 ad
1234 2811 1327 2848 alios

251 2874 400 2914 motus,
428 2865 582 2904 videtur
609 2865 715 2914 quod
744 2865 872 2902 stellae
909 2872 1141 2901 moveantur
1173 2865 1327 2902 circula—

252 2920 341 2957 riter
377 2926 488 2956 motu
525 2918 878 2967 circumgyrationis
919 2918 1132 2955 secundum
1170 2918 1325 2967 seipsas.

251 2973 303 3010 Et
317 2973 531 3010 secundum
548 2974 566 2991 ³*
581 2972 658 3009 hoc
673 2973 782 3009 Plato
801 2971 931 3021 posuit
950 2971 1057 3019 quod
1079 2972 1206 3008 stellae
1227 2972 1325 3008 fixae

252 3033 460 3064 moventur
488 3025 640 3062 duobus
668 3025 848 3073 motibus,
870 3025 1011 3062 scilicet
1034 3033 1143 3062 motu
1164 3025 1323 3062 circum-

27 1117 36 1129 ι·
58 1108 62 1109 ⁷
87 1107 176 1131 *22¹

109 1164 133 1183 'B

35 2841 38 2844 .
87 2827 136 2845 on-
146 2827 170 2844 A.

47 2983 170 3011 ,ψει-ι.

253 3191 321 3210 nem.
340 3184 492 3209 Lectionem
517 3184 591 3209 codd.
610 3183 806 3217 praeferendam
826 3192 895 3215 esse,
914 3190 985 3218 patet
1004 3193 1034 3210 ex
1047 3185 1078 3210 iis
1093 3193 1162 3218 quae
1186 3186 1213 3210 S.
1227 3185 1279 3210 Th.
1298 3185 1325 3209 in

252 3220 298 3245 Xll
316 3219 475 3254 Metaphys‚
495 3220 554 3244 lect.
575 3227 600 3244 1x
616 3227 709 3245 versus
727 3218 787 3250 fin„
804 3220 905 3246 scribit:
926 3230 939 3243 ‹
957 3221 1084 3246 Dicuntur
1101 3226 1187 3246 autem
1206 3221 1325 3254 planetae

254 3260 323 3280 astra
336 3256 453 3286 errantia,
473 3263 526 3280 non
545 3255 606 3288 quia
625 3255 798 3288 irregulariter
820 3261 981 3285 moveantur.
996 3257 1043 3281 sed
1064 3256 1125 3289 quia
1147 3264 1201 3281 non
1221 3263 1325 3288 semper

254 3296 359 3316 servant
371 3291 481 3316 eandem
492 3291 616 3324 figuram
636 3294 663 3315 et
676 3291 838 3322 positionem
857 3292 890 3316 ad
909 3291 971 3317 alias
997 3291 1101 3323 stellas,
1126 3292 1194 3317 sicut
1215 3292 1275 3316 illae
1294 3291 1326 3315 ad

254 3327 363 3351 invicem
373 3345 380 3357 ,
399 3334 468 3359 quae
481 3331 589 3359 propter
606 3326 656 3351 hoc
673 3325 740 3351 fixae
758 3326 886 3351 dicuntur.
898 3337 911 3350 »

308 3359 332 3394 θ)
353 3361 400 3386 Sol
414 3362 496 3387 etiam
510 3365 537 3387 et
550 3362 688 3387 scintillat.
699 3375 719 3381 -
733 3362 781 3386 Sol
794 3362 875 3387 etiam
889 3366 916 3388 et
929 3362 1073 3388 scintillam·
1086 3363 1114 3392 P,
1135 3363 1171 3387 Et
1188 3362 1230 3386 sol
1244 3362 1324 3387 etiam

253 3397 384 3422 scintillat
401 3397 434 3422 Α.
446 3411 466 3416 -
483 3397 535 3422 Pro
558 3397 721 3428 scintillatio,
741 3398 812 3430 quod
831 3406 891 3422 cum
911 3398 986 3423 codd.
999 3398 1060 3424 hab.
1075 3398 1116 3423 ed.
1133 3396 1208 3427 1516,
1222 3398 1241 3422 P
1257 3397 1327 3422 scin-

255 3432 378 3457 tillando.
398 3432 498 3457 Eadem
515 3440 564 3465 pro
583 3433 690 3458 videtur
708 3440 746 3458 ex
759 3440 798 3462 eo,
813 3433 920 3458 videtur
933 3440 989 3459 esse
1004 3441 1041 3458 ex
1055 3441 1100 3463 eo,·
1116 3433 1148 3458 cf.
1160 3438 1247 3457 tamen
1260 3432 1325 3456 infra

257 3468 476 3501 Circumgyratio
494 3471 584 3493 autem
602 3469 709 3494 videtur
726 3476 764 3493 ex
781 3475 820 3494 eo.
834 3482 854 3487 —-
868 3469 904 3496 Ibi
922 3469 960 3494 ad
978 3469 1173 3494 immutandum
1188 3468 1285 3496 visum,
1305 3467 1325 3490 P

253 3503 292 3528 ad
309 3503 481 3528 alterandum
499 3503 593 3534 visum,
613 3505 637 3529 A
655 3504 692 3529 ad
711 3504 871 3529 imitandum
890 3505 983 3534 visum,
1005 3505 1046 3529 ed.
1065 3503 1131 3528 1516
1149 3503 1187 3528 ad
1205 3502 1326 3527 emitten-

253 3538 319 3563 dum
339 3538 434 3563 visum.

309 3573 327 3606 ι)
348 3574 374 3598 in
394 3577 456 3599 ortu
475 3577 502 3598 et
519 3581 622 3604 occasu,
642 3575 787 3607 quando.—
804 3575 824 3600 P
845 3575 871 3600 in
892 3579 967 3604 ortu,
987 3578 1013 3599 et
1031 3574 1080 3599 hoc
1103 3572 1220 3605 quando.
1237 3585 1256 3590 —
1274 3571 1325 3595 Pro

252 3609 318 3641 quia
337 3616 389 3634 non
409 3612 486 3634 tanta
505 3609 590 3635 virtus
609 3613 648 3636 est
666 3611 800 3636 claritatis
818 3611 886 3639 eius,
905 3611 929 3635 Α
949 3610 1043 3635 eodem
1068 3616 1148 3633 sensu
1174 3614 1226 3632 non
1247 3610 1325 3631 tanta

253 3644 387 3670 existente
405 3645 529 3670 claritate
547 3645 612 3671 eius.

2386 286 2456 334 167

1387 359 1593 408 gyrationis
1612 359 1826 398 secundum
1847 360 2002 410 seipsas,
2027 369 2065 399 et
2092 370 2200 399 motu
2220 363 2321 400 orbis
2350 364 2455 413 (quia

1386 413 1566 451 videntur
1592 413 1742 451 moveri
1771 415 1819 450 ab
1841 414 1986 452 oriente
2006 415 2044 452 in
2074 415 2338 464 occidentem).
2362 418 2456 454 Stel-

1386 467 1444 503 lae
1465 474 1594 503 autem
1616 468 1635 488 ²¹²
1661 467 1841 504 erraticae
1859 476 2065 505 moventur
2089 470 2302 506 secundum
2328 470 2456 518 ipsum

1386 520 1504 556 tribus
1532 519 1712 567 motibus,
1733 520 1874 558 scilicet
1901 528 2010 558 motu
2039 521 2398 571 circumgyrationis,
2420 531 2457 560 et

1386 580 1496 610 motu
1523 573 1666 621 proprii
1695 573 1816 620 orbis,
1847 581 1884 611 et
1911 582 2021 611 rnotu
2049 575 2218 624 supremi
2247 575 2360 624 orbis,
2390 576 2456 624 qui

1387 633 1444 662 est
1471 633 1598 663 motus
1628 626 1796 664 diurnus.

1440 678 1540 715 Dicit
1564 679 1677 715 etiam
1693 681 1713 699 ⁴*
1729 680 1947 729 Simplicius
1975 680 2080 730 quod
2108 680 2328 718 Aristoteles
2356 682 2455 719 hanc
2481 696 2491 705 ·

1385 730 1618 779 positionem
1645 744 1724 769 non
1751 733 1912 770 intendit
1939 746 2042 771 nunc
2059 735 2080 755 '¹‘
2100 734 2332 783 improbare.
2362 735 2455 772 Non

1387 783 1490 820 enim
1511 784 1676 821 ostendit
1699 786 1803 833 quod
1823 787 1950 823 stellae
1971 788 2074 824 nullo
2094 787 2215 824 modo
2244 787 2454 836 circumgy-

1386 844 1532 883 rentur,
1562 837 1630 873 sed
1650 838 1756 885 quod
1775 838 1843 875 iste
1863 847 1990 877 motus
2010 840 2075 889 qui
2096 840 2320 878 sensibiliter
2337 853 2454 890 appa-

1387 898 1443 927 ret
1460 890 1500 927 in
1519 889 1644 936 stellis,
1671 902 1750 927 non
1770 899 1825 928 est
1845 892 2155 941 circumgyrati03
2185 893 2274 942 quia
2294 894 2454 932 circum·

1383 950 1518 992 gyrata
1545 950 1704 980 manent
1732 943 1769 980 in
1790 945 1928 982 eodem
1948 947 2034 983 loco
2054 947 2266 984 secundum
2285 954 2407 984 totum
2426 946 2452 994 ³,

1386 998 1514 1034 stellae
1538 1003 1683 1043 autem,
1711 998 1924 1034 secundum
1948 1007 2098 1036 motum
2118 1000 2183 1048 qui
2212 1000 2250 1037 in
2274 1001 2328 1037 eis
2346 1000 2454 1038 vide·

1385 1058 1456 1097 tur,
1478 1062 1557 1087 non
1578 1057 1736 1086 manent
1762 1049 1801 1086 in
1821 1051 1959 1088 eodem
1988 1053 2085 1089 loco,
2107 1054 2157 1090 Et
2180 1053 2272 1102 >quia
2297 1053 2454 1090 circum·

1385 1103 1531 1152 gyratio
1559 1103 1713 1140 videtur
1739 1102 1778 1139 in
1798 1104 1877 1140 sole
1898 1105 2062 1152 apertius
2082 1105 2120 1142 in
2141 1114 2227 1144 ortu
2247 1114 2282 1144 et
2301 1119 2452 1154 occasu,

1384 1164 1542 1206 propter
1561 1156 1636 1193 hoc
1655 1156 1820 1193 ostendit
1847 1157 1953 1205 quod
1980 1157 2018 1194 id
2042 1159 2147 1206 quod
2175 1160 2215 1196 in
2236 1172 2283 1196 eo
2302 1159 2454 1197 videtur

1386 1210 1433 1247 de
1462 1209 1682 1247 huiusmodi
1719 1217 1849 1256 motu,
1889 1222 1967 1246 non
2001 1218 2056 1247 est
2082 1220 2237 1261 propter
2264 1213 2451 1262 seipsum,

1384 1263 1452 1300 sed
1481 1270 1639 1312 propter
1665 1262 1887 1311 passionem
1913 1263 2018 1300 visus
2046 1265 2175 1302 nostri.

1440 1316 1519 1354 Sed
1547 1316 1635 1366 quia
1659 1315 1901 1365 propositum
1926 1316 2134 1354 Aristotelis
2153 1324 2173 1345 μ
2200 1318 2268 1355 suit
2294 1331 2373 1355 non
2397 1330 2454 1355 re-

1384 1370 1521 1407 cedere
1549 1369 1599 1406 ab
1628 1368 1682 1406 eis
1710 1381 1809 1418 quae
1844 1368 1893 1406 ad
1930 1381 2084 1407 sensum
2123 1379 2325 1420 apparent,
2365 1371 2454 1421 quia

1382 1424 1465 1461 talis
1485 1423 1775 1471 circumgyratio
1801 1434 1881 1459 non
1900 1423 2123 1460 sensibiliter
2138 1432 2295 1473 apparet
2313 1425 2351 1461 in
2371 1425 2454 1462 stel-

1383 1477 1439 1525 lis,
1460 1476 1548 1514 ideo
1569 1488 1648 1513 non
1667 1475 1827 1513 asseruit
1849 1476 1951 1512 hunc
1971 1484 2120 1513 motum
2148 1477 2186 1514 in
2205 1478 2318 1514 stellis
2347 1490 2449 1525 esse,

1383 1530 1469 1568 licet
1487 1542 1567 1567 non
1596 1529 1737 1567 directe
1757 1529 2043 1578 improbaverit.
2070 1530 2191 1567 Simul
2220 1530 2332 1567 etiam
2365 1531 2455 1579 quia

1383 1591 1513 1621 motus
1542 1583 1764 1620 caelestium
1794 1594 2002 1631 corporum
2032 1590 2188 1620 causant
2207 1591 2334 1621 motus
2362 1584 2455 1621 infe-

1382 1637 1527 1674 riorum
1557 1648 1782 1686 corporum,
1810 1635 2036 1683 inquantum
2065 1637 2374 1686 appropinquant
2390 1637 2454 1674 vel

1383 1692 1608 1738 elongantur
1628 1702 1651 1727 a
1674 1689 1804 1735 nobis3
1834 1688 2047 1726 secundum
2077 1697 2205 1727 autem
2233 1689 2454 1727 huiusmodi

1382 1744 1575 1781 stellarum
1613 1742 2018 1790 circumgyrationem,
2049 1743 2173 1780 nullus
2202 1743 2358 1780 effectus
2391 1745 2454 1781 de-

1381 1796 1630 1846 prehenditur
1663 1796 1702 1833 in
1725 1796 1805 1833 istis
1836 1795 2095 1843 inferioribus,
2134 1808 2206 1833 nec
2242 1797 2453 1834 secundum

1381 1852 1484 1888 hunc
1498 1857 1650 1887 motum
1670 1850 1798 1887 stellae
1823 1849 2131 1898 appropinquant
2148 1850 2211 1887 vel
2232 1851 2455 1898 elongantur

1381 1917 1404 1942 a
1431 1903 1553 1941 nobis.
1575 1904 1625 1940 Et
1643 1903 1731 1940 ideo
1749 1902 1971 1940 Aristoteles
1991 1915 2070 1940 non
2090 1903 2234 1941 curavit
2252 1904 2352 1940 hunc
2371 1915 2454 1940 mo-

1380 1966 1463 1995 tum
1492 1956 1695 1994 attribuere
1724 1955 1848 1993 stellis.

1437 2012 1471 2048 8.
1494 2010 1645 2048 Deinde
1674 2009 1840 2047 ostendit
1867 2009 1973 2058 quod
2001 2010 2129 2046 stellae
2149 2021 2229 2046 non
2249 2017 2454 2047 moventur

1382 2072 1492 2102 motu
1518 2062 1764 2101 volutationis
1793 2064 1825 2100 ²¹³.
1856 2063 1951 2100 Illud
1979 2062 2082 2099 enirn
2111 2062 2213 2111 quod
2234 2063 2455 2111 revolvitur,

1382 2130 1537 2155 necesse
1558 2124 1614 2154 est
1633 2116 1741 2166 quod
1758 2117 1936 2154 volvatur
1956 2117 1988 2163 ἦ
2009 2116 2060 2153 ita
2088 2116 2226 2153 scilicet
2245 2116 2349 2165 quod
2376 2128 2456 2154 non

1382 2183 1536 2220 semper
1555 2170 1692 2208 eadem
1721 2170 1944 2219 superficies
1973 2169 2053 2206 eius
2081 2177 2273 2219 appareat.
2304 2170 2382 2207 Sed
2399 2170 2456 2207 vi-

1383 2225 1520 2262 demus
1540 2223 1647 2272 quod
1675 2223 1715 2260 in
1743 2223 1870 2272 aliquo
1896 2229 2096 2271 astrorum,
2117 2222 2258 2260 scilicet
2283 2222 2322 2260 in
2350 2224 2452 2270 luna,

1382 2290 1535 2327 semper
1556 2277 1692 2314 eadem
1711 2276 1934 2325 superficies
1954 2276 2066 2313 nobis
2088 2277 2107 2298 *
2126 2284 2292 2326 apparet,
2315 2276 2455 2314 scilicet

1382 2332 1443 2368 illa
1471 2330 1694 2380 superficies
1723 2342 1822 2378 quae
1855 2337 2016 2366 vocatur
2044 2330 2170 2377 facies,
2192 2342 2238 2366 eo
2259 2331 2360 2378 quod
2389 2342 2454 2379 ap-

1382 2392 1490 2434 paret
1517 2385 1556 2421 in
1585 2396 1631 2420 ea
1658 2383 1851 2433 quaedam
1872 2383 2071 2429 distinctio,
2094 2383 2190 2420 sicut
2208 2382 2248 2419 in
2271 2383 2365 2420 facie
2385 2384 2453 2420 ho-

1382 2438 1496 2475 minis
1516 2436 1707 2487 quaedam
1733 2436 1920 2474 distinctio
1949 2436 2164 2474 secundum
2194 2436 2385 2486 quandam
2413 2436 2454 2473 li-

1382 2491 1602 2529 neationem
1634 2490 1796 2528 videtur.
1826 2490 1877 2527 Et
1903 2490 1958 2527 sic
1985 2497 2088 2539 patet
2116 2489 2221 2539 quod
2248 2488 2338 2526 luna
2374 2502 2453 2527 non

1383 2552 1563 2582 movetur
1580 2551 1688 2580 motu
1710 2542 1967 2581 volutationis.
1989 2544 2038 2580 Et
2062 2543 2198 2580 eadem
2220 2542 2363 2580 ratione
2382 2555 2453 2580 nec

1382 2599 1510 2636 stellae
1553 2597 1668 2634 aliae:
1711 2596 1915 2645 quoniam,
1946 2609 2034 2634 cum
2065 2596 2110 2634 sit
2148 2596 2283 2634 eadem
2320 2604 2453 2635 natura

1383 2651 1560 2689 omnium
1589 2650 1794 2699 stellarum,
1825 2650 1963 2687 eadem
1990 2650 2085 2687 ratio
2113 2650 2265 2687 videtur
2293 2662 2374 2686 esse
2404 2650 2450 2687 de

1382 2718 1459 2743 una
1490 2712 1526 2741 et
1555 2703 1602 2741 de
1631 2703 1723 2741 aliis.

1436 2759 1485 2795 Et
1513 2758 1563 2795 ita
1593 2757 1784 2794 concludit
1813 2757 1933 2805 quod,
1964 2756 2052 2804 quia
2081 2756 2225 2802 stellae,
2256 2755 2285 2792 si
2312 2767 2382 2803 per
2409 2767 2449 2791 se

1382 2818 1649 2858 moverentur,
1680 2810 1901 2847 rationabile
1922 2811 1942 2831 '¹‘
1963 2817 2061 2846 esset
2093 2821 2157 2845 eas
2185 2808 2333 2845 moveri
2361 2819 2448 2856 pro-

1380 2865 1472 2914 priis
1491 2864 1670 2911 motibus,
1689 2863 1753 2912 qui
1774 2871 1860 2900 sunt
1879 2862 2063 2911 regyratio
2078 2862 2098 2883 *
2113 2870 2149 2898 et
2166 2860 2370 2906 volutatio;
2391 2860 2449 2896 his

1382 2926 1512 2956 autem
1541 2918 1710 2955 motibus
1733 2929 1811 2954 non
1827 2918 1846 2936 ¹*
1863 2923 2077 2962 moventur,
2093 2922 2135 2951 ut
2159 2921 2354 2951 ostensum
2374 2920 2445 2958 est;

1383 2984 1623 3020 consequens
1652 2978 1708 3008 est
1727 2969 1832 3019 quod
1861 2970 1986 3006 stellae
2005 2980 2074 3017 per
2092 2967 2234 3016 seipsas
2258 2978 2336 3002 non
2364 2978 2447 3002 mo-

1380 3033 1555 3063 veantUr.

1451 3183 1477 3218 κ)
1497 3186 1569 3208 motu
1588 3181 1722 3210 circulari,
1733 3181 1779 3213 qui
1793 3183 1832 3205 est
1849 3177 2099 3211 circumgyrati0.-
2113 3179 2186 3201 motu
2205 3176 2300 3201 circuli
2318 3176 2390 3208 quod
2407 3179 2448 3201 est

1378 3218 1591 3253 circumgyratio
1605 3217 1706 3242 codices
1721 3220 1827 3248 excepto
1839 3215 1870 3243 A,
1886 3214 1930 3246 qui
1944 3218 2031 3237 tamen
2045 3217 2070 3236 et
2084 3212 2140 3244 ipse
2154 3211 2324 3252 habet-quod.
2334 3225 2353 3231 —
2366 3211 2447 3252 Linea

1378 3255 1497 3287 sequenti
1516 3262 1563 3286 pro
1578 3253 1679 3284 plures,
1695 3250 1867 3283 philosophos
1885 3250 1916 3279 A,
1936 3247 2064 3280 quosdam
2084 3247 2213 3271 E.-Post
2227 3247 2321 3272 lineam
2341 3247 2446 3272 orbium

1378 3290 1616 3357 Οωιῗςῑςὲειιιηάιιηι
1630 3325 1724 3346 totum.
1733 3334 1752 3339 -
1760 3319 1902 3345 secundum
1918 3321 2017 3343 motum
2028 3317 2057 3341 Ρ.
2069 3317 2142 3347 Quae
2156 3317 2239 3350 pergit
2251 3317 2342 3342 stellae
2355 3320 2445 3343 autem

1378 3360 1522 3385 secundum
1535 3361 1635 3383 motum
1654 3356 1700 3389 qui
1714 3359 1753 3380 est
1766 3355 1791 3379 in
1809 3355 1854 3384 eis,
1876 3354 1983 3378 videtur
2000 3352 2072 3385 quod
2091 3360 2142 3377 non
2162 3356 2289 3377 maneant
2307 3353 2333 3377 in
2354 3353 2446 3378 eodem

2483 482 2494 492 ⁸
2508 481 2579 503 etlam
2592 488 2616 504 A.

2511 695 2570 717 enim
2589 702 2630 723 ΡΒ,
2650 702 2694 718 au·

2482 723 2526 743 tem
2541 728 2562 743 e.

2480 749 2490 760 “
2506 748 2543 770 hic
2555 754 2578 770 Α.

2484 2074 2493 2082 ·
2508 2073 2543 2094 Cf.
2559 2079 2622 2094 num.
2637 2080 2660 2099 4.

2482 2126 2493 2137 ⁸
2507 2126 2643 2147 revolvatur
2656 2132 2691 2148 pc.

2481 2286 2490 2294 “
2510 2290 2556 2306 non
2579 2290 2687 2313 acrpnzr,

2481 2317 2495 2332 G
2510 2311 2553 2332 lac.

2476 2817 2485 2825 '
2493 2814 2686 2836 irrationabilem

2475 2869 2484 2877 ·
2499 2867 2685 2895 circumgyratio

2474 2900 2545 2942 gnon
2560 2926 2609 2942 om.
2622 2926 2644 2942 Δ.

1380 3397 1450 3424 loco;
1464 3395 1487 3419 D
1500 3402 1553 3418 om.
1572 3400 1623 3417 non
1644 3396 1702 3416 ante
1721 3392 1837 3414 manent.
1852 3389 2002 3414 Immediate
2024 3388 2060 3413 Et
2072 3393 2131 3412 ante
2150 3388 2213 3420 quia
2231 3395 2285 3413 om.
2299 3388 2319 3412 P
2330 3393 2356 3413 et
2370 3389 2445 3413 codd.
2474 3400 2479 3402 -

1380 3438 1432 3455 exc.
1445 3431 1477 3454 A.
1489 3443 1508 3447 -
1522 3429 1613 3452 Statim
1627 3434 1675 3458 pro
1688 3425 1807 3457 apertius
1820 3425 1846 3449 in
1864 3427 1926 3449 ortu
1940 3427 1967 3448 et
1979 3431 2081 3452 occasu,
2098 3424 2121 3447 A
2135 3423 2208 3455 apud
2227 3427 2317 3448 ortum
2331 3426 2357 3448 et
2370 3431 2445 3449 occa-

1378 3473 1445 3494 sum,
1462 3469 1508 3488 cet.
1523 3462 1644 3495 apertius
1663 3461 1689 3485 in
1709 3463 1798 3485 ortum
1817 3463 1843 3484 et
1861 3466 1990 3485 oceasum.

1434 3500 1461 3533 μ.)
1472 3498 1641 3531 propositum
1651 3494 1979 3527 Aristotelis.-proprium
1989 3494 2128 3519 Aristoteli
2141 3494 2304 3525 (Aristotelis
2312 3493 2340 3526 ?)
2354 3494 2445 3525 codd.;

1380 3543 1447 3567 quae
1466 3534 1540 3559 lectio
1559 3533 1633 3557 valde
1653 3532 1720 3556 bona
1745 3535 1858 3563 apparet.
1877 3544 1896 3548 -
1914 3530 1964 3554 Pro
1983 3529 2020 3554 ad
2038 3536 2158 3558 sensum,
2178 3537 2255 3554 sensu
2276 3530 2350 3554 codd.
2370 3544 2390 3549 —
2408 3529 2444 3553 Ibi

1380 3568 1578 3601 improbaverit.
1590 3567 1676 3592 Simul
1689 3566 1769 3591 etiam
1784 3566 1854 3598 quia,
1865 3573 1912 3597 pro
1925 3565 2005 3590 simul
2019 3565 2047 3597 pl
2061 3565 2164 3589 videtur
2177 3564 2300 3589 habuisse
2308 3565 2445 3593 similiter;

1380 3613 1427 3638 pro
1446 3604 1517 3637 quia,
1531 3603 1603 3635 quod
1621 3603 1695 3627 codd.
1702 3610 1709 3633 ;
1724 3602 1792 3626 aliud
1811 3601 1942 3633 exemplar
1962 3600 2055 3625 Pinnae
2073 3600 2191 3625 editionis
2210 3599 2287 3625 habet
2312 3599 2445 3632 improba-

1380 3640 1448 3665 verit
1467 3639 1552 3671 ipsum
1571 3638 1651 3663 etiam
1670 3637 1805 3670 quim—In
1819 3635 1870 3661 fine
1883 3644 1955 3660 num.
1969 3636 2005 3660 Et
2023 3640 2081 3660 ante
2100 3635 2158 3660 ideo
2177 3643 2231 3660 om.
2244 3636 2277 3660 sl.
