2580 4094
100 2885 109 2893 ·
139 2875 142 2878 ’
209 2881 286 2908 2&oe
303 2885 430 2907 cometas.
448 2881 467 2913 1,
481 2888 536 2911 vm,
549 2887 578 2912 4.

218 325 259 344 ιο.
275 331 295 338 -
312 317 411 343 Fumus
424 317 546 342 incensus
565 315 594 341 fit
611 315 726 341 flamma.
739 316 758 345 1,
771 323 806 345 vx,
822 315 877 340 3.-

214 354 255 379 Ι)ε
272 353 394 386 ignitione
408 352 474 377 fumi
493 352 620 377 inferioris
634 351 754 376 lucernae
770 359 785 376 a
803 351 876 376 flam-

215 397 259 414 ma
271 388 423 422 superioris.
436 388 454 419 1,
468 395 512 417 vn,
526 395 548 417 ι,
563 394 588 412 2.
598 401 618 407 -
634 387 700 412 Vide
712 386 877 412 Emmrro.

509 476 545 514 G

179 567 302 593 Gauxu
319 578 355 584 —
373 564 479 590 Galaxia
497 571 546 589 seu
565 564 664 588 lacteus
682 563 804 588 circulus.
822 563 841 593 1,
859 570 877 594 ι,

216 602 242 628 5.
258 609 303 632 ιιι,
321 608 348 635 9.
366 614 388 620 -
403 600 472 625 Tres
493 599 631 632 opiniones
657 599 825 631 antiquorum
845 598 878 623 de

214 637 326 672 galaxia:
344 635 526 669 reprobantur.
546 635 564 664 I,
581 642 618 659 ιιι
638 641 691 666 per
709 637 758 659 tot.
775 647 795 653 -
813 633 877 666 Opi-

214 674 258 699 nio
276 671 433 698 Aristotelis.
447 671 466 702 1,
479 678 525 696 xm
534 677 588 703 per
604 673 652 695 tot.
666 683 686 690 ·-
697 669 746 694 Est
763 677 832 694 unus
847 677 878 694 ex

214 707 335 734 maximis
353 707 456 733 circulis
475 705 610 739 sphaerae.
622 705 640 737 1,
655 712 700 736 ιιι,
714 704 739 730 5.
752 712 807 736 ιιιι,
819 712 847 737 4.
859 718 879 723 -

215 744 357 775 Quomodo
375 740 517 775 dispositus
530 741 677 766 secundum
689 740 780 765 situm.
792 741 810 771 1,
822 747 876 770 xm,

213 787 241 812 4.
257 793 278 799 -
294 779 342 804 Est
359 779 453 811 plenus
478 777 561 802 stellis
585 777 686 809 magnis
715 781 741 801 et
765 776 878 808 fulgidis,

215 815 279 840 ibid.
292 829 312 834 —
322 814 398 840 Unus
408 821 439 839 ex
452 812 508 838 eius
520 812 690 838 semicirculis
710 812 832 844 duplatur
851 816 878 836 et

213 850 294 876 habet
305 849 419 882 amplius
433 849 467 873 de
485 848 598 873 lumine:
617 855 708 880 quare.
722 848 741 878 1,
754 854 807 877 ιιιι,
821 846 846 872 5.
859 861 879 866 -

215 886 324 911 Claritas
337 885 419 910 lactea
431 891 537 917 semper
551 888 657 916 apparet
671 883 697 908 iu
711 883 805 908 eodem
819 883 878 907 loco

214 925 241 947 et
258 921 284 947 in
303 920 404 946 eisdem
423 919 515 944 stellis.
534 919 552 949 Ι,
570 926 615 950 ιιι,
635 918 660 944 5.

179 957 339 983 ammo
356 969 391 975 --
409 955 500 980 Simile
512 959 620 988 generat
632 953 681 979 sibi
699 954 794 979 simile.
812 953 831 985 1,
843 961 878 983 rv,

217 1000 241 1018 2.
249 1005 270 1013 -
281 992 399 1017 Primum
412 990 568 1024 principium
578 990 752 1022 generationis
767 994 807 1015 est
819 997 876 1014 cor-

284 1028 404 1053 caeleste.
423 1027 441 1056 1,
459 1033 494 1058 ιν,
515 1025 539 1051 5.
561 1026 602 1060 Cf.
622 1026 650 1057 11,
669 1033 698 1056 ιι,
715 1033 743 1057 4.

250 1063 403 1089 Subiectum
420 1061 479 1087 libri
497 1062 531 1087 de
552 1061 740 1087 Generatione.
756 1061 775 1091 Ι,
789 1068 807 1090 ι,
821 1068 847 1086 2.
859 1073 879 1080 ·—

220 1099 286 1125 Vide
303 1099 493 1124 Anum-ranas.

179 1134 288 1161 Gaura
311 1148 348 1154 -
372 1132 559 1166 Corruptiones
587 1132 704 1165 gentium
726 1139 758 1157 ει
782 1131 878 1164 quibus

215 1170 302 1196 causis
329 1169 491 1203 proveniant.
510 1168 534 1198 1,
552 1175 604 1193 xvu
615 1186 621 1197 ,
639 1175 666 1200 4.
684 1181 704 1187 -
721 1167 779 1192 Non
802 1167 878 1192 facile

215 1210 322 1232 servant
334 1205 489 1233 memoriam
497 1203 744 1229 masmutationum
754 1210 823 1236 quae
836 1210 878 1228 ac-

179 1240 389 1268 m
399 1247 508 1274 magnas
522 1244 609 1273 partes
621 1244 720 1270 terrae;
734 1246 783 1264 nec
793 1243 878 1264 trans-

214 1276 400 1310 migrationum
419 1283 535 1302 suarum.
554 1275 619 1300 ibid.

180 1312 299 1339 mama
316 1326 352 1332 -
371 1311 440 1343 Quid
459 1311 501 1337 sit.
520 1311 538 1342 1,
556 1310 698 1340 msam,
721 1317 743 1335 ι.

178 1347 295 1375 ωηο
313 1362 349 1368 -
372 1347 422 1373 Est
445 1354 514 1380 aqua
540 1346 711 1372 vehementer
735 1346 878 1378 congelata.

214 1384 235 1415 Ι,
247 1390 294 1416 xv,
309 1391 334 1414 2,
346 1391 372 1418 9,
391 1390 431 1408 ιο.
443 1396 464 1402 -
475 1382 622 1408 Gener-atur
638 1382 666 1407 in
683 1382 742 1406 loeo
760 1381 878 1406 nubium.

183 1425 188 1438 ³
214 1420 329 1451 kxvsr.
345 1433 366 1439 -
383 1419 442 1444 Non
461 1418 582 1444 convenit
593 1418 616 1443 ei
629 1417 826 1450 proportionale
839 1417 878 1442 in-

201 1455 305 1484 inius.
327 1454 392 1480 ibid.
409 1468 429 1474 -
447 1454 522 1479 Cadit
539 1453 567 1478 in
585 1453 649 1478 locis
672 1453 832 1486 temperatis.
850 1452 879 1483 1,

211 1497 256 1522 ⁴n,
271 1497 297 1517 2.
307 1504 330 1510 -
341 1490 402 1516 Non
419 1489 449 1515 fit
466 1489 493 1515 in
506 1489 640 1514 montibus
658 1488 726 1513 altis.
738 1488 757 1518 Ι,
770 1495 811 1518 xV,
821 1495 847 1521 7.
859 1501 880 1506 -

214 1526 387 1553 Fitma'x'nne
403 1533 467 1551 vere
485 1529 512 1550 et
534 1529 673 1555 autumno3
692 1524 772 1555 inem,
795 1524 879 1556 magis

216 1562 245 1589 ln
261 1566 360 1588 mute
377 1567 458 1594 quam
475 1560 577 1586 hieme:
596 1559 687 1592 quai-e.
705 1559 724 1590 1,
741 1566 783 1588 xv,
797 1566 821 1589 2,
839 1566 878 1589 ιο,

184 1614 185 1617 =
219 1604 291 1624 sa.-
307 1597 349 1624 De
361 1603 440 1622 causa
453 1595 628 1629 generationis
646 1595 787 1628 grandinis.
805 1595 825 1624 l,
837 1602 878 1624 xv,

214 1633 233 1660 6
251 1640 314 1667 sqq.
330 1646 351 1653 -
367 1633 452 1665 Saepe
475 1630 506 1656 fit
521 1631 598 1656 valde
615 1638 712 1663 magna
735 1635 763 1656 et
779 1629 880 1663 figurae

213 1676 269 1695 usn
281 1668 423 1694 rotundaez
441 1667 619 1700 quandonam,
632 1671 659 1691 et
676 1674 729 1699 qua
743 1666 776 1691 de
788 1673 877 1692 causa.

208 1702 235 1737 l,
251 1711 294 1736 nv,
312 1703 338 1734 8,
357 1711 383 1738 9,
406 1711 447 1728 ιι.
462 1716 483 1723 -
506 1702 570 1728 Vide
588 1701 709 1727 Gna-ras.

179 1740 275 1767 ΘΙΔπ
293 1754 328 1760 --
346 1739 442 1764 Gravia
453 1742 593 1763 moventur
611 1738 643 1763 ad
661 1737 793 1762 medium:
812 1737 880 1762 levia

215 1783 232 1802 a
249 1775 346 1802 medio.
364 1775 383 1807 1,
401 1782 430 1806 ιι,
449 1781 476 1799 2.
492 1787 513 1794 -
529 1774 616 1799 Grave
634 1777 661 1798 et
679 1773 737 1798 leve
755 1772 878 1805 simplici—

215 1817 256 1839 κ’
272 1816 300 1837 et
317 1810 464 1836 semndum
477 1809 550 1843 quid.
568 1809 633 1834 ibid.
651 1822 671 1828 -
688 1808 879 1834 Gravissimum

201 1862 204 1866 ·
215 1852 259 1874 eat
275 1847 349 1881 quod
362 1845 442 1871 habet
454 1845 599 1879 plurimum
611 1844 645 1870 de
663 1844 787 1869 terrestri.
801 1844 831 1875 11,
843 1851 878 1874 vr,

215 1891 244 1916 4.
260 1897 281 1903 -
296 1883 384 1908 Locus
402 1880 560 1914 gravissimi.
578 1880 597 1910 Ι,
615 1887 649 1912 rV,
668 1878 694 1905 6.

180 1919 310 1945 camena
327 1931 362 1936 —
386 1916 451 1942 Vide
470 1917 592 1942 sumis.

180 1955 292 1981 Gra-rrae
310 1967 345 1972 —
364 1952 508 1981 stecades»,
529 1951 598 1977 idest
621 1955 725 1984 guttae,
744 1950 880 1984 quomodo

217 1986 881 2021 diflbrmtaplumenv‚9.Ct2va,4-

183 2042 185 2044 -
215 2025 296 2052 Fiunt
316 2024 429 2050 maiores
452 2023 545 2048 diebus
569 2022 671 2048 calidis:
691 2029 781 2055 quare.
798 2022 820 2054 1,
838 2030 880 2053 xv,

219 2068 262 2087 to.
277 2074 298 2081 -
315 2060 383 2086 Sunt
400 2059 520 2084 maiores
527 2062 615 2092 guttae
633 2058 764 2091 grandinis
784 2062 809 2083 et
821 2058 880 2091 plu-

215 2097 275 2123 vias
297 2099 396 2130 quanto
414 2094 588 2128 propinquius
613 2093 689 2119 nobis
714 2098 880 2126 generantur.

211 2132 288 2166 ·1,xv‚
306 2139 375 2158 ιι.-
387 2130 482 2156 Guttae
495 2137 606 2163 magnae
618 2137 672 2154 non
685 2134 747 2154 sunt
760 2129 879 2154 crebrae:

183 2183 186 2190 -
217 2175 308 2203 φησ-
325 2166 390 2193 ibid.
407 2180 428 2187 -
444 2166 608 2192 Generantur
619 2170 707 2198 guttae
725 2172 809 2198 aquae
827 2173 880 2190 non

183 2215 188 2217 ·
215 2203 307 2230 aulum
318 2208 409 2236 upra.
418 2202 467 2228 aed
479 2201 557 2227 etiam
570 2200 636 2226 infra
645 2205 751 2226 terram.
765 2201 783 2231 1,
793 2208 843 2232 xvr,
853 2200 879 2226 6.

488 2308 490 2310 v
511 2287 548 2324 H

180 2382 356 2409 murem-rs
373 2395 409 2401 --
433 2380 498 2406 Vide
515 2379 624 2406 Tuam.

181 2417 306 2444 Hm.
324 2430 359 2437 --
378 2417 448 2442 ldest
465 2421 659 2449 consequenter
677 2422 706 2440 se
724 2414 833 2440 habens.
852 2414 880 2444 Ι,

184 2451 189 2454 '
211 2458 253 2485 ἐν,
270 2452 297 2479 6.
316 2453 346 2484 ΙΙ,
358 2459 404 2483 vu,
423 2452 450 2478 8.

181 2489 260 2516 {hm
277 2503 313 2508 —
331 2488 402 2519 Quid
421 2488 464 2514 sit.
482 2488 501 2518 Ι,
519 2495 538 2518 ι,
556 2487 582 2513 8.
593 2501 614 2506 -
627 2487 771 2518 Quomodo
790 2494 880 2511 cause-

209 2529 269 2551 -nm
287 2525 312 2557 1,
329 2531 355 2556 1,
373 2523 400 2550 8.
417 2531 448 2554 ι,
467 2523 498 2555 6,
512 2531 538 2557 7.
556 2530 607 2554 ιιι,
628 2530 653 2548 2.
670 2537 690 2542 -
707 2522 767 2547 Non
789 2527 831 2547 est
853 2522 880 2547 in

217 2561 279 2587 loeo
295 2557 361 2586 s'olis
379 2564 406 2585 et
423 2560 511 2585 lunae.
525 2559 544 2590 1,
562 2566 587 2591 ι,
606 2558 633 2584 6.
650 2572 670 2578 -
687 2559 716 2583 In
734 2565 788 2592 quo
807 2558 881 2583 diffe-

216 2594 644 2628 ntamaLxr‚6,7.xm,
664 2602 689 2620 2.

181 2632 356 2659 mama
373 2645 408 2650 —
423 2631 515 2656 Posuit
528 2631 614 2656 solem
625 2630 742 2656 innovari
756 2629 880 2663 quotidie.

183 2671 193 2675 ⁴⁷
215 2666 240 2693 B
265 2675 294 2698 ιι,
311 2667 339 2693 6.

181 2686 316 2730 ἰδέσθαι
328 2717 363 2722 -
377 2702 452 2728 Unus
465 2709 497 2727 ex
508 2701 595 2735 poetis
612 2700 764 2734 Tbeologis.
778 2701 808 2732 ΙΙ,
821 2708 840 2731 ι,
856 2700 880 2726 3.

66 2741 76 2760 ἰ
123 2758 128 2763 .
180 2737 284 2767 fiam
302 2753 338 2758 —
356 2738 459 2770 Hiatus,
473 2745 522 2763 seu
540 2742 668 2770 apertura,
681 2737 822 2770 aliquando
835 2744 882 2769 ap·

309 2775 335 2800 in
354 2773 435 2799 caelo.
453 2773 472 2804 Ι,
489 2780 545 2804 vm,
567 2781 589 2804 ι,
610 2772 635 2798 3.
652 2785 672 2791 -
690 2772 776 2797 Causa
793 2771 880 2798 huius.

230 2823 232 2827 ·
252 2817 309 2840 Vm,
330 2809 354 2835 3.

181 2845 375 2872 msa-ss
393 2859 428 2865 —
438 2845 537 2879 Opinio
545 2843 712 2878 Hippocratis
723 2848 749 2868 et
757 2843 881 2877 Aeschyli

592 2880 635 2914 Cf.
648 2880 666 2910 Ι,
679 2887 714 2911 ιι,
726 2887 753 2912 7.
764 2887 809 2909 ιιι,
823 2886 849 2912 7.
862 2893 882 2899 -

214 2917 391 2951 improbatur.
410 2916 429 2948 1,
447 2925 472 2946 x,
493 2916 510 2942 3
527 2923 588 2950 sqq.
609 2916 650 2950 Cf.
669 2915 688 2945 Ι,
705 2923 730 2947 ι,
751 2922 775 2947 2,
794 2914 820 2940 6.

182 2952 269 2979 nna
287 2966 322 2972 —
341 2952 427 2978 Causa
444 2951 549 2978 hiemis.
568 2951 598 2983 11,
616 2958 661 2982 vn,
683 2958 723 2976 ro.

183 2987 315 3015 flemus
333 3002 369 3007 —
387 2988 468 3013 Poeta
485 2987 648 3020 Theologus.
667 2986 696 3018 ΙΙ,
714 2994 733 3016 ι,
754 2985 778 3012 3.
795 3000 815 3006 -
832 2987 881 3011 Fa-

217 3022 280 3049 bula
297 3024 332 3049 de
348 3024 476 3057 principio
493 3027 643 3049 ventorum.
661 3022 680 3054 Ι,
699 3030 750 3054 xvr,
770 3029 796 3047 2.

181 3059 311 3086 fimum:
328 3073 364 3078 —
383 3059 500 3091 Qualitas
517 3059 656 3092 tangibilis.
675 3058 694 3087 1.
707 3065 736 3090 rr,
757 3065 782 3083 2.
794 3058 882 3082 -Hu-

183 3103 191 3106 >
217 3095 319 3120 mldum
341 3099 382 3120 est
399 3095 468 3120 bene
490 3094 661 3120 terminabile.
683 3094 722 3125 11,
744 3101 798 3124 vu,
819 3093 846 3119 6.
863 3107 882 3112 -·

208 3130 395 3156 {tumidorum
413 3131 533 3156 omnium
553 3137 626 3155 mare
644 3137 705 3154 esse
723 3129 881 3162 principium

218 3170 376 3199 putaverunt
396 3166 504 3200 quidam
527 3165 636 3199 antiqui.
657 3165 693 3195 11,
712 3172 740 3195 11,
760 3164 786 3190 6.
803 3178 823 3184 -
842 3164 882 3189 De

167 3218 169 3220 -
218 3202 384 3235 generatione
402 3202 572 3227 humidorum
591 3209 623 3226 ex
646 3208 724 3234 aqua.
742 3200 777 3231 ΙΙ,
796 3207 836 3230 vr,
856 3199 881 3224 6.

182 3236 372 3298 Ητξιοοᾼυιιι
389 3251 423 3256 -
443 3238 512 3269 Quid
531 3238 573 3262 sit.
591 3237 611 3268 Ι,
628 3243 663 3265 vr,
684 3235 708 3261 3.
730 3235 772 3269 Cf.
790 3235 809 3266 1,
827 3242 881 3266 vm,

190 3282 193 3283 ⁷
240 3289 248 3298 .
264 3280 299 3303 ιι,
337 3291 345 3298 .

184 3280 338 3334 amman}
347 3323 382 3328 -—
391 3309 463 3334 Mare
476 3309 631 3342 Hyrcanum
649 3311 784 3340 separatur
797 3305 882 3330 omni-

186 3352 189 3354 ·
218 3350 255 3368 no
272 3343 305 3369 ab
315 3344 439 3374 -Oceano,
453 3349 479 3369 et
491 3344 608 3377 undique
626 3350 674 3375 per
687 3342 821 3367 circuitum
836 3341 883 3365 ha-

220 3378 324 3405 hitatur.
342 3380 372 3412 Π,
390 3387 409 3411 ι,
428 3379 454 3405 6.

525 3443 539 3478 Ι

185 3519 259 3545 Imus
277 3534 312 3539 —
330 3520 438 3554 Proprie
457 3520 548 3549 dictus,
563 3524 603 3544 εει
621 3526 744 3544 excessus
764 3517 849 3543 calidi.
863 3517 883 3542 1.

221 3562 256 3587 IV,
269 3555 293 3581 6.
307 3563 361 3585 ιιιι,
385 3564 407 3581 ι.
425 3570 444 3575 -
461 3555 588 3580 Causatur
607 3562 621 3579 a
640 3559 722 3579 motu.
741 3554 759 3583 Ι,
778 3561 802 3583 v,
823 3552 847 3578 5.
865 3566 884 3572 -

221 3590 322 3616 Rarius
341 3597 366 3616 et
385 3591 492 3624 igneitas
511 3598 540 3615 se
559 3595 764 3622 consequuntur.
784 3589 848 3614 ibid.
864 3601 884 3608 -

978 237 1568 276 METEOROLOGICORUM

967 316 1007 340 De
1027 318 1165 342 nutritione
1182 317 1258 350 ignis.
1277 317 1306 350 11,
1324 325 1352 347 11,
1373 316 1396 347 5,
1415 317 1442 343 6.
1454 332 1473 337 -
1486 317 1526 342 Ex
1543 317 1628 350 ignitis

966 351 1123 385 relinquitur
1136 353 1233 386 aliquid
1247 353 1318 386 quod
1332 353 1399 386 ignis
1409 361 1463 378 non
1475 358 1563 386 potest
1576 353 1628 378 dis-

969 387 1081 413 solvere.
1091 388 1121 419 11,
1130 396 1165 418 vt,
1176 396 1200 418 2,
1215 388 1239 414 3.
1250 402 1269 407 -
1277 389 1341 414 Post
1354 389 1537 414 extinctionem
1549 388 1629 421 ignita

969 421 1066 448 habent
1083 424 1110 448 in
1128 431 1158 448 se
1175 425 1298 449 virtutem
1317 424 1420 450 caloris.
1438 424 1468 455 ΙΙ,
1485 432 1520 454 vr,
1538 431 1566 456 4.

1003 458 1072 490 Ignis
1091 459 1232 492 improprie
1257 459 1369 485 sumitur
1389 467 1437 492 pro
1460 464 1553 492 quarto
1576 460 1629 485 ele-

968 499 1066 518 mento.
1086 494 1113 525 1,
1132 502 1174 524 ιν,
1194 494 1219 519 6.
1237 502 1280 526 vr,
1301 502 1326 520 2.
1344 502 1406 526 xm,
1424 503 1446 520 ι.
1468 495 1508 529 Cf.
1527 495 1552 526 Ι,
1570 503 1588 525 ι,
1604 494 1628 520 3.

967 535 996 559 ιι,
1017 536 1041 554 2,
1058 543 1078 548 -
1096 529 1138 554 Sic
1157 535 1287 562 acceptus,
1299 535 1341 555 est
1358 538 1402 555 aer
1420 530 1548 563 superior.
1562 531 1580 560 Ι,
1594 538 1628 561 1V,

968 562 994 588 6.
1012 571 1037 589 V.
1060 573 1082 590 1.
1099 572 1153 594 xm,
1177 573 1198 589 1.
1221 565 1262 599 Cf.
1280 565 1298 597 1,
1316 573 1351 597 vr,
1371 573 1396 591 2.
1409 565 1573 591 —Exhalau'o
1586 574 1628 591 ca-

968 599 1020 624 lida
1038 605 1064 625 et
1082 600 1158 631 sicca,
1173 607 1220 625 seu
1238 600 1349 626 fumosa.
1369 601 1388 632 Ι,
1407 608 1441 632 1V,
1461 600 1486 626 6.
1504 609 1539 632 vr,
1559 609 1584 634 2,
1604 601 1628 626 3.

967 642 1002 666 ιι,
1023 634 1047 660 3.
1065 643 1119 666 xm,
1142 643 1164 660 r.
1185 635 1226 669 Cf.
1245 636 1263 667 1,
1282 643 1309 667 11,
1331 643 1354 661 2.
1367 650 1387 655 -
1404 636 1571 662 Elementum
1585 645 1629 662 su-

968 677 1091 702 premum
1110 671 1266 703 (incipiendo
1284 679 1299 696 a
1317 671 1405 704 terra).
1419 671 1438 702 1,
1457 680 1491 703 vr,
1512 671 1536 697 3.
1553 680 1588 703 ιι,
1603 672 1628 698 3.

969 705 998 737 ΙΙ,
1011 713 1039 736 ιι,
1055 713 1080 736 2,
1092 713 1119 738 4.
1137 720 1156 725 -
1173 706 1222 731 Est
1239 706 1376 739 contiguus
1394 707 1500 732 caelesti
1518 708 1628 740 corpori.

969 740 988 771 1,
1006 748 1036 770 v,
1057 748 1082 770 2.
1099 749 1135 773 vr,
1154 748 1180 767 2.
1201 742 1243 775 Cf.
1261 742 1286 773 1,
1304 749 1344 774 ιι,
1365 741 1390 767 3.
1409 742 1438 771 ΙΙ,
1456 750 1484 773 ιι,
1502 750 1528 774 4.
1545 757 1565 762 -
1582 744 1628 768 Se-

968 777 1084 802 cundum
1103 777 1242 810 quosdam,
1256 782 1296 802 est
1310 785 1405 810 corpus
1424 778 1544 803 caeleste.
1558 778 1576 810 1,
1590 786 1627 810 111,

968 811 994 837 6.
1006 812 1036 844 ΙΙ,
1054 820 1082 842 ιι,
1094 820 1121 844 4.
1132 812 1193 837 -In
1211 813 1270 838 loco
1288 812 1355 846 ignis
1368 817 1410 838 est
1427 820 1533 845 semper
1551 813 1626 846 ignis,

969 855 1022 873 non
1040 852 1128 873 tamen
1146 856 1257 873 numero
1272 848 1352 874 idem.
1366 848 1384 880 1,
1396 856 1422 880 V,
1437 855 1462 874 2.
1473 862 1493 867 -
1506 848 1553 873 Est
1565 849 1628 874 levis

968 883 1129 916 simpliciter.
1148 884 1166 915 1,
1185 891 1214 914 ιι,
1234 891 1258 909 2.
1275 897 1296 904 -·
1313 884 1432 909 Movetur
1456 884 1628 914 circulariter,

969 919 1069 944 delatus
1088 927 1104 945 a
1121 924 1195 944 motu
1214 919 1286 945 caeli.
1300 919 1318 951 Ι,
1336 927 1362 951 V,
1376 927 1399 951 2,
1419 918 1445 945 8.
1457 927 1491 949 ιι,
1506 927 1532 952 7.
1554 920 1595 953 ᾤ’.
1609 920 1628 950 I,

967 962 1007 987 Vt,
1025 962 1053 987 4.
1071 962 1111 986 ιι,
1132 954 1157 980 3.
1173 969 1194 975 -
1210 955 1270 980 Non
1293 955 1393 988 attingit
1411 955 1444 980 ad
1465 955 1629 980 velocitatem

968 995 1057 1015 motus
1085 991 1213 1016 caelestis.
1232 991 1260 1021 Ι,
1278 998 1318 1022 ιι,
1338 999 1364 1023 7.
1381 1005 1401 1010 -
1418 990 1487 1023 Ignis
1510 991 1628 1016 ambiens

968 1026 1102 1051 inferiores
1112 1030 1198 1059 partes
1206 1026 1296 1051 mundi
1305 1026 1455 1059 frequenter
1463 1026 1545 1051 fertur
1554 1027 1630 1051 deor-

969 1069 1030 1086 sum
1048 1069 1078 1087 ex
1097 1066 1171 1086 motu
1190 1062 1261 1086 caeli.
1280 1062 1302 1091 Ι,
1320 1069 1350 1093 V,
1370 1069 1400 1093 2,
1418 1061 1444 1087 8.
1461 1075 1481 1080 -
1498 1062 1538 1087 De
1555 1067 1630 1087 motu

968 1097 1108 1130 ignitorum
1121 1097 1301 1130 expulsorum.
1314 1097 1332 1127 1,
1345 1105 1390 1129 vu,
1405 1104 1428 1129 2,
1447 1105 1475 1130 4.
1486 1110 1506 1116 -
1519 1097 1561 1131 Cf.
1578 1098 1628 1123 Ex-

967 1139 1092 1158 mano.

1003 1168 1082 1201 Ignis,
1094 1168 1162 1193 idest
1173 1168 1257 1193 calor.
1269 1168 1288 1199 Ι,
1300 1175 1350 1200 nv,
1370 1176 1408 1193 ιο.

932 1204 1086 1229 lunxvmuuu
1100 1217 1135 1222 —
1155 1203 1219 1228 Vide
1236 1204 1301 1228 Ans.

932 1239 1110 1264 tummim
1128 1252 1163 1258 —-
1179 1239 1346 1264 Indivisibilia
1358 1238 1502 1264 adinvicem
1521 1239 1629 1264 coniun-

969 1279 1011 1300 cta
1027 1282 1081 1300 non
1098 1274 1194 1299 faciunt
1211 1274 1338 1300 maiorem
1359 1274 1565 1307 magnitudinem
1583 1275 1629 1309 (VI

967 1309 1097 1344 Pityaia).
1116 1310 1134 1341 Ι,
1153 1318 1177 1342 ι,
1196 1317 1222 1343 9.
1478 1314 1483 1319 ·

933 1346 1112 1371 lamasci-us
1131 1359 1165 1364 —
1184 1345 1243 1370 Non
1263 1351 1303 1371 εει
1321 1346 1520 1372 individuorum.
1538 1347 1557 1378 1,
1571 1354 1590 1378 ι,
1607 1355 1629 1372 1.

933 1381 987 1406 Irus
1005 1395 1040 1400 —
1059 1380 1201 1411 Quomodo
1220 1386 1349 1406 causetur.
1367 1381 1386 1413 1,
1404 1389 1422 1413 1,
1441 1381 1468 1407 8.

933 1417 1011 1442 Iam
1028 1430 1064 1435 —
1082 1417 1155 1447 Ister,
1174 1416 1242 1441 idest
1260 1417 1404 1449 Danubius,
1423 1418 1552 1442 maximus
1571 1417 1631 1451 qui-

969 1452 1031 1477 dam
1044 1451 1155 1477 fluvius:
1173 1452 1206 1477 de
1219 1452 1335 1478 fontibus
1348 1453 1405 1478 eius
1419 1452 1515 1478 diversi
1528 1453 1630 1478 diversa

969 1488 1066 1513 dicunt.
1078 1487 1108 1517 ΙΙ,
1121 1495 1159 1517 ιιι,
1172 1495 1200 1520 4.

933 1523 1041 1549 lum-rm
1059 1537 1093 1542 -
1112 1523 1170 1549 Una
1186 1531 1219 1548 ex
1238 1523 1320 1549 stellis
1339 1523 1493 1549 errantibus.
1511 1524 1535 1554 Ι,
1554 1532 1584 1556 v,
1604 1523 1630 1549 6.

968 1566 1003 1590 ιι,
1023 1566 1048 1584 2.
1065 1573 1085 1578 -
1101 1559 1142 1584 De
1166 1559 1226 1584 love
1243 1559 1302 1584 viso
1320 1559 1347 1584 in
1371 1559 1552 1585 coniunctione
1569 1567 1630 1585 cum

969 1595 1046 1620 stella
1063 1595 1177 1628 quadam
1195 1595 1221 1620 in
1240 1594 1368 1620 Geminis.
1386 1595 1405 1627 1,
1422 1603 1447 1627 ι,
1465 1593 1492 1620 8.

934 1631 1064 1656 luvra-rus
1083 1645 1117 1649 —
1142 1630 1206 1656 Vide
1224 1631 1334 1656 surus.

1267 1721 1300 1758 L

933 1810 1058 1835 Lam-aus
1076 1809 1210 1834 Cmcutus
1229 1823 1263 1828 —
1288 1809 1353 1834 Vide
1371 1809 1501 1835 Ganms.

933 1845 1069 1870 Lan-runo
1087 1859 1122 1864 —
1141 1845 1170 1869 ln
1188 1843 1326 1878 superficie
1338 1845 1424 1870 minor
1437 1845 1566 1870 dimensio
1583 1853 1630 1870 vo·

969 1886 1043 1906 catur
1061 1880 1178 1906 latitudo.
1197 1880 1226 1911 11,
1244 1889 1269 1912 ι,
1290 1880 1314 1906 3.
1331 1894 1351 1899 -
1374 1880 1438 1906 Vide
1455 1881 1562 1906 Trana.

934 1917 1089 1942 Laoconorr
1107 1930 1142 1935 —
1160 1915 1248 1946 Quare
1266 1916 1304 1941 sic
1322 1916 1391 1942 dicti.
1410 1916 1439 1947 11,
1457 1924 1491 1948 ιι,
1507 1916 1533 1942 8.
1545 1917 1631 1950 -Ap-

969 1952 1100 1985 pellantur
1113 1951 1190 1977 etiam
1204 1951 1356 1977 omithiae:
1369 1959 1460 1985 quare.
1470 1952 1535 1978 ibid.
1543 1966 1563 1972 -
1571 1952 1631 1983 Quo

969 1987 1310 2049 {ffiwl‘sffisffl
1330 1987 1631 2056 ἓξᾎὲἓὶῑὲῒῖῗὲῗ·

932 2060 1004 2084 Lava
1022 2073 1058 2078 —
1082 2059 1147 2084 Vide
1165 2059 1269 2085 Gaavs.

933 2095 1020 2120 Lmn
1039 2109 1075 2114 —
1092 2094 1122 2120 In
1140 2095 1207 2120 linea
1225 2099 1296 2120 recta
1314 2099 1355 2120 est
1372 2094 1488 2128 accipere
1505 2094 1586 2120 finem
1605 2095 1631 2120 in

970 2135 1038 2156 actu.
1057 2130 1076 2162 Ι,
1094 2138 1123 2162 ιι,
1143 2129 1168 2156 5.
1192 2130 1257 2155 Vide
1274 2130 1417 2156 Cracunus.

934 2167 1024 2191 Locus
1042 2180 1077 2184 —
1096 2166 1260 2199 Impossibile
1278 2171 1320 2191 est
1331 2166 1420 2191 locum
1437 2173 1551 2191 vacuum
1563 2174 1631 2191 esse.

970 2201 988 2231 Ι,
1003 2209 1030 2233 ιι,
1049 2200 1073 2226 3.
1090 2209 1125 2232 xv,
1146 2201 1171 2227 3.
1188 2215 1208 2221 -
1231 2201 1295 2227 Vide
1313 2202 1416 2227 Morus.

934 2238 1091 2262 Louorruno
1105 2251 1140 2256 -
1154 2237 1182 2262 In
1195 2236 1333 2269 superficie
1346 2237 1430 2262 maior
1444 2237 1574 2262 dimensio
1584 2245 1631 2262 vo-

971 2278 1044 2298 catur
1062 2273 1206 2306 longitudo.
1225 2273 1254 2303 11,
1273 2281 1298 2304 ι,
1318 2272 1343 2298 3.
1359 2286 1380 2293 -
1401 2272 1467 2298 Vide
1483 2273 1590 2298 Taam-

935 2309 1031 2334 mert
1049 2322 1083 2328 —
1102 2309 1206 2334 Lumen
1223 2313 1313 2334 causat
1337 2308 1455 2333 diversos
1479 2309 1580 2333 colores
1605 2308 1631 2333 in

970 2344 1044 2369 fumo
1061 2345 1103 2369 vel
1121 2352 1219 2377 vapore
1238 2343 1333 2377 duplici
1352 2344 1441 2369 modo.
1459 2344 1478 2375 1,
1496 2351 1541 2376 vn,
1561 2351 1586 2368 2.

934 2380 1013 2405 Luna
1031 2394 1065 2398 —
1084 2381 1216 2413 Apparent
1233 2379 1260 2404 in
1278 2387 1311 2404 eo
1335 2379 1452 2404 defectus
1478 2379 1585 2404 luminis
1604 2384 1631 2404 et

971 2415 1166 2440 umbrositates.
1185 2416 1203 2446 Ι,
1221 2423 1256 2446 ιν,
1274 2423 1301 2447 4.
1312 2429 1332 2435 -
1345 2415 1494 2440 Secundum
1512 2415 1632 2448 proprios

971 2456 1058 2476 motus
1076 2451 1242 2476 velocissime
1263 2455 1393 2476 movetur.
1411 2450 1436 2483 1,
1454 2458 1486 2482 V,
1505 2450 1531 2476 6.
1548 2464 1568 2470 -
1585 2451 1633 2475 Est

971 2486 1076 2511 inferior
1095 2487 1160 2512 sole.
1179 2487 1197 2518 I,
1215 2494 1241 2517 V,
1260 2486 1286 2512 6.
1303 2494 1348 2518 ιιι,
1367 2486 1393 2511 6.
1410 2500 1429 2506 -
1447 2486 1599 2511 Immutatur
1617 2494 1632 2511 a

971 2523 1037 2547 sole.
1061 2522 1085 2553 Ι,
1103 2530 1134 2552 V,
1154 2530 1180 2555 7.
1197 2536 1217 2542 -
1234 2522 1380 2555 Eclipsatur
1402 2529 1418 2547 a
1440 2527 1523 2547 terra:
1542 2529 1632 2555 quare.

971 2558 990 2590 1,
1003 2565 1048 2589 ιιι,
1063 2557 1088 2583 6.
1105 2571 1126 2577 -
1143 2558 1288 2583 secundum
1301 2558 1433 2591 propriam
1451 2562 1572 2583 naturam
1583 2557 1629 2582 ha-

972 2594 1017 2618 bet
1039 2601 1208 2619 commovere
1231 2593 1377 2618 humidum.
1395 2593 1431 2625 11,
1449 2601 1474 2625 1,
1493 2601 1519 2626 7.
1535 2607 1556 2612 -
1573 2593 1632 2618 Non

971 2629 1050 2655 habet
1068 2637 1186 2655 comam:
1205 2637 1296 2663 quare.
1314 2629 1332 2660 Ι,
1346 2636 1400 2661 ιιιι,
1413 2636 1440 2661 4.

1263 2716 1308 2753 M

935 2810 1055 2834 Manum
1073 2822 1108 2827 —
1130 2808 1210 2833 Palus
1227 2807 1335 2833 Maeotis
1353 2807 1410 2832 fluit
1427 2808 1454 2832 in
1473 2814 1545 2832 mare
1563 2807 1632 2832 Pon-

970 2845 1061 2869 ticum.
1074 2844 1103 2874 11,
1117 2851 1135 2876 1,
1149 2851 1174 2877 7.
1187 2857 1206 2863 -
1219 2844 1259 2868 Ι)ε
1271 2843 1327 2868 εἰιιε
1340 2842 1522 2875 profunditate.
1537 2843 1601 2868 ibid.
1613 2857 1633 2863 —

971 2880 1000 2905 In
1018 2880 1103 2913 ipsam
1122 2880 1196 2904 multi
1215 2879 1285 2904 fluvii
1304 2879 1452 2904 decurrunt.
1475 2879 1538 2904 ibid.
1556 2893 1575 2898 -
1592 2879 1632 2903 De

971 2916 1028 2940 eius
1047 2915 1224 2940 exsiccatione.
1243 2915 1262 2945 Ι,
1280 2921 1341 2945 xvn,
1360 2922 1386 2947 7.

937 2952 1057 2976 Mannum
1076 2965 1110 2969 —
1133 2950 1198 2975 VIde
1217 2950 1382 2975 Comitum.

935 2987 1016 3012 Mans
1035 3001 1069 3005 —
1088 2986 1232 3019 Opiniones
1251 2985 1419 3018 antiquorum
1438 2985 1471 3010 de
1488 2985 1588 3017 origine
1606 2990 1632 3010 et

972 3022 1101 3047 salsedine
1119 3022 1207 3046 maris.
1227 3021 1256 3052 ΙΙ,
1273 3029 1292 3052 ι,
1313 3021 1337 3052 3,
1355 3028 1382 3052 4.
1399 3034 1419 3040 -
1437 3020 1509 3052 Item,
1524 3021 1557 3045 de
1575 3020 1631 3045 eius

972 3063 1072 3083 natura.
1091 3058 1120 3089 ΙΙ,
1138 3065 1166 3089 ιι,
1188 3065 1242 3082 2.-
1254 3057 1327 3088 Item,
1341 3056 1373 3080 de
1391 3056 1447 3081 eius
1466 3055 1631 3089 incoeptione

962 3092 998 3118 'et
1016 3093 1126 3118 defectu.
1144 3093 1174 3124 Π,
1192 3100 1226 3124 rv,
1247 3099 1270 3123 2,
1292 3091 1317 3117 3.

1007 3128 1086 3154 Maris
1104 3136 1157 3153 non
1176 3132 1238 3153 sunt
1256 3127 1351 3152 fontes.
1369 3126 1398 3158 11,
1416 3134 1434 3158 ι,
1449 3125 1462 3151 5
1479 3134 1539 3159 sqq.
1552 3140 1572 3146 —
1584 3126 1631 3151 Est

971 3165 1047 3189 Iocus
1065 3163 1189 3189 naturalis
1213 3163 1293 3188 totius
1316 3169 1408 3195 aquae.
1427 3162 1460 3193 ΙΙ,
1478 3169 1498 3186 ιι
1512 3168 1565 3193 per
1583 3164 1631 3186 tot.

971 3207 1009 3231 m,
1028 3207 1054 3231 4,
1074 3199 1099 3224 5.
1115 3212 1137 3218 -
1153 3199 1201 3223 Est
1225 3198 1352 3223 terminus
1377 3205 1516 3229 aquarum,
1535 3201 1562 3221 et
1579 3204 1632 3221 non

972 3234 1133 3267 principium.
1152 3234 1181 3265 ΙΙ,
1200 3241 1228 3265 ιι,
1249 3241 1273 3265 2,
1293 3241 1318 3266 7.
1336 3241 1373 3263 ιιι,
1391 3241 1417 3264 4,
1438 3231 1462 3257 5.
1484 3232 1524 3266 Cf.
1543 3232 1561 3263 1,
1581 3239 1630 3263 xvr,

974 3269 988 3295 5
1009 3278 1069 3303 sqq.
1088 3270 1117 3301 11,
1135 3277 1170 3301 vr,
1189 3277 1214 3302 7.
1231 3282 1251 3288 —·
1269 3268 1355 3299 Quare
1374 3275 1427 3292 non
1446 3273 1551 3298 crescat,
1571 3275 1631 3291 cum

972 3310 1012 3330 tot
1030 3310 1056 3330 et
1074 3310 1144 3330 tanta
1162 3304 1269 3329 flumina
1283 3304 1309 3328 in
1327 3303 1413 3336 ipsum
1432 3302 1536 3327 intrent.
1550 3302 1579 3333 11,
1594 3310 1631 3332 m,

976 3349 998 3371 1,
1019 3348 1043 3365 2.
1060 3354 1080 3359 -
1098 3339 1248 3365 Excluditur
1266 3338 1330 3364 salsa
1348 3338 1444 3363 solutio
1463 3338 1587 3363 Platonis.
1601 3338 1630 3367 ΙΙ,

972 3383 1017 3407 ιιι,
1038 3375 1051 3400 3
1071 3383 1132 3408 sqq.
1149 3388 1169 3394 -
1185 3375 1257 3399 Mare
1275 3382 1381 3406 semper
1405 3373 1454 3398 fuit
1478 3378 1504 3398 ει
1526 3380 1632 3406 semper

972 3411 1028 3436 erit.
1046 3411 1076 3442 11,
1088 3418 1115 3435 ιν
1123 3417 1176 3442 per
1189 3413 1238 3435 tot.
1250 3417 1285 3441 νι,
1299 3417 1323 3442 7.
1336 3423 1355 3428 -
1367 3408 1517 3434 Secundum
1529 3408 1630 3441 aliquas

973 3446 1155 3471 determinatas
1169 3445 1291 3478 periodos
1311 3445 1400 3469 accidit
1418 3443 1533 3469 defectus
1552 3443 1631 3468 maris

971 3482 998 3506 in
1012 3481 1121 3506 diversis
1140 3480 1256 3514 partibus
1274 3485 1366 3505 terrae.
1379 3480 1397 3510 Ι,
1410 3487 1461 3504 xvu
1470 3486 1523 3511 per
1538 3482 1587 3504 tot.
1602 3479 1631 3508 11,

971 3524 1006 3548 ιν,
1025 3516 1049 3542 5.
1062 3524 1097 3547 vr,
1110 3524 1136 3548 7.
1148 3530 1168 3536 -
1181 3516 1340 3540 Reiiciuntur
1356 3514 1492 3547 opiniones
1511 3514 1632 3547 antiquo-

972 3560 1031 3576 rum
1046 3552 1078 3576 de
1093 3551 1221 3576 salsedine
1233 3551 1321 3576 maris.
1337 3551 1365 3582 ΙΙ,
1380 3558 1397 3575 v
1406 3557 1458 3582 per
1472 3553 1522 3575 tot.
1532 3563 1553 3569 -
1562 3550 1632 3574 Vera

973 3595 1050 3612 causa
1062 3587 1139 3612 huius
1152 3586 1306 3619 assignatur.
1321 3586 1350 3617 11,
1362 3593 1390 3617 n,
1407 3593 1430 3617 2,
1446 3593 1471 3618 7.
1484 3593 1511 3610 vr
1518 3592 1571 3618 per
1583 3588 1632 3610 tot.

2303 240 2380 286 453

1718 330 1739 337 ·-
1751 318 1827 350 Aqua
1842 318 1928 349 maris,
1943 318 2026 343 colata
2038 326 2084 351 per
2096 323 2200 350 terram,
2210 317 2318 344 efficitur
2331 327 2380 352 po-

1719 353 1814 378 tabilis.
1833 353 1862 384 ΙΙ,
1880 361 1908 383 ιι,
1929 360 1953 378 2.
1970 367 1990 372 -
2008 353 2085 384 Quod
2104 360 2226 387 evaporat
2250 355 2283 380 de
2302 356 2380 387 mari,

1718 387 1748 413 fit
1766 396 1834 422 aqua
1852 389 1950 414 dulcis:
1970 396 2061 422 quare.
2079 389 2109 421 ΙΙ,
2121 397 2157 421 v1,
2171 389 2197 415 6.
2213 390 2253 423 Cf.
2267 390 2295 420 ll,
2310 398 2338 422 11,
2354 399 2380 423 7.

1718 431 1756 454 m,
1776 423 1801 449 5.
1813 437 1833 444 -
1845 424 1908 449 Pars
1927 430 2065 457 evaporata
2087 430 2128 450 est
2149 425 2335 458 submultiplex
2348 426 2378 451 il-

1718 459 1769 485 lius
1788 460 1859 492 quod
1878 464 2004 485 remanet.
2023 460 2059 491 11,
2077 467 2107 490 V,
2128 459 2152 485 5.
2170 474 2190 480 -
2206 461 2282 494 Aqua
2301 462 2379 487 maris

1719 495 1805 520 differt
1822 496 1854 520 ab
1877 495 1954 528 aquis
1981 495 2119 520 fluminum
2141 495 2168 520 in
2187 495 2237 521 hoc
2255 497 2326 529 quod
2345 497 2378 522 sit

1719 532 1797 559 salsa.
1816 531 1850 562 ΙΙ,
1868 539 1900 561 V,
1921 530 1944 556 3.
1962 544 1982 550 —-
1999 531 2047 556 Est
2071 531 2189 563 grossior
2212 539 2292 564 quam
2311 540 2378 566 aqua

1718 566 1867 592 fluviorum.
1886 566 1915 598 ΙΙ,
1933 574 1968 598 vr,
1987 565 2014 591 8.
2027 579 2046 586 -
2061 567 2131 591 Mare
2150 574 2255 599 semper
2273 575 2378 592 conser-

1719 607 1794 627 vatur
1813 603 1923 635 aequale
1942 607 1967 627 et
1991 602 2018 627 in
2037 602 2179 635 quantitate
2203 607 2230 627 et
2248 603 2274 628 in
2298 603 2380 628 salse-

1719 637 1794 669 dine;
1814 638 1860 662 sed
1879 642 1965 670 partes
1991 638 2046 663 eius
2071 645 2124 662 non
2148 645 2253 670 semper
2275 644 2381 664 manent

1719 674 1835 698 eaedem.
1854 673 1884 705 ΙΙ,
1902 680 1937 705 vr,
1958 672 1982 705 5,
2003 681 2028 706 7.
2050 673 2092 707 Cf.
2110 673 2139 705 ΙΙ,
2157 681 2182 705 ν,
2204 681 2229 699 2.
2240 687 2260 694 ·-
2275 674 2380 706 Triplex

1717 709 1783 734 ratio
1801 708 1885 734 fluxus
1905 708 1951 742 qui
1968 709 2071 734 Videtur
2088 709 2116 734 in
2138 709 2211 734 mari.
2232 709 2262 741 11,
2281 717 2299 741 1,
2318 718 2343 742 7.
2361 723 2380 729 -

1718 744 1817 769 Fluxus
1827 749 1853 769 et
1866 743 1979 770 refluxus
1993 745 2072 771 maris
2082 749 2123 770 est
2136 745 2275 770 naturalis:
2290 753 2378 778 quare.

1718 779 1754 811 ΙΙ,
1772 787 1832 810 νιιι,
1855 788 1878 805 ι.
1894 793 1914 799 -
1932 780 2003 805 Mare
2021 785 2062 805 est
2086 779 2199 805 calidum
2217 785 2243 805 et
2260 781 2380 814 regiones

1718 815 1896 848 propinquae:
1915 823 2004 848 quare.
2022 815 2052 847 11,
2070 823 2105 846 Vl,
2123 822 2151 847 4.

1683 850 1808 875 Munius
1827 865 1861 869 -
1880 851 2003 881 Materia,
2022 850 2106 876 forma
2132 855 2159 876 et
2181 851 2291 884 privatio
2318 857 2380 877 sunt

1719 886 1803 918 prima
1821 886 1946 919 principia
1973 891 2088 912 naturae.
2107 886 2132 918 Ι,
2149 893 2174 918 1,
2195 886 2220 912 3.
2236 900 2257 907 ·-
2273 887 2380 912 Materia

1720 926 1745 946 et
1759 921 1842 947 forma
1854 927 1916 947 sunt
1928 922 2056 948 elementa
2069 929 2218 954 corporum,
2228 930 2281 947 non
2291 927 2379 948 tamen

1719 964 1838 989 corpora.
1861 957 1925 982 ibid.
1942 971 1962 977 -
1984 957 2104 988 Quorum
2132 962 2174 982 est
2196 965 2249 983 una
2272 958 2379 983 materia

1719 993 1875 1024 communis,
1890 1000 1973 1018 unum
1991 998 2032 1018 εει
2049 993 2075 1018 ἰιι
2093 993 2208 1025 potentia
2226 993 2254 1018 in
2272 993 2331 1019 alio.
2350 994 2378 1026 1,

1719 1035 1756 1058 ιιι,
1777 1035 1801 1053 2.
1820 1028 1927 1053 Materia
1939 1033 1980 1054 est
1997 1036 2079 1054 unum
2095 1036 2127 1053 ex
2149 1033 2261 1061 quatuor
2278 1029 2380 1061 generi-

1719 1063 1768 1088 bus
1792 1071 1938 1089 causarum.
1956 1063 1980 1096 Ι,
2000 1072 2023 1095 ι,
2049 1063 2072 1089 3.
2090 1071 2125 1095 ιι,
2146 1063 2170 1089 5.
2187 1077 2207 1083 -
2225 1064 2322 1090 Patitur
2346 1065 2378 1090 ab

1720 1104 1820 1131 agente.
1839 1099 1857 1130 Ι,
1876 1106 1903 1130 ιι,
1921 1107 1948 1130 4.
1965 1113 1985 1119 -
2002 1100 2112 1124 Movens
2131 1099 2216 1125 educit
2242 1099 2328 1132 ipsam
2346 1101 2379 1126 de

1719 1134 1833 1166 potentia
1851 1134 1877 1159 in
1896 1139 1991 1160 actum.
2010 1135 2073 1161 ibid.
2090 1148 2111 1155 —·
2127 1135 2205 1167 Item,
2225 1143 2306 1169 agens
2324 1136 2378 1168 pri-

1693 1176 1698 1180 ·
1719 1177 1802 1195 mum.
1821 1170 1840 1200 Ι,
1858 1178 1892 1202 1v,
1913 1169 1937 1195 5.

1683 1205 1881 1230 Mummi-rea
1899 1219 1934 1224 -
1952 1206 1981 1231 ln
2006 1205 2194 1232 mathematicis
2219 1207 2378 1239 exquirenda

1719 1245 1760 1266 est
1771 1241 1959 1266 demonstratio
1972 1246 2041 1267 certa
2062 1246 2089 1266 et
2105 1242 2262 1268 necessaria.
2274 1242 2292 1274 Ι,
2306 1250 2341 1268 ιι.
2355 1250 2378 1267 ι.

1684 1277 1792 1302 Μιιυισιι
1810 1291 1844 1295 -
1863 1277 1978 1302 Medium
1992 1285 2045 1302 non
2059 1282 2147 1310 potest
2160 1285 2220 1302 esse
2233 1278 2307 1302 locus
2321 1285 2379 1302 cor-

1718 1313 1802 1344 poris:
1821 1319 1910 1344 quare.
1929 1313 1948 1343 Ι,
1966 1320 1999 1342 1v,
2014 1312 2039 1338 6.
2053 1327 2074 1333 -
2085 1312 2143 1337 Non
2162 1320 2267 1345 semper
2285 1313 2378 1338 eadem

1721 1347 1807 1380 specie
1825 1347 2012 1373 immutationis
2030 1348 2198 1374 immutantur
2217 1349 2332 1374 medium
2351 1354 2377 1373 et

1719 1388 1873 1408 extremum.
1891 1383 1910 1414 1,
1928 1391 1953 1415 v,
1973 1391 1998 1416 7.

1683 1419 1841 1444 Mnacmuus
1860 1433 1895 1437 —
1914 1419 1993 1444 Stella
2017 1426 2115 1444 errans.
2134 1419 2158 1451 Ι,
2176 1427 2216 1451 u,
2237 1425 2262 1444 2.
2279 1433 2299 1440 -
2316 1419 2378 1444 Fre-

1720 1459 1831 1487 quenter
1847 1462 1902 1478 non
1920 1459 2040 1487 apparet:
2059 1462 2147 1487 quare.
2166 1455 2185 1480 Ι.
2203 1462 2237 1486 ιι,
2258 1454 2283 1480 3.

1684 1490 1852 1515 Msmmsnus
1871 1497 1999 1515 umectus
2018 1504 2052 1508 —
2072 1490 2124 1520 Qui
2142 1490 2183 1515 sit.
2193 1490 2222 1521 11,
2236 1498 2260 1522 x,
2277 1497 2302 1516 2.

1684 1525 1854 1550 Min-nnana
1872 1539 1907 1543 —
1925 1525 2018 1550 Dicere
2029 1533 2075 1558 per
2089 1525 2253 1558 metaphoras
2269 1525 2380 1558 pertinet

1721 1561 1754 1585 ad
1767 1565 1866 1593 poetas.
1885 1561 1914 1592 ΙΙ,
1933 1568 1958 1590 ν,
1976 1568 2003 1592 4.
2015 1574 2035 1580 --
2053 1560 2110 1586 Non
2125 1559 2218 1586 sufficit
2236 1561 2268 1586 ad
2283 1568 2379 1594 cogno-

1721 1596 1844 1620 scendam
1863 1601 1982 1621 naturam
2000 1596 2052 1621 rei:
2071 1604 2160 1629 quare.
2180 1596 2244 1621 ibid.

1685 1632 1895 1656 Mersoaomora
1913 1646 1947 1650 —
1967 1632 2029 1656 Pars
2044 1631 2165 1657 scientiae
2178 1632 2315 1657 naturalis:
2334 1632 2379 1656 de-

1721 1667 1812 1692 rivatio
1831 1667 1908 1692 huius
1926 1667 2049 1693 nominis.
2068 1667 2086 1696 Ι,
2099 1675 2117 1699 ι,
2136 1675 2161 1699 4.
2172 1679 2193 1687 -·
2205 1667 2244 1692 De
2262 1667 2292 1692 iis
2311 1675 2379 1700 quae

1722 1702 1919 1728 considerautur
1937 1703 1963 1727 in
1981 1702 2030 1728 hac
2048 1703 2170 1728 doctrina.
2188 1702 2206 1734 Ι,
2220 1710 2238 1732 1,
2255 1702 2268 1727 5
2289 1710 2381 1735 sqq.—

1721 1738 1781 1763 Non
1798 1738 1886 1763 omnia
1905 1746 1965 1764 cum
1975 1738 2138 1770 *certitudine*
2149 1738 2214 1763 tradi
2226 1744 2347 1771 possunt.
2361 1738 2380 1769 1,

1720 1781 1739 1805 ι,
1759 1782 1785 1807 7.
1802 1782 1836 1804 ιι,
1859 1781 1880 1799 ι.

1685 1809 1796 1835 Mon-ras
1815 1823 1849 1828 —-
1868 1809 1897 1835 ln
1915 1809 2047 1835 montibus
2073 1809 2206 1834 altissimis
2231 1817 2283 1834 non
2301 1816 2380 1842 gene-

1722 1850 1812 1870 rantur
1829 1853 1877 1870 nec
1895 1845 1965 1870 venti
1990 1852 2039 1870 nec
2061 1845 2172 1878 pluviae.
2191 1845 2209 1874 1,
2226 1852 2252 1876 V,
2273 1852 2297 1870 2.
2314 1858 2334 1865 ·-
2352 1845 2380 1869 In

1722 1880 1787 1914 ipsis
1806 1888 1892 1913 neque
1910 1888 1954 1905 ros
1973 1888 2060 1913 neque
2077 1881 2168 1913 pruina
2186 1880 2261 1905 cadit.
2280 1880 2305 1911 1,
2323 1887 2380 1911 ιιν,

1726 1915 1765 1941 ι3.
1784 1931 1804 1936 -
1823 1916 1851 1941 ln
1870 1916 2004 1941 montibus
2018 1924 2071 1941 non
2088 1916 2123 1941 ita
2142 1915 2198 1941 altis
2215 1915 2281 1944 cadit
2295 1915 2380 1948 pluvia

1721 1956 1748 1977 et
1765 1952 1816 1977 nix.
1835 1952 1853 1983 1,
1871 1959 1921 1983 ιιν,
1940 1951 1981 1977 ι3.
1998 1959 2039 1983 xv,
2054 1959 2110 1984 7.-
2122 1951 2151 1976 ln
2170 1951 2228 1976 altis
2247 1951 2379 1976 montibus

1721 1995 1775 2012 nou
1792 1986 1857 2013 fiunt
1875 1987 2021 2020 grandines.
2039 1987 2058 2018 Ι,
2076 1994 2116 2018 xv,
2136 1995 2162 2020 7.

1686 2023 1779 2048 Μαι-[ιε
1797 2037 1832 2042 -
1850 2023 1890 2048 Ι)ε
1909 2027 1982 2048 motu
2000 2022 2027 2047 in
2045 2029 2140 2055 genere
2158 2022 2241 2055 agitur
2258 2022 2285 2047 in
2307 2021 2380 2047 libris

1723 2058 1904 2092 Physicorum.
1922 2059 1940 2090 1,
1959 2066 1977 2090 ι,
1998 2058 2022 2084 3.
2038 2071 2059 2077 ·-
2075 2058 2181 2091 Triplex
2193 2062 2281 2082 motus
2301 2057 2379 2090 (loca-

1723 2095 1773 2128 lis)
1793 2101 1942 2127 corporum.
1960 2094 1978 2126 Ι,
1997 2101 2025 2126 ιι,
2045 2101 2069 2119 2.
2086 2107 2107 2113 -
2123 2094 2163 2118 De
2181 2093 2295 2118 motibus
2313 2093 2381 2118 obli-

1722 2130 1792 2163 quis.
1806 2130 1824 2160 Ι,
1834 2137 1878 2159 νιι,
1891 2137 1919 2162 4.
1931 2130 1972 2164 Cf.
1981 2129 2010 2161 ΙΙ,
2020 2137 2075 2160 vm,
2089 2137 2110 2154 1.
2118 2142 2138 2148 -
2151 2129 2237 2154 Motus
2250 2128 2380 2153 circularis

1722 2171 1763 2190 est
1776 2165 1905 2198 perfectus
1924 2165 1949 2190 in
1964 2165 2079 2198 qualibet
2092 2169 2173 2197 parte.
2187 2164 2205 2196 Ι,
2214 2171 2242 2194 ιι,
2257 2163 2281 2189 5.
2291 2175 2312 2183 -·
2324 2164 2381 2189 Μο-

1722 2206 1764 2226 tus
1782 2206 1870 2226 rectus
1889 2205 1929 2225 est
1947 2200 2078 2233 perfectus
2097 2201 2123 2225 in
2140 2199 2200 2224 fine.
2214 2199 2277 2224 ibid.
2290 2213 2310 2218 -
2321 2199 2379 2224 Non

1722 2237 1797 2261 durat
1810 2244 1880 2261 unus
1899 2236 2036 2261 continuus
2048 2235 2098 2260 nisi
2115 2235 2260 2260 secundum
2274 2242 2380 2259 mensu-

1722 2280 1779 2297 ram
1797 2271 1980 2304 magnitudinis
2005 2276 2089 2296 rectae
2113 2278 2160 2303 per
2178 2278 2259 2303 quarn
2278 2270 2379 2295 transit.

1723 2308 1788 2333 ibid.
1804 2321 1824 2327 -
1847 2308 1935 2332 Motus
1964 2306 2074 2332 reflexus
2100 2314 2153 2331 non
2180 2311 2220 2331 est
2244 2305 2380 2331 continuus

1723 2343 1790 2376 (vm
1809 2342 1938 2376 Hysia).
1957 2342 2052 2367 ibid.—
2069 2342 2164 2368 Omnis
2183 2346 2271 2366 motus
2289 2341 2379 2366 localis

1722 2383 1763 2404 est
1780 2378 1807 2404 in
1825 2383 1951 2410 tempore.
1970 2378 1990 2403 1.
2007 2385 2049 2409 xv,
2069 2385 2109 2402 ιι.
2125 2390 2146 2397 -
2163 2377 2258 2402 Omnia
2276 2381 2381 2402 natura-

1722 2414 1781 2439 liter
1798 2414 1906 2439 tendunt
1924 2414 1956 2439 ad
1975 2414 2062 2438 locum
2080 2412 2224 2446 proprium.
2242 2412 2271 2442 ΙΙ,
2284 2419 2311 2442 ιι,
2326 2419 2350 2437 2.
2361 2426 2381 2431 -

1722 2450 1800 2480 Quod
1811 2457 1915 2482 semper
1925 2453 2020 2480 movet,
2031 2452 2194 2481 comparatur
2204 2448 2237 2473 ad
2247 2455 2300 2473 non
2309 2455 2379 2473 sem-

1721 2493 1769 2518 per
1787 2490 1890 2510 motum
1907 2490 1936 2510 ut
1955 2492 2044 2518 agens.
2062 2484 2080 2516 1,
2092 2491 2122 2515 11,
2138 2483 2161 2508 5.
2173 2497 2193 2502 -
2205 2484 2291 2508 Motus
2303 2488 2379 2508 natus

1722 2525 1764 2546 est
1776 2521 1866 2554 ignire.
1880 2521 1899 2552 Ι,
1908 2528 1933 2551 V,
1945 2519 1970 2546 5.
1982 2534 2001 2539 -
2014 2520 2100 2545 Motus
2114 2526 2226 2544 causans
2239 2518 2379 2544 vehemen-

1722 2561 1776 2581 tem
1795 2557 1908 2581 calorem
1921 2556 1998 2581 debet
2011 2563 2071 2580 esse
2083 2555 2158 2580 velox
2171 2559 2196 2580 et
2209 2554 2380 2587 propinquus.

1722 2591 1742 2623 Ι,
1759 2600 1784 2624 V,
1803 2591 1830 2617 6.
1841 2604 1862 2612 -
1872 2591 1959 2616 Motus
1977 2590 2094 2616 rarefacit
2107 2595 2133 2615 et
2151 2591 2380 2623 congregationem

1722 2627 1839 2660 impedit.
1852 2627 1871 2659 Ι,
1882 2635 1912 2658 V,
1928 2634 1953 2652 2.
1965 2640 1985 2647 —-
1997 2627 2083 2651 Motus
2102 2626 2219 2659 corporis
2237 2626 2313 2650 solidi
2325 2633 2380 2650 ma-

1722 2663 1791 2688 xime
1810 2664 1941 2696 disgregat
1958 2667 1984 2687 et
2002 2667 2090 2687 causat
2108 2662 2230 2686 calorem.
2248 2661 2266 2692 Ι,
2284 2669 2309 2691 V,
2328 2669 2382 2694 7.—

1724 2699 1810 2724 Causa
1828 2706 1948 2723 movens.
1971 2697 2036 2723 Vide
2052 2698 2153 2723 Ausus.

1687 2735 1800 2760 Murmus
1819 2749 1853 2753 ——
1873 2734 1990 2765 Caelum,
2005 2741 2053 2758 seu
2072 2737 2153 2758 totum
2173 2732 2308 2763 mundum,
2321 2739 2381 2757 esse

1723 2770 1869 2796 subiectum
1887 2769 2045 2802 generationi
2064 2773 2090 2794 et
2108 2767 2263 2801 corruptioni
2283 2775 2380 2800 posue-

1722 2811 1784 2831 runt
1802 2805 1922 2838 quidam:
1941 2804 2008 2830 falso
2030 2809 2126 2829 tamen.
2145 2803 2163 2835 Ι,
2182 2810 2241 2832 ινιι,
2260 2810 2286 2834 4,
2305 2802 2331 2828 6.
2350 2803 2378 2834 ΙΙ,

1722 2849 1757 2871 ιν,
1771 2841 1795 2866 5.
1811 2841 1851 2874 Cf.
1866 2840 1894 2871 ΙΙ,
1909 2847 1943 2870 ιν,
1960 2847 1984 2864 2.
1994 2853 2015 2860 -
2032 2839 2179 2864 Secundum
2198 2843 2284 2871 partes
2302 2846 2379 2863 mun-

1723 2877 1774 2902 dus
1793 2882 1833 2901 est
1855 2875 2008 2908 generabilis
2032 2879 2058 2899 et
2080 2873 2261 2906 corruptibilis.
2280 2873 2344 2898 ibid.
2361 2886 2380 2892 -

1722 2912 1876 2937 Aristoteles
1901 2911 1989 2943 posuit
2011 2910 2098 2942 ipsum
2125 2917 2184 2934 esse
2206 2914 2378 2942 perpetuum:

1722 2947 1786 2972 haec
1805 2946 1899 2980 positio
1918 2950 1958 2970 est
1979 2952 2087 2970 erronea
2105 2949 2130 2969 et
2149 2944 2230 2969 aliena
2249 2952 2264 2969 a
2281 2943 2341 2969 fide.
2360 2944 2378 2975 Ι,

1722 2991 1760 3014 ιιι,
1776 2982 1800 3008 5.
1814 2989 1874 3012 xvu,
1888 2981 1913 3006 8.
1928 2981 1956 3012 ΙΙ,
1971 2989 2004 3010 1v,
2021 2988 2045 3006 2.
2062 2981 2103 3014 Cf.
2116 2980 2133 3009 Ι,
2146 2988 2205 3011 ινιι,
2220 2979 2378 3005 6.-Τοιιιιιι

1722 3026 1782 3044 εεεε
1794 3022 1900 3050 propter
1917 3021 2012 3042 terram
2030 3021 2056 3041 et
2069 3023 2164 3049 aquam
2183 3015 2300 3040 dixerunt
2317 3022 2379 3047 poe-

1722 3059 1763 3078 tae
1780 3053 1916 3085 Theologi.
1935 3052 1964 3083 ΙΙ,
1983 3059 2000 3082 ι,
2021 3051 2045 3077 3.

1757 3089 1871 3113 Mundus
1885 3087 1990 3113 inferior
2001 3091 2101 3112 constat
2119 3094 2150 3112 ex
2163 3091 2274 3119 quatuor
2288 3094 2379 3119 corpo-

1721 3124 1802 3149 ribus.
1821 3124 1844 3155 1,
1862 3131 1895 3154 ιι,
1915 3130 1944 3154 2,
1965 3122 1990 3148 3.
2006 3136 2027 3142 -·
2044 3122 2203 3154 Supponitur
2221 3123 2378 3154 generationi

1722 3165 1748 3184 et
1773 3158 1939 3192 corruptioni.
1959 3158 1980 3188 Ι,
1998 3165 2058 3189 xm,
2077 3157 2103 3183 8.
2119 3171 2139 3177 --
2156 3158 2195 3182 De
2213 3157 2378 3190 passionibus

1722 3195 1778 3220 eius
1797 3194 1838 3219 hic
1857 3194 1953 3227 agitur:
1973 3201 2040 3226 quae
2058 3193 2117 3218 sint.
2136 3193 2155 3224 Ι,
2174 3200 2207 3224 ιι,
2229 3200 2253 3218 2.
2270 3207 2290 3213 -
2308 3193 2378 3224 Qua-

1721 3235 1782 3255 tuor
1794 3231 1922 3255 elementa
1934 3233 1960 3254 et
1974 3228 2118 3261 composita
2130 3236 2161 3253 ex
2174 3228 2212 3253 eis
2227 3234 2289 3254 sunt
2302 3236 2379 3254 causa

1722 3265 1859 3290 materialis
1878 3264 2048 3290 accidentium
2062 3263 2152 3289 mundi
2169 3263 2303 3289 inferioris.
2318 3264 2336 3295 Ι,
2350 3272 2378 3295 ιι,

1723 3300 1748 3325 5.
1766 3315 1784 3320 -—
1802 3301 1888 3325 Motus
1907 3300 2056 3324 inferiorum
2078 3306 2216 3332 corporum
2236 3304 2297 3324 sunt
2315 3298 2378 3324 finiti

1722 3341 1748 3361 et
1766 3344 1819 3360 non
1843 3336 1970 3369 perpetui.
1989 3335 2052 3360 ibid.
2070 3349 2088 3354 -
2107 3335 2243 3367 Reguntur
2267 3342 2296 3360 ac
2322 3343 2379 3360 mo-

1721 3376 1814 3396 ventur
1832 3379 1847 3396 a
1865 3370 2016 3403 corporibus
2031 3370 2208 3403 superioribus
2214 3377 2221 3400 ;
2241 3370 2320 3403 idque
2334 3378 2379 3395 na-

1722 3407 1846 3432 turaliter.
1865 3407 1884 3437 Ι,
1902 3414 1930 3438 ιι,
1952 3406 1965 3431 3
1986 3414 2045 3439 sqq.
2064 3406 2099 3437 11,
2118 3413 2177 3435 vm,
2200 3414 2222 3431 1.
2240 3419 2259 3425 —
2278 3406 2378 3431 Omnes

1722 3442 1949 3467 transmutationes
1963 3442 1989 3466 in
2003 3441 2165 3469 inferioribus
2174 3441 2325 3466 ordinantur
2338 3449 2379 3466 se-

1723 3478 1838 3503 cundum
1855 3482 1956 3502 motum
1976 3477 2048 3502 caeli.
2067 3477 2090 3508 Ι,
2108 3484 2172 3506 xm,
2196 3485 2217 3502 1.
2239 3477 2280 3511 Cf.
2299 3477 2332 3508 ΙΙ,
2351 3484 2378 3508 ιι,

1722 3521 1749 3545 4.
1760 3528 1780 3533 -
1792 3513 1908 3546 Corpora
1926 3512 2047 3537 inferiora
2064 3512 2190 3545 recipiunt
2207 3520 2223 3537 a
2241 3512 2378 3545 superiori-

1722 3549 1771 3574 bus
1791 3556 1843 3573 non
1868 3549 1955 3573 solum
1977 3547 2116 3574 accidentia
2134 3548 2181 3573 sed
2200 3548 2277 3572 etiam
2295 3547 2378 3589 ipsam

1722 3589 1851 3609 naturam.
1870 3584 1888 3614 Ι,
1907 3591 1947 3615 ιν,
1968 3583 1992 3608 5.
2010 3591 2034 3613 V,
2055 3591 2080 3616 7.
2092 3597 2113 3602 —
2126 3583 2189 3608 Pars
2208 3583 2296 3608 mundi
2315 3582 2379 3608 infe-
