2782 4134
104 396 116 407 *
130 396 153 416 et
169 393 238 415 codd.

209 1285 222 1316 ξ

114 1349 123 1358 “’
134 1347 190 1374 Cap.
198 1351 240 1372 vn;
252 1344 322 1367 S.Th.

112 1375 163 1396 lect.
173 1379 205 1394 xi.
232 1406 237 1410 .

115 1613 124 1622 ·
139 1612 162 1633 ei
173 1617 199 1638 1³3
214 1611 243 1632 cf.
254 1610 320 1638 paulo

113 1638 178 1660 infra.

118 2304 126 2313 ·
142 2302 175 2324 eis
190 2308 236 2324 om.
250 2309 272 2324 Α.

118 2405 127 2414 ·
137 2403 185 2426 Sed
193 2409 227 2432 rc,
242 2403 273 2425 Et
281 2407 324 2426 cet.

117 2436 167 2452 exc.
181 2437 202 2452 A.

119 2457 142 2469 ⁹*
151 2457 221 2479 Num.
230 2457 244 2479 6
254 2457 326 2484 princ.

119 2517 127 2526 ·
147 2517 171 2536 et
188 2514 240 2536 add.
259 2514 327 2537 codd.

117 2547 168 2564 exe.
180 2547 218 2564 Aa.

348 250 393 288 16

345 339 426 367 tum
446 327 668 365 naturalem.
686 323 762 361 Sed
778 323 853 359 hoe
868 327 923 357 est
942 317 1189 368 impossibile:
1208 314 1296 364 quia
1309 313 1345 350 si
1361 311 1406 349 sit

347 383 382 420 ei
410 379 588 419 naturalis
607 385 734 415 motus
754 375 818 425 qui
839 381 894 411 est
913 384 1078 418 sursum,
1101 369 1168 406 erit
1192 367 1285 426 ignis
1305 373 1370 403 aut
1385 366 1404 385 '¹‘

348 448 433 482 aer;
463 434 493 471 si
521 439 648 470 autem
677 437 803 467 motus
824 427 888 477 qui
918 434 972 463 est
996 425 1188 480 deorsum,
1219 427 1286 456 erit
1305 430 1406 466 aqua

348 496 412 526 aut
429 496 541 533 terra;
569 484 736 534 positum
766 489 821 518 est
849 487 975 517 autem
1004 476 1107 526 quod
1127 482 1172 511 sit
1192 480 1293 509 extra
1313 483 1404 520 qua-

347 550 435 579 tuor
463 541 658 577 elementa.
689 535 751 573 Sic
780 546 868 581 ergo
895 542 1046 569 necesse
1069 535 1122 564 est
1142 537 1279 574 corpus
1299 523 1405 583 quod

348 601 525 632 movetur
540 589 776 634 circulariter,
793 584 1005 623 naturaliter
1023 583 1098 618 hoc
1117 586 1225 616 motu
1242 589 1403 615 moven.

401 646 560 684 Videtur
587 651 714 680 autem
733 639 961 682 Aristoteles,
992 634 1203 672 secundum
1233 643 1277 690 ea
1306 643 1404 679 quae

349 701 410 738 hic
430 699 517 737 dicit
530 704 560 745 ¹⁴¹,
577 694 782 733 contrarius
802 703 883 728 esse
904 687 1062 733 Platoni,
1085 686 1150 734 qui
1168 692 1296 734 posuit
1324 696 1405 721 cor-

348 766 420 802 pus
441 751 545 801 quod
573 747 796 786 circulariter
823 745 946 789 fertur,
977 753 1058 778 esse
1080 740 1220 788 ignem.
1251 738 1330 775 Sed
1349 750 1405 774 se-
1446 783 1450 787 .

351 806 518 843 cundum
541 802 735 840 veritatem
764 798 898 834 eadem
919 802 973 832 est
993 794 1091 831 circa
1119 794 1194 830 hoc
1212 791 1406 840 utriusque

349 856 564 908 philosophi
592 853 730 903 opinio.
765 851 871 887 Plato
902 848 1003 886 enim
1032 858 1171 895 corpus
1203 845 1308 894 quod
1338 844 1406 880 cir-

350 911 520 948 culariter
539 909 662 953 fertur,
682 906 807 953 ignem
835 909 949 939 vocat
975 907 1131 950 propter
1149 900 1285 945 lucem,
1307 909 1406 945 quae

349 964 492 1013 species
529 961 620 1010 ignis
646 957 816 1008 ponitur;
846 968 924 992 non
953 954 1058 1002 quod
1086 953 1131 990 sit
1158 958 1170 972 ‘¹
1198 951 1244 988 de
1274 958 1407 987 natura

348 1017 443 1066 ignis
464 1013 707 1052 elementaris.
728 1010 837 1047 Unde
859 1016 895 1045 et
913 1007 1039 1057 posuit
1058 1006 1225 1054 quinque
1247 1015 1408 1053 corpora

350 1071 389 1107 in
419 1069 616 1113 universo,
655 1064 791 1113 quibus
829 1060 1021 1110 adaptavit
1059 1059 1227 1108 quinque
1266 1058 1407 1106 figuras

351 1122 561 1171 corporales
590 1131 683 1167 quas
711 1123 928 1164 geometrae
948 1114 1111 1161 tradunt,
1132 1112 1307 1161 quintum
1327 1123 1408 1148 cor-

348 1189 419 1225 pus
446 1175 628 1212 aetherem
656 1169 866 1207 nominans.
1399 1217 1406 1224 ι

403 1240 437 1276 7.
468 1227 543 1264 Sed
560 1224 721 1270 ulterius,
742 1222 847 1272 quod
866 1221 926 1258 hic
947 1220 1092 1266 dicitur,
1113 1219 1241 1267 ignem
1260 1230 1410 1255 mover1

350 1279 570 1318 circulariter
598 1290 678 1314 esse
705 1283 854 1325 praeter
886 1282 1060 1311 naturam
1083 1270 1112 1320 ε,
1141 1272 1291 1310 videtur
1319 1284 1409 1308 con-

347 1334 498 1372 trarium
526 1332 559 1368 ei
587 1331 692 1379 quod
720 1329 852 1367 dicitur
880 1328 918 1365 in
946 1329 960 1364 1
988 1327 1150 1364 Meteor.
1173 1327 1205 1373 *,
1234 1325 1300 1362 ubi
1328 1325 1410 1375 ipse

347 1386 562 1424 Aristoteles
580 1383 687 1433 ponit
706 1382 811 1431 quod
828 1383 1100 1431 hypeccauma,
1129 1379 1226 1417 idest
1246 1378 1353 1427 ignis,
1375 1386 1411 1416 et

348 1439 516 1489 superior
541 1450 628 1487 pars
657 1436 752 1474 aeris
779 1436 948 1472 feruntur
969 1433 1197 1471 circulariter
1219 1440 1327 1470 motu
1346 1432 1409 1469 fir-

346 1491 535 1538 mamenti,
557 1491 651 1528 sicut
674 1496 776 1539 patet
793 1501 863 1538 per
881 1496 1032 1526 motum
1061 1488 1188 1524 stellae
1219 1493 1405 1523 comatae.

347 1568 371 1575 -
387 1547 463 1583 Sed
491 1543 693 1582 dicendum
713 1550 769 1579 est
801 1542 905 1591 quod
925 1542 985 1579 illa
1005 1540 1196 1578 circulatio
1225 1540 1320 1588 ignis
1347 1540 1410 1577 vel

348 1600 442 1637 aeris
461 1611 538 1636 non
558 1604 612 1634 est
633 1597 685 1634 eis
701 1598 720 1618 Ἐ
740 1595 931 1643 naturalis,
952 1595 1042 1643 quia
1062 1606 1141 1632 non
1167 1601 1342 1631 causatur
1363 1605 1409 1630 ex

347 1652 529 1703 principio
548 1650 769 1696 intrinseco;
798 1661 924 1698 neque
944 1649 1079 1686 iterum
1101 1654 1156 1685 est
1173 1659 1243 1697 per
1261 1647 1407 1684 violen-

347 1706 448 1753 tiam,
473 1705 552 1742 sive
573 1711 702 1741 contra
722 1711 895 1740 naturam
914 1715 922 1748 3
953 1701 1021 1739 sed
1041 1709 1096 1738 est
1115 1701 1407 1749 quodammodo

348 1771 460 1808 supra
487 1766 678 1805 naturam,
707 1756 796 1805 quia
824 1756 906 1793 talis
935 1763 1062 1792 motus
1081 1754 1178 1791 inest
1197 1754 1250 1791 eis
1271 1766 1315 1790 ex
1335 1753 1405 1790 im-

347 1812 539 1862 pressione
568 1810 771 1860 superioris
800 1809 984 1858 corporis,
1015 1807 1121 1845 cuius
1143 1815 1292 1844 motum
1312 1807 1407 1855 ignis

349 1874 384 1903 et
402 1878 465 1903 aer
483 1872 690 1913 sequuntur
713 1863 926 1901 secundum
952 1862 1181 1910 completam
1201 1860 1408 1898 circulatio—

348 1931 446 1967 nem,
467 1918 555 1967 quia
573 1919 667 1955 haec
695 1929 857 1967 corpora
877 1923 963 1954 sunt
982 1915 1088 1952 caelo
1116 1914 1408 1964 propinquiora;

349 1985 447 2021 aqua
465 1984 557 2009 vero
586 1971 796 2009 secundum
821 1969 1103 2007 circulationem
1122 1969 1408 2017 incompletam,

349 2026 485 2063 scilicet
499 2026 708 2063 secundum
729 2025 876 2061 fluxum
897 2031 933 2061 et
952 2023 1141 2060 refluxum
1157 2022 1290 2068 maris3
1311 2029 1410 2059 terra

350 2087 485 2126 autem,
514 2079 617 2116 velut
649 2077 898 2115 remotissima
927 2090 950 2114 a
971 2077 1088 2123 caelo,
1118 2075 1209 2113 nihil
1234 2076 1282 2113 de
1303 2076 1322 2097 *²
1347 2075 1410 2112 tali

348 2132 622 2183 permutatione
650 2131 867 2181 participat,
888 2130 959 2168 nisi
979 2129 1192 2167 secundum
1213 2130 1334 2166 solam
1359 2129 1410 2166 al-

349 2186 570 2223 terationem
596 2185 759 2234 partium
787 2184 918 2234 ipsius.
949 2183 1066 2231 Quod
1087 2190 1214 2220 autem
1234 2182 1331 2220 inest
1354 2183 1410 2220 in-

350 2239 546 2276 ferioribus
566 2238 786 2287 corporibus
815 2251 859 2275 ex
880 2236 1131 2287 impressione
1153 2235 1406 2285 superiorum,

351 2305 429 2330 non
449 2300 503 2330 est
522 2292 574 2329 eis
590 2293 609 2314 ’ῃ
629 2292 839 2329 violentum
858 2303 929 2328 nec
949 2298 1079 2328 contra
1107 2298 1300 2327 naturam:
1321 2289 1410 2338 quia

351 2345 564 2383 naturaliter
583 2353 669 2395 apta
688 2353 772 2382 sunt
791 2344 940 2382 moveri
959 2357 982 2382 a
1002 2343 1186 2394 superiori
1207 2355 1379 2392 corpore.

407 2400 441 2437 8.
471 2401 564 2436 Item
585 2400 604 2421 *²
623 2398 772 2436 videtur
798 2399 934 2435 falsum
963 2411 1046 2435 esse
1075 2397 1181 2446 quod
1205 2397 1266 2434 hic
1288 2397 1327 2418 ²⁸*
1356 2396 1410 2434 di-

354 2452 456 2500 citur,
475 2465 595 2490 unum
613 2452 679 2489 uni
710 2465 791 2489 esse
820 2451 1069 2489 contrarium:
1098 2451 1164 2488 uni
1193 2450 1295 2488 enim
1317 2450 1410 2487 vitio

354 2505 597 2543 contrariatur
617 2513 653 2543 et
674 2505 793 2543 virtus
814 2513 850 2542 et
866 2505 1003 2542 vitium
1023 2504 1255 2553 oppositum,
1277 2503 1371 2541 sicut
1390 2505 1410 2524 ⁶

354 2558 583 2596 illiberalitati
610 2558 850 2608 prodigalitas
870 2566 905 2594 et
923 2557 1133 2595 liberalitas.
1150 2579 1174 2586 -
1194 2557 1411 2595 Dicendum

356 2618 411 2648 est
429 2619 557 2649 autem
585 2613 689 2660 quod
718 2611 842 2649 eidem
863 2611 1074 2649 secundum
1093 2611 1196 2649 idem
1217 2619 1272 2648 est
1290 2623 1411 2649 unum

355 2671 500 2702 tantum
520 2664 764 2704 contrarium:
785 2664 875 2702 nihil
895 2672 1021 2702 tamen
1040 2664 1215 2714 prohibet
1234 2665 1326 2714 quin
1346 2665 1412 2702 uni

409 2823 436 2858 μ.)
460 2822 569 2848 Videtur
586 2826 675 2847 autem
693 2822 862 2852 Aristoteles,
881 2823 1024 2848 secundum
1044 2831 1075 2849 ea
1093 2830 1160 2856 quae
1178 2824 1220 2849 hic
1244 2824 1316 2850 dicit.
1330 2839 1350 2844 —
1370 2825 1410 2850 Vi-

355 2858 433 2884 detur
446 2861 542 2888 autem,
553 2858 694 2883 secundum
709 2865 740 2883 ea
754 2865 820 2890 quae
834 2858 876 2883 hic
884 2859 1039 2884 Aristoteles
1052 2859 1117 2884 dicit
1129 2860 1204 2885 codd.
1214 2866 1238 2885 et
1252 2861 1292 2885 ed.
1307 2859 1382 2886 1516.
1393 2875 1412 2880 -

355 2894 391 2919 lbi
410 2894 464 2919 Sed
481 2893 623 2919 secundum
643 2893 789 2921 veritatem,
810 2894 864 2919 Sed
882 2895 1024 2920 secundum
1043 2895 1083 2920 rei
1102 2896 1238 2921 veritatem
1258 2897 1288 2921 Α.

408 2930 431 2962 ν)
447 2936 498 2954 non
511 2929 582 2962 quod
595 2929 665 2954 sit.-
677 2937 728 2954 non
743 2929 805 2962 quia
818 2929 854 2954 sit
868 2930 942 2955 codd.
953 2944 972 2949 -
984 2931 1039 2955 Lin.
1050 2939 1105 2963 seq.
1119 2939 1166 2963 pro
1180 2939 1301 2964 corpora,
1315 2939 1370 2958 esse
1383 2932 1412 2957 Ρ.

354 2965 414 2989 -In
428 2964 479 2990 fine
497 2972 576 2995 num.‚
592 2973 638 2997 pro
656 2965 796 2990 nominans
815 2965 900 2998 (quod
919 2966 1022 2999 respicit
1036 2967 1137 2999 Plato),
1153 2967 1318 2993 nominantes
1337 2968 1411 2994 codd.

356 3008 409 3026 exc.
421 3000 479 3025 AsE
499 2999 585 3032 (quod
604 3001 742 3033 respiceret
759 3000 937 3035 geometrae).

410 3033 432 3067 Ε)
452 3036 539 3068 ignem
559 3036 659 3061 moveri
676 3036 844 3061 circulariter
862 3044 917 3062 esse
937 3041 1048 3069 praeter
1074 3041 1237 3063 namnam.-
1251 3039 1339 3072 ignem
1359 3047 1411 3065 non

358 3071 456 3095 moueri
474 3071 640 3096 circulariter
658 3074 684 3096 et
696 3075 807 3104 praeter
832 3076 957 3097 naturam
977 3074 1052 3098 codd.
1071 3086 1091 3093 -·
1108 3074 1159 3098 Pro
1178 3075 1283 3100 videtur
1306 3079 1412 3101 contra—

358 3106 435 3135 rium,
450 3106 554 3131 videtur
567 3108 730 3132 contrarium
745 3114 800 3133 esse
814 3108 887 3133 codd.
903 3116 956 3133 exc.
966 3109 1025 3134 Α.-
1038 3109 1088 3134 Pro
1102 3109 1157 3142 ipse
1168 3110 1331 3141 Aristoteles,
1344 3111 1412 3136 idem

357 3141 510 3166 Aristoteles
528 3141 547 3165 Ρ
567 3146 591 3166 et
610 3143 682 3167 codd.
697 3150 749 3167 exc.
762 3144 793 3168 Α.

364 3210 370 3216 ·
412 3176 438 3208 ο)
458 3176 525 3216 idem
543 3177 693 3203 subiectum.
706 3191 724 3198 -·
738 3178 805 3204 idem
819 3179 934 3204 subiecto
947 3180 1022 3205 codd.
1041 3180 1111 3205 Haec
1131 3181 1229 3206 dicendi
1248 3181 1339 3214 forma,
1358 3189 1413 3208 esse

360 3210 428 3251 idem
446 3211 574 3240 subiecto,
593 3220 672 3244 penes
691 3213 856 3239 scholasticos
875 3215 1010 3241 adhibetur
1028 3223 1074 3248 per
1092 3217 1282 3249 oppositionem
1300 3218 1331 3242 ad
1354 3226 1413 3243 esse

360 3246 428 3271 idem
447 3246 558 3287 ratione·
569 3245 616 3279 (cf.
632 3248 736 3288 Phssic.
748 3249 770 3279 1,
790 3250 846 3274 lect.
862 3258 894 3281 ιν,
908 3259 933 3276 n.
950 3251 972 3281 3,
991 3259 1025 3281 vr,
1041 3260 1084 3277 nn.
1101 3251 1124 3283 5,
1139 3251 1155 3276 6
1169 3257 1194 3277 et
1213 3253 1272 3278 alibi
1291 3254 1412 3286 passim).

362 3281 425 3306 Esse
443 3285 530 3306 autem
549 3282 617 3307 idem
636 3286 739 3309 ratione
758 3285 783 3309 in
802 3285 894 3318 duplici
914 3291 938 3311 et
957 3288 1063 3312 omnino
1080 3287 1183 3313 diverso
1197 3296 1275 3313 sensu
1294 3290 1413 3322 usurpari

361 3320 446 3349 potest
464 3321 489 3341 et
506 3322 643 3350 usurpatur
662 3326 676 3343 a
694 3320 866 3351 scriptoribus
886 3321 1047 3355 Quandoque
1065 3323 1134 3348 enim
1154 3324 1206 3349 duo
1224 3325 1264 3350 vel
1284 3325 1357 3357 plura
1377 3325 1414 3350 di—

361 3356 452 3376 cuntur
469 3359 527 3392 esse
545 3353 635 3377 eadem
653 3354 694 3378 vel
713 3354 812 3380 diversa
831 3357 940 3385 ratione,
955 3364 1080 3390 quatenus
1095 3360 1237 3385 secundum
1257 3361 1352 3386 mentis
1367 3369 1414 3386 no-

362 3391 430 3428 strae
448 3387 677 3428 considerationem
696 3397 725 3414 ea
744 3395 786 3414 aut
804 3391 893 3416 eadem
911 3398 954 3417 aut
973 3394 1072 3419 diversa
1092 3400 1165 3426 sunt;
1185 3403 1224 3421 ex.
1239 3404 1278 3429 gr.
1291 3396 1369 3422 homo
1389 3402 1414 3422 et

361 3422 462 3462 amm-al
480 3423 611 3448 rationale
629 3432 680 3448 non
695 3425 780 3449 solum
794 3426 903 3457 realiter,
917 3428 962 3452 sed
975 3430 1050 3454 etiam
1063 3430 1169 3462 ratione,
1183 3431 1249 3456 idest
1268 3432 1413 3457 secundum

362 3462 456 3482 mentis
475 3462 577 3482 nostrae
595 3459 833 3491 considerationem,
851 3469 931 3487 unum
950 3468 974 3487 et
992 3464 1060 3489 idem
1079 3471 1151 3497 sunt;
1172 3467 1197 3491 in
1215 3467 1308 3492 codem
1327 3473 1414 3493 autem

361 3491 472 3533 homine·
486 3492 625 3518 animalitas
645 3499 669 3519 et
687 3495 841 3521 rationalitas
860 3505 911 3521 non
926 3499 1024 3524 realiter
1037 3499 1100 3532 (non
1112 3502 1180 3526 enim
1193 3508 1253 3527 sunt
1272 3503 1337 3528 duae
1350 3494 1414 3537 res),

363 3527 409 3552 sed
428 3533 539 3568 ratione,
557 3528 606 3553 hoc
630 3534 670 3554 est
683 3531 738 3555 sola
756 3531 849 3556 mentis
868 3533 1076 3565 consideratione,
1096 3537 1222 3562 differunt.
1236 3552 1255 3557 —
1267 3538 1414 3571 Aliquando

362 3567 450 3588 autem
468 3563 585 3604 dicuntur
609 3564 660 3589 duo
677 3566 717 3590 vel
736 3566 809 3598 plura
834 3574 892 3592 esse
911 3569 999 3594 eadem
1023 3571 1136 3596 subiecto
1161 3573 1206 3597 sed
1230 3581 1282 3598 non
1302 3574 1415 3603 ratione,

363 3603 468 3631 sumpta
487 3602 589 3624 ratione
608 3607 659 3624 non
678 3608 724 3632 pro
744 3606 846 3627 nostrae
860 3604 952 3628 mentis
971 3606 1181 3639 consideratione,
1194 3609 1240 3633 sed
1258 3616 1306 3641 pro
1326 3608 1415 3634 defini-

1047 239 1117 276 DE
1148 235 1323 274 CAELO
1354 233 1423 270 ET
1453 228 1647 268 MUNDO
1678 227 1772 263 LIB.
1803 226 1817 261 Ι

1459 308 1671 347 secundum
1701 305 1853 342 diversa
1881 303 1956 340 sint
1987 302 2097 351 plura
2132 300 2340 348 contraria,
2380 300 2477 338 sicut
2504 300 2536 338 si

1459 363 1505 399 sit
1532 361 1635 398 idem
1665 358 1878 395 subiectum
1898 362 1911 377 ⁰
1941 356 2050 394 dulce
2081 362 2118 391 et
2146 355 2300 402 album,
2331 354 2535 392 contraria-

1459 415 1559 452 bitur
1588 413 1622 449 ei
1654 412 1805 459 nigrum
1835 418 1872 447 et
1904 421 2092 447 amarum.
2130 409 2193 445 Sic
2227 407 2340 456 igitur
2372 407 2536 445 illibera-

1459 468 1550 505 litati
1579 465 1828 503 contrariatur
1854 463 1975 501 virtus
2002 461 2231 500 liberalitatis
2260 460 2356 498 sicut
2383 461 2536 499 ordina-

1459 530 1542 558 tum
1571 518 1809 564 inordinato;
1838 517 2082 567 prodigalitas
2116 523 2245 553 autem
2274 514 2371 552 sicut
2402 526 2535 564 super-

1460 573 1693 612 abundantia
1721 570 1897 609 defectui.
1927 571 2020 608 Non
2039 576 2166 620 potest
2185 576 2314 606 autem
2335 567 2410 605 dici
2429 567 2538 616 quod
2559 604 2564 607 ,

1459 636 1620 675 uterque
1640 633 1780 672 motus,
1816 624 1957 662 scilicet
1985 624 2051 672 qui
2081 632 2137 661 est
2163 634 2317 660 sursum
2337 629 2375 659 et
2394 621 2461 670 qui
2481 627 2538 658 est

1461 682 1654 727 deorsum,
1676 677 1924 716 contrarietur
1942 683 1962 700 π
1980 677 2103 714 motui
2123 676 2294 714 circulari
2322 674 2538 713 secundum

1462 745 1711 772 communem
1740 732 1928 769 rationem
1957 730 2060 768 recti.
2091 732 2257 768 Rectum
2287 729 2390 767 enim
2411 737 2448 766 et
2468 728 2537 766 cir-

1462 789 1586 826 culare
1624 799 1705 823 non
1741 793 1830 822 sunt
1866 784 2076 822 contraria:
2115 783 2306 834 pertinent
2344 783 2448 821 enim
2486 782 2536 820 ad

1461 842 1638 890 figuram,
1669 839 1730 876 cui
1758 838 1859 876 nihil·
1879 846 1935 875 est
1963 838 2207 875 contrarium.

1516 907 1552 943 9.
1583 893 1756 930 Tertiam
1790 892 1978 929 rationem
2005 891 2115 941 ponit
2141 891 2215 928 ibi:
2245 891 2320 928 Sed
2351 890 2477 928 adhuc
2504 895 2541 927 et

1456 949 1627 997 primam
1663 954 1732 983 etc.
1769 945 1882 983 Circa
1919 957 2037 994 quam
2070 945 2198 995 primo
2232 943 2398 982 ostendit
2431 943 2538 992 quod

1462 1009 1590 1038 motus
1620 999 1811 1037 circularis
1839 999 1885 1037 sit
1911 999 2058 1049 primus
2085 998 2184 1036 inter
2220 1005 2350 1035 motus
2383 997 2538 1035 locales.

1463 1056 1532 1092 Est
1550 1054 1654 1092 enim
1675 1053 1912 1103 comparatio
1941 1060 2070 1090 motus
2091 1051 2281 1089 circularis
2309 1051 2360 1089 ad
2386 1058 2540 1088 motum

1464 1116 1621 1155 rectum,
1651 1107 1717 1156 qui
1737 1115 1793 1144 est
1811 1119 1964 1144 sursum
1992 1107 2056 1143 vel
2085 1106 2280 1153 deorsum,
2310 1105 2407 1142 sicut
2435 1116 2541 1143 com-

1463 1162 1610 1212 paratio
1631 1161 1759 1199 circuli
1778 1160 1827 1198 ad
1847 1160 1989 1198 lineam
2019 1166 2175 1197 rectam.
2197 1159 2389 1196 Probatur
2407 1165 2540 1196 autem

1465 1215 1572 1265 quod
1599 1215 1774 1261 circulus,
1794 1214 1893 1252 idest
1910 1213 2010 1251 linea
2030 1212 2233 1260 circularis,
2254 1212 2302 1250 sit
2318 1211 2424 1262 prior
2442 1211 2544 1250 linea

1465 1278 1578 1317 recta,
1608 1269 1696 1318 quia
1723 1268 1938 1318 perfectum
1966 1266 2185 1304 naturaliter
2204 1273 2260 1303 est
2278 1265 2384 1316 prius
2403 1265 2544 1315 imper-

1465 1324 1586 1370 fecto;
1617 1323 1778 1360 circulus
1802 1329 1931 1359 autem
1950 1321 2032 1358 sive
2051 1320 2152 1358 linea
2171 1319 2360 1357 circularis
2381 1326 2438 1356 est
2454 1330 2543 1369 per-

1465 1377 1562 1414 fecta
1580 1383 1616 1423 P,
1647 1376 1735 1426 quia
1764 1374 1953 1424 quidquid
1981 1374 2095 1421 inea
2123 1373 2325 1423 accipitur,
2355 1380 2413 1410 est
2438 1371 2543 1423 prin-

1466 1430 1607 1480 cipium
1643 1437 1679 1467 et
1710 1429 1799 1467 finis
1838 1437 1874 1466 et
1911 1428 2108 1475 medium;
2145 1427 2251 1465 unde
2288 1439 2369 1464 non
2407 1425 2541 1477 recipit

1465 1483 1622 1522 alicuius
1642 1482 1837 1521 exterioris
1866 1482 2115 1520 additionem.
2146 1481 2268 1519 Linea
2286 1488 2418 1518 autern
2438 1487 2543 1519 recta

1465 1539 1568 1575 nulla
1600 1545 1657 1575 est
1689 1537 1867 1586 perfecta.
1907 1535 2026 1584 Quod
2060 1542 2164 1585 patet
2202 1542 2239 1572 et
2275 1541 2462 1585 quantum
2491 1533 2544 1573 ad

1464 1592 1606 1629 lineam
1635 1590 1845 1638 infinitam,
1879 1602 1978 1639 quae
2006 1589 2231 1639 imperfecta
2259 1596 2317 1627 est
2344 1587 2434 1637 quia
2460 1587 2542 1626 fine

1466 1653 1578 1694 caret,
1609 1657 1655 1682 ex
1683 1657 1762 1694 quo
1792 1643 2064 1682 denominatur
2092 1642 2234 1692 aliquid
2261 1642 2478 1692 perfectum
2501 1640 2543 1680 in

1463 1711 1618 1747 graeco:
1649 1706 1686 1735 et
1713 1697 1817 1735 idem
1835 1705 1940 1747 patet
1958 1697 1997 1734 in
2015 1697 2116 1734 linea
2139 1696 2264 1744 finita,
2295 1695 2386 1746 quia
2405 1707 2542 1745 quam-

1463 1753 1554 1790 libet
1581 1752 1722 1790 lineam
1749 1751 1898 1788 finitam
1927 1750 2108 1799 contingit
2135 1750 2289 1800 augeri,
2319 1748 2418 1787 idest
2445 1748 2543 1787 acci-

1462 1818 1554 1856 pere
1571 1805 1759 1843 maiorem
1775 1804 2026 1853 quantitatem
2040 1810 2066 1850 ‘,
2084 1812 2121 1841 et
2135 1804 2190 1841 sic
2204 1811 2260 1841 est
2274 1802 2421 1852 aliquid
2435 1810 2541 1841 extra

1465 1872 1561 1899 eam.
1591 1860 1642 1897 Et
1669 1859 1723 1896 sic
1750 1858 1850 1896 linea
1883 1857 2074 1896 circularis
2101 1857 2321 1895 naturaliter
2355 1864 2413 1895 est
2438 1855 2545 1907 prior

1464 1926 1584 1962 quam
1613 1920 1726 1950 recta.
1765 1913 1869 1961 Ergo
1899 1919 1936 1949 et
1963 1919 2093 1949 motus
2122 1910 2312 1949 circularis
2350 1918 2407 1948 est
2438 1909 2546 1960 prior

1463 1966 1683 2004 naturaliter
1717 1972 1827 2003 motu
1865 1973 1981 2003 recto.
2011 1986 2036 1993 -
2068 1965 2146 2003 Sed
2182 1965 2288 2015 prior
2323 1971 2454 2002 motus
2487 1970 2545 2002 est

1465 2020 1683 2058 naturaliter
1710 2019 1848 2069 prioris
1877 2019 2059 2069 eorporis.
2099 2019 2230 2056 Motus
2259 2026 2390 2056 autern
2419 2024 2545 2056 rectus

1465 2082 1521 2112 est
1546 2075 1566 2096 *
1594 2073 1812 2111 naturaliter
1849 2073 2006 2110 alicuius
2044 2067 2273 2122 simplicium
2311 2084 2543 2122 corporum,

1465 2128 1560 2166 sicut
1579 2127 1674 2176 ignis
1701 2134 1882 2164 movetur
1910 2139 2077 2174 sursum,
2108 2133 2144 2163 et
2172 2134 2272 2164 terra
2301 2125 2486 2164 deorsum
2498 2133 2544 2164 ,ετ

1465 2182 1514 2219 ad
1532 2181 1725 2218 medium:
1756 2187 1793 2217 et
1811 2180 1842 2217 si
1863 2179 2056 2228 contingat
2075 2180 2182 2228 quod
2201 2187 2330 2217 motus
2355 2186 2481 2218 rectus
2499 2179 2548 2218 sit

1465 2247 1674 2284 corporum
1694 2233 1915 2281 mixtorum,
1942 2234 2019 2271 hoc
2039 2233 2108 2271 erit
2131 2233 2347 2272 secundum
2366 2241 2547 2272 naturam

1464 2288 1644 2338 simplicis
1674 2287 1846 2338 corporis
1875 2287 2106 2325 dominantis
2134 2287 2174 2325 in
2203 2287 2400 2326 mixtione.
2441 2287 2546 2326 Cum

1464 2342 1574 2391 igitur
1602 2354 1743 2391 corpus
1771 2341 1934 2391 simplex
1963 2341 2010 2379 sit
2028 2341 2248 2379 naturaliter
2275 2341 2381 2391 prius
2409 2340 2544 2390 mixto,

1465 2408 1708 2444 consequens
1727 2403 1783 2433 est
1802 2395 1908 2445 quod
1926 2402 2056 2433 motus
2076 2395 2267 2433 circularis
2289 2403 2345 2433 est
2362 2393 2544 2445 proprius

1466 2457 1502 2487 et
1530 2449 1710 2487 naturalis
1738 2449 1896 2487 alicuius
1926 2449 2098 2499 corporis
2127 2448 2320 2499 simplicis,
2353 2448 2461 2498 quod
2489 2456 2548 2487 est

1465 2503 1569 2553 prius
1585 2503 1810 2554 corporibus
1831 2503 2126 2541 elementaribus
2141 2515 2239 2553 quae
2255 2510 2343 2541 sunt
2357 2502 2419 2540 hic
2439 2503 2546 2553 apud

1466 2561 1548 2595 no's.
1579 2558 1629 2594 Et
1648 2557 1698 2595 ita
1719 2569 1764 2595 ex
1785 2556 1844 2594 his
1872 2564 1977 2607 patet
2004 2556 2122 2606 quod,
2143 2563 2296 2607 praeter
2315 2555 2546 2595 substantias

1467 2612 1684 2661 corporales
1722 2623 1822 2661 quae
1859 2611 1922 2649 hic
1963 2619 2051 2649 sunt
2088 2610 2192 2661 apud
2230 2623 2323 2658 nos,
2362 2618 2452 2649 nata
2490 2617 2548 2648 est

1467 2677 1550 2702 esse
1579 2665 1770 2715 quaedam
1794 2664 2004 2703 substantia
2032 2664 2255 2715 corporalis,
2285 2676 2385 2714 quae
2415 2671 2472 2703 est
2490 2663 2546 2703 di·

1465 2826 1551 2855 tione,
1571 2833 1619 2850 seu
1643 2833 1692 2858 pro
1710 2830 1801 2851 natura
1819 2825 1862 2850 vel
1881 2825 1996 2851 essentia
2020 2832 2089 2859 quae
2111 2832 2159 2858 per
2183 2823 2362 2850 definitionem
2387 2822 2546 2858 significatur

1466 2860 1517 2894 (cf.
1533 2861 1541 2886 1
1557 2861 1712 2890 Periherm„
1725 2869 1749 2892 x,
1766 2860 1779 2886 5
1796 2865 1822 2886 et
1835 2866 1889 2886 not.
1903 2860 1942 2896 ε).
1962 2861 1995 2886 Et
2013 2861 2077 2887 haec
2095 2860 2212 2886 rationis
2226 2860 2342 2893 acceptio
2354 2859 2466 2886 habetur
2478 2867 2546 2894 quo-

1465 2898 1513 2922 ties
1533 2905 1593 2922 esse
1619 2897 1688 2923 idem
1713 2897 1831 2923 subiecto
1853 2897 1978 2930 accipitur
1995 2905 2044 2931 per
2060 2895 2254 2930 oppositionem
2273 2896 2306 2921 ad
2330 2903 2390 2922 esse
2409 2895 2480 2922 idem
2499 2903 2547 2922 ra-

1466 2933 1546 2958 tione.
1565 2932 1726 2966 significatur
1745 2933 1815 2958 enim
1834 2933 1907 2966 quod
1926 2933 1996 2958 idem
2015 2937 2057 2958 est
2075 2932 2221 2957 subiectum
2237 2932 2350 2957 duorum
2365 2932 2407 2958 vel
2421 2932 2546 2966 plurium,

1467 2976 1505 2994 ex.
1519 2977 1556 3001 gr.
1570 2969 1652 2994 dulcis
1672 2973 1697 2994 et
1716 2968 1781 3000 albi,
1801 2969 1848 2994 sed
1873 2969 1918 2994 illa
1936 2969 1988 2994 duo
2007 2969 2049 2994 vel
2073 2968 2148 3001 plura
2166 2968 2192 2993 in
2217 2975 2247 2993 se
2266 2973 2372 3002 sumpta
2397 2968 2546 2994 secundum

1466 3005 1597 3038 propriam
1616 3005 1757 3033 rationem.
1777 3012 1824 3030 seu
1839 3003 2031 3035 definitionem,
2051 3004 2181 3029 diversam
2196 3003 2228 3029 ab
2243 3003 2355 3029 invicem
2375 3011 2438 3037 prae
2455 3011 2487 3030 ιο
2505 3003 2545 3030 fo-

1467 3046 1526 3065 runt
1545 3045 1672 3066 naturam.
1691 3040 1732 3065 Cf.
1745 3040 1776 3065 lll
1796 3040 1913 3074 puysie..
1933 3048 1962 3071 u,
1976 3039 2002 3066 8.
2014 3053 2034 3059 -
2046 3039 2140 3071 Quoad
2160 3047 2269 3064 sensum
2287 3047 2351 3072 ergo
2370 3039 2441 3066 idem
2459 3044 2501 3066 ut
2518 3039 2545 3065 i-

1466 3077 1594 3109 praesenti
1614 3077 1672 3101 loco
1691 3076 1778 3109 legere
1796 3076 1831 3101 sit
1850 3075 1920 3101 idem
1940 3076 2086 3102 subiectum
2103 3075 2180 3101 dulce
2198 3078 2225 3101 et
2243 3075 2342 3105 album,
2362 3080 2389 3101 et
2407 3075 2544 3109 legende

1468 3112 1536 3137 idem
1560 3113 1676 3138 subiecto
1695 3117 1745 3137 etc.
1757 3126 1779 3132 -
1791 3112 1843 3137 Pro
1860 3112 2087 3142 contrat-rabitur,
2106 3111 2247 3137 contraria
2266 3111 2393 3137 videntur
2411 3111 2473 3137 1³.-
2485 3110 2545 3137 Lin-

1468 3156 1525 3181 seq.
1540 3147 1710 3173 liberalitatis
1727 3155 1782 3173 om.
1801 3147 1877 3173 codd.

1521 3184 1550 3216 π)
1569 3187 1596 3209 et
1614 3183 1660 3216 qui
1677 3186 1718 3209 est
1736 3183 1874 3214 deorsum,
1893 3183 2086 3210 contrarietur.
2097 3197 2117 3203 -
2130 3183 2177 3217 qui
2194 3186 2235 3209 est
2253 3190 2308 3208 om.
2325 3181 2416 3214 codd-3
2433 3184 2544 3208 contra-

1467 3219 1572 3244 rientur
1591 3220 1666 3245 codd.
1679 3226 1734 3245 exc.
1748 3220 1781 3244 Η.

1521 3254 1546 3289 ρ)
1567 3255 1702 3281 &ebatur
1724 3258 1815 3280 autem
1871 3258 1911 3281 est
1924 3256 2056 3290 perfecta.
2067 3269 2087 3275 -
2100 3255 2237 3281 Probatur
2254 3257 2345 3280 autem
2366 3252 2440 3287 quod
2456 3253 2545 3279 circu-

1467 3291 1522 3319 lus,
1542 3291 1611 3316 idest
1629 3291 1701 3317 linea
1712 3291 1866 3321 circularis,
1886 3294 1926 3316 est
1940 3292 2064 3325 perfecta
2079 3291 2099 3316 Ρ
2118 3296 2145 3316 et
2162 3290 2238 3316 codd.
2257 3297 2312 3315 nc.
2324 3288 2401 3319 Aul-:5
2420 3288 2546 3314 omittunt

1468 3334 1562 3359 nempe
1576 3326 1675 3352 homot.
1684 3326 1721 3352 sit
1726 3327 1840 3359 prior...
1854 3327 1925 3352 linea
1937 3327 2087 3353 circularis.
2102 3327 2154 3352 Pro
2168 3326 2196 3352 in
2210 3332 2251 3356 ea,
2262 3325 2289 3351 in
2304 3332 2336 3350 eo
2350 3325 2454 3350 codd.-
2463 3324 2545 3350 Line·

1468 3369 1525 3394 seq.
1545 3370 1591 3394 pro
1610 3363 1711 3395 recipit,
1732 3363 1802 3396 quod
1827 3363 1939 3395 legimus
1958 3371 2020 3389 cum
2037 3362 2114 3388 codd.
2132 3367 2160 3388 ot
2176 3362 2238 3387 odit.
2255 3359 2336 3390 1⁵16.
2359 3360 2458 3393 accipit
2477 3360 2507 3386 Ρ.

1523 3398 1548 3430 σ)
1562 3399 1749 3431 quantitatem.
1761 3412 1781 3418 -·
1794 3399 1850 3424 Hoc
1864 3406 1918 3424 om.
1933 3399 2017 3430 codd„
2032 3399 2079 3424 sed
2092 3405 2145 3423 non
2159 3397 2234 3429 bene,
2247 3402 2276 3422 ut
2290 3401 2368 3430 patet.
2380 3410 2400 3416 —
2413 3396 2471 3422 Lin.
2485 3403 2545 3430 soq-

1468 3441 1516 3465 pro
1536 3433 1571 3458 Et
1589 3434 1627 3459 sic
1646 3434 1731 3465 Iinea,
1751 3434 1787 3459 Et
1800 3434 1825 3460 si
1837 3434 1908 3460 linea
1922 3435 1951 3460 Ρ.
1971 3435 2042 3460 Haec
2060 3433 2136 3460 lectio
2155 3432 2259 3458 retineri
2273 3437 2376 3466 posset:
2397 3439 2459 3458 nam
2473 3435 2545 3465 potet

1468 3469 1540 3500 quod
1559 3469 1608 3494 sub
1627 3470 1703 3495 unica
1728 3470 1908 3504 propositione
1932 3470 2001 3496 benc
2023 3468 2208 3503 comprehendi
2227 3473 2313 3502 potest
2333 3473 2359 3494 et
2378 3468 2462 3501 prima
2480 3475 2543 3493 con·

1469 3504 1558 3534 clusio.
1578 3505 1649 3530 linea
1667 3505 1807 3531 ct'rcularis
1826 3511 1883 3537 etc..
1903 3511 1929 3532 et
1947 3506 2028 3531 altera
2046 3512 2115 3538 quae
2133 3512 2164 3530 ex
2183 3504 2267 3538 prima
2286 3504 2413 3537 sequitur,
2431 3510 2498 3538 ergo
2516 3505 2545 3528 et

1469 3543 1555 3564 motus
1569 3545 1618 3565 etc.
1638 3542 1758 3566 Attamen
1777 3541 1856 3567 totius
1871 3540 2103 3574 argumentationis
2118 3541 2253 3574 processui
2266 3540 2368 3566 videtur
2382 3539 2466 3573 magis
2480 3546 2545 3564 con-

1469 3574 1566 3605 forme,
1586 3577 1607 3600 si
1628 3584 1687 3601 cum
1706 3577 1782 3603 codd.
1801 3578 1860 3603 illae
1879 3578 1946 3603 duae
1965 3576 2146 3603 conclusiones
2166 3576 2215 3601 sub
2236 3575 2363 3601 distinctio
2384 3574 2543 3610 propositio·

1469 3610 1544 3635 nibus
1563 3611 1679 3644 explicite
1699 3618 1835 3645 ponantur.

2573 2079 2584 2090 ·
2599 2079 2635 2101 eet
2648 2083 2698 2102 om.
2713 2084 2737 2101 r.
2780 2071 2782 2074 ⁴
