2690 4062
1047 231 1159 268 CAP.
1191 232 1241 279 ΙΙ,
1272 231 1424 269 LECT.
1454 233 1504 269 III

2237 251 2329 276 LXXX
2334 252 2369 277 IX

946 464 1246 521 LECTIO
1264 470 1267 474 ’
1285 465 1601 525 TERTIA

411 623 470 654 DE
494 623 748 661 QUIBUSDAM
770 624 1091 657 ACCIDENTIBUS
1113 626 1245 658 CIRCA
1268 629 1407 668 HALO,
1432 630 1598 670 IRIDEM,
1622 633 1834 665 PARELIOS
1856 634 1914 665 ET
1938 635 2092 667 VIRGAS
2116 653 2135 658 -

793 681 1067 714 ASSIGNATUR
1089 683 1244 715 EORUM
1268 685 1410 716 CAUSA
1434 687 1712 721 UNIVERSALIS
1737 709 1755 714 -

614 738 996 772 PRAEMITTUNTUR
1019 741 1235 778 QUAEDAM
1259 742 1544 776 SUPPONENDA
1568 746 1610 777 IN
1634 747 1930 786 SEQUENTIBUS

171 880 248 925 napi
272 873 302 910 δ’
332 877 403 911 ἅλω
434 880 493 910 καὶ
517 873 641 921 ἴριδος,
676 880 709 911 τί
735 876 763 909 θ’
791 878 976 922 ἑκάτερον,
1009 882 1067 912 καὶ
1093 874 1153 913 διαὶ
1177 881 1242 913 τίν’

242 922 360 955 αἰτίαν
385 923 534 968 γίνεται,
551 922 717 969 λέγωμεν,
736 925 793 955 καὶ
812 925 887 966 περὶ
913 926 1086 967 παρηλίων
1110 927 1169 957 καὶ
1186 924 1247 970 ῥά-

241 962 348 1008 βδων·
373 968 432 998 καὶ
456 967 522 1013 γοὶρ
548 969 668 1000 ταῦτα
684 969 818 1014 γίνεται
839 967 959 1002 πάντα
976 964 1036 1002 διαὶ
1052 968 1115 1007 τοὶς
1134 969 1247 1008 αὐτὰς

184 1028 189 1032 ·
242 1012 359 1050 αἰτίας
386 1011 560 1050 ἀλλήλοις.
586 1013 723 1056 Πρῶτον
742 1007 779 1044 δέ
797 1008 850 1044 δεῖ
863 1013 981 1054 λαβεῖν
1001 1014 1049 1046 τά,
1069 1012 1161 1051 πάθη
1186 1015 1246 1046 καὶ

179 1094 183 1096 v
240 1055 290 1090 τοὶ
311 1055 550 1101 συμβαίνοντα
574 1059 648 1102 περὶ
675 1055 820 1090 ἕκαστον
847 1058 974 1091 αὐτῶν.

172 1101 240 1140 Τῆς
265 1101 327 1146 μὲν
354 1098 410 1133 οὖν
438 1100 508 1133 ἅλω
536 1104 698 1145 φαίνεται
728 1101 893 1141 πολλάκις
916 1101 1038 1140 κύκλος
1065 1100 1161 1143 ὅλος,
1186 1103 1246 1134 καὶ

239 1147 375 1192 γίνεται
401 1147 475 1190 περὶ
501 1144 597 1188 ἥλιον
622 1147 682 1178 καὶ
699 1145 842 1184 σελήνην
867 1147 926 1179 καὶ
947 1148 1022 1190 περὶ
1039 1146 1087 1179 τοὶ
1102 1146 1248 1191 λαμπροὶ

191 1217 199 1231 ‚¹
238 1189 489 1235 Ἔῷιᾶστρων,
521 1189 573 1223 ἐ’τι
597 1185 626 1222 δ’
655 1190 752 1222 οὐθὲν
783 1190 894 1228 ἧττον
924 1191 1046 1228 νυκτὸς
1070 1189 1091 1227 ἦ
1117 1190 1246 1245 ἡμέρας

237 1235 300 1267 καὶ
324 1237 398 1279 περὶ
423 1235 633 1313 μεσημβρίαν
651 1233 673 1272 ἥ
690 1229 823 1273 δείλην·
849 1234 948 1268 ἕωθεν
965 1230 995 1267 δ’
1018 1236 1246 1273 ἐλαττονακις

238 1279 299 1311 καὶ
325 1290 366 1311 πε
387 1281 399 1310 l
447 1280 531 1312 ύσιν.

74 1305 106 1323 ’.ἶ
126 1326 130 1330 “
170 1322 240 1363 ’Σῆς
263 1317 294 1356 δ’
314 1325 418 1369 ἴριδος
438 1319 607 1358 οὐδέποτε
623 1325 761 1369 γίνεται
784 1323 920 1365 κύκλος,
940 1318 1020 1376 οὐδε
1035 1323 1148 1367 μεῖζον
1170 1324 1249 1367 ἡμι-

220 1370 376 1402 γκυκλίου
401 1370 540 1415 τμῆμα,
564 1369 623 1401 καὶ
639 1363 801 1406 δύνοντος
825 1367 885 1413 μὲν
908 1369 967 1400 καὶ
994 1367 1247 1406 ανατέλλοντος

239 1413 427 1459 ὗλαχίστου
452 1414 512 1458 μὲν
537 1411 676 1454 κύκλου,
694 1414 840 1458 μεγίστη
864 1407 894 1444 δ’
915 1413 936 1449 ἡ
957 1410 1046 1456 οἱψὶς,
1065 1411 1246 1457 αἰρομένου

238 1450 278 1490 δὲ
302 1459 434 1502 μᾶλλον
458 1456 583 1491 κύκλου
607 1458 668 1501 μὲν
693 1458 859 1500 μείζονος,
882 1454 1039 1489 ἐλάττων
1064 1454 1092 1488 δ’
1114 1458 1135 1494 η
1156 1455 1244 1501 οἱψίς.

171 1502 240 1539 Καὶ
262 1503 357 1547 μετὰ
379 1503 439 1548 μὲν
469 1503 535 1539 τήν
566 1499 733 1546 ὄπωρινήν
757 1502 932 1545 ἰσημερίαν
959 1501 992 1532 ἐν
1017 1504 1096 1539 ταῖς
1122 1501 1249 1546 βραχυ-

238 1545 356 1590 τέραις
381 1549 402 1586 ἡ
433 1547 524 1591 έραις
550 1546 666 1578 πᾶσαν
691 1544 780 1590 ὥραν
805 1547 939 1592 γίνεται
963 1546 1027 1583 τῆς
1047 1545 1189 1590 ἡμέρας,
1212 1546 1245 1578 ἐν

210 1627 212 1629 ,
238 1586 280 1624 δι’
303 1595 383 1631 ταῖς
426 1593 549 1634 εριναῖς
576 1590 614 1622 οὐ
639 1591 775 1636 γίνεται
801 1591 874 1634 περὶ
899 1601 983 1634 μεση
1013 1589 1122 1634 βρίαν.

171 1629 259 1673 Οὖδὲ
283 1629 376 1669 δυοῖν
401 1637 534 1673 πλείους
560 1633 660 1679 ἴριδες
677 1637 833 1680 γίνονται
852 1633 938 1678 ἅμα.
995 1634 1104 1666 ούτων
1121 1630 1160 1666 δὲ
1177 1636 1247 1678 τρί-

237 1691 326 1726 χρως
350 1681 411 1726 μὲν
437 1678 603 1722 ἑκατέρα,
621 1681 679 1710 καὶ
698 1679 746 1712 τοὶ
769 1678 942 1724 χρώματα
967 1678 1087 1712 ταύτά
1109 1680 1168 1711 καὶ
1187 1681 1247 1711 ἴσα

182 1743 183 1746 =
224 1723 303 1758 γ*ι’ὂν
328 1724 466 1770 ἀριθμὸν
493 1723 626 1770 ἔχουσιν
649 1723 830 1765 ἀλλήλαις,
851 1719 1068 1768 ἀμυδρότερα
1091 1718 1123 1755 δ’
1143 1721 1178 1756 ἐν
1199 1723 1247 1766 τῇ

198 1802 199 1806 ,
221 1767 340 1808 laed<
363 1772 423 1802 καὶ
455 1768 491 1810 ἐξ
516 1770 677 1806 ἐναντίας
708 1770 847 1813 κείμενα
876 1768 974 1801 κατα
997 1769 1063 1806 τήν
1088 1766 1198 1806 θέσιν·
1224 1768 1245 1805 η

238 1813 300 1858 μὲν
324 1815 390 1861 γαρ
415 1813 512 1851 ἐντος
538 1814 604 1850 την
630 1811 767 1857 πρώτην
789 1812 859 1858 ἔχει
879 1811 1089 1858 περιφέρειαν
1106 1812 1172 1849 τήν
1190 1825 1249 1857 με-

217 1881 219 1892 1
239 1859 362 1904 γίστην
387 1860 573 1903 φοινικίαν,
599 1857 621 1895 η’
646 1853 675 1890 δ’
705 1856 824 1899 ἔξωθεν
857 1857 922 1894 τήν
951 1858 1139 1902 ἐλαχίστην
1164 1859 1245 1901 μὲν,

239 1903 427 1951 ἐγγύτατα
451 1902 490 1935 δὲ
515 1902 596 1947 πρός
621 1901 778 1944 ταύτην,
806 1904 864 1934 καὶ
899 1902 964 1940 τοίς
990 1901 1096 1939 ἄλλοις
1123 1901 1247 1935 ἀνάλο-

238 1959 313 1995 γον.
340 1947 440 1982 Ἔστι
460 1943 498 1980 δὲ
515 1946 564 1980 τοὶ
586 1949 759 1992 χρώματα
777 1947 896 1980 ταῦτα
915 1945 999 1990 ἅπερ
1017 1945 1107 1990 μόνα
1123 1941 1246 1991 σχεδὸν

235 1992 280 2026 οὔ
297 1986 468 2024 δύνανται
486 1995 594 2024 ποιεῖν
614 1994 643 2024 οἱ
659 1992 790 2037 γραφῆς
803 2003 810 2011 ·
833 1990 906 2023 ἔνια
922 1990 987 2037 γάρ
1005 1990 1106 2024 αὐτοὶ
1130 2002 1248 2036 κεραν·

209 2063 222 2074 4,
238 2035 376 2078 νόουσι,
401 2037 444 2070 τᾶ
467 2031 507 2069 δὲ
531 2038 700 2081 φοινικοῦν
723 2038 782 2068 καὶ
809 2035 970 2091 πράσινον
994 2037 1053 2067 καὶ
1081 2035 1247 2082 ἁλουργὸν

182 2082 280 2115 ,ἰοὺ
310 2083 446 2128 γίνεται
476 2079 738 2125 κεραννύμενον·
765 2081 786 2117 ἡ
811 2075 830 2112 δ
870 2077 930 2126 ἶρις
962 2080 1068 2113 ταῦτ’
1097 2080 1168 2125 ἔχει
1200 2081 1249 2114 τά

238 2124 423 2172 χρώματα.
451 2126 496 2157 T‘d
521 2120 560 2158 δὲ
584 2125 717 2170 μεταξύ
742 2125 805 2159 τοῦ
829 2125 978 2171 φοινικοῦ
1003 2127 1061 2156 καὶ
1082 2127 1246 2170 πρασίνου

207 2192 209 2194 -
239 2172 401 2216 φαίνεται
426 2169 592 2207 πολλάκις
617 2169 754 2211 ξανθόν.

170 2213 336 2261 unp-essim.
358 2211 398 2248 δι’
420 2217 479 2247 καὶ
503 2209 626 2259 ῥάβδοι
658 2217 816 2261 γίνονται
849 2213 885 2246 ἑκ
911 2214 1064 2258 πλαγίας
1091 2213 1163 2255 ἀεὶ,
1188 2216 1247 2247 καὶ

210 2267 211 2270 ’
240 2257 314 2293 οὔτ’
345 2257 490 2300 ἄνωθεν,
519 2259 599 2292 οὔτε
629 2271 654 2291 π
677 2259 710 2297 ὂς
735 2259 781 2301 τῇ
806 2259 874 2305 γῇ,
902 2254 974 2290 οὔτ’
1003 2256 1038 2298 ἐξ
1064 2257 1245 2299 ἐναντίας,

241 2301 322 2338 οὐδὲ
346 2299 390 2342 δὴ
415 2302 560 2348 νύκτωρ,
589 2304 654 2336 ἀλλ
696 2305 746 2336 ἀεὶ
773 2305 848 2348 περὶ
873 2306 932 2336 τόν
958 2300 1069 2343 ἥλιον,
1095 2301 1149 2334 ἔτι
1173 2297 1202 2334 δ’
1225 2302 1247 2339 ἦ

239 2347 440 2394 αἰρομένου,
466 2346 488 2385 ἦ
512 2347 811 2393 καταφερομένου·
838 2348 886 2381 τοὶ
917 2348 1068 2379 πλεῖστα
1095 2341 1136 2378 δὲ
1163 2349 1246 2389 πρὸς

238 2386 388 2438 δυσμάς·
414 2393 704 2437 μεσουρανοῦντος
722 2388 759 2425 δὲ
776 2390 921 2425 σ’πάνιόν
947 2403 982 2424 τι
1001 2390 1154 2437 γέγονεν,
1175 2393 1245 2424 οἷον

216 2437 275 2471 ’ἂν
297 2435 456 2481 Βοσπόρῳ
483 2438 570 2470 ποτὲ
596 2437 795 2471 συνέπεσεν·
821 2432 860 2468 δι’
890 2435 968 2474 ὅλης
993 2435 1058 2481 γάρ
1083 2436 1147 2474 τῆς
1165 2436 1249 2481 ήμέ-

258 2493 300 2520 ας
324 2480 602 2527 συνανασχόντες
630 2477 692 2514 δύο
725 2480 888 2525 παρήλιοι
919 2477 1119 2514 διετέλεσαν
1149 2481 1248 2526 μέχρι

261 2527 386 2572 νομῶν.
422 2527 474 2558 Tae
498 2526 557 2570 μὲν
583 2524 641 2559 οὖν
675 2529 749 2570 περὶ
779 2526 926 2559 ἕκαστον
960 2525 1074 2559 αὐτῶν
1104 2526 1247 2570 συμβαί-

239 2582 346 2605 νοντα
370 2571 472 2604 ταῦτ’
503 2571 613 2604 ἐστίν·

160 1704 171 1720 s

75 2631 77 2633 ·
98 2621 104 2625 ’
129 2642 131 2654 ÷
173 2614 216 2647 τὰ
239 2610 271 2649 δ’
292 2617 404 2649 αἴτιον
429 2614 564 2648 τούτων
586 2617 754 2648 ἁπάντων
772 2614 905 2648 ταύτό·
932 2613 1051 2647 πάντα
1075 2613 1139 2659 γάρ
1167 2612 1251 2647 ἀνά-

185 2686 188 2689 «
238 2661 359 2698 κλασις
383 2660 488 2692 ταῦτ’
509 2660 617 2692 ἐστίν.
645 2659 843 2704 Διαφέρουσι
866 2655 904 2691 δὲ
929 2662 1001 2696 τοῖς
1024 2659 1164 2703 τρόποις
1188 2660 1247 2690 καὶ

67 2703 79 2724 ,-;
127 2712 145 2723 ,-
182 2723 188 2741 ἶ
241 2702 297 2747 ἀφ’
325 2703 390 2743 ὧν,
414 2704 475 2735 καὶ
499 2705 540 2742 ὠς
569 2704 747 2747 συμβαίνει
779 2704 844 2740 τήν
881 2702 1069 2736 ἀνάκλασιν
1094 2701 1248 2756 γίνεσθαι

241 2748 322 2794 πρὸς
348 2748 408 2782 τὸν
434 2746 547 2789 ἥλιον,
574 2747 596 2785 ἦ
622 2748 703 2792 πρὸς
731 2747 814 2780 ἄλλο
840 2759 875 2781 τι
898 2748 965 2780 τῶν
989 2748 1167 2792 λαμπρων.

172 2792 240 2825 Καὶ
264 2791 336 2836 μεθ’
358 2793 487 2838 ἡμέραν
512 2792 572 2837 μὲν
595 2789 656 2837 ἶρις
681 2794 830 2838 γίνεται,
849 2791 981 2847 νύκτωρ
1006 2786 1036 2823 δ’
1060 2791 1130 2825 ἀπὸ
1150 2790 1248 2827 σελή-

239 2848 318 2878 νης,
344 2837 387 2875 ὠς
411 2837 471 2881 μὲν
496 2839 527 2869 οἱ
554 2835 690 2883 ἀρχαῖοι
716 2837 846 2878 ᾤοντο,
873 2836 933 2868 οὐκ
962 2837 1112 2882 εγίνετο·
1139 2836 1248 2868 τοῦτο

241 2877 271 2914 δ’
299 2881 428 2915 ἔπαθον
458 2877 518 2914 διοὶ
541 2882 583 2915 τὸ
614 2880 778 2914 σπάνιον·
805 2879 969 2914 ἐλάνθανε
1001 2880 1066 2926 γαρ
1100 2879 1246 2919 αὐτούς·

264 2928 375 2960 ίνεται
399 2925 460 2971 μὲν
484 2926 564 2972 γαρ,
592 2925 745 2973 ὀλιγάκις
769 2920 808 2958 δέ
827 2928 976 2972 γίνεται.
1006 2925 1052 2957 Τὸ
1076 2920 1104 2957 δ’
1136 2926 1247 2957 αἴτιον

240 2938 297 3004 ἔτι
314 2971 345 3004 τ’
367 2968 401 3003 ἐν
419 2971 468 3012 τῷ
487 2971 604 3004 σκότει
626 2969 789 3004 λανθάνει
806 2970 854 3004 τοὶ
877 2970 1060 3016 χρώματα,
1077 2972 1136 3002 καὶ
1157 2969 1248 3002 ἄλλα

241 3015 356 3050 πολλοὶ
371 3010 425 3047 δεῖ
440 3020 636 3058 συμπεσεῖν,
651 3016 711 3048 καὶ
731 3016 851 3048 ταῦτα
869 3014 990 3047 πάντα
1007 3016 1039 3048 ὲν
1059 3014 1168 3059 ἡμέρᾳ
1186 3016 1249 3057 μιᾷ

241 3060 305 3094 τοῦ
329 3058 452 3104 μηνός·
479 3060 513 3093 ἑν
539 3061 585 3103 τῇ
612 3059 812 3102 πανσελήνῳ
837 3060 902 3116 γάρ
926 3057 1084 3106 γενέσθαι
1115 3057 1246 3104 ἀνάγκη

242 3105 285 3137 τὰ
309 3103 433 3149 μέλλον
458 3104 613 3146 ἔσεσθαι,
639 3107 698 3137 καὶ
726 3104 808 3137 τότε
838 3103 1114 3146 ανατελλούσης,
1141 3103 1166 3141 ἦΔ
1194 3100 1250 3136 δυ-

241 3147 382 3187 νούσης·
408 3145 525 3205 διόπερ
552 3150 586 3183 ἐν
611 3149 722 3181 ἔτεσιν
756 3149 840 3194 ύπὲρ
872 3149 920 3182 τοὶ
953 3147 1174 3185 πεντήκοντα
1199 3145 1248 3187 δὶς

243 3192 448 3248 ἐνετύχομεν
473 3205 587 3238 μονον.

167 3236 245 3272 Ὅτι
267 3238 330 3293 μὲν
356 3249 413 3270 ουν
431 3239 452 3276 ἡ
472 3239 488 3271 ὅ
515 3251 542 3277 ις
570 3239 781 3280 ἀνακλᾶται,
803 3236 913 3282 ὥσπερ
937 3239 995 3269 καὶ
1022 3235 1075 3279 ἀφ’
1105 3232 1246 3276 ὕδατος,

243 3293 334 3315 ουτω
363 3285 421 3315 καὶ
449 3283 498 3316 ἀπ
538 3282 633 3327 ἀέρος
664 3284 724 3314 καὶ
749 3281 887 3315 πάντων
914 3282 981 3314 τῶν
1007 3281 1156 3337 ἑχόντων
1183 3281 1248 3318 τήν

243 3326 443 3371 ἐπιφάνειαν
467 3329 576 3367 λείαν,
596 3327 633 3359 ἐκ
659 3327 726 3358 τῶν
751 3329 825 3369 περὶ
851 3326 915 3362 τήν
935 3324 1006 3369 ὄψιν
1023 3325 1246 3369 δεικνυμένων

242 3367 295 3403 δεῖ
316 3371 502 3415 λαμβάνειν
528 3371 593 3409 την
619 3373 756 3412 πίστιν,
781 3373 839 3402 καὶ
864 3366 956 3402 διότι
982 3373 1050 3403 τῶν
1075 3367 1247 3414 ἐνόπτρων

243 3416 277 3448 ἂν
302 3415 399 3454 ἐνίοις
424 3416 484 3460 μὲν
508 3419 566 3448 καὶ
591 3416 640 3448 τοὶ
664 3415 834 3460 σχήματα
858 3415 1076 3458 ἐμφαίνεται,
1095 3413 1129 3445 ἐν
1151 3414 1247 3450 ἐνίοις

240 3455 280 3492 δὲ
304 3459 353 3492 τοὶ
372 3459 549 3515 χρώματα
574 3459 692 3504 μόνον·
719 3460 873 3493 τοιαῦτα
897 3454 925 3490 δ’
947 3458 1039 3491 ἐστὶν
1064 3457 1128 3490 ὅσα
1145 3458 1248 3502 μικροὶ

242 3505 309 3537 τῶν
327 3505 499 3550 ἐνοπτρων
522 3506 582 3537 καὶ
602 3499 771 3548 μηδεμίαν
793 3502 960 3539 αἰσθητὴν
979 3502 1049 3547 ἔχει
1066 3497 1245 3543 διαίρεσιν·

244 3548 277 3581 ἐν
302 3548 367 3594 γαρ
393 3549 532 3587 τούτοις
552 3549 594 3582 τὸ
611 3548 671 3603 μὲν
689 3549 809 3593 σχῆμα
835 3542 1007 3580 ἀδύνατον
1030 3545 1248 3591 ἐμφαίνεσθαι

246 3588 362 3636 (δόξει
393 3594 458 3639 γοὶρ
490 3591 578 3626 εἶναι
611 3592 801 3635 διαιρετόν·
828 3592 896 3624 πᾶν
924 3591 989 3638 γάρ
1021 3592 1141 3637 σχῆμα
1175 3589 1248 3634 ἅμα

320 3656 391 3689 Opp.
410 3656 442 3681 D.
456 3656 572 3680 ΤΗοΜΑΕ
591 3656 622 3680 Τ.
643 3656 682 3680 111.
702 3655 845 3679 Appmmx.

1302 882 1318 899 *
1336 885 1385 916 De
1408 885 1483 917 halo
1499 893 1606 918 autem
1623 884 1654 919 et
1675 890 1763 929 iride,
1780 891 1859 932 quid
1877 898 2050 933 utrumque
2073 899 2104 924 et
2126 899 2255 933 propter
2269 903 2367 935 quam

1370 939 1498 961 causam
1521 930 1574 971 fit,
1599 932 1760 973 dicamus,
1785 942 1815 966 et
1837 936 1876 966 de
1899 937 2042 977 pareliis,
2059 943 2090 968 et
2111 937 2223 977 virgis:
2249 938 2367 969 etenim

1367 974 1445 1005 haec
1461 975 1572 1006 omnia
1586 975 1668 1008 fiunt
1683 986 1811 1019 propter
1830 981 1956 1011 easdem
1972 991 2080 1012 causas
2094 981 2241 1012 invicem.
2257 982 2366 1013 Primo

1368 1025 1478 1050 autem
1512 1027 1640 1060 oportet
1662 1023 1801 1063 accipere
1835 1024 1997 1065 passiones
2025 1032 2056 1056 et
2087 1025 2258 1057 accidentia
2287 1026 2368 1058 circa

1368 1065 1628 1106 unumquodque
1650 1065 1804 1106 ipsorum.

1301 1107 1403 1147 Ipsius
1426 1108 1558 1148 quidem
1580 1109 1675 1150 igitur
1697 1111 1771 1142 halo
1795 1119 1924 1152 apparet
1942 1123 2034 1154 saepe
2058 1113 2192 1144 circulus
2215 1121 2312 1153 totuS‚
2336 1121 2367 1146 et

1366 1151 1403 1183 fit
1418 1152 1498 1183 circa
1521 1153 1622 1184 solem
1647 1161 1678 1185 et
1698 1155 1810 1186 lunam
1832 1163 1862 1187 et
1878 1157 1957 1188 circa
1980 1157 2175 1198 splendentia
2198 1165 2365 1201 astrorum.

1367 1196 1483 1227 Adhuc
1498 1204 1606 1228 autem
1629 1198 1707 1231 nihil
1730 1200 1836 1231 minus
1859 1208 1951 1232 nocte
1975 1212 2073 1242 quam
2098 1202 2159 1241 die,
2183 1209 2214 1233 et
2236 1203 2366 1233 meridie

1367 1251 1466 1282 quam
1490 1250 1577 1281 sero;
1602 1243 1744 1274 diluculo
1768 1252 1875 1276 autem
1898 1246 2025 1285 minus,
2049 1253 2080 1277 et
2103 1246 2183 1277 circa
2206 1246 2364 1278 occasum.

1301 1328 1390 1359 Iridis
1413 1336 1522 1360 autem
1544 1340 1712 1372 nunquam
1735 1331 1771 1363 fit
1786 1332 1939 1372 circulus,
1963 1343 2020 1364 nec
2043 1334 2146 1365 maior
2169 1334 2366 1365 semicirculo

1367 1373 1500 1413 decisio,
1525 1381 1555 1405 et
1571 1377 1780 1407 occumbente
1803 1377 1933 1418 quidem
1957 1385 1987 1408 et
2003 1378 2122 1409 oriente
2145 1379 2276 1409 minoris
2299 1379 2367 1419 qui-

1368 1417 1442 1448 dem
1457 1418 1576 1458 circuli,
1600 1420 1737 1451 maxima
1753 1427 1860 1452 autern
1876 1422 1992 1462 portio,
2009 1422 2129 1453 elevato
2146 1430 2252 1453 autem
2267 1423 2367 1463 magis

1368 1461 1475 1493 circuli
1498 1463 1630 1504 quidem
1653 1465 1800 1503 maioris,
1825 1465 1931 1496 minor
1954 1472 2061 1496 autern
2083 1467 2198 1507 portio.

1300 1505 1342 1536 Et
1367 1513 1441 1546 post
1471 1508 1655 1539 autumnale
1685 1509 1816 1549 quidem
1844 1509 2082 1550 aequinoctium
2108 1511 2141 1541 in
2171 1511 2367 1542 brevioribus

1369 1550 1479 1581 diebus
1507 1552 1597 1582 omni
1627 1552 1707 1583 hora
1735 1552 1771 1584 fit
1794 1554 1873 1593 diei,
1897 1554 1930 1584 in
1954 1554 2076 1585 aestivis
2106 1562 2213 1586 autem
2243 1565 2309 1586 non
2331 1554 2367 1586 fit

1368 1594 1448 1626 circa
1470 1596 1645 1628 meridiem.

1299 1639 1413 1680 Neque
1436 1639 1560 1671 duabus
1583 1641 1689 1681 plures
1704 1641 1798 1672 irides
1820 1641 1902 1673 fiunt
1924 1642 2030 1674 simul.
2047 1643 2171 1673 Harum
2194 1649 2299 1674 autem
2314 1643 2367 1674 tri-

1369 1683 1458 1714 color
1481 1684 1613 1725 quidem
1636 1692 1787 1726 utraque,
1810 1693 1840 1717 et
1863 1686 1984 1717 colores
2011 1687 2140 1718 eosdem
2169 1694 2199 1718 et
2221 1687 2367 1728 aequales

1368 1729 1545 1759 secundum
1560 1739 1732 1760 numerum
1751 1730 1886 1761 invicem
1902 1731 2029 1770 habent,
2049 1731 2245 1762 obscuriores
2261 1738 2368 1762 autem

1369 1771 1436 1803 eius
1460 1783 1542 1814 quae
1566 1780 1660 1813 extra,
1678 1781 1709 1805 et
1732 1784 1749 1805 e
1766 1775 1922 1806 contrario
1938 1776 2060 1816 positos
2083 1776 2259 1806 secundum
2282 1776 2367 1816 posi-

1367 1815 1511 1856 tionem;
1535 1828 1617 1859 quae
1642 1819 1773 1860 quidem
1796 1819 1882 1850 enim
1903 1820 1994 1858 intra,
2018 1820 2153 1860 primam
2176 1820 2270 1851 habet
2288 1820 2368 1860 peri-

1367 1861 1511 1900 pheriam
1534 1872 1616 1904 quae
1639 1863 1777 1894 maxima
1796 1864 1976 1904 puniceam,
1995 1874 2076 1905 quae
2099 1871 2206 1895 autem
2222 1864 2366 1903 exterius,

1368 1907 1537 1938 minimam
1559 1907 1709 1948 quidem,
1733 1908 2002 1949 propinquissime
2026 1915 2133 1939 autem
2160 1909 2200 1939 ad
2222 1909 2313 1947 hanc,
2338 1915 2369 1939 et

1368 1952 1444 1983 alias
1460 1951 1751 1992 proportionaliter.
1769 1952 1849 1983 Sunt
1864 1959 1972 1984 autem
1988 1953 2109 1984 colores
2126 1952 2169 1991 hi,
2182 1963 2265 1993 quos
2281 1953 2368 1983 solos

1369 1996 1501 2037 quidem
1517 1996 1580 2027 fere
1595 2007 1662 2027 non
1678 1996 1778 2027 facere
1794 2003 1930 2037 possunt
1944 1997 2093 2038 pictores:
2111 1997 2267 2038 quosdam
2284 1997 2368 2028 enim

1367 2041 1429 2081 ipsi
1445 2041 1587 2080 miscent,
1611 2041 1766 2081 puniceus
1789 2048 1896 2072 autem
1917 2049 1948 2072 et
1962 2041 2068 2075 viridis
2093 2048 2123 2072 et
2137 2041 2286 2082 halurgus
2302 2051 2369 2071 non

1367 2084 1403 2116 fit
1418 2085 1545 2116 mixtus.
1563 2084 1618 2115 Iris
1632 2092 1740 2116 autem
1756 2085 1816 2116 hos
1831 2085 1924 2116 habet
1940 2086 2073 2124 colores,
2097 2085 2152 2126 qui
2167 2093 2274 2117 autem
2289 2085 2369 2116 inter

1369 2130 1543 2170 puniceum
1567 2135 1598 2160 et
1620 2129 1754 2160 viridem
1777 2136 1907 2170 apparet
1929 2140 2023 2171 saepe
2043 2130 2189 2161 xanthos.

1301 2219 1413 2251 Parelii
1437 2224 1544 2249 autem
1576 2224 1607 2248 et
1628 2217 1733 2258 virgae
1756 2217 1838 2249 fiunt
1861 2228 1898 2248 ex
1920 2218 2015 2249 latere
2043 2228 2185 2258 semper,
2209 2224 2240 2248 et
2266 2227 2370 2258 neque

1369 2264 1515 2303 desuper,
1540 2272 1644 2303 neque
1668 2262 1708 2292 ad
1730 2269 1862 2301 terram,
1887 2273 1990 2303 neque
2014 2273 2051 2292 ex
2074 2262 2242 2302 opposito,
2266 2271 2370 2303 neque

1369 2308 1465 2339 etiam
1487 2307 1521 2337 in
1544 2314 1648 2345 nocte,
1673 2306 1728 2336 sed
1751 2317 1876 2347 semper
1899 2307 1980 2338 circa
2002 2307 2114 2345 solem,
2135 2306 2239 2337 adhuc
2262 2313 2370 2337 autem

1369 2353 1448 2383 dum
1471 2351 1620 2389 ascendit,
1641 2357 1696 2382 aut
1719 2351 1895 2390 descendit;
1918 2351 2096 2382 secundum
2111 2350 2248 2391 plurima
2263 2358 2371 2381 autem

1368 2397 1409 2427 ad
1430 2396 1646 2434 occidentem;
1670 2395 1703 2426 in
1731 2395 1837 2426 medio
1865 2402 1971 2426 autem
1991 2395 2066 2426 caeli
2093 2405 2174 2433 raro,
2196 2402 2232 2426 ut
2257 2395 2289 2425 in
2308 2394 2370 2425 Bo-

1369 2441 1489 2482 sphoro
1517 2440 1689 2481 aliquando
1713 2440 1841 2471 accidit:
1865 2449 1922 2480 per
1935 2446 2037 2471 totam
2060 2439 2145 2470 enim
2168 2439 2252 2470 diem
2275 2439 2371 2469 simul

1369 2485 1506 2516 orientes
1534 2485 1600 2515 duo
1628 2484 1737 2525 parelii
1760 2491 2000 2525 permanserunt
2023 2493 2125 2524 usque
2148 2484 2188 2513 ad
2211 2493 2370 2514 occasum.

1369 2531 1461 2568 Quae
1484 2529 1616 2570 quidem
1641 2529 1736 2569 igitur
1765 2529 1844 2559 circa
1872 2528 2135 2570 unumquodque*
2155 2528 2299 2568 ipsorum
2322 2538 2370 2558 ac-

1370 2575 1489 2612 cidunt,
1513 2573 1590 2604 haec
1613 2580 1696 2604 sunt.

1304 2618 1409 2650 Causa
1433 2625 1540 2649 autem
1563 2617 1682 2648 horum
1711 2616 1859 2648 omnium
1882 2617 2009 2647 eadem:
2042 2616 2151 2647 omnia
2181 2616 2266 2646 enim
2295 2616 2371 2646 haec

1369 2662 1514 2694 refractio
1539 2669 1623 2693 sunt.
1648 2661 1805 2692 Differunt
1827 2667 1935 2692 autern
1958 2661 2074 2700 modis,
2099 2668 2129 2692 et
2151 2671 2169 2691 a
2188 2660 2314 2701 quibus,
2340 2667 2371 2691 et

1370 2707 1538 2749 quomodo
1562 2706 1675 2737 accidit
1704 2705 1771 2736 fieri
1798 2705 2019 2736 refractionem
2042 2705 2082 2735 ad
2105 2705 2223 2744 solem,
2254 2711 2309 2735 aut
2331 2705 2371 2735 ad

1370 2752 1457 2782 aliud
1481 2751 1600 2792 aliquid
1624 2750 1831 2790 fulgidorum.

1303 2797 1344 2828 Et
1366 2806 1423 2837 per
1447 2795 1533 2826 diem
1555 2795 1686 2836 quidem
1709 2794 1762 2824 iris
1785 2793 1830 2832 fit,
1855 2801 1947 2824 nocte
1971 2800 2078 2833 autem
2101 2804 2119 2824 a
2141 2793 2227 2832 luna,
2251 2793 2370 2833 utqui-

1370 2841 1446 2871 dam
1468 2839 1590 2880 antiqui
1613 2839 1776 2879 putabant,
1794 2848 1860 2868 non
1876 2837 1986 2868 fiebat:
2011 2838 2072 2868 hoc
2088 2844 2195 2868 autem
2211 2837 2370 2877 patieban-

1369 2892 1422 2916 tur
1437 2891 1567 2925 propter
1581 2883 1750 2921 raritatem,
1766 2883 1881 2914 latebat
1899 2882 1984 2912 enim
1998 2882 2100 2922 ipsos:
2118 2880 2153 2912 fit
2166 2888 2283 2920 tamen,
2299 2891 2369 2912 raro

1369 2936 1479 2960 autem
1501 2928 1545 2959 fit.
1564 2928 1669 2959 Causa
1691 2934 1814 2966 autem,
1838 2933 1869 2957 et
1884 2926 1972 2967 quod
1994 2926 2027 2956 in
2050 2925 2184 2956 tenebris
2206 2925 2304 2956 latent
2319 2936 2370 2956 co-

1369 2974 1465 3012 lotes,
1489 2980 1520 3004 et
1543 2973 1603 3003 alia
1625 2972 1726 3002 multa
1749 2978 1876 3011 oportet
1899 2970 2084 3009 coincidere,
2110 2977 2140 3000 et
2162 2970 2270 3000 omnia
2292 2970 2369 3000 haec

1370 3018 1404 3049 in
1421 3018 1471 3048 die
1495 3028 1559 3048 una
1582 3016 1715 3047 mensis:
1739 3015 1772 3045 in
1793 3014 1970 3055 plenilunio
1994 3014 2079 3044 enim
2102 3013 2168 3044 fieri
2183 3024 2318 3052 necesse,
2342 3013 2369 3044 si

1371 3063 1482 3093 debeat
1497 3062 1576 3099 fore,
1601 3067 1631 3091 et
1647 3067 1722 3091 tunc
1746 3065 1801 3089 aut
1823 3058 1952 3097 oriente,
1977 3065 2032 3088 aut
2052 3058 2269 3089 occumbente.
2292 3059 2368 3089 Pro-

1371 3114 1440 3147 pter
1463 3106 1552 3146 quod
1575 3105 1706 3145 quidem
1728 3103 1762 3133 in
1785 3103 1874 3133 annis
1897 3102 2142 3143 quinquaginta,
2171 3102 2218 3133 bis
2241 3112 2369 3143 compe-

1370 3151 1469 3181 rimus
1495 3150 1611 3180 solum.

1304 3239 1402 3276 Quod
1425 3237 1556 3278 quidem
1570 3236 1665 3276 igitur
1687 3235 1773 3265 visus
1790 3234 1986 3274 refrangitur,
2003 3234 2084 3265 sicut
2106 3235 2144 3264 ab
2161 3244 2253 3275 aqua,
2270 3234 2314 3264 sic
2337 3241 2368 3265 et

1370 3283 1408 3313 ab
1433 3291 1502 3312 aere
1527 3287 1557 3311 et
1580 3280 1730 3310 omnibus
1746 3279 1934 3309 habentibus
1957 3277 2156 3318 superficiem
2175 3278 2314 3318 planam,
2331 3289 2370 3309 ex

1369 3326 1417 3356 his
1448 3335 1531 3366 quae
1561 3324 1641 3355 circa
1674 3323 1780 3354 visum
1811 3329 1936 3353 ostensa
1967 3329 2041 3353 sunt
2071 3329 2198 3362 oportet
2228 3322 2368 3363 accipere

1370 3370 1477 3400 fidem.
1508 3369 1549 3399 Et
1572 3368 1647 3409 quia
1674 3367 1879 3407 speculorum
1905 3366 1939 3396 in
1962 3366 2154 3407 quibusdam
2185 3366 2316 3407 quidem
2339 3373 2370 3398 et

1370 3414 1488 3454 figurae
1517 3418 1679 3452 apparent,
1703 3411 1736 3441 in
1759 3411 1951 3452 quibusdam
1974 3417 2082 3441 autem
2105 3411 2226 3441 colores
2250 3411 2368 3441 solum.

1370 3458 1461 3489 Talia
1484 3463 1592 3487 autem
1615 3463 1689 3486 sunt
1718 3465 1940 3496 quaecumque
1967 3465 2063 3495 parva
2085 3455 2307 3498 speculorum,
2339 3461 2370 3485 et

1371 3502 1493 3532 nullam
1516 3500 1697 3531 sensibilem
1723 3499 1839 3530 habent
1862 3499 2060 3530 divisionem.
2093 3499 2129 3529 In
2152 3499 2200 3530 his
2224 3499 2309 3530 enim
2331 3498 2367 3528 fi-

1371 3556 1484 3586 guram
1506 3545 1637 3586 quidem
1655 3543 1850 3584 impossibile
1870 3553 2018 3584 apparere
2038 3541 2175 3585 (videtur
2198 3543 2283 3574 enim
2302 3552 2368 3573 esse

1372 3589 1551 3621 divisibilis:
1569 3588 1674 3620 omnis
1692 3588 1778 3618 enim
1800 3587 1901 3628 figura
1924 3587 2021 3618 simul
2035 3588 2159 3619 videtur
2174 3587 2273 3628 figura
2289 3596 2367 3626 esse,

2134 3647 2188 3672 12*

2395 899 2403 908 ’
2419 898 2476 927 Cap.
2491 905 2516 920 11.
