2782 4134
331 275 408 320 254

1026 275 1097 311 DE
1127 271 1303 310 CAELO
1331 271 1402 307 ET
1432 268 1626 307 MUNDO
1656 268 1751 304 LIB.
1781 269 1831 305 III

1093 500 1393 557 LECTIO
1433 499 1766 556 OCTAVA

484 665 575 697 NON
600 664 774 696 OMNIUM
798 662 897 693 ESSE
921 660 1283 699 GENERATIONEM,
1308 659 1476 691 ITERUM
1499 659 1780 692 OSTENDITUR
1804 678 1823 684 -
1848 662 1953 699 QUID
1978 662 2044 692 SIT
2068 661 2343 693 ELEMENTUM
2362 679 2381 684 -

814 718 1029 756 QUAEDAM
1053 717 1295 749 CORPORUM
1317 716 1557 747 ELEMENTA
1578 717 1806 758 EXISTERE,
1831 719 2052 751 INFERTUR

329 852 408 885 ‘'Oe-t
432 847 460 884 δ’
491 851 569 884 οὔτε
595 849 732 882 πάντων
759 849 831 880 ἐστὶ
862 849 990 894 γένεσις
1018 845 1085 880 οὔθ’
1117 847 1230 885 οἱπλῶς
1255 841 1403 887 οὐδενός,

404 892 508 932 δῆλον
535 896 570 927 ἐκ
594 895 660 926 τῶν
686 892 946 937 προειρημένων·

341 937 510 980 ἀδύνατον
535 939 599 985 γαρ
618 937 747 974 παντὸς
772 936 931 980 σώματος
955 933 1042 968 εἶναι
1066 934 1208 982 γένεσιν,
1227 935 1256 967 εἰ
1276 935 1322 979 μή
1346 937 1404 966 καὶ

403 984 496 1016 κενὸν
513 981 598 1015 εἶναί
615 993 650 1014 τι
667 977 813 1013 δυνατόν
831 980 1094 1025 κεχωρισμένον·
1122 981 1154 1013 ἐν
1181 980 1204 1022 ᾧ
1222 980 1286 1026 γοὶρ
1305 980 1404 1012 ἔσται

405 1028 498 1068 τόπῳ
516 1027 557 1060 τὸ
574 1025 761 1075 γινόμενον,
781 1027 808 1057 εἰ
828 1024 979 1072 ἐγένετο,
998 1026 1031 1057 ἐν
1051 1024 1163 1066 τούτῳ
1181 1024 1344 1069 πρότερον
1363 1023 1404 1056 τό

403 1072 497 1104 κενὸν
518 1072 703 1116 ἀναγκαῖον
730 1068 815 1102 εἶναι
839 1068 998 1114 σώματος
1023 1068 1162 1114 μηθενὸς
1190 1069 1297 1106 ὄντος.

332 1117 434 1149 Ἀλλο
459 1116 517 1160 μὲν
542 1116 606 1162 γοὶρ
633 1113 668 1155 ἐξ
695 1114 799 1147 ἄλλου
824 1115 923 1158 σῶμα
949 1114 1123 1161 γίγνεσθαι
1148 1110 1308 1153 δυνατόν,
1336 1113 1404 1145 οἷον

404 1159 439 1201 ἐξ
466 1159 560 1203 ἀέρος
592 1160 638 1191 πῦ
666 1183 674 1200 ,
703 1158 785 1197 ὅλως
810 1154 838 1190 δ’
868 1159 903 1192 ἐκ
928 1155 1069 1204 μηδενός
1097 1159 1199 1190 ἄλλου
1233 1156 1407 1202 προϋπάρ-

403 1215 526 1250 χοντος
550 1171 709 1249 μεγέξους
738 1200 927 1237 ἀδύνατον·
955 1203 1109 1248 μάλιστα
1134 1203 1192 1247 μὲν
1214 1202 1278 1248 γοὶρ
1298 1203 1333 1234 ἐκ
1351 1197 1407 1234 δυ-

403 1248 500 1292 νάμει
518 1249 609 1286 τινός
628 1247 725 1286 ὄντος
743 1247 902 1292 σώματος
921 1249 1069 1294 ἐνεργείᾳ
1086 1245 1212 1293 γένοιτ’
1236 1246 1274 1279 ἂν
1293 1248 1402 1290 σῶμα.

398 1294 490 1324 Ἀλλ’
513 1293 540 1324 εἱ
565 1293 606 1325 τὸ
632 1289 772 1337 δυνάμει
799 1291 832 1324 ὃν
858 1294 956 1336 σῶμα
974 1291 1077 1337 μηθέν
1096 1293 1188 1324 ἐστιν
1208 1290 1290 1323 ἄλλο
1308 1293 1406 1335 σῶμα

404 1335 553 1383 ἐνεργείᾳ
579 1336 762 1381 πρότερον,
788 1337 883 1368 κενὸν
910 1336 1011 1369 ἐσται
1034 1336 1290 1382 κεχωρισμένον.

337 1382 465 1414 Λοιπὸν
492 1378 520 1413 δ’
548 1382 652 1413 εἰπεῖν
685 1385 783 1414 τίνων
810 1380 849 1414 τέ
875 1382 949 1413 ἐστι
973 1380 1101 1427 γένεσις
1127 1380 1317 1424 σωμοίτων,
1348 1381 1407 1412 καὶ

404 1421 463 1458 διαὶ
487 1428 520 1459 τί
546 1426 652 1459 ἐστιν.
682 1426 779 1459 Ἐπεὶ
805 1423 862 1457 οὖν
881 1426 914 1458 ἐν
935 1425 1061 1458 ἅπασιν
1084 1426 1104 1462 ἢ
1123 1426 1242 1471 γνῶσις
1263 1420 1323 1457 διαὶ
1339 1425 1406 1457 τῶν

404 1470 558 1513 πρώτων,
579 1471 700 1513 πρῶτα
725 1467 762 1502 δὲ
788 1472 854 1502 τῶν
881 1468 1140 1515 ἐνυπαρχόντων
1166 1469 1214 1502 τοὶ
1235 1473 1406 1514 στοιχεῖα,

405 1515 572 1548 σκεπτέον
597 1519 681 1547 ποῖα
713 1516 779 1547 τῶν
811 1514 977 1548 τοιούτων
1009 1513 1176 1559 σωμάτων
1211 1514 1285 1546 ἐστὶ
1316 1525 1410 1547 στοι-

405 1563 506 1604 χεῖα,
535 1561 594 1591 καὶ
619 1554 679 1591 διοὶ
703 1562 736 1591 τί
761 1559 877 1600 ἐστιν,
905 1559 1028 1591 ἔπειτα
1053 1559 1146 1604 μετα
1170 1559 1289 1591 ταῦτα
1315 1557 1407 1591 πόσα.

405 1615 443 1635 τε
467 1605 526 1635 καὶ
552 1604 619 1636 ποῖ’
642 1603 748 1636 ἄττα.
777 1604 886 1636 Τοῦτο
912 1598 940 1634 δ’
963 1603 1062 1636 ἔσται
1087 1603 1225 1648 φανερὸν
1245 1601 1410 1647 ὑποθεμέ-

406 1658 471 1685 νοις
498 1650 547 1686 τίς
575 1648 667 1680 ἐστιν
693 1649 713 1684 ἡ
740 1648 803 1680 τοῦ
829 1650 1000 1693 στοιχείου
1025 1647 1130 1692 φύσις.

347 1693 444 1725 Εστω
468 1687 511 1729 δή
537 1696 707 1738 στοιχεῖον
733 1693 799 1724 τῶν
817 1694 999 1736 σωμάτων,
1019 1693 1064 1730 εἰς
1083 1692 1099 1724 ὃ
1120 1690 1235 1725 τᾶλλα.
1259 1690 1409 1736 σώματα

405 1731 614 1779 διαιρεῖται,
650 1736 839 1781 ἐνυπάρχον
872 1734 1012 1780 δυνάμει
1045 1736 1066 1773 ἦ
1099 1737 1266 1782 ἐνεργείᾳ·
1301 1737 1408 1769 τοῦτο

405 1781 469 1826 γὰρ
496 1780 668 1823 ποτέρως,
703 1781 755 1813 ἔτι
789 1781 1098 1826 ἀμφισβητήσιμον.
1135 1780 1226 1814 Αὐτὸ
1256 1775 1285 1811 δ’
1315 1781 1407 1813 ἐστὶν

410 1820 602 1870 ἀδιαίρετον
629 1826 673 1863 εἰς
700 1825 801 1870 ἕτερα
828 1827 875 1868 τῷ
901 1822 997 1859 εἴδει·

341 1870 500 1902 τοιοῦτον
525 1869 589 1916 γοίρ
615 1881 650 1902 τι
675 1870 716 1901 τὸ
749 1875 918 1916 στοιχεῖον
953 1870 1105 1906 ἅπαντες
1137 1871 1196 1901 καὶ
1230 1869 1264 1902 ἐν
1300 1868 1409 1902 ἅπασι

409 1913 593 1953 βούλονται
617 1913 740 1960 λέγειν.

339 1958 377 1990 Εἰ
401 1953 444 1994 δή
471 1958 512 1990 τὸ
538 1958 707 2003 εἰρημένον
735 1959 807 1990 ἐστὶ
833 1962 1016 2004 στοιχεῖον,
1045 1955 1177 2005 ἀνάγκη
1203 1955 1289 1990 εἶναι
1313 1957 1409 1990 ἄττα

408 2003 559 2035 τοιαῦτα
585 2004 652 2034 τῶν
677 2002 856 2047 σωμάτων.
889 2001 944 2035 Ἐν
963 2002 1022 2046 μὲν
1040 2001 1087 2047 γοὶ
1122 2004 1221 2044 σαρκὶ
1244 2003 1303 2034 καὶ
1321 2001 1408 2043 ξύλῳ

406 2049 464 2078 καὶ
491 2047 623 2088 ἑκάστῳ
656 2048 722 2080 τῶν
755 2047 922 2080 τοιούτων
954 2047 1064 2079 ἔνεστι
1089 2012 1228 2091 §mady-er.
1254 2047 1318 2089 πῦρ
1350 2048 1408 2078 καὶ

409 2092 473 2136 γῆ·
499 2091 626 2136 φανεροὶ
650 2091 714 2138 γὰρ
740 2092 861 2125 ταῦτα
879 2091 913 2133 ἐξ
936 2092 1066 2123 ἐκείνων
1094 2090 1324 2135 ἐκκρινόμενα.
1351 2089 1408 2122 Ἐν

405 2133 443 2169 δὲ
469 2137 545 2178 πυρὶ
570 2136 652 2178 σοὶρξ
678 2135 698 2173 ἦ
720 2135 818 2177 ξύλον
845 2137 905 2168 οὐκ
932 2135 1188 2181 ἐνυπάρχουσιν,
1210 2135 1288 2169 οὔτε
1312 2136 1410 2168 κατοὶ

406 2178 548 2223 δύναμιν
581 2180 660 2212 οὔτε
696 2181 774 2213 κατ’
805 2181 990 2227 ἐνέργειαν·
1027 2180 1213 2225 ἐξεκρίνετο
1249 2180 1315 2226 γοίρ
1353 2180 1405 2212 ἄν.

403 2227 542 2269 Ὀμοίως
566 2219 596 2255 δ’
619 2220 687 2256 οὐδ’
710 2225 737 2256 εἱ
764 2224 796 2256 ἕν
822 2237 856 2258 τι
878 2224 978 2268 μόνον
1006 2226 1055 2262 εἴη
1082 2225 1255 2266 τοιοῦτον,
1282 2218 1352 2256 οὐδ’
1374 2224 1407 2257 ἐν

407 2271 536 2309 ἐκείνῳ·
565 2269 603 2300 οὐ
627 2268 692 2315 γοὶρ
718 2269 746 2301 εἰ
772 2269 871 2302 ἔσται
903 2268 986 2313 σάρξ
1012 2267 1033 2305 ἦ
1061 2269 1182 2303 ὀστοῦν
1209 2267 1229 2306 ἦ
1255 2270 1322 2301 τῶν
1350 2269 1407 2302 ἄλ-

404 2317 471 2347 λων
498 2314 626 2354 ὀτιοῦν,
646 2314 739 2346 οὔπω
764 2313 890 2358 φατέον
918 2312 1117 2360 ἐνυπάρχειν
1142 2309 1296 2356 δυνάμει,
1319 2313 1409 2346 ἀλλοὶ

406 2356 679 2402 προσθεωρητέον
704 2360 755 2396 τίς
783 2360 798 2390 ὀ
823 2357 948 2403 τρόπος
974 2358 1036 2395 τῆς
1061 2357 1232 2404 γενέσεως.

333 2401 569 2449 Ἀναξαγόρας
603 2398 631 2433 δ’
659 2398 884 2447 Ἐμπεδοκλεῖ·
914 2403 1075 2441 ἐναντίως
1105 2402 1197 2449 λέγει
1233 2403 1307 2447 περὶ
1339 2405 1406 2435 τῶν

407 2448 600 2491 στοιχείων.
629 2447 666 2478 '0
683 2447 740 2491 μὲν
759 2447 823 2493 γοὶρ
842 2449 906 2503 πῦρ
931 2448 989 2478 καὶ
1006 2448 1070 2492 γῆν
1095 2449 1153 2479 καὶ
1172 2446 1220 2478 τοὶ
1237 2446 1407 2492 σύστοιχα

407 2491 545 2528 τούτοις
571 2491 729 2536 στοιχεῖα
752 2502 848 2535 φησιν
871 2503 956 2523 ειναι
975 2494 1040 2524 τῶν
1059 2491 1229 2544 σωμάτων
1253 2492 1312 2523 καὶ
1329 2503 1407 2536 συγ-

406 2535 538 2569 κεῖσθαι
563 2534 663 2568 πάντ’
694 2534 729 2567 ἐν.
755 2536 909 2577 τούτων,
937 2535 1174 2581 Ἀναξαγορας
1204 2530 1241 2567 δὲ
1267 2532 1409 2567 τούναν-

409 2584 494 2614 τίον·
514 2578 561 2611 τοὶ
577 2580 641 2625 γαρ
662 2581 843 2624 ὁμοιομερῆ
862 2583 1019 2625 στοιχεῖα
1037 2579 1144 2626 (λέγω
1161 2575 1189 2611 δ’
1212 2580 1280 2611 οἷον
1298 2579 1408 2623 σοίρκα

406 2627 465 2658 καὶ
484 2625 605 2657 ὀστοῦν
630 2625 689 2657 καὶ
707 2625 773 2655 τῶν
792 2624 959 2657 τοιούτων
983 2623 1164 2667 ἕκαστον),
1185 2622 1268 2666 ἀέρα
1289 2619 1326 2656 δὲ
1350 2625 1407 2655 καὶ

409 2671 473 2712 πῦρ
499 2672 536 2712 μῖ
561 2681 610 2711 μα
635 2666 769 2701 τούτων
792 2670 850 2700 καὶ
877 2670 942 2702 τῶν
963 2668 1071 2700 ἄλλων
1096 2667 1301 2712 σπερμάτων
1324 2667 1410 2700 ποίν-

409 2725 496 2746 των·
522 2725 536 2744 ε
553 2724 608 2745 ναι
631 2713 696 2759 γάρ
719 2712 878 2757 ἑκάτερον
897 2712 1009 2746 αὐτῶν
1028 2711 1061 2753 ἐξ
1082 2712 1236 2756 ἀοράτων
1255 2713 1409 2756 ὁμοιομε-

410 2759 470 2802 ρῶν
501 2758 639 2791 ποίντων
666 2755 901 2800 ἡθροισμένων.
934 2757 990 2789 Διο“
1019 2759 1077 2789 καὶ
1102 2756 1276 2801 γίγνεσθαι
1301 2755 1404 2789 πάντ’

411 2803 447 2834 ἐκ
472 2802 624 2836 τούτων·
651 2801 692 2834 τὸ
716 2801 780 2847 γὰρ
816 2802 879 2844 πῦρ
910 2804 968 2833 καὶ
995 2801 1053 2833 τὸν
1088 2800 1207 2846 αἰθέρα
1240 2813 1409 2848 προσαγο-

410 2845 497 2891 ρεύει
522 2844 647 2880 ταύτό.

337 2891 433 2923 Ἐπεὶ
458 2885 486 2921 δ’
516 2891 590 2924 ἐστὶ
615 2890 745 2927 παντὸς
779 2890 915 2934 φυσικοῦ
942 2889 1100 2932 σώματος
1131 2892 1258 2927 κίνησις
1284 2890 1406 2931 οἰκεία,

411 2935 477 2968 τῶν
501 2930 539 2967 δὲ
563 2934 724 2971 κινήσεων
752 2936 786 2966 αἱ
811 2934 870 2978 μὲν
899 2935 1008 2966 οἱπλαῖ
1033 2930 1122 2966 αἰδὲ
1143 2936 1276 2976 μικταί,
1295 2935 1354 2966 καὶ
1373 2937 1407 2966 αἱ

410 2979 468 3024 μὲν
494 2980 613 3024 μικταὶ
639 2979 706 3011 τῶν
724 2980 851 3022 μικτῶν
876 2981 910 3011 αἰ
928 2974 966 3010 δὲ
985 2979 1096 3010 ἁπλαῖ
1112 2979 1177 3012 τῶν
1197 2979 1313 3011 οἱπλῶν
1331 2979 1406 3019 εἱσί,

410 3024 550 3069 φανερὸν
582 3023 635 3056 ὅτι
669 3022 769 3056 ἔσται
803 3023 898 3056 ἄττα
929 3021 1076 3067 σώματα
1108 3023 1219 3056 οἱπλᾶ·
1247 3024 1308 3054 εἰσὶ
1342 3023 1406 3070 γάρ

408 3071 466 3101 καὶ
490 3067 636 3105 κινήσεις
663 3068 782 3100 ἁπλαῖ.

337 3111 437 3146 Ὥστε
462 3108 566 3150 δῆλον
590 3113 649 3144 καὶ
675 3111 728 3145 ὅτι
750 3112 822 3144 ἔστι
840 3114 997 3156 στοιχεῖα
1021 3113 1079 3144 καὶ
1103 3105 1163 3144 διαὶ
1188 3113 1221 3144 τί
1249 3111 1355 3145 ἐστιν.

397 3210 546 3237 SYNOPSIS.
564 3225 599 3230 -
620 3218 644 3237 r.
660 3209 872 3246 Argumentum
894 3215 921 3236 et
942 3208 1045 3237 divisio
1067 3215 1168 3236 textus.
1183 3224 1203 3229 —
1218 3216 1245 3236 2.
1262 3210 1303 3236 Ex
1324 3215 1410 3236 antea

343 3248 470 3285 probatis
492 3249 574 3284 (lect.
589 3257 610 3276 11
631 3250 712 3285 sqq.)
735 3248 918 3276 manifestum
941 3255 983 3276 est
998 3247 1214 3286 generationem
1236 3257 1331 3285 neque
1348 3257 1410 3277 esse

344 3289 495 3323 omnium,
524 3297 618 3325 neque
639 3288 753 3316 nullius.
778 3289 824 3316 Ad
850 3289 1034 3324 probandum
1062 3295 1160 3316 tamen
1188 3297 1249 3316 non
1277 3288 1410 3316 omniurn

344 3337 405 3356 esse
427 3328 649 3364 generationem,
671 3327 821 3356 adhibetur
844 3328 1033 3356 universalior
1053 3328 1139 3356 ratio:
1163 3329 1242 3365 quod
1261 3337 1375 3364 nempe,
1388 3327 1411 3356 si

345 3374 418 3395 esset
440 3367 571 3396 omnium
599 3367 761 3404 generatio,
784 3374 932 3404 oporteret
958 3368 1028 3404 poni
1056 3377 1179 3396 vacuum
1208 3374 1372 3405 separatum
1394 3377 1411 3396 a

346 3407 525 3443 corporibus.
539 3424 558 3428 -
581 3408 606 3435 3.
623 3407 790 3436 Excluditur
811 3407 948 3436 obviatio.
975 3408 1135 3436 Generatur
1155 3407 1325 3444 particulare
1347 3417 1411 3436 cor—

345 3456 409 3483 pus,
425 3447 503 3474 nullo
524 3456 615 3475 vacuo
637 3447 782 3482 existente,
805 3447 873 3484 quia
893 3454 1045 3484 generatur
1066 3457 1099 3476 ex
1121 3447 1178 3476 alio
1200 3457 1337 3484 corpore:
1360 3449 1411 3476 sed

347 3485 370 3514 si
392 3495 479 3514 omne
501 3495 605 3523 corpus
626 3494 785 3524 generetur,
807 3487 953 3523 oportebit
974 3488 1053 3524 quod
1077 3497 1182 3524 corpus
1203 3487 1283 3516 fieret
1301 3497 1334 3516 ex
1350 3497 1411 3516 non

347 3534 485 3562 corpore;
507 3533 534 3554 et
549 3526 587 3554 ita
608 3533 673 3554 ante
695 3526 909 3563 generationem
931 3527 1138 3564 cuiuscumque
1160 3527 1299 3564 corporis,
1322 3537 1410 3564 opor-

347 3571 419 3592 teret
440 3575 501 3594 esse
522 3575 644 3594 vacuum
666 3573 839 3602 separatum.
857 3582 875 3587 -
889 3577 916 3602 4.
939 3567 1156 3595 Attendendum
1178 3568 1258 3604 quod
1279 3567 1407 3596 Philoso-

347 3604 422 3640 phus
443 3605 488 3633 hic
508 3606 631 3642 probare
653 3605 775 3634 intendit
795 3606 875 3642 quod
896 3612 957 3634 tota
972 3606 1057 3634 simul
1071 3606 1239 3635 universitas
1254 3616 1411 3644 corporum

1459 849 1476 867 *
1492 849 1591 886 Quod
1614 856 1723 880 autem
1746 860 1850 891 neque
1874 851 2023 882 omnium
2040 859 2087 883 est
2101 852 2273 892 generatio,
2288 862 2393 894 neque
2413 852 2532 893 simpli-

1528 893 1603 924 citer
1626 894 1756 933 nullius,
1780 894 1887 934 palam
1911 905 1948 926 ex
1971 896 2146 936 praedictis.

1461 937 1659 977 Impossibile
1683 938 1769 969 enim
1788 939 1894 970 omnis
1915 940 2057 980 corporis
2073 950 2140 971 esse
2158 941 2406 981 generationem,
2426 941 2451 972 si
2467 951 2534 972 non

1523 988 1554 1012 et
1564 992 1703 1013 vacuum
1723 993 1789 1013 esse
1805 983 1936 1024 aliquod
1947 984 2097 1025 possibile
2113 993 2303 1025 separatum.
2322 986 2357 1016 In
2368 996 2434 1027 quo
2448 985 2534 1017 enim

1523 1026 1581 1057 erit
1595 1027 1668 1057 loco
1685 1028 1775 1068 quod
1788 1037 1875 1058 nunc
1889 1035 2066 1068 generatur,
2078 1029 2103 1060 si
2114 1029 2224 1060 fuisset
2238 1030 2349 1071 utique
2358 1030 2420 1061 isto
2433 1030 2533 1071 prius,

1526 1081 1665 1102 vacuum
1688 1072 1900 1103 necessarium
1925 1083 2002 1112 esse,
2027 1083 2160 1114 corpore
2183 1073 2274 1104 nullo
2298 1074 2457 1106 existente.

1460 1114 1558 1145 Aliud
1581 1115 1712 1156 quidem
1737 1117 1823 1147 enim
1846 1127 1883 1147 ex
1906 1117 1968 1147 alio
1992 1127 2108 1158 corpus
2124 1117 2191 1148 fieri
2210 1118 2372 1158 possibile,
2392 1126 2470 1159 puta
2497 1129 2534 1150 ex

1528 1170 1597 1191 aere
1621 1160 1746 1200 ignem:
1771 1161 1908 1192 totaliter
1932 1168 2039 1192 autem
2064 1172 2101 1192 ex
2126 1162 2215 1192 nulla
2231 1162 2290 1192 alia
2307 1163 2533 1203 praeexistente

1527 1205 1756 1245 magnitudine,
1776 1205 1984 1246 impossibile.
2009 1206 2147 1236 Maxime
2171 1206 2257 1236 enim
2280 1206 2391 1248 utique
2415 1217 2452 1238 ex
2475 1217 2532 1247 po-

1528 1249 1624 1280 tentia
1653 1250 1796 1290 quodam
1820 1257 1891 1281 ente
1916 1260 2068 1291 corpore,
2092 1257 2164 1281 actu
2188 1250 2241 1282 fiet
2265 1250 2376 1291 utique
2400 1258 2532 1291 corpus:

1528 1294 1582 1324 sed
1614 1293 1639 1324 si
1662 1294 1805 1334 potentia
1836 1304 1891 1325 ens
1925 1305 2041 1335 corpus
2071 1294 2200 1325 nullum
2231 1302 2278 1326 est
2307 1295 2395 1326 aliud
2417 1305 2534 1336 corpus

1529 1338 1616 1378 prius
1640 1346 1723 1377 actu,
1747 1349 1886 1370 vacuum
1910 1339 1967 1370 erit
1990 1346 2181 1380 separatum.

1461 1382 1479 1401 *
1494 1382 1669 1423 Reliquum
1692 1390 1800 1414 autem
1823 1383 1925 1414 dicere
1949 1393 2090 1424 quorum
2105 1390 2151 1415 est
2164 1383 2325 1424 generatio
2349 1393 2534 1424 corporum,

1529 1434 1560 1458 et
1583 1434 1713 1468 propter
1744 1428 1823 1469 quid
1846 1435 1902 1459 est.
1937 1428 2101 1465 Quoniam
2129 1428 2225 1468 igitur
2248 1428 2281 1458 in
2305 1428 2456 1459 omnibus
2480 1437 2534 1459 co-

2559 857 2707 913 3-23251‘3·23‘¹’·
2722 864 2749 881 ¹¹·

2620 1398 2644 1420 p.
2655 1397 2690 1415 m.
2704 1391 2778 1415 Text.

2560 1423 2598 1446 30.

1528 1471 1629 1512 gnitio
1653 1482 1709 1512 per
1732 1472 1854 1512 prima,
1879 1472 1981 1513 prima
2005 1480 2113 1503 autem
2141 1473 2343 1504 existentium
2367 1473 2534 1511 elementa,
2578 1501 2580 1503 .

1530 1516 1796 1547 considerandum
1820 1527 1902 1557 quae
1926 1526 2099 1557 corporum
2123 1524 2197 1548 sunt
2220 1517 2387 1556 elementa,
2408 1524 2439 1549 et
2461 1527 2535 1558 pro-

1530 1567 1599 1601 pter
1622 1561 1701 1601 quid
1724 1567 1816 1599 sunt;
1841 1561 1954 1591 deinde
1969 1568 2043 1602 post
2057 1561 2144 1600 haec,
2164 1568 2256 1603 quot,
2273 1569 2303 1592 et
2319 1562 2425 1603 qualia
2438 1571 2535 1603 quae-

1531 1605 1614 1635 dam.
1632 1606 1649 1624 *
1665 1606 1737 1636 Hoc
1753 1612 1861 1636 autem
1877 1606 1934 1637 erit
1950 1605 2155 1637 manifestum
2179 1606 2434 1646 supponentibus
2457 1606 2535 1648 quid

1531 1656 1578 1680 est
1601 1649 1748 1680 elementi
1772 1656 1894 1681 natura.

1464 1693 1510 1725 Sit
1531 1694 1638 1735 itaque
1663 1694 1858 1725 elementum
1882 1704 2066 1735 corporum,
2084 1695 2124 1724 ad
2147 1694 2237 1736 quod
2256 1693 2316 1724 alia
2339 1704 2474 1735 corpora
2489 1694 2534 1725 di-

1530 1738 1702 1776 viduntur,
1733 1739 1819 1769 intus
1844 1738 1976 1769 existens
2001 1739 2143 1779 potentia
2166 1746 2221 1770 aut
2244 1745 2315 1769 actu
2340 1737 2424 1781 (hoc
2448 1739 2535 1770 enim

1531 1790 1603 1813 utro
1627 1783 1726 1813 modo
1751 1783 1854 1814 adhuc
1878 1781 2086 1825 dubitabile):
2118 1783 2226 1824 ipsum
2253 1789 2362 1814 autem
2384 1790 2431 1815 est
2453 1782 2534 1814 indi-

1530 1827 1652 1858 visibile
1675 1827 1708 1858 in
1732 1827 1828 1858 altera
1851 1827 1964 1868 specie.

1463 1871 1543 1902 Tale
1560 1872 1646 1902 enim
1662 1872 1858 1902 elementum
1882 1881 1995 1902 omnes
2020 1878 2050 1902 et
2065 1871 2097 1902 in
2115 1871 2266 1902 omnibus
2282 1871 2397 1903 volunt
2419 1871 2534 1903 dicere.

1463 1959 1525 1991 *Si
1541 1961 1648 2002 itaque
1671 1960 1761 2001 quod
1785 1959 1907 1991 dictum
1923 1966 1987 1999 est,
2012 1966 2059 1990 est
2080 1960 2293 1999 elementum,
2317 1969 2444 1992 necesse
2467 1969 2535 1991 esse

1531 2005 1689 2046 quaedam
1705 2004 1779 2035 talia
1795 2014 1978 2044 corporum.
1997 2004 2032 2034 In
2049 2014 2140 2035 carne
2157 2004 2288 2045 quidem
2304 2005 2391 2036 enim
2406 2011 2437 2036 et
2446 2004 2534 2046 ligno

1532 2057 1562 2080 et
1578 2059 1778 2090 unoquoque
1800 2049 1913 2080 talium
1928 2056 1974 2080 est
1989 2049 2132 2088 potentia
2149 2049 2230 2090 ignis
2247 2056 2278 2080 et
2293 2055 2383 2080 terra:
2399 2049 2418 2068 ¹⁸¹
2433 2048 2535 2080 mani-

1531 2094 1609 2125 festa
1631 2101 1739 2124 autem
1762 2093 1839 2124 haec
1859 2103 1896 2124 ex
1914 2093 1976 2124 illis
1992 2100 2162 2133 segregata.
2188 2094 2223 2124 In
2246 2093 2319 2134 igne
2338 2100 2446 2125 autem
2461 2103 2534 2125 caro

1531 2146 1586 2170 aut
1604 2138 1728 2178 lignum
1743 2148 1810 2169 non
1828 2137 1909 2169 inest
1925 2147 2029 2178 neque
2046 2138 2224 2168 secundum
2238 2138 2416 2178 potentiam
2431 2147 2536 2180 neque

1530 2183 1707 2214 secundum
1731 2189 1855 2213 actum:
1881 2189 2094 2223 segregaretur
2122 2181 2208 2213 enim
2231 2182 2352 2224 utique.
2385 2182 2537 2214 Similiter

1530 2234 1638 2259 autem
1657 2237 1761 2268 neque
1782 2226 1807 2257 si
1825 2237 1927 2257 unum
1951 2226 2083 2267 aliquod
2106 2226 2213 2257 solum
2236 2234 2317 2258 esset
2339 2226 2463 2265 talium,
2479 2236 2535 2258 ne-

1530 2281 1593 2312 que
1617 2271 1649 2302 in
1672 2271 1745 2302 illo:
1772 2281 1838 2302 non
1862 2271 1948 2301 enim
1972 2270 1998 2301 si
2013 2271 2071 2302 erit
2090 2281 2162 2302 caro
2186 2278 2241 2302 aut
2260 2281 2296 2301 os
2320 2278 2375 2302 aut
2397 2271 2536 2302 aliorum

1530 2317 1771 2357 quodcumque,
1796 2316 1943 2346 nondum
1967 2315 2138 2346 dicendum
2161 2315 2273 2346 inesse.
2299 2315 2361 2347 Sed
2383 2325 2534 2357 praecon-

1529 2360 1732 2391 siderandum
1755 2359 1827 2400 quis
1851 2360 1967 2390 modus
1991 2359 2213 2399 generationis.

1461 2404 1477 2422 *
1494 2407 1697 2445 Anaxagoras
1713 2411 1820 2435 autem
1834 2404 2024 2444 Empedocli
2042 2403 2196 2435 contraria
2215 2403 2289 2434 dicit
2305 2404 2344 2434 de
2360 2404 2534 2436 elementi&

1530 2449 1591 2479 Hic
1615 2448 1744 2490 quidem
1769 2448 1854 2478 enim
1877 2448 1985 2488 ignem
2009 2455 2039 2478 et
2061 2454 2176 2478 terram
2207 2454 2238 2478 et
2268 2448 2463 2479 coelementa
2485 2448 2535 2479 his

1530 2493 1685 2523 elementa
1708 2492 1812 2533 inquit
1835 2502 1902 2522 esse
1926 2501 2111 2532 corporum,
2136 2498 2166 2522 et
2190 2491 2343 2532 componi
2367 2491 2477 2522 omnia
2497 2501 2535 2523 ex

1529 2536 1588 2567 his.
1613 2539 1815 2576 Anaxagoras
1839 2543 1947 2567 autem
1966 2535 2174 2567 contrarium:
2199 2535 2430 2566 homoeomera
2448 2535 2535 2567 enim

1531 2582 1686 2612 elementa
1710 2580 1802 2622 (dico
1827 2587 1953 2619 autem,
1979 2587 2075 2621 puta,
2100 2590 2226 2611 carnem
2250 2587 2280 2611 et
2303 2590 2340 2611 os
2364 2587 2395 2611 et
2417 2590 2534 2611 unum-

1530 2626 1684 2666 quodque
1707 2623 1857 2667 talium);
1881 2635 1985 2655 aerem
2008 2632 2115 2656 autem
2131 2631 2162 2655 et
2177 2624 2285 2665 ignem
2308 2624 2460 2656 mixturas
2475 2624 2534 2655 ho-

1530 2679 1602 2700 rum
1631 2676 1661 2700 et
1684 2669 1818 2700 aliorum
1836 2669 1995 2700 seminum
2019 2669 2184 2699 omnium:
2209 2678 2276 2699 esse
2300 2669 2386 2699 enim
2408 2676 2534 2700 utrum·

1530 2724 1592 2754 que
1616 2713 1760 2754 ipsorum
1784 2723 1820 2744 ex
1850 2713 2092 2744 indivisibilibus
2116 2713 2354 2744 homoeomeris
2383 2712 2535 2744 omnibus

1530 2758 1735 2798 congregatis.
1761 2758 1893 2798 Propter
1916 2758 2006 2798 quod
2029 2764 2060 2788 et
2084 2757 2163 2788 facta
2187 2767 2253 2787 esse
2278 2757 2388 2788 omnia
2411 2767 2448 2788 ex
2473 2757 2532 2789 his.

1530 2803 1639 2843 Ignem
1663 2802 1750 2832 enirn
1773 2808 1803 2833 et
1827 2802 1985 2833 aetherem
2009 2802 2148 2842 appellat
2167 2801 2263 2832 idem.

1461 2891 1478 2910 *
1494 2891 1659 2928 Quoniam
1676 2898 1783 2921 autem
1803 2898 1849 2921 est
1866 2890 1971 2921 omnis
1995 2890 2146 2921 naturalis
2163 2890 2304 2930 corporis
2328 2896 2437 2921 motus
2460 2899 2534 2931 pro-

1530 2935 1632 2976 prius;
1657 2942 1807 2966 motuum
1830 2942 1938 2966 autem
1961 2934 1994 2965 hi
2017 2934 2148 2976 quidem
2172 2934 2347 2974 simplices,
2372 2934 2405 2965 hi
2427 2940 2535 2966 autem

1530 2979 1618 3010 mixti
1630 3002 1638 3017 ‚
1668 2987 1697 3010 et
1730 2979 1818 3010 mixti
1851 2979 1981 3020 quidem
2014 2979 2206 3016 mixtorum,
2238 2978 2396 3019 simplices
2427 2985 2536 3010 autem

1532 3024 1725 3064 simplicium
1749 3030 1838 3063 sunt;
1862 3023 2067 3054 manifestum
2084 3023 2172 3064 quod
2188 3030 2280 3054 erunt
2294 3023 2451 3064 quaedam
2467 3032 2535 3054 cor-

1532 3078 1611 3108 pora
1630 3068 1799 3108 simplicia:
1824 3075 1899 3099 sunt
1922 3067 2008 3098 enim
2028 3075 2058 3099 et
2077 3074 2186 3098 motus
2209 3067 2378 3108 simplices.

1465 3112 1482 3132 *
1498 3113 1606 3153 Itaque
1622 3113 1728 3153 palam
1745 3120 1775 3143 et
1789 3113 1878 3154 quod
1894 3119 1968 3143 sunt
1985 3112 2150 3151 elementa,
2167 3118 2198 3143 et
2213 3118 2344 3152 propter
2357 3110 2436 3152 quid
2450 3118 2534 3142 sunt.

1464 3218 1525 3237 non
1540 3215 1705 3246 generatur:
1728 3218 1788 3237 non
1803 3215 1900 3237 autern
1922 3209 2003 3245 quod
2024 3207 2144 3245 aliquod
2164 3207 2335 3244 particulare
2353 3215 2460 3244 corpus
2474 3215 2536 3236 non

1464 3255 1617 3285 generatur
1637 3258 1671 3277 ex
1692 3258 1753 3277 non
1775 3257 1906 3285 corpore.
1920 3265 1939 3269 —
1954 3249 2013 3276 Nec
2033 3254 2131 3276 tamen
2153 3247 2213 3276 eius
2227 3246 2362 3284 probatio
2377 3253 2420 3275 est
2434 3253 2537 3275 contra

1465 3288 1635 3316 sententiam
1658 3288 1824 3318 Catholicae
1846 3287 1935 3322 Fidei,
1958 3297 2015 3325 qua
2029 3287 2166 3324 ponimus
2180 3293 2272 3315 totam
2291 3295 2449 3323 corporum
2470 3285 2536 3314 uni-

1464 3328 1627 3356 versitatem
1649 3329 1685 3356 de
1707 3338 1785 3356 novo
1807 3327 1984 3364 incoepisse:
2007 3337 2068 3355 non
2090 3327 2166 3356 enim
2195 3326 2318 3355 dicimus
2346 3325 2536 3362 praeexistere

1465 3368 1572 3403 locum,
1594 3375 1625 3396 ut
1638 3367 1808 3396 Aristoteles
1830 3367 1982 3404 supponit;
2005 3376 2059 3396 nec
2079 3367 2215 3404 ponimus
2237 3365 2453 3403 generationem
2471 3374 2536 3394 cor·

1465 3417 1570 3444 porum
1592 3417 1625 3436 ex
1647 3417 1682 3436 eo
1700 3409 1780 3445 quod
1795 3414 1837 3436 est
1852 3408 1882 3435 in
1896 3407 2041 3444 potentia,
2058 3408 2109 3435 sed
2123 3415 2174 3443 per
2190 3405 2404 3435 creationem.—
2420 3406 2446 3434 5.
2461 3406 2537 3434 Sub-

1465 3447 1567 3476 divisio
1582 3454 1683 3476 textus.
1701 3465 1720 3469 —
1735 3449 1810 3476 Cum
1831 3457 1892 3476 non
1913 3447 2045 3475 omnium
2068 3456 2234 3484 corporum,
2257 3455 2352 3482 neque
2373 3444 2480 3474 nullius
2500 3445 2537 3474 sit

1465 3487 1621 3525 generatio,
1644 3487 1849 3525 inquirendum
1871 3496 1997 3524 quorum
2019 3486 2063 3521 sit,
2086 3493 2113 3515 et
2128 3495 2272 3524 quaenam
2294 3485 2356 3514 eius
2372 3494 2467 3514 causa.
2488 3485 2537 3513 Ad

1466 3528 1547 3564 quod
1567 3528 1819 3565 cognoscendum,
1842 3527 1920 3564 prius
1946 3533 2138 3563 cognoscatur
2166 3532 2282 3563 oportet
2310 3534 2455 3562 quaenam
2479 3523 2536 3552 sint

1466 3568 1607 3596 elementa
1633 3577 1790 3604 corporum
1818 3565 2024 3604 generabilium
2047 3572 2074 3594 et
2095 3565 2340 3602 corruptibilium,
2363 3571 2391 3593 et
2411 3572 2469 3601 qua
2490 3572 2535 3591 ra-

1465 3607 1544 3636 tione
1565 3607 1622 3636 sint
1643 3607 1800 3642 elementa,
1823 3613 1851 3635 et
1872 3613 1944 3643 quot
1965 3612 1992 3634 et
2013 3605 2109 3643 qualia
2130 3605 2195 3634 sint.
2217 3605 2263 3633 Ad
2285 3605 2341 3633 hoc
2362 3610 2458 3632 autern
2474 3611 2536 3631 ma-

2559 1612 2572 1624 ·
2586 1610 2656 1634 Ται.
2669 1617 2701 1641 3¹.

2561 1968 2573 1980 ⁸
2585 1967 2656 1991 Text.
2670 1973 2707 1997 3²·

2561 2057 2571 2067 ·
2585 2055 2655 2079 Text.
2668 2061 2706 2085 33.

2561 2413 2573 2425 ⁸
2586 2412 2657 2436 Text.
2670 2418 2712 2442 3⁴·

2562 2900 2572 2910 '
2585 2898 2655 2922 Text.
2668 2904 2707 2929 35.

2562 3121 2574 3133 ⁸
2586 3119 2656 3143 Text.
2669 3120 2710 3151 36.
