2690 4062
74 3139 82 3147 ·
98 3137 167 3159 Num.
181 3144 228 3166 seq.

303 277 362 302 xv1
808 266 879 302 DE
909 261 1295 302 GENERATIONE
1325 260 1395 296 ET
1425 255 1808 294 CORRUPTIONE
1839 255 1933 291 LIB.
1965 255 1979 290 1

871 546 1165 604 LECTIO
1202 540 1916 600 VIGESIMATERTIA

453 720 687 753 SECUNDUM
714 718 967 750 VERITATEM
995 714 1342 747 DETERMINATUR
1371 711 1593 751 QUOMODO
1622 711 1681 742 ET
1709 711 1788 742 SUB
1818 711 1974 749 QUIBUS
2004 693 2346 743 CONDITIONlBUS

514 776 768 809 CONTINGAT
791 775 934 806 AGERE
958 775 1015 804 ET
1039 773 1137 804 PATI
1163 790 1181 795 -
1205 771 1340 802 FALSA
1364 769 1511 802 OPINIO
1535 769 1593 800 DE
1616 768 1745 800 MODO
1768 769 1973 800 PATIENDI
1998 769 2283 801 IMPROBATUR

307 929 390 958 Τίνα
416 919 455 956 δέ
481 923 606 967 τρόπον
639 921 784 967 ὑπάρχει
816 925 887 958 τοῖς
918 919 990 952 οὖσι
1017 918 1138 963 γεννᾶν
1169 919 1226 948 καὶ
1257 921 1364 948 ποιεῖν

373 970 430 1000 καὶ
457 967 614 1013 πάσχειν,
632 965 782 1011 λέγωμεν
806 966 973 1004 λαβοντες
992 959 1098 1006 ἀρχήν
1117 962 1180 998 τήν
1202 960 1365 998 πολλάκις

373 1010 559 1056 εἰρημένην.
1267 1049 1284 1057 ἀ

307 1059 345 1090 Εἰ
368 1055 431 1103 γάρ
458 1055 589 1088 ἐστιτὰ
610 1054 669 1098 μὲν
687 1049 827 1097 δυνάμει
852 1054 894 1086 τό
919 1050 948 1083 δ’
971 1051 1165 1095 ἐντελεχείᾳ
1190 1060 1363 1102 τοιουτον,

375 1099 416 1132 πέ
442 1110 517 1131 υκεν
543 1099 580 1131 οὒ
607 1099 652 1141 τῇ
678 1098 736 1142 μὲν
763 1098 807 1139 τῇ
832 1092 863 1128 δ’
885 1094 922 1129 οῦ
949 1095 1107 1138 πάσχειν,
1136 1093 1226 1126 ἀλλά
1247 1104 1365 1135 παντῃ

373 1110 446 1176 καθ’
475 1142 552 1175 ὅσον
582 1143 654 1174 ἐστὶ
685 1143 862 1183 τοιοῦτον,
890 1139 998 1177 ἧττον
1027 1139 1065 1171 δὲ
1096 1141 1153 1170 καὶ
1186 1138 1316 1182 μᾶλλον
1344 1137 1364 1179 ᾐ

374 1187 532 1220 τοιοῦτον
550 1186 679 1231 μᾶλλόν
699 1187 771 1218 ἐστι
795 1188 853 1218 καὶ
879 1184 1005 1222 ἧττον·
1031 1184 1089 1215 καὶ
1108 1181 1224 1225 ταύτῃ
1246 1181 1366 1226 πόρους

375 1231 414 1264 ἄν
439 1243 489 1269 τις
511 1231 606 1278 λέγοι
631 1231 773 1275 μᾶλλον,
799 1229 953 1272 καθάπερ
977 1228 1010 1259 ἐν
1030 1231 1100 1264 τοῖς
1118 1225 1368 1271 μεταλλευομέ-

374 1287 439 1313 νοις
463 1271 668 1308 διατείνουσι
693 1275 755 1308 τοῦ
782 1273 973 1311 παθητικοῦ
999 1271 1116 1317 φλέβες
1141 1275 1301 1316 συνεχεῖς.

310 1322 453 1365 Συμφυές
478 1322 536 1364 μὲν
569 1318 626 1353 οὖν
657 1317 803 1351 ἕκαστον
833 1321 892 1350 καὶ
925 1318 958 1349 ἓν
984 1314 1019 1347 ὃν
1046 1314 1189 1353 ἀπαθές.
1227 1316 1366 1359 Ὁμοίως

373 1360 410 1396 δὲ
440 1367 496 1396 καὶ
521 1365 567 1408 μή
592 1362 801 1409 θιγγάνοντα
826 1362 913 1407 μήτε
939 1361 1054 1394 αὐτῶν
1079 1359 1159 1404 μήτ’
1190 1359 1318 1399 ἄλλων,
1347 1359 1369 1390 οἳ

375 1413 481 1440 ποιεῖν
506 1407 630 1453 πέφυκε
654 1410 711 1439 καὶ
738 1406 891 1452 πάρχειν.
922 1405 1019 1450 Λέγω
1045 1402 1074 1436 δ’
1104 1404 1174 1436 οἷον
1200 1404 1238 1436 οὐ
1265 1402 1366 1457 μόνον

376 1452 568 1497 ἁπτόμενον
593 1451 758 1496 θερμαίνει
784 1453 823 1484 το“
851 1452 935 1495 πῦρ,
963 1450 1054 1484 ἀλλά
1083 1447 1147 1480 κᾶν
1174 1446 1300 1480 ἄποθεν
1326 1444 1364 1489 ᾗ·

374 1497 434 1528 τὸν
459 1498 517 1541 μὲν
542 1497 604 1543 γάρ
632 1496 716 1541 ἀέρα.
741 1497 781 1528 τό
807 1496 890 1539 πῦρ,
918 1497 934 1527 ὁ
959 1491 987 1526 δ’
1018 1493 1081 1537 ἀήρ
1108 1494 1148 1525 τᾶ
1174 1493 1273 1537 σῶμα
1297 1490 1367 1535 θερ-

375 1543 498 1584 μαίνει,
525 1541 675 1586 πεφυκώς
700 1544 808 1572 ποιεῖν
832 1542 889 1571 καὶ
916 1539 1073 1583 πάσχειν.

308 1589 353 1620 To¹
377 1585 414 1620 δὲ
439 1586 485 1627 τῇ
510 1585 570 1628 μὲν
595 1584 722 1617 οἴεσθαι
747 1582 892 1629 πάσχειν
918 1584 962 1626 τῇ
988 1584 1027 1616 δέ
1052 1580 1119 1626 μή,
1149 1580 1366 1626 διορίσαντας

374 1634 407 1665 ἐν
435 1630 521 1675 ἀρχῇ
548 1629 654 1662 τοῦτο
678 1627 828 1660 λεκτέον.
856 1629 893 1659 Εἰ
911 1629 970 1672 μὲν
989 1629 1053 1674 γάρ
1079 1626 1125 1670 μή
1147 1625 1263 1669 πάντῃ
1281 1621 1367 1657 διαι-

373 1675 471 1721 ρετὸν
490 1674 530 1706 τό
553 1672 703 1719 μέγεθος,
724 1671 797 1705 ἀλλ’
820 1672 892 1704 ἔστι
912 1673 1010 1717 σῶμα
1029 1665 1224 1715 ἀδιαίρετον
1242 1668 1263 1706 ἦ
1282 1667 1369 1701 πλά-

375 1732 445 1759 τος,
467 1719 524 1751 οὐκ
544 1716 583 1749 ἂν
602 1720 651 1753 εἴη
679 1716 794 1759 πάντῃ
817 1716 1020 1758 παθητικόν,
1041 1714 1112 1748 ἀλλ’
1135 1711 1213 1747 οὐδὲ
1231 1715 1366 1768 συνεχὲς

376 1762 489 1796 οὐδέν·
517 1762 545 1793 εἰ
568 1757 605 1793 δέ
630 1762 737 1794 τοῦτο
761 1757 880 1805 ψεῦδος
904 1763 962 1793 καὶ
981 1762 1050 1794 πᾶν
1067 1759 1165 1803 σῶμα
1182 1754 1252 1791 &aa
1273 1770 1365 1799 ετον,

376 1804 471 1840 οὐδὲν
495 1805 645 1849 διαφέρει
668 1802 846 1849 διῃρῆσθαι
871 1807 930 1849 μὲν
957 1803 1129 1838 ἅπτεσθαι
1153 1801 1209 1844 δέ,
1235 1816 1257 1840 η
1282 1799 1368 1835 διαι-

374 1852 470 1896 ρετόν
495 1847 597 1882 εἶναι·
624 1851 650 1881 εἱ
675 1852 740 1896 γάρ
765 1845 991 1893 διακρίνεσθαι
1015 1845 1164 1880 δύναται
1188 1847 1285 1880 κατά
1302 1848 1366 1884 τοίς

376 1894 483 1939 ἁφάς,
509 1893 722 1947 ὥσπερῖφασί
751 1905 858 1934 τινες,
883 1892 946 1926 κᾶν
972 1893 1074 1938 μήπω
1101 1890 1123 1935 ᾖ
1147 1890 1379 1938 διῃρημένον,

377 1940 474 1972 ἔσται
491 1938 705 1982 διῃρημένον·
734 1937 883 1970 δυνατὸν
900 1939 963 1983 γάρ
981 1935 1208 1981 διαιρεθῆναι·
1234 1938 1368 1982 γίνεται

374 1985 436 2030 γάρ
464 1982 559 2015 οὐθὲν
586 1978 770 2014 ἀδύνατον.

303 2028 406 2065 ’Όλως
439 2026 475 2059 δὲ
501 2027 542 2058 τὸ
573 2027 697 2059 τοῦτον
729 2025 880 2072 γίνεσθαι
913 2027 972 2058 τὸν
1003 2024 1130 2070 τρόπον
1162 2023 1367 2071 σχιζομένων

376 2073 442 2104 τῶν
467 2069 634 2115 σωμάτων
668 2070 816 2103 ἄτοπον·
853 2071 982 2114 ἀναιρεῖ
1008 2070 1072 2116 γάρ
1099 2068 1200 2107 οὗτος
1225 2070 1242 2102 ὀ
1265 2069 1366 2114 λόγος

376 2114 565 2156 ἀλλοίωσιν,
586 2115 708 2160 ὁρῶμεν
733 2112 771 2147 δὲ
796 2115 951 2148 τ6.αὗτο
973 2117 1072 2159 σῶμα
1089 2115 1224 2159 συνεχὲς
1249 2114 1284 2146 ὃν
1308 2114 1368 2146 6τὲ

375 2162 433 2205 μὲν
459 2160 557 2206 ὑγρᾶν
584 2160 643 2191 ὁτὲ
667 2155 704 2192 δὲ
730 2158 900 2204 πεπηγός,
928 2158 966 2192 οὗ
991 2155 1230 2202 διαιρέσειᾼκαὶ
1256 2158 1369 2191 συνθέ-

374 2215 422 2236 σει
448 2204 553 2236 τοῦτο
578 2202 701 2245 παθόν,
722 2201 801 2236 οὐδὲ
823 2204 935 2247 τροπῇ
959 2206 1016 2235 καὶ
1042 2201 1193 2249 διαθιγῇ,
1212 2202 1365 2248 καθάπερ

372 2249 411 2281 λέ
436 2260 464 2280 ει
489 2246 710 2291 Δημόκριτος·
736 2246 816 2280 οὔτε
841 2248 904 2293 γάρ
929 2244 1129 2318 έιετατεθέν
1155 2247 1235 2280 οὔτε
1261 2259 1367 2292 μετα-

374 2261 479 2334 βαῖὀν
505 2293 569 2328 τήν
598 2291 693 2335 φύσιν
727 2294 879 2337 πεπηγός
911 2292 946 2333 ἑ,
977 2290 1078 2339 ὑγροῦ
1103 2290 1260 2338 γέγονεν·
1287 2291 1367 2326 οὐδὲ

375 2338 430 2370 νῦν
465 2335 608 2381 ὑπάρχει
641 2336 688 2368 τά
718 2337 846 2380 σκληροὶ
874 2338 932 2368 καὶ
965 2335 1151 2380 πεπηγότα
1185 2331 1366 2381 ἀδιαίρετα

375 2382 453 2419 τούς
479 2380 613 2426 ὄγκους·
641 2381 712 2412 ἀλλ’
735 2381 853 2424 ὁμοίως
880 2379 973 2413 ἅπαν
991 2381 1103 2428 ὑγρόν,
1123 2380 1182 2413 ὁτὲ
1204 2375 1243 2414 δὲ
1267 2382 1367 2419 σκλη-

373 2426 428 2469 ρὸν
453 2428 509 2457 καὶ
535 2424 686 2471 πεπηγός
712 2422 816 2456 ἐστιν.

301 2517 378 2548 Ἔτι
408 2511 437 2547 δ’
466 2510 535 2548 οὐδ’
565 2513 704 2556 αὔξησιν
739 2511 844 2545 οἷόντ’
872 2510 957 2545 εἶναι
987 2515 1045 2546 καὶ
1078 2512 1202 2557 φθίσιν·
1230 2513 1268 2546 οὗ
1299 2515 1364 2560 γάρ

374 2560 488 2592 ὁτιοῦν
514 2559 613 2591 ἔσται
637 2558 773 2604 γεγονός
798 2558 924 2601 μεῖζον,
945 2559 1035 2603 εἴπερ
1057 2557 1158 2590 ἔσται
1176 2557 1364 2602 πρόσθεσις,

372 2606 430 2636 καὶ
456 2605 500 2647 μή
524 2604 591 2636 πᾶν
617 2601 884 2647 μεταβεβληκός,
902 2600 923 2639 ἦ
941 2601 1120 2647 μιχθέντος
1138 2603 1230 2640 τινος
1247 2600 1269 2639 ἦ
1285 2600 1360 2634 καθ·

374 2649 461 2682 αὐτό
487 2645 756 2692 μεταβαλόντος.
791 2645 867 2678 Ὅτι
895 2647 957 2690 μὲν
989 2645 1047 2679 οὗν
1077 2645 1152 2679 ’ἐστι
1177 2647 1220 2679 τὸ
1242 2647 1365 2694 γεννᾶν

372 2695 429 2724 καὶ
455 2693 496 2724 τὸ
522 2696 627 2724 ποιεῖν
652 2693 708 2723 καὶ
735 2692 775 2723 τᾶ
799 2690 973 2737 γίγνεσθαί
1000 2702 1037 2722 τε
1062 2693 1119 2723 καὶ
1142 2689 1287 2736 πάσχειν
1305 2691 1361 2724 ’ὑπ’

375 2736 543 2778 ἀλλήλων,
564 2737 621 2767 καὶ
646 2737 724 2767 τίνα
749 2737 875 2779 τρόπον
895 2731 1086 2779 ἐνδέχεται,
1111 2736 1170 2767 καὶ
1189 2734 1365 2780 τίνῶφασί

372 2779 431 2825 μέν
457 2792 544 2819 τινες
577 2779 637 2813 οὐκ
671 2775 847 2826 ἐνδέχεται
875 2778 933 2821 δέ,
958 2775 1120 2824 διωρίσθω
1151 2780 1278 2813 τοῦτον
1303 2780 1365 2812 τὸν

373 2837 510 2869 τροπον.

387 2966 391 2980 ι
424 2943 453 2996 ‚'
475 2954 482 2957 “
516 2968 634 2990 «rum
651 2956 690 2990 de
714 2968 807 3000 agere
828 2965 859 2990 et
875 2957 952 3000 pati,
972 2957 1039 2989 sive
1059 2955 1098 2989 de
1121 2956 1229 2990 modis
1250 2956 1367 3001 agendi

431 2994 436 3006 ¹
506 3027 513 3040 ⁴.
528 3009 530 3015 ⁰
561 3001 613 3034 vel
625 3001 778 3046 patiendi,
794 3010 826 3034 et
835 2999 1081 3045 reprobationes
1094 3011 1218 3041 earum,
1230 3001 1264 3034 in
1277 3009 1367 3045 parte

492 3050 511 3087 ᾗ
532 3062 544 3085 ς
562 3045 622 3078 ista
640 3046 734 3089 ponit
750 3045 941 3090 opinionem
958 3045 1124 3089 propriam
1140 3053 1173 3078 et
1185 3055 1307 3078 veram.
1325 3045 1367 3079 Et

448 3104 455 3118 x
562 3090 645 3122 circa
664 3089 727 3122 hoc
744 3089 810 3123 duo
835 3088 924 3122 facit:
949 3089 1057 3133 primo
1072 3088 1127 3122 dat
1150 3088 1366 3122 intentionem

309 3142 416 3173 suam;
433 3133 577 3167 secundo
594 3134 802 3178 prosequitur
818 3134 992 3173 intentum,
1009 3132 1069 3165 ibi:
1086 3132 1117 3167 si
1131 3133 1209 3166 enim
1225 3133 1290 3166 est*
1303 3141 1363 3166 etc.

352 3177 440 3210 Dicit
463 3189 541 3221 ergo
565 3178 681 3222 primo,
699 3177 788 3228 quod
808 3186 983 3222 postquam
1007 3177 1132 3221 positae
1156 3185 1189 3210 et
1211 3176 1363 3221 reproba-

309 3229 358 3253 tae
382 3229 457 3253 sunt
481 3221 653 3266 opiniones
677 3220 815 3254 aliorum
846 3221 886 3255 de
911 3221 1038 3254 actione
1068 3230 1101 3254 et
1123 3221 1293 3266 passione,
1318 3221 1364 3255 di-

309 3264 448 3298 cendum
481 3264 661 3298 secundum
691 3265 736 3298 rei
767 3265 935 3299 veritatem
967 3264 1138 3310 quomodo
1167 3265 1283 3299 existat
1312 3265 1364 3299 vel

308 3307 363 3340 fiat
386 3309 568 3351 generatio,
589 3317 620 3342 et
643 3308 812 3360 quomodo
843 3310 956 3342 existat
979 3320 1073 3352 agere
1103 3317 1136 3342 et
1182 3310 1225 3343 ati
1255 3310 1289 3343 in
1313 3309 1363 3342 his

332 3362 391 3384 uae
415 3361 515 3395 agunt
538 3361 570 3386 et
593 3361 767 3397 patiuntur.
789 3353 840 3386 Ad
864 3353 927 3386 hoc
952 3361 1061 3386 autem
1084 3363 1143 3397 per
1156 3361 1226 3387 ecte
1248 3353 1362 3387 viden-

331 3406 399 3435 um,
416 3397 481 3428 acci
508 3396 639 3430 iendum
656 3405 704 3430 est
750 3408 786 3430 ro
806 3397 968 3441 principio
990 3397 1127 3430 actionis
1146 3406 1178 3431 et
1202 3398 1363 3442 passionis

310 3437 390 3472 illud
414 3408 504 3483 quog
526 3440 691 3473 multoties
738 3441 838 3474 ictum
863 3449 920 3474 est.

365 3588 391 3620 α)
412 3587 476 3613 duas
500 3588 671 3613 conditiones.
689 3602 708 3607 -
727 3589 814 3614 dicens
841 3589 1005 3615 conditiones
1028 3590 1067 3615 ed.
1086 3597 1119 3621 α,
1143 3591 1308 3616 conditiones
1332 3591 1366 3623 C;

311 3631 359 3656 pro
374 3622 472 3655 probat
485 3623 610 3655 primam,
626 3624 725 3655 probat
742 3624 883 3649 secundam
903 3629 927 3649 et
946 3632 1017 3649 num.
1036 3632 1053 3656 4
1071 3633 1118 3657 pro
1132 3626 1232 3657 probat
1251 3626 1365 3656 tertiam,

502 2937 507 2945 .
538 2928 545 2938 ι
562 2921 713 2957 ostquam
732 2911 955 2960 Philosophus
972 2911 1084 2956 posuit
1094 2911 1274 2956 'opiniones
1292 2911 1370 2946 alio-

1418 918 1435 937 *
1459 919 1534 955 Quo
1559 924 1667 948 autem
1689 917 1790 948 modo
1814 917 1925 949 existat
1947 918 1980 948 in
2002 919 2096 950 rebus
2119 928 2267 959 generare
2289 926 2320 951 et
2342 919 2444 952 facere
2463 912 2495 953 et

1486 962 1562 1003 pati,
1587 961 1731 993 dicamus
1755 962 1945 1004 accipientes
1964 962 2158 1004 principium
2177 964 2300 995 dictum
2316 965 2491 997 multoties.

1420 1052 1452 1084 Si
1476 1051 1562 1082 enim
1586 1051 1724 1082 est'hoc
1752 1050 1885 1092 quidem
1908 1057 2082 1091 potestate,
2106 1051 2169 1082 hoc
2192 1058 2301 1083 autem
2323 1059 2395 1085 actu
2418 1054 2493 1095 tale,

1487 1102 1599 1137 aptum
1623 1101 1735 1126 natum
1759 1101 1806 1126 est
1828 1105 1895 1125 non
1918 1101 1989 1126 tum
2017 1095 2150 1136 quidem
2172 1096 2255 1136 pati,
2285 1104 2356 1128 tum
2383 1099 2493 1134 autem

1487 1150 1554 1171 non
1577 1140 1654 1181 pati,
1679 1140 1734 1170 sed
1753 1139 1888 1170 omnino
1912 1140 2091 1170 secundum
2113 1141 2204 1181 quod
2222 1147 2270 1172 est
2289 1141 2367 1181 tale,
2390 1144 2426 1174 m'
2445 1144 2449 1147 ’
2481 1138 2489 1145 ”

1487 1191 1595 1215 autem
1608 1191 1639 1215 et
1654 1183 1761 1214 minus
1777 1183 1956 1214 secundum
1971 1184 2061 1225 quod
2073 1184 2134 1215 tale
2150 1184 2252 1225 magis
2267 1191 2316 1216 est
2327 1191 2358 1217 et
2372 1186 2491 1219 minus.

1487 1230 1529 1260 Et
1547 1229 1605 1259 hac
1625 1238 1722 1269 poros
1739 1228 1851 1269 utique
1869 1227 1985 1269 aliquis
2001 1228 2083 1259 dicet
2099 1234 2131 1259 et
2145 1229 2246 1270 magis
2269 1229 2384 1270 inesse,
2403 1232 2442 1267 ut
2458 1231 2493 1263 in

1488 1273 1652 1304 metallicis
1683 1273 1858 1303 extendunt
1880 1272 2003 1313 passive
2032 1282 2131 1304 venae
2161 1273 2343 1306 continuae.
2450 1276 2452 1279 '

1420 1316 1436 1333 *
1456 1317 1658 1349 Continuum
1673 1317 1769 1357 igitur
1784 1317 2043 1358 unumquodque
2058 1323 2089 1348 et
2103 1327 2208 1348 unum
2227 1318 2360 1350 existens
2375 1319 2493 1362 impu-

1489 1362 1579 1392 sibile
1601 1368 1658 1393 est.
1682 1361 1833 1392 Similiter
1855 1367 1963 1392 autem
1979 1367 2010 1392 et
2029 1371 2096 1392 non
2118 1361 2411 1404 appropinquantia
2431 1364 2494 1397 ned

1488 1406 1547 1437 sibi
1562 1405 1639 1446 ipsis
1656 1415 1760 1446 neque
1777 1405 1855 1444 aliis,
1876 1415 1959 1446 quae
1974 1405 2075 1436 facere
2091 1412 2165 1438 nata
2180 1414 2256 1438 sunt
2270 1414 2302 1439 et
2318 1406 2495 1449 petimen

1488 1458 1595 1482 autem
1618 1450 1706 1481 verbi
1728 1449 1827 1492 gratia
1850 1459 1917 1480 non
1941 1450 2049 1481 solum
2072 1455 2204 1492 tangens
2227 1451 2370 1490 calefacit
2389 1451 2492 1494 ignit,

1488 1495 1543 1526 sed
1567 1494 1624 1526 etsi
1639 1494 1736 1535 longe
1754 1494 1811 1525 sit:
1835 1502 1941 1525 aerem
1964 1493 2096 1535 quidem
2114 1495 2207 1536 ignis,
2224 1505 2277 1528 aer
2297 1502 2406 1531 autem
2420 1497 2493 1530 eoi·-

1487 1549 1549 1580 pus
1572 1538 1723 1578 ealefacit,
1747 1545 1840 1570 natus
1863 1538 1963 1570 facere
1987 1545 2019 1570 et
2040 1539 2116 1580 pati.
2367 1543 2369 1546 ⁴
2468 1542 2474 1545 ’

1420 1584 1438 1604 *
1453 1583 1640 1615 Existimare
1663 1589 1772 1614 autem
1794 1589 1866 1614 tum
1888 1582 2020 1624 quidem
2035 1583 2102 1624 pati
2125 1590 2196 1615 tum
2219 1591 2328 1616 autem
2342 1588 2422 1626 noh,
2435 1585 2494 1619 del

1488 1628 1692 1660 terminantes
1706 1627 1739 1658 in
1755 1626 1911 1668 principio
1930 1627 1993 1658 hoc
2011 1627 2193 1661 dicendum.
2210 1629 2244 1660 Si
2259 1629 2392 1671 quidem
2406 1629 2506 1666 enin

1488 1683 1555 1703 non
1585 1672 1706 1713 ubique
1735 1670 1899 1702 divisibilis
1926 1671 1967 1703 sit
1995 1672 2204 1714 magnitudo,
2228 1674 2284 1704 sed
2306 1681 2354 1706 est
2375 1673 2494 1717 corp&

1488 1716 1678 1748 indivisibile
1697 1723 1752 1748 aut
1766 1716 1913 1755 latitudo,
1930 1725 1997 1747 non
2020 1716 2132 1758 utique
2155 1724 2237 1750 esset
2250 1718 2371 1762 ubique
2392 1718 2494 1766 pami-

1488 1762 1566 1800 bile,
1591 1761 1646 1792 sed
1669 1770 1774 1802 neque
1789 1760 1981 1792 continuum
2004 1759 2124 1800 ullut'm
2147 1761 2174 1792 si
2189 1768 2298 1794 autem
2320 1762 2383 1802 hoc
2405 1766 2494 1795 nien-

1490 1805 1617 1836 dacium
1640 1811 1671 1836 et
1694 1814 1791 1836 omne
1814 1813 1931 1845 corpus
1959 1804 2132 1844 divisibile,
2154 1805 2234 1837 nihil
2257 1805 2360 1839 differt
2390 1807 2494 1841 dicere

1489 1849 1627 1881 divisum
1643 1859 1710 1880 esse
1729 1848 1871 1891 quidem,
1886 1855 2014 1890 tangere
2034 1855 2160 1881 autem:
2179 1856 2236 1882 aut
2257 1850 2371 1894 utique
2385 1850 2493 1892 diffl-

1489 1894 1551 1925 bile
1570 1904 1648 1925 esse.
1673 1893 1706 1925 Si
1734 1893 1821 1924 enim
1850 1893 2005 1934 segregari
2033 1900 2140 1935 potest
2169 1895 2348 1928 secundum
2373 1896 2494 1938 neb,

1490 1945 1525 1970 ut
1539 1939 1629 1970 aiunt
1643 1937 1787 1980 quidam,
1802 1937 1860 1968 etsi
1876 1938 2023 1968 nondum
2035 1943 2083 1969 est
2097 1938 2246 1979 divisum,
2263 1939 2322 1972 erit
2339 1938 2494 1981 divim}

1489 1982 1640 2024 possibile
1652 1982 1738 2014 enim
1751 1981 1889 2013 divisum
1905 1989 1987 2013 esse:
2001 1981 2038 2014 fit
2048 1982 2135 2023 enim
2146 1983 2274 2015 nullum
2285 1982 2493 2027 impunibile.

1423 2027 1646 2059 Universaliter
1668 2034 1777 2058 autem
1799 2026 1941 2068 generari
1963 2026 2027 2058 hoc
2049 2027 2151 2059 modo
2179 2027 2282 2060 scissis
2305 2026 2494 2071 0019οῆξά1

1490 2079 1536 2103 est
1558 2071 1802 2102 inconveniens:
1823 2070 1956 2102 destruit
1969 2070 2056 2102 enim
2071 2071 2122 2103 hic
2138 2081 2244 2104 sermo
2260 2071 2492 2107 alterationem

1488 2115 1507 2135 ‘
1523 2116 1677 2148 Videmus
1702 2115 1789 2146 enim
1810 2114 1896 2146 idem
1923 2124 2041 2156 corpus
2061 2115 2252 2149 continuum
2270 2121 2328 2149 ens
2346 2111 2494 2161 quand&
2521 2121 2530 2131 ·

2521 1326 2531 1336 ·
2544 1324 2614 1348 Text.
2627 1307 2664 1354 78.

2684 1535 2690 1577 ——
2686 1503 2690 1514 -
2683 1434 2690 1486 ,ΗΒΑ
2687 1385 2690 1395 -

2520 1591 2530 1601 ·
2544 1589 2615 1613 Text.
2629 1596 2666 1620 79.
2684 1591 2690 1624 ξ

2684 1628 2690 1640 ι

1488 2171 1551 2203 que
1572 2159 1703 2202 quidem
1722 2158 1905 2198 humidum,
1925 2159 2123 2211 quandoque
2144 2167 2253 2193 autem
2277 2162 2493 2205 confluidum,
2532 2199 2536 2205 ,
2628 2163 2657 2175 ’

1489 2215 1555 2236 non
1579 2204 1735 2236 divisione
1758 2210 1789 2235 et
1805 2203 2040 2246 compositione
2058 2204 2121 2236 hoc
2139 2205 2273 2246 patiens,
2289 2210 2396 2249 neque
2417 2203 2494 2239 dofl-

1488 2249 1632 2280 versione
1651 2256 1683 2280 et
1701 2254 1861 2287 contactu,
1878 2247 1960 2279 sicut
1978 2248 2258 2290 ait'Democritu33
2278 2252 2385 2292 neque
2407 2248 2494 2285 eumn

1488 2294 1708 2326 transductum
1737 2301 1842 2334 neque
1872 2292 2104 2335 transpositum
2132 2293 2312 2326 secundum
2333 2296 2494 2336 naturiffi,

1488 2348 1593 2380 neque
1615 2337 1838 2369 transmissum
1861 2337 2068 2378 coagulatum
2091 2347 2127 2369 ex
2150 2338 2286 2370 humido
2306 2337 2494 2380 'gemtum

1488 2389 1553 2422 est3
1577 2387 1682 2423 neque
1704 2390 1791 2412 nunc
1813 2380 1923 2412 insunt
1949 2381 2028 2413 dura
2051 2388 2082 2414 et
2104 2383 2271 2424 coagulata
2293 2382 2495 2426 individuale

1487 2426 1688 2465 tumoribus3
1718 2425 1774 2458 sed
1800 2424 1945 2456 similiter
1970 2435 2068 2457 omne
2094 2426 2279 2467 humidum,
2297 2427 2494 2473 quandoque

1488 2477 1596 2502 autem
1619 2470 1737 2501 durum
1760 2475 1791 2500 et
1814 2469 2018 2510 coagulatum
2040 2476 2097 2502 est.
2404 2474 2407 2477 ’
2427 2476 2429 2481 ’
2471 2476 2473 2478 “

1420 2513 1435 2530 *
1451 2515 1601 2556 Amplius
1615 2521 1724 2545 autem
1739 2523 1844 2555 neque
1868 2513 2162 2554 augmentationem
2184 2514 2337 2556 possibile
2355 2507 2404 2548 est
2425 2521 2494 2549 esse
2519 2524 2531 2536 ⁸

1489 2566 1519 2591 et
1542 2558 1813 2595 deminutionem
1836 2567 1902 2588 non
1933 2557 2019 2589 enim
2034 2559 2265 2601 quodcumque
2288 2559 2347 2592 erit
2372 2558 2493 2598 Mun

1487 2603 1602 2642 maius,
1619 2602 1778 2644 siquidem
1801 2601 1859 2633 erit
1877 2601 2049 2643 appositio,
2065 2609 2098 2634 et
2111 2609 2178 2634 non
2202 2613 2300 2635 omne
2319 2607 2493 2651 mutatum,

1488 2653 1543 2679 aut
1565 2647 1665 2678 mixto
1680 2646 1790 2688 aliquo
1805 2648 1866 2677 aut*
1882 2646 2060 2678 secundum
2076 2647 2112 2678 'se
2127 2654 2368 2680 transmutante.
2393 2646 2494 2690 Quo'd

1487 2691 1583 2732 igitur
1606 2698 1654 2723 est
1675 2700 1822 2731 generare
1847 2696 1878 2721 et
1900 2689 2000 2721 facere
2025 2697 2056 2723 et
2075 2692 2216 2732 generari
2231 2698 2263 2724 et
2285 2692 2352 2734 pati
2372 2692 2494 2727 §ditivi-

1487 2743 1574 2767 cem:
1606 2742 1638 2767 et
1669 2734 1839 2777 quomodo
1874 2734 2048 2776 contingit,
2072 2742 2104 2768 et
2137 2737 2308 2778 quomodo
2334 2735 2493 2780 iaquifi'ss't

1487 2780 1637 2822 quidam,
1661 2789 1727 2810 non
1751 2778 1906 2819 contingit
1928 2785 2056 2820 autem,
2081 2780 2327 2813 determinatum
2356 2781 2413 2814 ἀπ’
2429 2780 2494 2815 lio‘c

1486 2825 1599 2856 modo.
2332 2831 2334 2833 '
2412 2827 2415 2831 '
2434 2831 2436 2834 ’

1469 2921 1499 2945 2.
1524 2909 1653 2946 Deinde
1677 2921 1754 2944 cum
1778 2909 1872 2944 dicit:
1898 2908 1930 2944 si
1951 2911 2030 2944 enim
2052 2917 2094 2944 est
2113 2911 2165 2946 hoc
2187 2919 2261 2954 etc„
2281 2913 2493 2958 prosequitur

1422 2956 1595 2989 intentum.
1613 2955 1655 2989 Et
1671 2955 1755 2988 circa
1774 2954 1839 2987 hoc
1856 2953 1924 2987 duo
1948 2953 2042 2988 facit:
2066 2955 2176 3000 primo
2192 2956 2288 3001 ponit
2309 2955 2392 2991 duas
2415 2956 2492 2991 coh-

1423 2999 1563 3034 ditiones
1583 3010 1600 3027 α
1620 3010 1704 3044 quae
1726 2998 1942 3050 requiruntur
1963 2997 2004 3033 ad
2028 2999 2194 3034 actionem
2226 3009 2259 3034 et
2305 3000 2490 3043 αεείοιιοιυς

1422 3043 1569 3106 secupdo
1592 3043 1709 3089 probat
1731 3053 1872 3088 primam
1889 3042 2128 3086 conditionem,
2147 3043 2210 3078 ibi:
2233 3011 2418 3080 &gamm

1421 3095 1478 3122 tem
1538 3097 1599 3122 etc.
1888 3095 1891 3098 ’

1465 3132 1561 3167 Circa
1600 3132 1722 3165 timum
1746 3133 1842 3177 ponit
1858 3131 1966 3176 primo
1982 3132 2124 3176 primam
2145 3132 2384 3175 conditionem,
2405 3139 2493 3180 quae

1419 3184 1469 3210 est
1514 3188 1560 3210 uo
1606 3177 1733 3221 patiens
1765 3175 1855 3221 quod
1879 3185 1928 3209 est
1951 3175 1985 3209 in
2014 3177 2180 3221 potentia,
2203 3187 2272 3211 non
2295 3178 2419 3223 patitur
2439 3185 2490 3213 se-

1419 3231 1484 3254 cun
1508 3231 1566 3254 um
1590 3220 1748 3265 quasdam
1779 3228 1905 3266 partes,
1931 3220 1988 3254 sed
2012 3220 2197 3255 secundum
2222 3230 2350 3256 omnes.
2375 3222 2495 3256 Primo'

1419 3275 1498 3310 ergo
1529 3265 1707 3310 praemittit
1730 3265 1746 3282 '¹'
1774 3264 1942 3310 quoddam
1973 3265 2173 3310 principium
2203 3265 2433 3308 manifestum,
2456 3271 2492 3301 e't
2517 3271 2529 3283 ⁸

1418 3317 1468 3342 est
1491 3308 1581 3354 quod
1605 3308 1731 3343 entium
1756 3308 1924 3354 quoddam
1955 3317 2005 3343 est
2028 3309 2063 3343 in
2086 3310 2253 3355 potentia,
2277 3317 2310 3344 et
2332 3308 2423 3345 illud*
2438 3317 2490 3345 est

1418 3354 1603 3398 passivum:
1624 3353 1791 3399 quoddam
1815 3361 1865 3387 est
1881 3353 1914 3387 in
1939 3361 2024 3394 actu,
2041 3362 2074 3387 et
2097 3352 2178 3387 illud
2202 3362 2252 3388 est
2275 3355 2429 3388 activum.
2446 3353 2490 3389 Et

1418 3408 1494 3430 curn
1517 3398 1562 3431 ita
1585 3397 1637 3438 sit,
1654 3409 1722 3431 non
1746 3406 1796 3431 est
1819 3397 1881 3431 alia
1905 3408 2003 3431 causa
2021 3398 2196 3443 passionis,
2212 3398 2276 3432 nisi
2299 3399 2378 3444 quia
2399 3408 2488 3433 reee-

1418 3442 1546 3486 ptivum
1581 3441 1719 3475 alicuius
1743 3441 1867 3475 formae
1899 3442 2015 3486 recipit
2037 3440 2135 3482 illam,
2144 3438 2191 3476 'ab
2222 3442 2334 3488 aliquo
2359 3450 2487 3488 agente.

1416 3591 1516 3651 gro-gat
1534 3592 1678 3618 secundam
1698 3592 1765 3623 Cab,
1786 3593 1832 3618 sed
1858 3593 1889 3618 cf.
1909 3601 1981 3618 num.
2003 3593 2016 3618 3
2023 3601 2030 3625 ς
2051 3601 2098 3619 nec
2121 3594 2177 3627 ipsa
2200 3598 2287 3619 tamen
2306 3592 2326 3618 Ρ
2345 3593 2488 3626 adaequate

1439 3635 1470 3651 {v}
1490 3632 1507 3651 lt
1526 3632 1631 3652 texuim-

2430 3054 2528 3104 ρ’..
