2782 4134
109 424 120 434 *
134 422 188 450 quia
202 420 224 442 si
234 426 257 442 Α.

110 686 118 696 ”
132 684 201 706 simul
214 688 315 711 ‹mr-*pecu

341 304 547 350 infinitum,
576 312 698 349 neque
726 298 838 335 etiam
875 307 1044 339 sursum;
1083 292 1171 342 quia
1208 291 1386 328 deorsum

344 365 398 395 est
425 354 728 399 determinatum,
759 362 844 387 cum
879 349 925 385 sit
951 347 1140 404 medium,
1164 350 1215 402 ‚et
1251 342 1385 378 eadem

342 410 484 447 ratione
503 418 651 444 sursum
672 411 726 441 est
742 401 1027 440 determinatum
1051 401 1094 444 (s1
1115 408 1214 455 enim
1231 396 1250 416 ²¹²
1264 405 1384 430 unum

343 460 611 499 contrariorum
640 465 695 494 est
721 454 1017 497 determinatum,
1043 457 1079 486 et
1097 447 1223 493 aliud).
1244 447 1293 482 Et
1310 446 1384 482 hoc

344 515 454 551 etiarn
486 512 545 549 hic
581 509 741 547 ostendit
774 519 842 555 per
877 506 914 541 id
951 502 1054 560 quod
1091 508 1144 559 est
1180 509 1383 536 commune

343 566 518 603 omnibus
554 563 728 599 motibus.
757 559 937 596 Videmus
966 565 1132 611 enimtln
1161 556 1382 609 transmuta-

342 619 442 656 tione
470 628 566 664 quae
595 622 649 651 est
676 612 881 657 secundum
909 608 1164 651 substantiam,
1182 603 1286 653 quod
1313 614 1382 638 im-

341 669 518 720 possibile
538 675 591 704 est
597 667 691 714 fieri
707 665 726 685 *
745 663 832 700 illud
858 661 961 709 quod
988 671 1066 696 non
1083 664 1207 716 potest
1226 667 1302 715 esse
1314 656 1381 713 sq-

342 729 459 767 ctum;
478 721 571 758 sicut
588 731 664 756 non
681 723 802 766 potest
818 714 898 751 fieri
919 712 1044 749 asinus
1068 710 1272 768 rationalis,
1295 720 1382 756 qu1a

341 773 568 823 impossibile
597 778 651 807 est
677 769 820 806 asinum
850 778 930 802 esse
957 765 1081 801 talem.
1103 764 1151 799 Et
1179 763 1298 798 Simile
1316 767 1382 819 ‘est

340 827 378 864 in
405 826 478 872 tali,
506 825 600 861 idest
626 823 662 858 in
689 827 794 857 motu
822 818 886 866 qui
915 823 969 854 est
988 816 1197 853 secundum
1225 814 1380 862 qualita-

341 887 428 925 tem,
451 885 485 914 et
502 877 539 913 in
558 880 667 920 tanto,
692 873 786 909 idest
804 871 842 907 in
869 878 977 907 motu
997 869 1060 918 qui
1089 876 1142 905 est
1170 866 1379 926 secundum

340 930 589 979 quantitatem,
611 934 646 962 et
671 925 708 961 in
737 924 809 969 ubi,
829 923 924 960 idest
951 923 989 958 in
1015 928 1123 958 motu
1149 932 1213 968 qur
1241 927 1296 955 est
1323 931 1379 955 se-

339 983 502 1019 cundum
529 982 652 1016 locum
679 984 698 1014 ‘.
726 976 764 1013 Si
792 976 893 1012 enirn
929 973 1159 1023 impossibile
1194 979 1248 1009 est
1275 971 1379 1020 quod

337 1034 475 1082 aliquid
509 1032 653 1079 nigrum
681 1029 725 1065 sit
752 1029 891 1065 factum
920 1028 1067 1072 album,
1097 1026 1376 1084 sicut-corvus,

335 1085 562 1135 impossibile
590 1089 644 1119 est
670 1081 774 1129 quod
805 1081 871 1117 fiat
897 1081 1024 1117 album
1054 1085 1084 1125 “;
1114 1086 1149 1115 et
1177 1090 1206 1115 si
1239 1077 1376 1136 aliquid

334 1137 560 1187 impossibile
589 1143 642 1172 est
669 1135 770 1182 quod
799 1134 844 1170 sit
872 1133 1048 1178 cubitale,
1078 1131 1172 1168 sicut
1198 1131 1374 1189 formica,

333 1189 560 1239 impossibile
580 1195 634 1224 est
660 1186 764 1235 quod
789 1187 837 1223 ad
856 1186 930 1222 hoc
957 1192 1175 1230 moveatur3
1202 1191 1238 1220 et
1257 1196 1287 1220 Sl
1306 1195 1374 1219 im—

331 1242 506 1292 possibile
535 1249 588 1278 est
614 1240 717 1288 quod
749 1239 886 1287 aliquid
919 1238 964 1275 sit
995 1238 1033 1274 in
1065 1239 1255 1285 Aegypto,
1284 1243 1375 1285 puta

331 1294 540 1341 Danubius,
569 1292 798 1342 impossibile
833 1298 887 1328 est
913 1291 1016 1339 quod
1049 1290 1134 1326 illuc
1161 1297 1372 1326 moveatur.

281 1354 290 1357 ”
331 1349 378 1385 Et
401 1347 509 1383 huius
537 1346 627 1383 ratio
648 1353 718 1392 est,
749 1344 835 1393 quia
854 1351 983 1380 natura
1002 1342 1092 1379 nihil
1120 1342 1206 1379 facit
1223 1343 1372 1379 frustra:

91 2510 100 2519 ¹¹
121 2510 254 2537 acquiratur
267 2516 296 2533 nc

90 2541 169 2562 ιιι-μετα.

90 2865 100 2874 ·
114 2865 175 2888 Lect-
190 2872 215 2894 u,
228 2872 251 2889 n.
265 2873 277 2895 3

90 2896 153 2919 seqq.

331 1407 425 1437 esset
456 1407 581 1436 autem
608 1399 740 1435 frustra
767 1397 797 1434 si
825 1404 996 1433 moveret
1012 1394 1025 1416 λ
1053 1395 1101 1432 ad
1127 1395 1166 1432 id
1194 1395 1243 1431 ad
1271 1395 1374 1443 quod

330 1452 558 1501 impossibile
586 1458 640 1488 est
671 1449 878 1499 pervenire.
918 1449 979 1486 Sic
1006 1448 1115 1496 igitur
1142 1447 1373 1497 impossibile

332 1513 386 1542 est
403 1505 506 1554 quod
533 1503 669 1552 aliquid
687 1510 886 1540 moveatur
903 1501 1068 1539 localiter
1085 1501 1172 1538 illuc
1200 1513 1276 1550 quo
1296 1513 1374 1538 non

331 1565 386 1597 est
411 1557 616 1606 pervenire.
638 1557 728 1592 Non
757 1563 811 1592 est
837 1562 962 1591 autem
989 1554 1213 1603 pertransire
1246 1554 1373 1590 locum

330 1610 528 1647 infinitum.
551 1610 589 1646 Si
616 1609 723 1656 igitur
748 1609 830 1645 loca
850 1614 972 1644 essent
998 1607 1151 1654 infinita,
1174 1608 1298 1644 nullus
1318 1620 1373 1643 es-

330 1670 385 1699 set
411 1669 546 1699 motus.
568 1661 683 1708 Quod
707 1673 793 1698 cum
812 1660 856 1697 sit
882 1661 1124 1708 impossibile,
1145 1672 1222 1696 non
1250 1667 1374 1708 potest

331 1727 410 1751 esse
430 1714 532 1762 quod
549 1722 672 1762 partes
688 1713 854 1762 corporis
873 1713 1005 1750 infiniti
1025 1713 1260 1750 dissimilium
1287 1725 1371 1762 par-

328 1767 430 1814 tium,
461 1767 532 1803 sint
557 1766 722 1803 infinitae
749 1766 787 1802 in
814 1766 1080 1814 magnitudine.

385 1832 440 1856 10.
470 1819 636 1856 Tertiam
664 1818 845 1855 rationem
876 1819 982 1867 ponit
1009 1818 1079 1855 ibi:
1108 1818 1242 1855 Adhuc
1277 1819 1312 1855 si
1336 1825 1372 1856 et

328 1872 505 1920 discerpta
525 1878 590 1908 etc.
607 1872 737 1908 Posset
756 1871 856 1908 enim
871 1871 1001 1920 aliquis
1025 1871 1146 1908 dicere
1168 1871 1273 1919 quod
1292 1884 1371 1909 non

329 1932 383 1961 est
408 1937 527 1961 unum
547 1924 761 1960 continuum
780 1924 978 1972 infinitum,
1004 1931 1089 1961 sunt
1107 1931 1234 1961 tamen
1255 1937 1369 1973 quae-

329 1977 416 2014 dam
443 1984 564 2025 partes
591 1977 790 2025 discerptae
808 1983 841 2024 l‘,
870 1977 965 2014 idest
997 1977 1198 2014 disiunctae
1227 1985 1263 2014 et
1291 1990 1370 2015 non

329 2029 522 2066 continuae
534 2058 543 2076 ,
571 2029 753 2075 infinitae;
774 2029 867 2066 sicut
885 2030 1122 2067 Democritus
1140 2030 1267 2078 posuit
1285 2031 1369 2068 infi-

326 2081 401 2118 nita
425 2094 582 2130 corpora
599 2082 846 2129 indivisibilia,
868 2090 903 2120 et
922 2083 1015 2120 sicut
1038 2085 1282 2131 Anaxagoras
1299 2097 1369 2133 po-

326 2134 395 2171 suit
430 2134 590 2171 infinitas
616 2142 739 2184 partes
775 2136 996 2173 consimiles.
1018 2157 1042 2164 -
1062 2136 1136 2173 Sed
1164 2136 1244 2185 ipse
1281 2137 1370 2175 dicit

325 2186 427 2235 quod
459 2199 503 2223 ex
529 2188 599 2224 hac
630 2187 815 2236 positione
843 2189 932 2225 nihil
969 2189 1092 2226 minus
1124 2189 1290 2238 sequitur
1314 2190 1368 2228 in-

326 2239 565 2276 conveniens:
590 2240 685 2288 quia,
707 2240 736 2277 si
755 2240 826 2278 sint
843 2241 1008 2278 infinitae
1026 2250 1151 2291 partes
1174 2243 1269 2291 ignis
1288 2256 1366 2281 non

324 2291 535 2338 continuae,
563 2293 651 2329 nihil
678 2293 852 2342 prohibet
887 2294 964 2331 illas
1002 2307 1134 2332 omnes
1169 2296 1365 2345 coniungi,

323 2350 359 2380 et
385 2344 436 2380 sic
471 2344 552 2381 fieri
588 2357 632 2381 ex
659 2345 833 2383 omnibus
860 2359 978 2384 unum
1005 2348 1131 2396 ignem
1163 2349 1364 2387 infinitum.

379 2408 434 2433 11.
465 2397 645 2443 Quartam
678 2398 859 2436 rationem
889 2400 995 2448 ponit
1028 2401 1098 2438 ibi:
1133 2402 1207 2438 Sed
1231 2414 1367 2451 corpus

321 2454 374 2484 est
398 2455 465 2486 etc.
487 2450 585 2486 Cum
613 2450 713 2487 enim
741 2452 878 2500 aliquid
906 2452 1037 2490 dicitur
1065 2465 1146 2490 esse
1164 2454 1365 2504 infinitum,

322 2508 467 2549 oportet
510 2503 611 2551 quod
651 2503 837 2541 infinitum
874 2505 1074 2553 accipiatur
1109 2507 1129 2527 '¹‘
1157 2508 1365 2546 secundum

321 2553 511 2602 propriam
531 2554 609 2591 eius
632 2555 834 2593 rationem:
862 2565 962 2605 puta,
983 2557 1013 2594 si
1033 2558 1200 2597 dicamus
1227 2561 1365 2599 lineam

324 2617 404 2642 esse
440 2605 621 2643 infinitam
637 2636 646 2654 ,
679 2607 912 2656 intelligimus
945 2622 1028 2647 eam
1066 2623 1145 2649 esse
1182 2613 1365 2652 infinitam

324 2658 530 2695 secundum
556 2659 838 2707 longitudinem
864 2662 893 2698 si
920 2675 1012 2700 vero
1041 2663 1208 2703 dicamus
1237 2679 1364 2716 super-

322 2709 446 2746 ficiem
479 2723 559 2748 esse
587 2711 788 2761 infinitam,
813 2714 1047 2763 intelligimus
1075 2718 1178 2766 quod
1211 2719 1255 2756 sit
1282 2720 1364 2758 infi-

322 2762 398 2799 nita
429 2764 634 2800 secundum
662 2766 929 2813 longitudinem
958 2776 993 2805 et
1011 2769 1250 2809 latitudinem.
1272 2773 1365 2810 Cor-

320 2826 392 2862 pus
420 2822 546 2852 autem
566 2816 781 2854 distenditur
807 2825 818 2839 ⁸
846 2820 893 2857 ad
918 2833 1070 2858 omnem
1100 2831 1256 2873 partem,
1278 2826 1365 2875 quia

320 2867 432 2904 habet
450 2880 582 2905 omnes
603 2869 865 2920 dimensiones,
885 2880 926 2909 ut
949 2886 1060 2922 supra
1080 2876 1099 2897 *²
1119 2876 1258 2915 dictum
1288 2886 1363 2916 est:

321 2925 356 2955 et
382 2919 448 2968 sic,
475 2920 505 2957 si
533 2933 668 2970 corpus
693 2923 834 2961 dicatur
866 2925 1065 2974 infinitum,
1086 2937 1233 2977 oportet
1260 2932 1362 2980 quod

373 3073 391 3106 1)
412 3074 446 3099 Et
469 3075 552 3100 simile
576 3080 646 3102 est...
659 3078 800 3104 secundum
826 3080 919 3106 locum.
931 3081 998 3106 -Ita
1020 3083 1116 3115 ABsG;
1136 3089 1183 3110 cet.
1202 3093 1259 3110 cum
1279 3087 1311 3111 P:
1331 3088 1367 3112 Et

322 3107 404 3132 simile
421 3112 459 3133 est
473 3109 498 3134 in
517 3110 572 3141 tali,
584 3112 680 3138 scilicet
693 3113 718 3138 in
732 3117 803 3139 motu
816 3115 861 3147 qui
874 3119 913 3141 est
925 3117 1068 3142 secundum
1082 3119 1174 3150 locum,
1190 3128 1248 3145 cum
1263 3122 1351 3148 lacuna
1356 3129 1364 3153 ;

323 3141 354 3166 cf.
367 3147 462 3168 textum
480 3149 505 3169 et
522 3152 551 3169 ea
569 3153 634 3178 quae
652 3147 796 3174 immediate
814 3156 966 3183 sequuntur.

374 3177 507 3218 x).albur.n.
519 3192 538 3198 -
550 3180 622 3206 albus
639 3182 667 3211 Ρ,
684 3183 816 3208 referendo
834 3186 865 3210 ad
887 3193 989 3212 corvus.
1002 3201 1022 3206 —
1035 3188 1085 3213 Pro
1108 3189 1144 3214 sit
1165 3190 1277 3216 cubitale
1298 3193 1366 3218 sicut

317 3211 441 3252 s⁰⁷2m¹⁰.“'
459 3213 620 3253 sit-formica
635 3216 666 3246 P,
686 3217 717 3243 cf.
730 3222 837 3250 textum;
856 3228 902 3253 pro
915 3221 991 3252 sicut,
1005 3224 1045 3248 vel
1062 3223 1212 3257 BCDFGpl.
1224 3240 1242 3244 —
1254 3227 1303 3251 Pro
1315 3228 1363 3253 ali-

324 3245 387 3276 quud
403 3250 444 3275 stt,
462 3248 556 3280 aliquis
579 3249 614 3274 sit
638 3251 710 3276 codd.
723 3253 790 3277 —lbi
809 3254 869 3280 illuc
887 3260 1035 3289 moveatur,
1056 3258 1123 3284 illud
1141 3265 1278 3286 moveatur·
1295 3263 1361 3288 BCD

324 3279 386 3309 FGl,
399 3281 498 3313 aliquid
515 3287 651 3309 moveatur
668 3286 701 3316 E,
719 3287 756 3311 ad
774 3288 800 3312 id
819 3294 954 3316 moveatur
972 3293 1000 3318 P.

354 3348 359 3354 .
375 3313 403 3354 ᾖ)
417 3321 537 3342 moveret.
547 3331 566 3337 —
579 3324 726 3345 moveretur
739 3322 766 3346 P.
777 3336 796 3341 —
808 3324 863 3349 Lin.
876 3333 931 3358 seq.
944 3334 990 3358 pm
999 3329 1147 3360 peruenire,
1157 3332 1294 3363 per-veniri
1306 3334 1337 3358 Α.
1346 3347 1365 3353 -

324 3348 361 3373 Ibi
373 3349 433 3374 illuc
446 3358 495 3382 quo
507 3359 557 3377 non
567 3356 606 3378 est
614 3355 759 3386 pervenire,
769 3357 805 3382 ad
819 3358 884 3384 illud
896 3361 931 3385 ad
943 3363 1013 3394 quod
1027 3371 1076 3388 non
1086 3368 1175 3396 potest
1184 3368 1325 3398 pervenire
1335 3369 1363 3394 P.

378 3383 406 3417 μ)
424 3388 484 3410 sunt
501 3389 586 3412 tamen
609 3390 736 3421 quaedam
750 3395 842 3423 partes
861 3394 1012 3428 discerptae.
1025 3412 1044 3417 -
1057 3402 1144 3425 tamen
1163 3409 1216 3426 om.
1230 3402 1263 3433 P,
1279 3407 1304 3428 et
1317 3411 1364 3436 pro

326 3417 454 3459 'quaeda-nt
472 3420 531 3452 legit
548 3422 659 3454 quidem.
677 3425 726 3449 Pro
744 3426 895 3459 discerptae,
920 3431 996 3464 aliqui
1014 3434 1087 3459 codd.
1103 3435 1250 3468 descriptae
1268 3437 1364 3471 (supra

326 3460 352 3476 m
370 3457 484 3479 citatione
501 3459 582 3496 textus
601 3458 752 3492 descripta),
772 3461 791 3485 l>
811 3462 937 3490 discretae
955 3467 997 3498 (in
1014 3469 1132 3495 versione
1150 3471 1288 3507 discreta).

379 3487 402 3520 ν)
410 3491 485 3519 puta,
495 3496 517 3514 ει
527 3490 673 3518 dicamus...
688 3495 787 3527 Corpus
797 3500 883 3523 autem
894 3499 1060 3529 distenditur.
1069 3505 1131 3530 —Ita
1146 3506 1207 3538 legit
1218 3508 1248 3538 Α,
1260 3513 1285 3532 et
1297 3508 1363 3534 bene

326 3526 354 3547 ut
371 3527 473 3556 apparet
491 3531 521 3549 ex
534 3530 649 3552 contextu
655 3535 663 3559 3
678 3533 724 3554 cet.
739 3531 812 3556 codd.
821 3539 872 3557 om.
889 3533 1080 3563 homoteleuton
1100 3539 1123 3565 si
1136 3547 1198 3567 vero
1217 3542 1362 3570 dicamus...

1031 217 1101 253 DE
1132 213 1304 251 CAELO
1333 212 1403 248 ET
1431 207 1624 246 MUNDO
1654 207 1748 242 LIB.
1779 205 1793 240 I

1440 286 1486 323 sit
1507 284 1694 322 infinitum
1714 282 1762 319 ad
1782 293 1939 318 ornnem
1958 277 2107 330 partem
2126 279 2156 328 ἣ
2188 288 2223 318 et
2250 282 2301 320 ita
2330 295 2376 320 ex
2404 284 2507 321 nulla

1438 345 1542 387 parte
1563 336 1630 372 erit
1657 334 1798 383 aliquid
1818 341 1921 371 extra
1949 334 2088 383 ipsum.
2110 335 2203 371 Non
2223 347 2312 383 ergo
2343 343 2399 373 est
2416 349 2505 386 pos-

1439 390 1543 426 sibile
1562 388 1666 437 quod
1682 387 1720 423 in
1737 399 1898 435 corpore
1913 387 2061 424 infinito
2083 387 2156 424 sint
2173 388 2283 437 plura
2299 388 2505 438 dissimilia,

1438 453 1601 490 quorum
1620 439 1922 489 unumquodque
1942 440 1988 476 sit
2010 440 2223 477 infinitum:
2245 441 2333 490 quia
2351 454 2431 479 non
2451 449 2507 480 est

1436 493 1614 543 possibile
1643 505 1726 528 esse
1753 493 1862 541 plura
1881 492 2039 541 infinita,
2066 494 2279 531 secundum
2298 495 2504 543 praedicta.

1496 558 1553 583 12.
1583 545 1732 582 Deinde
1767 557 1857 582 curn
1892 546 2000 583 dicit:
2035 547 2110 583 Sed
2141 548 2267 584 adhuc
2297 559 2418 596 neque
2451 554 2505 585 to-

1437 605 1513 636 tum
1543 606 1626 645 etc.,
1656 598 1819 635 ostendit
1843 601 1948 647 quod
1968 611 2108 648 corpus
2127 600 2317 644 infinitum
2336 613 2416 638 non
2434 613 2505 650 po-

1436 659 1506 688 test
1535 663 1615 688 esse
1645 650 1825 687 similium
1853 651 2040 700 partium:
2071 660 2108 690 et
2127 654 2202 690 hoc
2222 653 2372 691 duabus
2391 654 2505 691 ratio-
2527 658 2531 660 ’

1435 705 1557 741 nibus.
1580 704 1754 750 Quarum
1773 703 1898 752 prima
1917 712 1984 753 est,
2005 705 2095 754 quia
2116 706 2314 744 cuiuslibet
2334 707 2505 757 corporis

1436 756 1612 794 naturalis
1641 764 1791 805 oportet
1820 769 1902 794 esse
1934 758 2101 807 aliquem
2134 767 2285 797 motum
2318 761 2504 808 localem;

1435 823 1513 847 non
1541 817 1596 846 est
1623 817 1751 846 autern
1780 809 1875 846 alius
1904 818 2033 848 motus
2059 820 2210 861 praeter
2237 813 2329 851 istos
2348 814 2413 863 qui
2442 826 2504 851 su-

1434 875 1501 912 pra
1522 864 1541 884 *
1570 862 1658 899 dicti
1685 869 1789 910 sunt,
1819 875 1988 912 quorum
2018 865 2159 903 scilicet
2185 878 2286 904 unus
2315 874 2371 904 est
2404 867 2504 904 circa
2532 878 2542 887 ’

1434 915 1623 962 medium,
1653 915 1748 952 alius
1775 928 1798 952 a
1826 916 1975 964 medio,
2005 925 2043 954 et
2069 919 2200 956 tertius
2229 920 2278 957 ad
2306 920 2502 968 medium;

1433 968 1601 1017 sequitur
1628 968 1739 1016 igitur
1767 969 1874 1017 quod
1901 970 2041 1007 habeat
2067 983 2191 1010 unum
2225 973 2386 1011 istorum
2419 985 2503 1011 rno-

1431 1029 1550 1058 tuum.
1573 1022 1650 1058 Sed
1677 1021 1753 1058 hoc
1773 1029 1829 1058 est
1846 1022 2103 1071 impossibile:
2133 1025 2223 1074 quia
2241 1026 2273 1063 si
2300 1034 2505 1064 moveatur

1431 1087 1580 1111 sursum
1608 1075 1670 1111 vel
1700 1075 1894 1122 deorsum,
1925 1077 1994 1113 erit
2019 1089 2137 1125 grave
2169 1079 2231 1116 vel
2259 1079 2363 1126 leve;
2393 1087 2431 1116 et
2451 1079 2502 1117 ita

1430 1127 1575 1164 accidet
1602 1127 1826 1175 gravitatem
1857 1136 1893 1165 et
1918 1129 1940 1150 *
1966 1130 2160 1168 levitatem
2181 1143 2264 1169 esse
2289 1131 2501 1181 infinitam,
2529 1146 2539 1156 ·

1429 1180 1532 1230 quod
1563 1188 1618 1217 est
1649 1180 1884 1229 impossibile
1913 1182 2127 1220 secundum
2154 1185 2367 1233 praemissa
2387 1186 2417 1222 *.
2444 1185 2502 1223 Si·
2529 1199 2539 1209 ·
2585 1214 2592 1222 .

1428 1233 1564 1270 militer
1592 1233 1705 1270 etiam
1733 1239 1746 1254 ⁰
1773 1246 1854 1271 non
1879 1242 1934 1271 est
1951 1236 2135 1284 possibile
2161 1237 2267 1286 quod
2298 1245 2502 1276 moveatur

1429 1286 1666 1333 circulariter,
1687 1287 1777 1336 quia
1797 1295 1852 1324 est
1870 1287 2104 1337 impossibile
2124 1289 2317 1328 infinitum
2338 1291 2502 1330 circum—

1430 1340 1533 1383 ferri:
1563 1339 1654 1376 nihil
1679 1340 1782 1377 enim
1811 1340 1936 1378 differt
1962 1343 2038 1379 hoc
2068 1342 2213 1392 dicere,
2240 1355 2357 1393 quarn
2385 1345 2416 1382 si
2445 1344 2503 1383 di-

1428 1400 1533 1430 catur
1561 1394 1709 1430 caelum
1736 1393 1940 1442 infinitum,
1969 1396 2076 1445 quod
2099 1395 2334 1446 impossibile
2363 1405 2431 1446 est,
2457 1404 2503 1436 ut

1428 1458 1542 1495 supra
1562 1446 1582 1467 *
1602 1454 1799 1484 ostensum
1827 1455 1894 1485 est.
1926 1449 2017 1486 Non
2048 1461 2138 1497 ergo
2167 1450 2348 1499 contingit
2375 1457 2507 1489 totum·
2527 1465 2538 1476 ·

1428 1511 1566 1548 corpus
1594 1499 1786 1536 infinitum
1815 1512 1898 1537 esse
1926 1502 2251 1541 homoeomerum
2268 1504 2301 1541 ⁴³.

1486 1553 1543 1589 13.
1572 1553 1793 1590 Secundam
1821 1553 2009 1591 rationem
2037 1555 2147 1604 ponit
2173 1556 2246 1594 ibi:
2275 1557 2351 1594 Sed
2375 1529 2507 1596 adhuc<

1427 1617 1546 1654 neque
1564 1606 1718 1643 omnino
1739 1613 1829 1653 etc.;
1850 1619 1949 1656 quae
1969 1608 2140 1657 sequitur
2158 1621 2204 1646 ex
2224 1610 2422 1648 communi
2441 1623 2501 1650 ra-

1426 1658 1528 1695 tione
1557 1667 1685 1696 motus
1714 1659 1855 1698 localis.
1886 1660 1926 1698 Si
1955 1661 2058 1698 enim
2086 1661 2134 1699 sit
2157 1675 2297 1712 corpus
2316 1663 2498 1703 similium

1425 1711 1590 1760 partium
1626 1712 1839 1760 infinitum,
1882 1713 2053 1762 sequitur
2089 1717 2197 1763 quod
2234 1717 2338 1754 nullo
2376 1717 2498 1756 modo

1424 1764 1544 1814 possit
1572 1765 1732 1802 moveri.
1763 1766 1863 1813 Quia
1881 1767 1912 1804 si
1932 1775 2113 1805 movetur
2139 1769 2170 1816 *,
2195 1777 2262 1806 aut
2279 1770 2500 1808 movebitur
2526 1779 2536 1790 ·

1425 1818 1639 1855 secundum
1677 1826 1876 1867 naturam,
1910 1828 1976 1858 aut
2008 1821 2223 1859 secundum
2259 1822 2496 1862 violentiam.

1426 1871 1467 1908 Si
1494 1878 1623 1908 autern
1653 1871 1699 1909 sit
1727 1872 1762 1909 ei
1787 1873 1920 1921 aliquis
1944 1882 2073 1911 motus
2098 1875 2301 1923 violentus,
2327 1876 2506 1926 sequitur

1425 1925 1530 1973 quod
1559 1924 1672 1961 etiarn
1701 1925 1747 1962 sit
1775 1925 1809 1962 ei
1842 1926 1976 1976 aliquis
2004 1934 2132 1966 motus
2170 1928 2371 1967 naturalis:
2406 1929 2497 1980 quia

1423 1985 1550 2014 motus
1578 1978 1769 2015 violentus
1804 1979 2053 2017 contrariatur
2084 1981 2206 2019 motui
2243 1982 2426 2031 naturali,
2453 1990 2498 2021 ut

1424 2043 1540 2080 supra
1558 2031 1578 2052 *
1597 2031 1769 2068 habitum
1790 2039 1856 2069 est.
1883 2033 1924 2069 Si
1943 2040 2071 2070 autem
2092 2034 2227 2084 aliquis
2247 2035 2294 2073 sit
2312 2035 2496 2079 eimotus
2523 2044 2534 2055 ·

1423 2083 1613 2131 naturalis,
1635 2084 1804 2133 sequitur
1821 2085 1928 2134 quod
1948 2086 2063 2124 etiam
2082 2087 2103 2109 ‘¹
2116 2087 2163 2125 sit
2181 2088 2215 2126 ei
2234 2088 2370 2139 aliquis
2388 2089 2496 2128 locus
2523 2093 2534 2103 '
2576 2134 2583 2142 ·
2610 2118 2636 2142 d

1423 2136 1590 2186 aequalis
1609 2137 1691 2184 sibi,
1713 2137 1751 2174 in
1770 2150 1888 2187 quem
1908 2140 2126 2177 naturaliter
2144 2141 2276 2179 fertur:
2302 2141 2393 2190 quia
2411 2154 2496 2180 mo-

1421 2198 1481 2227 tus
1518 2189 1696 2227 naturalis
1730 2198 1786 2228 est
1823 2191 1903 2229 eius
1935 2194 2041 2242 quod
2074 2193 2191 2231 fertur
2222 2194 2261 2232 in
2293 2195 2494 2245 proprium

1420 2244 1560 2280 locum.
1583 2243 1670 2280 Hoc
1698 2251 1826 2281 autem
1847 2252 1904 2282 est
1930 2245 2187 2295 impossibile:
2208 2247 2297 2298 quia
2315 2261 2503 2299 sequerer

1420 2304 1479 2333 tur
1500 2297 1520 2318 ‘¹‘
1540 2297 1646 2344 quod
1666 2296 1739 2334 sint
1758 2297 1836 2334 duo
1856 2299 2068 2348 corporalia
2092 2300 2177 2338 loca
2195 2300 2363 2349 infinita;
2389 2302 2494 2352 quod
2521 2308 2532 2319 ”

1421 2357 1477 2387 est
1495 2361 1617 2398 aeque
1636 2349 1871 2399 impossibile
1891 2351 1989 2389 sicut
2006 2353 2114 2402 quod
2131 2353 2206 2391 sint
2230 2354 2308 2392 duo
2329 2367 2493 2405 corpora

1420 2402 1580 2449 infinita3
1611 2402 1700 2451 quia
1718 2403 1815 2440 sicut
1843 2416 1982 2454 corpus
2009 2405 2201 2444 infinitum
2238 2414 2295 2444 est
2320 2408 2493 2458 undique

1419 2455 1622 2503 infinitum,
1642 2455 1693 2493 ita
1712 2464 1749 2493 et
1767 2458 1874 2494 locus
1893 2457 2074 2497 infinitus.
2092 2460 2184 2497 Non
2199 2467 2256 2497 est
2274 2460 2385 2508 igitur
2402 2473 2493 2511 pos-

1420 2509 1526 2546 sibile
1554 2509 1658 2558 quod
1678 2521 1818 2559 corpus
1836 2510 2028 2549 infinitum
2056 2520 2259 2550 moveatur
2278 2518 2308 2551 π.
2331 2514 2371 2552 Si
2399 2526 2491 2564 ergo

1420 2574 1534 2599 omne
1572 2574 1711 2611 corpus
1748 2565 1918 2601 naturale
1952 2573 2152 2614 movetur,
2181 2566 2351 2616 sequitur
2386 2567 2493 2617 quod

1419 2616 1563 2652 nullum
1585 2627 1724 2664 corpus
1742 2617 1913 2654 naturale
1937 2618 1983 2655 sit
2001 2618 2203 2657 infinitum.
2223 2640 2249 2648 -
2268 2620 2339 2658 Est
2360 2628 2493 2660 tamen

1419 2668 1692 2706 attendendum
1731 2669 1836 2718 quod
1863 2671 1960 2708 haec
1989 2672 2084 2709 ratio
2115 2684 2195 2710 non
2218 2674 2392 2722 procedit
2418 2673 2492 2713 nisi

1419 2721 1466 2758 de
1495 2729 1603 2758 motu
1632 2729 1757 2760 recto:
1787 2735 1879 2760 narn
1911 2724 1950 2762 id
1987 2725 2094 2774 quod
2122 2733 2302 2764 movetur
2334 2727 2507 2766 circula-'

1419 2774 1515 2821 riter,
1545 2786 1623 2812 non
1651 2783 1774 2813 mutat
1800 2784 1923 2814 totum
1948 2778 2078 2816 locum
2107 2778 2300 2825 subiecto,
2331 2781 2400 2818 sed
2428 2792 2489 2818 so-

1418 2827 1497 2863 lum
1512 2828 1674 2876 ultione,
1694 2836 1736 2866 ut
1753 2830 1938 2878 probatur
1955 2830 1995 2868 in
2009 2832 2061 2870 VI
2080 2832 2230 2881 Physic.
2248 2834 2268 2855 ⁸²
2285 2832 2362 2870 Sed
2381 2833 2489 2883 quod
2515 2831 2528 2844 ⁰

1419 2891 1554 2929 corpus
1584 2881 1774 2919 infinitum
1799 2895 1878 2921 non
1905 2884 2027 2933 possit
2054 2884 2204 2922 moveri
2242 2885 2487 2936 circulariter,
2515 2901 2540 2950 .'

1418 2945 1531 2982 supra
1557 2934 1576 2955 ’¹‘
1603 2934 1856 2984 multipliciter
1888 2944 1945 2974 est
1971 2944 2182 2976 ostensum.

1418 3090 1618 3122 longitudinem,
1638 3098 1664 3118 et
1683 3101 1731 3125 pro
1746 3100 1844 3126 corpus
1857 3097 1947 3120 autem
1967 3093 2065 3120 habent
2078 3102 2175 3129 corpus
2191 3096 2272 3123 enim.
2287 3097 2307 3122 P
2326 3098 2402 3131 legit:
2417 3101 2490 3131 pm

1417 3125 1440 3149 sl
1459 3126 1577 3152 dicamus
1596 3128 1693 3153 lineam
1708 3135 1764 3154 esse
1781 3129 1921 3163 infinitam.
1942 3130 2120 3163 intelligemus
2133 3132 2206 3164 quod
2220 3133 2256 3159 eit
2270 3133 2377 3168 infinita
2393 3140 2488 3160 secun-

1418 3160 1479 3186 dum
1494 3161 1686 3195 longitudinem
1693 3172 1703 3194 ,-
1721 3164 1874 3198 superficies
1887 3165 2031 3191 secundum
2045 3167 2241 3200 longitudinem
2255 3171 2284 3194 ee
2300 3168 2488 3199 latitudine-⁸3

1416 3202 1511 3227 corpus
1528 3201 1616 3223 autem
1632 3199 1777 3225 secundum
1798 3200 2002 3233 longitudinem,
2022 3202 2194 3229 latitudinem
2212 3206 2241 3228 et
2253 3203 2486 3237 profunditmmt

1416 3237 1511 3262 corpus
1528 3233 1596 3258 enim
1620 3234 1791 3260 distenditur.
1815 3236 1905 3261 Lectio
1923 3236 1947 3261 A
1967 3242 1994 3262 et
2012 3237 2032 3261 Ρ
2052 3238 2139 3270 quoad
2165 3245 2274 3264 eentum
2293 3238 2440 3264 coincidunt
2458 3238 2485 3264 in

1415 3273 1505 3297 unum,
1515 3268 1561 3292 sed
1571 3270 1656 3300 quoad
1670 3270 1781 3295 sormam
1791 3270 1892 3296 videtur
1905 3271 1980 3297 nobis
1990 3273 2062 3305 quod
2072 3273 2155 3306 prima
2167 3273 2202 3299 eit
2211 3273 2295 3306 magi·
2305 3274 2449 3307 per-piem,
2459 3279 2487 3300 et

1416 3302 1485 3333 quod
1499 3304 1642 3329 secundum
1656 3305 1741 3338 ipsam
1755 3307 1943 3338 argumentatio
1958 3315 1980 3333 s.
1989 3307 2110 3334 'rhomae
2122 3308 2205 3342 magi·
2222 3309 2340 3342 expedite
2353 3310 2485 3342 procedet.

1469 3334 1492 3370 Ε)
1512 3338 1549 3362 ad
1566 3346 1669 3365 omnem
1685 3344 1803 3373 par-tem.
1816 3356 1835 3360 -
1847 3342 1886 3367 ad
1899 3342 1972 3368 illam
1987 3346 2097 3376 partem
2111 3343 2148 3375 Ἐς
2168 3344 2255 3369 entim
2269 3351 2318 3378 pro
2333 3345 2415 3377 nulla,
2427 3345 2485 3371 alia

1415 3371 1450 3400 B,
1470 3371 1518 3396 illa
1536 3373 1691 3407 CDFpmn
1711 3381 1780 3408 patet
1800 3377 2018 3410 legendumeue
2036 3386 2097 3404 cum
2115 3378 2242 3404 PAnEGl.

1469 3405 1494 3440 ο)
1510 3410 1668 3439 praemissa.
1688 3411 1819 3437 Similiter
1836 3413 1925 3438 etiam.
1937 3426 1956 3432 —
1964 3414 2118 3446 praemissa
2129 3421 2222 3447 supra.
2233 3415 2270 3440 R
2281 3415 2310 3441 P.

1468 3442 1497 3474 π)
1517 3444 1587 3474 quod
1604 3448 1643 3470 est
1656 3453 1739 3478 aeque
1751 3447 1943 3480 impossibile...
1957 3452 2106 3475 moveatur.
2117 3462 2136 3470 -
2147 3449 2184 3475 lu
2195 3450 2255 3475 ΑεΕ
2263 3458 2270 3482 ;
2290 3451 2312 3476 Α
2327 3455 2415 3476 tumen
2427 3458 2482 3478 om.

1415 3479 1454 3500 est
1473 3478 1586 3510 undique
1610 3480 1758 3513 infinitum,-
1776 3488 1824 3508 cet.
1845 3491 1899 3508 om.
1914 3483 2110 3510 homoteleuton
2127 3484 2198 3510 elcut
2223 3486 2294 3518 quod
2317 3486 2373 3512 sint
2390 3486 2482 3513 duo...

1416 3510 1498 3551 igitur
1520 3515 1657 3545 possibile,
1678 3522 1703 3541 et
1721 3524 1781 3542 cum
1807 3518 1846 3543 his
1866 3519 1941 3544 codd.
1957 3519 1976 3544 Ρ
1996 3527 2049 3545 non
2067 3524 2137 3545 recte
2156 3520 2230 3554 legit:
2250 3522 2323 3556 quod
2340 3524 2380 3548 est
2398 3527 2484 3556 aeque

1415 3548 1570 3579 impossibile
1587 3550 1657 3576 sicut
1674 3552 1745 3584 quod
1763 3560 1859 3586 corpus
1879 3554 2011 3588 infinitum
2030 3558 2177 3581 moveatur.
