2782 4134
1063 276 1651 316 METEOROLOGICORUM
1679 276 1774 312 LIB.
1806 277 1819 312 Ι

895 493 1234 552 LECTIO
1281 494 1978 551 DECIMASEXTA

1014 649 1071 679 DE
1097 648 1239 679 CAUSA
1263 647 1584 680 GENERATIONIS
1608 649 1865 681 FLUVlORUM

342 783 419 827 Περὶ
437 776 467 812 δ’
490 778 622 823 ἀνέμων
642 780 700 810 καὶ
722 776 860 809 πάντων
881 777 1101 821 πνευμάτων,
1121 775 1174 809 ’έτι
1191 771 1229 808 δὲ
1245 778 1412 821 ποταμῶν

409 827 466 856 καὶ
485 823 664 860 θαλάττης
680 821 844 866 λέγωμεν,
863 821 996 866 πρῶτον
1013 822 1071 852 καὶ
1090 822 1163 864 περὶ
1182 820 1315 854 τούτων
1334 834 1413 866 προ-

412 868 648 911 απορήσαντες
671 868 750 911 πρὸς
770 867 859 907 ἡμᾶς
882 864 1027 903 αὐτούς·
1050 865 1160 910 ὥσπερ
1181 865 1245 911 γάρ
1262 868 1321 897 καὶ
1339 868 1412 909 περὶ

413 915 541 953 ἄλλων,
569 912 658 943 οὕτω
682 912 741 942 καὶ
767 911 840 954 περὶ
865 909 999 943 τούτων
1027 908 1120 942 οὐθὲν
1154 909 1413 955 παρειλήφαμεν

409 957 589 1003 λεγόμενον
616 956 774 987 τοιοῦτον
802 955 818 987 ὃ
843 955 891 999 μή
916 953 979 987 κᾶν
1007 955 1022 986 ὁ
1049 955 1161 1000 τυχών
1187 957 1324 987 εἴπειεν.

342 1003 414 1035 Εἰσὶ
438 998 476 1033 δέ
502 1012 587 1038 τινες
615 999 644 1031 οἳ
670 999 838 1043 φασι’τόν
870 998 1080 1044 καλούμενον
1108 1011 1193 1041 αερα
1217 998 1412 1043 κινούμενον

409 1047 467 1091 μέν
500 1046 558 1076 καὶ
582 1044 707 1089 ῥέοντα
739 1044 860 1088 ἄνεμον
886 1041 993 1085 εἶναι,
1020 1043 1263 1087 συνιστάμενον
1289 1038 1327 1075 δὲ
1351 1043 1412 1076 τὸν

410 1090 515 1123 αὐτὸν
542 1090 666 1121 τοῦτον
694 1088 796 1121 πάλιν
823 1087 919 1133 νέφος
943 1090 1002 1120 καὶ
1028 1084 1129 1131 ὕδωρ,
1147 1090 1189 1126 ὡς
1212 1089 1275 1125 τῆς
1303 1088 1413 1126 αὐτῆς

409 1134 534 1179 φύσεως
560 1133 660 1171 οὔσης
687 1129 814 1171 ὕδατος
839 1135 898 1165 καὶ
925 1133 1143 1176 πνεύματος,
1170 1135 1227 1165 καὶ
1254 1132 1313 1165 τὸν
1341 1132 1414 1164 ἄνε-

409 1191 470 1222 μον
496 1176 581 1210 εἶναι
605 1180 733 1215 κίνησιν
761 1177 800 1210 ἀέ
824 1188 875 1215 ος·
901 1173 955 1209 διὸ
984 1180 1042 1209 καὶ
1069 1179 1136 1209 τῶν
1163 1178 1271 1222 σοφῶς
1296 1177 1416 1218 βουλο-

409 1223 514 1268 μένων
539 1223 650 1269 λέγειν
676 1223 764 1259 τινές
791 1223 850 1254 ὲνα
876 1223 977 1265 φασὶν
1005 1222 1128 1266 ἄνεμον
1161 1219 1247 1254 εἶναι
1277 1221 1412 1259 πάντας

409 1268 488 1306 τους
517 1266 673 1312 ἀνέμους,
695 1266 750 1299 ὅτι
767 1266 997 1310 συμπέπτωκε
1022 1269 1080 1299 καὶ
1107 1266 1166 1299 τὸν
1187 1265 1270 1311 ἀέρα
1289 1267 1348 1299 τόν
1365 1278 1413 1298 κι-

408 1312 567 1357 νούμενον
594 1311 654 1344 ἕνα
678 1314 736 1344 καὶ
763 1312 822 1344 τὸν
850 1311 957 1344 αὐτὸν
983 1308 1070 1343 εἶναι
1091 1311 1225 1352 πάντα,
1244 1307 1355 1343 δοκεῖν
1376 1307 1414 1343 δέ

408 1353 575 1402 διαφέρειν
608 1355 703 1389 οὐθὲν
736 1352 945 1401 διαφέροντα
970 1351 1030 1388 διά
1055 1356 1135 1394 τούς
1160 1355 1309 1397 τόπους,
1338 1355 1412 1387 ὅθεν

411 1402 448 1434 ἂν
476 1401 633 1455 τυγχάνῃ
657 1400 738 1446 ῥέων
764 1400 949 1442 ἑκάστοτε,
977 1402 1225 1445 παραπλησίως
1252 1400 1413 1446 λέγοντες

407 1446 518 1490 ὥσπερ
547 1449 586 1478 ἀν
611 1448 641 1478 εἴ
664 1457 716 1483 τις
742 1447 849 1477 οἴοιτο
879 1447 936 1477 καὶ
963 1446 1043 1483 τους
1070 1445 1249 1489 ποταμούς
1276 1444 1412 1483 πάντας

408 1490 468 1523 ἕνα
501 1491 659 1535 ποταμὸν
685 1488 790 1523 εἶναι·
816 1485 869 1522 διὸ
895 1489 1030 1530 βέλτιον
1057 1492 1086 1522 οἱ
1112 1492 1232 1522 πολλοὶ
1256 1489 1413 1535 λέγουσιν

410 1536 487 1568 α”νευ
513 1536 687 1578 ζητήσεως
713 1535 782 1567 τῶν
802 1534 894 1579 μετὰ
917 1534 1092 1577 ζητήσεως
1115 1534 1204 1567 οὕτω
1221 1535 1411 1580 λεγόντων·

409 1581 436 1612 εἰ
463 1580 522 1623 μέν
547 1580 612 1626 γάρ
639 1580 676 1612 ἐκ
701 1580 779 1624 μιᾶς
808 1579 913 1625 ἀρχῆς
936 1578 1088 1617 ἅπαντες
1105 1579 1230 1624 ῥέουσι,
1249 1577 1349 1612 κάκεῖ
1365 1579 1414 1612 τά

408 1624 594 1669 πνεύματα
619 1624 678 1657 τὸν
705 1624 812 1657 αὑτὸν
838 1624 979 1667 τρόπον,
1001 1623 1081 1670 τάχ’
1108 1624 1148 1656 α”ν
1174 1636 1209 1657 τι
1233 1623 1363 1670 λέγοιεν
1383 1626 1413 1656 οἱ

405 1669 566 1716 λέγοντες
593 1668 719 1706 οὕτως·
746 1669 774 1700 εἰ
799 1664 829 1700 δ’
852 1670 973 1713 ὁμοίως
1000 1668 1152 1701 ἐνταῦθα
1175 1665 1286 1709 κάκεῖ,
1306 1664 1410 1705 δῆλον

410 1713 463 1746 ὅτι
488 1714 531 1746 τὸ
555 1713 734 1758 κόμψευμα
761 1712 800 1746 ἀν
826 1715 875 1751 εἴη
902 1714 1009 1745 τοῦτο
1035 1709 1187 1757 ψεῦδος,
1204 1711 1276 1745 ἐπεὶ
1303 1714 1412 1746 τοῦτο’

407 1771 445 1804 γε
472 1759 710 1803 προσήκουσαν
737 1758 808 1803 ἔχει
833 1757 966 1802 σκέψιν,
993 1760 1026 1790 τί
1054 1759 1084 1789 τ’
1114 1759 1206 1790 ἐστὶν
1233 1758 1249 1789 ὁ
1276 1758 1410 1802 ἄνεμος,

406 1805 465 1835 καὶ
489 1806 624 1849 γίνεται
650 1803 733 1843 πῶς,
759 1805 817 1834 καὶ
844 1805 877 1834 τί
903 1803 945 1835 τὸ
969 1803 1095 1844 κινοῦν,
1121 1806 1178 1835 καίΙ
1198 1803 1218 1839 ἡ
1243 1802 1331 1847 ἀρχή
1350 1802 1413 1836 πό-

406 1847 460 1879 θεν
487 1850 620 1889 αὐτῶν,
647 1850 704 1879 καὶ
736 1847 881 1891 πότερον
913 1847 962 1891 ἄρ’
990 1846 1101 1892 ὥσπερ
1129 1846 1162 1888 ἐξ
1191 1845 1328 1893 ἀγγείου
1361 1843 1414 1879 δεῖ

405 1892 524 1933 λαβεῖν
556 1892 681 1938 ῥέοντα
712 1891 771 1924 τὸν
806 1892 949 1936 ἄνεμον,
974 1893 1033 1924 καὶ
1068 1891 1166 1937 μέχρι
1194 1892 1321 1925 τούτου
1345 1893 1411 1937 ῥεῖν

408 1936 467 1975 ’έως
495 1936 532 1970 ὀὲν
558 1936 687 1980 κενωθῇ
707 1936 748 1968 τὸ
768 1934 919 1983 ἀγγεῖον,
940 1937 1008 1968 οἷον
1031 1935 1064 1977 ἐξ
1088 1937 1198 1970 ἀσκῶν
1218 1936 1409 1982 ἀφιέμενον,

407 1980 427 2018 ἦ
452 1981 607 2025 καθάπερ
632 1985 689 2014 καὶ
718 1983 746 2012 οἱ
771 1986 907 2028 γραφεῖς
932 1981 1128 2027 γράφουσιν,
1157 1980 1191 2022 ἐξ
1212 1983 1327 2014 αὐτῶν
1346 1981 1410 2019 τήν

409 2026 516 2071 ἀρχὴν
546 2026 720 2071 ἀφιέντας.

335 2073 475 2116 Ὁμοίως
501 2068 539 2103 δὲ
563 2074 620 2103 καὶ
647 2071 721 2116 περὶ
746 2071 809 2108 τῆς
838 2071 906 2102 τῶν
940 2071 1108 2114 ποταμῶν
1132 2070 1292 2117 γενέσεως
1319 2065 1414 2103 δοκεῖ

407 2127 494 2148 τισιν
521 2116 626 2161 ἔχειν·
654 2116 695 2148 τὸ
719 2115 784 2160 γάρ
821 2113 970 2160 ἀναχθέν
1003 2114 1069 2147 ύπό
1101 2117 1165 2148 τοῦ
1200 2116 1297 2153 ἡλίου
1324 2111 1410 2159 ὕδωρ

407 2159 510 2192 πάλιν
537 2160 676 2205 ύόμενον
704 2158 876 2203 ἀθροισθὲν
895 2159 961 2192 ὑπὸ
978 2160 1043 2205 γῆν
1060 2161 1126 2204 ῥεῖν
1146 2161 1181 2192 ἐκ
1205 2162 1336 2197 κοιλίας
1355 2172 1412 2204 με·

405 2203 530 2251 γάλης,
559 2204 580 2242 ἦ
607 2204 741 2243 πάντας
767 2204 806 2237 ε’κ.
831 2204 930 2249 μιᾶς,
957 2202 979 2240 ἦ
1007 2204 1110 2236 ἄλλον
1138 2204 1262 2247 ἄλλης,
1287 2205 1347 2237 καὶ
1373 2205 1412 2237 οὖ

404 2248 557 2295 γίνεσθαι
583 2244 668 2292 ὕδωρ
695 2249 805 2290 οὐθέν,
832 2249 922 2282 ἀλλά
939 2248 980 2282 τὸ
997 2248 1233 2294 συλλεχθὲνέκ
1254 2250 1317 2283 τοῦ
1366 2261 1410 2283 ιι-

405 2295 511 2338 μῶνος
538 2295 581 2332 εἰς
608 2294 672 2332 τάς
699 2293 868 2331 τοιαύτας
901 2288 1099 2338 ὑποδοχάς,
1125 2295 1232 2328 τοῦτο
1257 2297 1351 2341 γίνεσ
1375 2306 1412 2327 αι

406 2338 447 2371 τὰ
473 2338 602 2376 πλῆθος
629 2340 695 2371 τῶν
722 2351 816 2372 ποτα
845 2339 908 2370 ὧν·
934 2333 988 2370 διὸ
1019 2340 1077 2370 καὶ
1102 2339 1234 2383 μείζους
1265 2340 1317 2373 ἀεὶ
1347 2340 1411 2374 τοῦ
1456 2366 1462 2369 ⁴

403 2384 566 2428 χειμῶνος
590 2385 655 2428 ῥεῖν
682 2382 703 2420 ἦ
729 2385 792 2417 τοῦ
840 2383 953 2428 έρους,
986 2384 1044 2415 καὶ
1071 2383 1150 2422 τους
1176 2384 1236 2428 μὲν
1269 2383 1410 2422 ἀενάους

408 2426 515 2469 εἶναι,
543 2428 623 2466 τους
670 2428 677 2438 ’
707 2429 766 2461 οὐκ.
793 2427 952 2465 ἀενάους·
985 2425 1070 2460 ὅσων
1100 2428 1160 2472 μὲν
1189 2428 1254 2475 γάρ
1284 2424 1343 2462 διαὶ
1368 2429 1410 2462 τό

407 2471 547 2518 μέγεθος
581 2474 644 2511 τῆς
679 2475 810 2511 κοιλίας
847 2472 933 2505 πολῦ
966 2471 1008 2504 τὸ
1042 2472 1288 2519 συλλεγόμενον
1322 2469 1409 2516 ὕδωρ

407 2517 519 2558 ἐστὶν,
545 2516 635 2550 ὥστε
661 2511 808 2562 διαρκεῖν
841 2518 900 2549 καὶ
925 2515 971 2560 μη
998 2516 1308 2561 προαναλίσκεσθαι
1334 2519 1408 2563 πρὶν

407 2560 558 2593 ἐπελθεῖν
585 2561 625 2594 τὸ
653 2561 669 2593 ὅ
699 2562 788 2604 βριον
814 2562 847 2594 ὲν
873 2562 922 2602 τῷ
946 2562 1085 2606 χειμῶνι
1112 2560 1236 2603 πάλιν,
1264 2561 1409 2599 τούτους

406 2606 466 2649 μὲν
493 2605 634 2643 ἀενάους
659 2618 746 2638 ειναι
770 2602 830 2639 διά
853 2605 986 2644 τέλους,
1015 2604 1102 2644 ὅσοις
1128 2602 1157 2637 δ’
1180 2606 1347 2645 ἐλάττους
1375 2609 1410 2638 αἰ

407 2645 599 2694 ὑποδοχαὶ,
634 2653 779 2689 τούτους
810 2646 849 2683 δὲ
880 2645 917 2681 δι’
956 2649 1150 2695 ὀλιγότητα
1186 2651 1249 2682 τοῦ
1282 2647 1410 2688 ὕδατος

407 2693 541 2739 φθάνειν
574 2695 832 2740 ξηραινομένους
859 2696 932 2738 πρὶν
962 2693 1112 2727 ἐπελθεῖν
1138 2694 1180 2728 τὸ
1199 2695 1242 2727 ,ὲκ
1268 2696 1330 2728 τοῦ
1357 2696 1412 2727 οὖ-

407 2739 525 2782 ρανοῦ,
551 2739 751 2784 κενουμένου
777 2741 840 2772 τοῦ
868 2739 1019 2785 ἀγγείου.

339 2787 470 2838 Καίτοι1
487 2783 642 2837 φάνερὸν,
662 2786 691 2815 εἴ
711 2796 762 2822 τις
779 2783 943 2825 βούλεται
964 2782 1112 2822 ποιήσας
1138 2783 1206 2815 οἷον
1233 2784 1409 2837 ύποδοχην

408 2840 472 2871 προ
498 2827 662 2872 ομμάτων
688 2831 737 2870 τῷ
761 2827 836 2861 καθ’
859 2827 987 2872 ἡμέραν
1014 2823 1117 2861 ὕδατι
1133 2827 1244 2872 ῥέοντι
1266 2840 1411 2874 συνεχως

407 2873 530 2909 νοῆσαι
557 2873 597 2904 τὸ
623 2872 769 2911 πλῆθος·
797 2872 1005 2916 ὐπερβάλλοι
1035 2872 1099 2918 γάρ
1131 2871 1170 2905 ὀὶν
1195 2873 1243 2914 τῷ
1276 2885 1316 2918 με
1345 2872 1410 2905 έθει

409 2916 468 2948 τὸν
495 2917 558 2954 τῆς
582 2918 645 2963 γῆς
671 2917 792 2964 ὄγκον,
820 2917 841 2955 ἦ
867 2918 906 2950 οὑ
932 2917 1019 2949 πολι)
1046 2916 1085 2950 ἂν
1116 2916 1266 2949 ἐλλείποι
1292 2929 1333 2951 το
1358 2913 1410 2949 δε-

434 2960 551 3004 όμενον
577 2963 645 2994 πᾶν
671 2962 712 2995 τὰ
736 2962 809 3008 ῥέον
837 2956 923 3003 ὕδωρ
948 2962 993 3000 εἰς
1019 2961 1079 2995 τὸν
1102 2961 1271 2994 ἐνιαυτόν.
1302 2962 1411 2995 Ἀλλά

407 2973 511 3042 ἒῆλον
539 3004 593 3038 ὅτι
617 3007 794 3051 συμβαίνει
819 3006 879 3052 μέν
912 3008 971 3038 καὶ
1003 3006 1117 3038 πολλά
1151 3008 1303 3039 τοιαῦτα
1329 3009 1411 3039 πολ-

406 3051 501 3104 λαχῇ
529 3051 591 3089 τῆς
617 3052 700 3097 γῆς,

342 3096 379 3128 οὐ
405 3107 469 3140 μην
491 3095 563 3128 ἀλλ’
587 3095 717 3128 α”τοπον
736 3098 766 3128 εἴ
782 3107 832 3133 τις
851 3095 898 3139 μη
916 3095 1045 3138 νομίζοι
1070 3090 1129 3127 διά
1146 3094 1210 3131 τήν
1229 3094 1341 3132 αὐτὴν
1361 3096 1411 3128 αἱ-

408 3142 485 3174 τίαν
512 3135 597 3184 ὕδωρ
623 3140 658 3182 ἐξ
686 3139 780 3186 ἀέρος
801 3138 954 3187 γίνεσθαι
973 3135 1013 3171 δι’
1034 3138 1138 3184 ἥνπερ
1157 3139 1239 3183 ὑπὲρ
1256 3140 1333 3186 γῆς,
1351 3142 1410 3172 καὶ

410 3184 442 3217 ἑν
461 3185 506 3226 τῇ
527 3185 589 3230 γῇ·
618 3184 697 3218 ὥστ’
718 3187 809 3230 εἴπερ
834 3185 934 3218 κάκεῖ
951 3180 1011 3217 διά
1031 3183 1235 3229 ψυχρότητα
1252 3187 1413 3217 συνίστα-

409 3240 469 3261 ται
486 3230 504 3260 o*
524 3229 674 3272 ἀτμίζων
703 3229 766 3274 ἀήρ
785 3230 829 3267 εἰς
849 3226 948 3274 ὕδωρ,
974 3231 1032 3261 καὶ
1059 3228 1125 3260 ond
1153 3229 1216 3267 τῆς
1242 3229 1274 3261 ἐν
1301 3229 1346 3271 τῇ
1364 3230 1411 3276 γῇ

409 3272 621 3318 ψυχρότητος
646 3273 688 3306 τὸ
714 3274 801 3307 αὐτό
826 3275 933 3307 τοῦτο
959 3268 1012 3305 δεῖ
1034 3273 1179 3317 νομίζειν
1200 3273 1409 3318 συμβαίνειν,

409 3319 468 3349 καὶ
497 3316 647 3363 γίνεσθαι
679 3318 725 3361 μή
757 3317 857 3363 μόνον
892 3318 932 3351 τὸ
967 3317 1231 3363 ἀποκεκριμένον
1265 3313 1350 3360 ὕδωρ
1378 3319 1410 3350 ὲν

411 3362 517 3404 αὐτῇ,
543 3364 600 3394 καὶ
627 3363 733 3395 τοῦτο
759 3365 843 3407 ῥεῖν,
872 3362 963 3395 ἀλλά
985 3364 1044 3394 καὶ
1068 3361 1220 3409 γίνεσθαι
1243 3363 1408 3407 συνεχῶς·

343 3404 395 3437 ἔτι
420 3400 457 3437 δὲ
475 3406 537 3437 τοῦ
561 3406 607 3450 μή
624 3407 814 3452 γινομένου,
835 3407 908 3439 ἀλλ’
931 3406 1147 3451 ὑπάρχοντος
1170 3402 1309 3448 ὕδατος,
1328 3406 1406 3439 καθ’

411 3449 537 3494 η’μέραν
563 3450 610 3493 μή
636 3450 803 3489 τοιαύτην
829 3448 914 3484 εἶναι
933 3451 996 3488 την
1017 3451 1124 3497 ἀρχὴν
1142 3452 1209 3484 τῶν
1229 3452 1409 3495 ποταμῶν,

412 3493 479 3525 οἷον
506 3494 571 3526 ύπὸ
596 3495 660 3539 γῆν
684 3497 803 3539 λίμνας
829 3497 924 3533 τινας
952 3495 1232 3540 ἀποκεκριμένας,
1255 3495 1410 3541 καθάπερ

412 3537 491 3569 ἔνιοι
514 3537 689 3584 λέγουσιν,
718 3537 791 3572 ἀλλ’
821 3540 940 3584 ὁμοίως
973 3539 1082 3584 ὥσπερ
1110 3542 1168 3572 καὶ
1195 3539 1226 3573 ἑν
1253 3541 1300 3582 τῷ
1327 3540 1410 3585 ὑπὲρ

410 3582 472 3627 γῆς
499 3581 594 3623 τόπῳ
621 3586 734 3627 μικραὶ
767 3584 1010 3627 συνιστάμεναι
1047 3579 1193 3626 ἀνίδες,
1221 3587 1278 3616 καὶ
1306 3584 1408 3617 πάλιν

412 3625 518 3658 αὗται
545 3625 694 3671 ἑτέραις,
721 3627 819 3665 τέλος
846 3629 937 3672 μετά
963 3597 1110 3667 πλήθους
1135 3629 1342 3669 καταβαίνει
1367 3628 1409 3661 τὸ

1466 781 1484 800 *
1499 781 1547 812 De
1570 781 1671 812 ventis
1695 789 1803 812 autem
1827 788 1858 812 et
1880 782 2031 812 omnibus
2056 781 2229 822 spiritibus,
2253 781 2358 812 adhuc
2378 787 2487 813 autem
2503 782 2541 813 de
2567 789 2577 800 *
2606 789 2612 796 ·

1534 825 1638 856 fluviis
1663 833 1693 857 et
1716 826 1796 856 mari
1820 826 1974 865 dicamus,
1998 826 2104 867 primo
2124 833 2155 857 et
2171 826 2210 856 de
2234 825 2282 856 his
2306 825 2485 866 dubitantes
2501 827 2542 857 ad

1535 870 1693 910 nosipsos.
1719 870 1807 901 Sicut
1830 870 1916 900 enim
1940 877 1971 901 et
1994 871 2033 901 de
2057 870 2136 910 aliis,
2161 870 2205 901 sic
2225 877 2256 901 et
2272 870 2310 901 de
2325 870 2374 900 his
2397 870 2476 901 nihil
2491 881 2541 902 ac-

1534 914 1677 954 cepimus
1702 914 1824 945 dictum
1844 914 1905 945 tale
1927 915 2016 956 quod
2032 925 2099 945 non
2120 921 2150 946 et
2172 914 2306 956 quilibet
2322 914 2404 945 dicat
2419 914 2540 956 utique.

1468 1002 1550 1032 Sunt
1579 1008 1688 1032 autem
1716 1002 1848 1043 quidam
1877 1002 1933 1044 qui
1961 1002 2051 1034 aiunt
2079 1010 2231 1043 vocatum
2259 1012 2384 1041 aerem,
2413 1009 2542 1034 motu'm

1534 1045 1666 1087 quidem
1681 1053 1712 1077 et
1734 1046 1899 1085 fluentem,
1922 1053 2056 1078 ventum
2075 1055 2158 1086 esse3
2183 1047 2410 1078 consistentem
2433 1054 2542 1079 autem

1534 1091 1674 1122 eundem
1687 1091 1774 1122 hunc
1788 1091 1916 1130 iterum,
1927 1092 2048 1122 nubem
2063 1098 2094 1122 et
2109 1099 2244 1132 aquam;
2260 1098 2414 1132 tanquam
2430 1093 2543 1124 eadem

1533 1143 1645 1166 natura
1673 1135 1823 1166 existente
1854 1145 1954 1176 aquae
1978 1142 2009 1166 et
2032 1135 2180 1176 spiritus,
2212 1142 2243 1167 et
2264 1142 2362 1167 vento
2390 1135 2542 1168 existente

1534 1187 1626 1211 motu
1650 1180 1739 1211 aeris.
1764 1180 1898 1220 Propter
1920 1179 2011 1223 quod
2034 1187 2065 1211 et
2088 1189 2202 1210 eorum
2225 1179 2281 1222 qui
2301 1180 2460 1220 sapienter
2482 1188 2540 1211 vo-

1533 1225 1605 1255 lunt
1627 1224 1749 1262 dicere,
1774 1224 1906 1265 quidam
1929 1234 2033 1255 unum
2057 1224 2147 1255 aiunt
2169 1231 2302 1255 ventum
2331 1234 2397 1255 esse
2427 1234 2541 1256 omnes

1533 1276 1656 1307 ventos,
1681 1269 1756 1310 quia
1779 1268 1892 1299 accidit
1907 1275 1938 1300 et
1962 1278 2068 1299 aerem
2090 1275 2219 1299 motum
2235 1279 2339 1299 unum
2355 1275 2387 1300 et
2401 1269 2542 1300 eundem

1535 1324 1602 1344 esse
1626 1320 1773 1352 omnem;
1797 1313 1895 1344 videri
1928 1320 2036 1344 autem
2063 1312 2186 1344 differre
2219 1313 2298 1344 nihil
2326 1313 2541 1353 differentem,

1533 1365 1664 1399 propter
1685 1359 1766 1397 loca,
1788 1358 2014 1399 undecumque
2037 1357 2172 1388 extiterit
2193 1357 2311 1396 fluens;
2336 1357 2480 1389 similiter
2494 1358 2540 1394 diff-

1535 1409 1639 1433 centes
1662 1402 1940 1443 quemadmodum
1965 1402 2075 1443 utique
2091 1401 2116 1432 si
2140 1401 2212 1443 quis
2231 1408 2322 1443 putet
2345 1412 2458 1434 omnes
2480 1400 2540 1435 flu-

1533 1446 1603 1477 vios
1627 1457 1731 1478 unum
1761 1446 1896 1477 fluvium
1926 1457 2002 1478 esse.
2027 1447 2160 1487 Propter
2188 1447 2278 1488 quod
2307 1446 2423 1478 melius
2446 1445 2540 1478 multi

1534 1491 1644 1522 dicunt
1667 1491 1733 1522 sine
1756 1491 1974 1532 inquisitione,
1991 1501 2090 1532 quam
2107 1501 2182 1522 cum
2203 1490 2411 1532 inquisitione
2434 1490 2480 1522 sic
2494 1489 2541 1522 di-

1533 1542 1648 1567 centes.
1674 1535 1706 1566 Si
1730 1536 1861 1576 quidem
1885 1535 1971 1566 enim
1988 1545 2024 1566 ex
2041 1545 2108 1566 uno
2124 1535 2281 1576 principio
2305 1545 2419 1566 omnes
2437 1535 2540 1575 ΗΜ,

1533 1586 1564 1612 et
1586 1580 1630 1610 ibi
1662 1580 1790 1620 spiritus
1821 1581 1937 1611 eodem
1967 1580 2088 1619 modo,
2113 1579 2244 1611 forsitan
2268 1579 2407 1611 dicerent
2428 1580 2541 1624 utique

1533 1625 1655 1666 aliquid
1677 1625 1815 1656 dicentes
1839 1624 1897 1656 sic:
1922 1624 1948 1655 si
1964 1631 2072 1655 autem
2088 1624 2232 1656 similiter
2245 1624 2298 1656 hic
2313 1631 2345 1655 et
2358 1624 2414 1664 ibi,
2433 1624 2542 1667 palam

1533 1669 1622 1710 quod
1636 1669 1698 1700 hoc
1712 1669 1780 1700 leve
1797 1669 1918 1700 dictum
1937 1669 1994 1700 erit
2009 1668 2120 1710 utique
2141 1668 2355 1700 mendacium.
2375 1669 2542 1707 Quoniam

1532 1714 1595 1745 hoc
1617 1713 1749 1754 quidem
1778 1720 1996 1754 opportunam
2018 1713 2113 1744 habet
2136 1713 2439 1754 considerationem,
2462 1713 2542 1756 quid

1533 1765 1580 1789 est
1601 1765 1730 1796 ventus,
1754 1764 1786 1788 et
1807 1757 1976 1799 quomodo
1999 1756 2052 1796 fit,
2077 1764 2108 1788 et
2129 1757 2209 1799 quid
2231 1755 2381 1798 movens,
2401 1764 2432 1790 et
2454 1758 2541 1790 unde

1533 1802 1726 1843 principium
1750 1809 1883 1840 eorum;
1908 1809 1939 1833 et
1961 1809 2071 1832 utrum
2100 1801 2378 1843 quemadmodum
2405 1812 2444 1834 ex
2465 1810 2540 1835 vm

1533 1854 1660 1887 oportet
1692 1846 1832 1887 accipere
1866 1846 2019 1877 fluentem
2041 1853 2192 1884 ventum,
2223 1853 2254 1878 et
2281 1856 2385 1888 usque
2414 1846 2456 1879 ad
2476 1846 2542 1879 hoc
2577 1881 2580 1884 ,

1532 1891 1629 1922 fluere
1661 1892 1764 1922 donec
1794 1891 1906 1932 utique
1935 1897 2105 1922 evacuetur
2135 1901 2211 1929 vas,
2235 1890 2324 1922 velut
2356 1900 2395 1922 ex
2417 1890 2542 1928 unibus

1533 1936 1703 1974 emissum;
1728 1942 1782 1967 aut
1805 1935 2082 1976 quemadmodum
2105 1935 2242 1976 pictores
2262 1935 2416 1976 pingunt,
2433 1945 2472 1972 ex
2493 1945 2541 1967 se—

1532 1980 1608 2021 ipsis
1631 1980 1825 2022 principium
1848 1979 2036 2011 emittentes.
2235 1980 2239 1986 ¹

1465 2076 1615 2108 Similiter
1629 2082 1737 2107 autem
1752 2075 1790 2106 de
1800 2074 2002 2115 generatione
2019 2074 2194 2106 fluviorum
2209 2073 2335 2106 videtur
2348 2073 2542 2116 quibusdam

1532 2121 1661 2152 habere:
1686 2120 1806 2151 elevata
1828 2119 1915 2150 enim
1933 2130 1952 2150 a
1971 2119 2038 2150 sole
2057 2129 2140 2160 aqua
2166 2125 2198 2151 et
2216 2118 2334 2151 iterum
2347 2118 2448 2160 plum,
2464 2127 2541 2150 eon—

1531 2172 1658 2206 gregata
1681 2165 1740 2196 sub
1765 2171 1864 2203 terra,
1888 2163 1985 2195 fluere
2009 2174 2046 2195 ex
2068 2170 2176 2195 ventre
2198 2173 2330 2204 magno,
2346 2171 2403 2196 aut
2426 2173 2560 2196 omnes.

1531 2220 1569 2241 ex
1592 2220 1659 2241 uno
1683 2216 1738 2240 aut
1761 2209 1860 2240 alium
1883 2219 1921 2239 ex
1944 2208 2027 2247 alio;
2051 2215 2081 2240 et
2104 2218 2172 2246 non
2194 2207 2261 2239 fieri
2285 2218 2404 2250 aquam
2423 2207 2540 2249 ullam¹

1532 2255 1588 2286 sed
1615 2254 1782 2286 collectam
1810 2263 1847 2284 ex
1874 2253 1979 2284 hieme
2006 2253 2039 2284 in
2078 2252 2151 2284 talia
2179 2252 2398 2293 susceptacula
2424 2259 2540 2292 teme,

1531 2299 1613 2331 hanc
1641 2298 1708 2330 fieri
1738 2297 1978 2329 multitudinem
2006 2297 2200 2329 fluviorum:
2231 2303 2362 2339 propter
2391 2297 2482 2339 quod
2508 2302 2541 2328 et

1530 2343 1668 2375 maiores
1698 2353 1824 2383 semper
1845 2342 1951 2373 hieme
1975 2351 2098 2373 currere
2128 2351 2228 2384 quam
2257 2348 2392 2380 aestate;
2421 2347 2454 2373 et
2480 2340 2541 2372 hon

1531 2388 1662 2430 quidem
1678 2397 1745 2418 esse
1761 2393 1943 2428 perpetuos,
1962 2386 2023 2417 hos
2039 2393 2147 2418 autem
2161 2396 2228 2417 non
2244 2393 2427 2428 perpetuos.
2447 2385 2544 2424 Quo·

1531 2442 1744 2473 rumcumque
1756 2432 1888 2473 quidem
1900 2430 1997 2470 enim,
2006 2437 2137 2472 propter
2151 2430 2406 2471 magnitudinem
2412 2429 2542 2469 venuit,

1532 2478 1634 2510 multa
1657 2477 1787 2508 collecta
1810 2485 1894 2517 aqua
1916 2482 1979 2514 est,
2003 2481 2039 2506 ut
2062 2474 2197 2506 sufficiat
2221 2482 2253 2506 et
2267 2484 2335 2505 non
2357 2474 2447 2516 prius
2463 2483 2540 2506 con-

1533 2528 1678 2552 sumatur
1700 2527 1872 2561 antequam
1897 2518 2098 2560 superveniat
2112 2519 2214 2550 imber
2229 2518 2262 2550 in
2278 2518 2383 2550 hieme
2401 2518 2536 2558 iterum,

1530 2566 1590 2596 hos
1614 2565 1746 2607 quidem
1774 2570 1946 2605 perpetuos
1974 2573 2041 2594 esse
2071 2563 2104 2594 in
2133 2562 2240 2595 finem.
2270 2563 2540 2605 Quibuscumque

1531 2617 1639 2641 autem
1655 2609 1780 2640 minora
1800 2607 2028 2648 susceptacula,
2039 2606 2072 2638 hi
2088 2614 2219 2648 propter
2231 2607 2424 2648 paucitatem
2437 2617 2541 2650 aquae

1533 2654 1736 2692 exsiccantur,
1753 2659 1926 2694 antequam
1949 2651 2150 2692 superveniat
2171 2661 2254 2693 quae
2277 2652 2317 2683 de
2340 2652 2443 2692 caelo,
2466 2661 2541 2683 eva·

1532 2706 1626 2730 cuato
1649 2708 1732 2729 vase.

1465 2787 1621 2826 Quamvis
1649 2780 1876 2824 manifestum,
1900 2784 1926 2815 si
1949 2785 2020 2826 quis
2043 2784 2118 2816 velit
2141 2783 2258 2815 faciens
2281 2783 2539 2826 susceptaculum

1532 2842 1606 2873 prae
1627 2830 1727 2862 oculis
1751 2829 1955 2872 quotidianae
1980 2839 2081 2871 aquae
2105 2827 2231 2860 fluentis
2253 2828 2404 2860 continue
2423 2828 2538 2861 intem-

1531 2886 1604 2917 gere
1628 2875 1886 2913 multitudinem,
1911 2873 2039 2905 excedet
2061 2873 2172 2914 utique
2196 2873 2416 2914 magnitudine
2438 2879 2539 2905 teme

1532 2921 1665 2958 molem,
1681 2920 1732 2950 vel
1751 2929 1817 2950 non
1833 2918 1974 2950 multum
1990 2917 2124 2957 deficiet,
2148 2924 2294 2958 suscepta
2309 2917 2416 2949 omnis
2435 2917 2540 2949 fluens

1531 2975 1614 3006 aqua
1637 2975 1693 3005 per
1715 2974 1847 2995 annum.
1873 2963 1935 2994 Sed
1954 2963 2059 3004 palam
2083 2962 2173 3004 quod
2189 2962 2336 2994 accidunt
2359 2961 2492 3004 quidem
2507 2968 2541 2994 et

1532 3009 1633 3040 multa
1656 3008 1728 3040 talia
1750 3008 1783 3039 in
1807 3007 1916 3039 multis
1937 3007 2017 3039 locis
2040 3013 2148 3038 terrae.

1464 3099 1538 3129 Non
1563 3097 1685 3136 solum,
1709 3097 1765 3128 sed
1787 3103 1818 3128 et
1838 3095 2064 3128 inconveniens
2081 3095 2106 3126 si
2122 3095 2195 3137 quis
2211 3084 2283 3126 hon
2299 3101 2390 3136 putet
2405 3101 2539 3136 propter

1531 3142 1665 3173 eandem
1685 3151 1813 3173 causam
1832 3151 1949 3182 aquam
1965 3151 2002 3172 ex
2017 3149 2088 3171 aere
2103 3139 2181 3178 fieri,
2206 3146 2337 3181 propter
2351 3148 2451 3181 quam
2464 3139 2536 3181 qui·-

1531 3187 1605 3218 dem
1629 3196 1725 3227 super
1747 3193 1872 3224 terram,
1892 3192 1923 3216 et
1944 3185 1977 3216 in
2001 3191 2090 3216 terra.
2109 3184 2227 3223 Quare,
2243 3184 2270 3215 si
2285 3183 2417 3226 quidem
2440 3189 2472 3215 et
2489 3182 2533 3215 ibi

1531 3237 1661 3272 propter
1685 3229 1887 3271 frigiditatem
1911 3236 2033 3261 constat
2055 3238 2212 3270 vaporans
2235 3238 2288 3260 aer
2301 3228 2335 3260 in
2351 3237 2481 3270 aquam,
2504 3233 2539 3260 et

1531 3276 1570 3306 ab
1595 3285 1631 3306 ea
1654 3285 1736 3316 quae
1758 3274 1792 3305 in
1811 3282 1891 3305 terra
1914 3273 2082 3314 frigiditate
2102 3273 2188 3304 idem
2205 3279 2332 3314 oportet
2347 3278 2458 3314 putare
2473 3271 2539 3304 hoe

1532 3320 1685 3358 accidere3
1710 3326 1740 3350 et
1763 3319 1829 3350 fieri
1845 3329 1912 3350 non
1929 3318 2037 3349 solum
2056 3324 2250 3358 segregatam
2268 3326 2387 3359 aquam
2401 3316 2436 3347 in
2454 3316 2535 3358 ipsa,

1531 3371 1561 3395 et
1584 3364 1664 3395 hanc
1687 3363 1795 3402 fluere,
1820 3363 1875 3394 sed
1899 3362 1964 3394 fieri
1987 3362 2148 3394 continue.
2376 3367 2377 3370 ’

1465 3409 1578 3440 Adhuc
1601 3415 1709 3439 autem
1733 3418 1799 3439 non
1817 3417 1852 3438 ea
1869 3417 1951 3449 quae
1966 3406 2012 3446 fit,
2035 3407 2091 3438 sed
2107 3406 2257 3438 existente
2280 3415 2364 3447 aqua
2379 3403 2537 3446 quotidie,

1530 3463 1596 3484 non
1620 3452 1680 3484 tale
1710 3462 1777 3483 esse
1808 3451 2002 3493 principium
2030 3450 2224 3489 fluviorum,
2251 3450 2340 3481 velut
2367 3449 2427 3481 sub
2455 3455 2540 3480 terra

1531 3504 1639 3538 stagna
1663 3497 1821 3538 quaedam
1850 3502 2027 3536 segregata,
2056 3495 2137 3526 sicut
2163 3494 2297 3536 quidam
2324 3493 2451 3525 dicunt:
2479 3492 2536 3524 sed

1531 3541 1674 3572 similiter
1701 3540 1782 3572 sicut
1813 3540 1846 3571 in
1877 3550 1916 3571 eo
1947 3540 2003 3581 qui
2035 3549 2132 3581 super
2153 3545 2268 3570 terram
2303 3538 2391 3576 loco,
2420 3545 2535 3578 parvae

1532 3585 1737 3617 consistentes
1760 3591 1885 3625 guttae,
1910 3591 1940 3615 et
1962 3584 2079 3615 iterum
2101 3583 2188 3624 ipsae
2211 3592 2286 3614 cum
2309 3581 2389 3621 aliis,
2405 3580 2535 3612 tandem

1531 3640 1606 3661 cum
1629 3629 1834 3660 multitudine
1857 3627 2018 3659 descendit
2041 3627 2130 3669 pluta
2153 3634 2255 3668 aqua;
2279 3625 2323 3657 sic
2346 3632 2377 3657 et
2399 3624 2432 3656 in
2453 3630 2538 3655 terra
