2782 4134
1108 253 1221 290 CAP.
1250 253 1320 301 VI,
1351 252 1504 289 LECT.
1534 253 1605 289 XII

328 348 346 393 ᾗ
398 358 409 369 ν
522 342 706 384 ostquam.
736 334 993 383 Philosophus
1023 333 1189 370 ostendit
1221 333 1327 382 quod

333 519 336 521 >
460 490 501 526 ,Μ’
521 496 627 544 quod
645 501 826 532 movetur
843 501 953 530 motu
982 500 1098 539 rect0‚
1118 493 1182 530 vel
1204 506 1226 530 a
1245 495 1329 530 me-'·

0 551 223 585 '‘calcetum-⁶·
251 547 314 586 dio
334 549 398 585 vel
417 548 467 586 ad
484 547 656 586 medium
672 549 703 584 ³.
726 547 775 584 Et
792 545 918 596 primo
937 546 1118 595 proponit
1147 546 1252 595 quod
1271 546 1326 583 in-

249 601 387 639 tendit:
419 601 549 639 dicens
577 600 684 650 quod
711 599 808 637 sicut
837 611 976 648 corpus
1005 599 1111 648 quod
1139 599 1326 636 circulari-

249 662 307 692 ter
334 655 452 692 fertur
478 666 558 692 non
593 659 720 703 potest
748 665 831 690 esse
860 653 1072 700 infinitum,
1102 652 1153 689 ita
1187 664 1326 701 corpus

249 708 361 759 quodi
382 708 500 745 fertur
519 713 629 745 motu
652 713 768 754 recto,
788 707 851 743 vel
881 719 903 743 a
931 706 1062 743 medio
1081 706 1144 743 vel
1173 706 1222 742 ad
1246 717 1327 742 me-

250 762 368 809 dium,
388 772 468 798 non
494 766 623 810 potest
650 771 733 796 esse
762 759 965 796 infinitum.

252 831 256 835 >
302 814 485 852 Secundo
521 812 594 850 ibi:
637 813 863 850 Contrariae
899 813 999 850 enim
1033 812 1190 849 latione-s
1229 819 1298 849 etc.
1316 841 1325 859 ,

249 867 415 905 ostendit
441 865 702 916 propositum:
733 873 770 903 et
796 866 922 915 primo
951 878 998 903 ex
1017 874 1123 915 parte
1152 865 1327 902 locorum

249 933 348 971 quae
367 927 455 958 sunt
473 919 693 957 huiusmodi
713 919 940 969 corporibus
958 919 1131 969 propria;
1154 919 1325 956 secundo

249 983 296 1012 ex
322 981 431 1024 parte
467 973 660 1022 gravitatis
689 981 727 1010 et
754 973 936 1020 levitatis,
965 985 1035 1022 per
1063 985 1161 1022 quae
1197 972 1326 1010 huius-

248 1027 357 1066 modi
386 1039 550 1076 corpora
578 1026 617 1064 in
644 1027 800 1076 propria
828 1027 913 1064 loca
940 1034 1158 1074 moventur,
1182 1026 1253 1064 ibi:
1278 1027 1330 1063 Et

186 1109 222 1130 ψ.
247 1081 374 1119 adhuc
399 1081 434 1118 si
458 1080 631 1131 gravitas
660 1081 680 1102 *
700 1087 770 1117 etc.
793 1080 904 1117 Circa
923 1080 1092 1130 primum
1122 1081 1200 1118 duo
1220 1079 1325 1117 facit:

246 1133 375 1185 primo
403 1133 570 1171 ostendit
594 1133 840 1186 propositum
869 1142 1056 1182 quantum
1085 1133 1135 1171 ad
1164 1145 1326 1182 corpora

249 1184 441 1235 ememus
449 1195 618 1237 quorum
639 1199 762 1224 unum
792 1194 848 1224 est
866 1187 1084 1237 simpliciter
1107 1199 1235 1235 grave,
1256 1186 1325 1224 sci-

247 1237 338 1279 ἢεί
356 1248 469 1288 terra,
491 1248 527 1278 et
555 1240 656 1278 aliud
676 1240 896 1291 simpliciter
918 1242 1017 1287 leve,
1039 1240 1179 1278 scilicet
1206 1240 1324 1288 ignis;

249 1294 419 1332 secundo
449 1301 635 1344 quantum
656 1294 706 1331 ad
725 1306 888 1343 corpora
916 1293 1044 1331 media
1063 1299 1099 1340 ⁰²,
1120 1305 1219 1343 quae
1239 1300 1326 1330 sunt

248 1356 316 1387 aer
343 1355 380 1386 et
407 1359 528 1398 aqua,
558 1347 628 1384 ibi:
656 1346 792 1385 Adhuc
818 1348 853 1384 si
877 1359 1028 1385 sursum
1050 1347 1070 1367 *
1090 1354 1160 1384 etc.

258 1410 282 1423 ·'
298 1410 340 1439 Β.
369 1400 556 1450 Proponit
584 1412 675 1449 ergo
702 1401 829 1450 primo
859 1401 964 1450 quod
992 1399 1213 1437 huiusmodi
1241 1411 1324 1436 mo-

247 1456 311 1493 tus
337 1454 404 1504 qui
431 1461 519 1492 sunt
547 1453 705 1491 sursum
720 1461 757 1491 et
782 1454 975 1500 deorsum,
994 1453 1058 1490 vel
1086 1456 1110 1490 'a
1137 1452 1267 1490 medio
1289 1460 1324 1490 et

149 1511 199 1533 “¹²
222 1516 225 1519 '
248 1505 502 1554 ad2>medium‚
522 1513 611 1544 sunt
629 1514 758 1544 motus
778 1506 973 1545 contrarii:
1001 1506 1175 1544 contrarii
1196 1514 1324 1543 autem

247 1564 377 1599 motus
399 1560 540 1598 locales
559 1567 658 1607 sunt,
679 1560 745 1610 qui
764 1568 852 1598 sunt
870 1560 920 1598 ad
947 1561 1033 1597 loca
1061 1559 1262 1607 contraria,
1282 1567 1324 1596 ut

181 1634 188 1643 ·
212 1652 221 1660 ,
247 1622 365 1664 supra
379 1614 399 1636 *
415 1613 560 1651 dictum
576 1621 643 1661 est,
661 1621 698 1650 et
711 1621 768 1651 est
786 1621 984 1652 ostensum
998 1614 1038 1651 in
1051 1613 1246 1662 VHiysic.
1263 1614 1322 1650 “z

214 1688 222 1700 ι
247 1666 471 1716 relinquimr
499 1677 590 1715 ergo
628 1667 736 1716 quod
770 1667 856 1705 loca
892 1667 1047 1717 propria
1074 1667 1114 1704 in
1143 1679 1242 1716 quae
1270 1667 1323 1704 fe-

247 1727 382 1760 runtur
394 1719 618 1758 huiusmodi
633 1733 808 1770 corpora,
825 1721 899 1758 sint
914 1720 1113 1758 contraria.
1131 1741 1156 1750 -
1171 1721 1229 1758 Ex
1248 1721 1324 1758 hoc

247 1771 378 1814 sutem
394 1770 413 1803 Ρ
431 1773 556 1812 statim
585 1774 814 1812 concludere
837 1782 969 1824 posset
994 1774 1219 1812 huiusmodi
1239 1774 1323 1811 loca

247 1836 334 1871 esse
360 1827 631 1865 determinata:
662 1827 850 1866 contraria
879 1827 982 1865 enirn
1011 1835 1099 1865 sunt
1118 1839 1218 1877 quae
1242 1839 1323 1864 ma-

246 1881 349 1919 xime
382 1880 545 1927 distant;
584 1881 751 1918 maxima
779 1889 908 1919 autem
942 1880 1116 1918 distantia
1149 1881 1324 1918 locorum

246 1943 328 1973 non
353 1941 481 1984 potest
506 1946 592 1972 esse
619 1934 691 1972 nisi
723 1934 797 1972 sint
824 1935 909 1972 loca
937 1933 1204 1982 determinata,
1234 1934 1325 1984 quia

186 2014 194 2022 .
247 1984 418 2043 mixima
436 1987 612 2025 distantia
635 1983 693 2025 est
720 2000 796 2037 qua
814 2000 895 2026 non
914 1995 970 2025 est
993 1987 1066 2025 alia
1085 1988 1226 2035 maior,
1248 1988 1286 2025 in
1305 1988 1325 2009 *

245 2040 403 2080 infinitis
430 2048 560 2079 autem
586 2053 740 2090 semper
768 2049 824 2079 est
851 2041 1040 2079 maiorem
1065 2054 1110 2078 ac
1137 2041 1324 2078 maiorem

247 2091 464 2133 distantiam
491 2094 685 2144 accipere3
714 2095 818 2132 unde
846 2095 877 2132 si
896 2095 982 2132 loca
1011 2102 1137 2132 essent
1155 2094 1323 2143 infinita,

248 2154 413 2186 cessaret
449 2148 624 2185 locorum
663 2147 920 2185 contrarietas.
964 2147 1042 2185 Sed
1078 2147 1322 2196 Aristoteles,

246 2200 517 2252 praetermissa
545 2201 619 2238 hac
645 2201 873 2250 probatione
897 2207 1083 2249 tanquam
1110 2201 1322 2248 manifesta,

246 2253 422 2305 procedit
434 2266 505 2305 per
518 2254 635 2292 alium
654 2254 829 2292 modum.
845 2255 992 2291 Verum
1009 2261 1066 2291 est
1085 2254 1188 2291 enim
1205 2255 1322 2304 quod,

248 2307 280 2346 si
306 2317 428 2345 unum
466 2307 743 2345 contrariorum
782 2315 839 2345 est
871 2307 1187 2355 determinatum,
1218 2307 1325 2356 quod

248 2361 350 2400 aliud
385 2361 406 2382 '⁸
439 2361 508 2398 erit
545 2361 841 2398 determinatum
858 2390 867 2408 ‚
906 2373 955 2398 eo
993 2361 1099 2410 quod
1137 2360 1326 2398 contraria

249 2410 476 2453 switunius
505 2414 665 2463 generis.
687 2414 863 2452 Medium
892 2421 1022 2451 autern
1050 2413 1196 2461 mundi,
1217 2414 1323 2462 quod

197 2491 208 2496 -
249 2467 484 2506 est‘medius
512 2468 696 2505 terminus
710 2473 726 2495 ⁷
746 2475 873 2505 motus
902 2467 1097 2514 deorsum,
1120 2475 1175 2504 est
1204 2467 1324 2504 deter-

246 2519 454 2560 minatum:
476 2533 522 2558 ex
550 2532 798 2570 quacumque
819 2521 922 2558 enim
941 2528 1048 2570 parte
1068 2521 1161 2558 caeli
1181 2520 1324 2570 aliquid

95 2591 102 2598 ·
132 2576 164 2597 ²³²
179 2582 201 2596 ²¹²
219 2578 225 2584 '
246 2574 388 2622 fetatur
416 2574 599 2612 deorsum
627 2575 759 2624 (quod
787 2574 928 2612 scilicet
965 2575 1110 2612 substat
1138 2574 1324 2623 superiori

247 2628 345 2679 parti
364 2638 466 2678 quae
484 2635 540 2666 est
555 2640 693 2666 versus
712 2627 902 2679 caelum),
925 2640 1004 2665 non
1033 2627 1225 2676 continget
1243 2628 1325 2665 lon-

103 2690 115 2703 *
155 2690 171 2701 *'
220 2687 224 2691 ”
248 2681 333 2731 gius
347 2681 591 2732 'pertransire
628 2682 847 2719 recedendo
876 2694 899 2718 a
928 2682 1034 2718 caelo
1069 2693 1188 2731 quam
1217 2681 1323 2730 quod

247 2735 447 2786 perveniat
475 2735 526 2773 ad
551 2735 742 2773 medium:
777 2735 807 2772 si
836 2735 939 2773 enim
971 2735 1216 2784 pertransiret
1244 2747 1324 2771 tne-

250 2788 371 2837 dium,
389 2789 468 2826 iam
487 2788 599 2826 fieret
619 2788 875 2838 propinquius
903 2789 1022 2835 caelo,
1044 2796 1082 2825 et
1109 2788 1162 2825 sic
1190 2800 1325 2825 move-

249 2843 353 2880 retur
371 2853 536 2880 sursum.
558 2841 623 2879 Sic
649 2842 760 2890 igitur
785 2849 889 2892 patet
917 2841 1023 2891 quod
1047 2841 1198 2879 medius
1217 2842 1324 2884 locus

250 2903 308 2933 est
335 2894 751 2934 determinatus.Patet
779 2892 894 2932 etiam
913 2907 960 2932 ex
978 2894 1181 2943 praedictis
1201 2894 1322 2944 quod,

251 2948 503 2986 determinato
532 2948 674 2996 medio,
697 2948 803 2998 quod
823 2956 880 2986 est
906 2949 1014 2985 locus
1042 2949 1239 2995 deorsum,
1259 2944 1324 2985 ne-

250 3008 436 3038 cesse-est
453 3007 490 3038 et
509 3001 805 3039 determinatum
825 3014 908 3039 esse
934 3003 1064 3039 locum
1085 3001 1151 3051 qui
1170 3009 1227 3038 est
1245 3014 1325 3038 sur-

250 3064 359 3102 sum,
395 3052 490 3091 cum
517 3053 591 3092 sint
622 3055 822 3093 contraria.
857 3055 899 3092 Si
931 3063 1061 3092 autem
1094 3056 1211 3092 ambo
1241 3055 1325 3092 loca

305 3223 332 3256 α)
351 3229 468 3255 corpora
486 3221 583 3246 media.
597 3234 617 3240 -
629 3227 746 3253 corpora
760 3222 848 3247 medio
861 3222 959 3255 BFpG,
968 3230 1085 3255 corpora
1104 3223 1191 3249 med1'o
1205 3223 1284 3248 modo
1297 3230 1326 3248 se

250 3258 376 3284 habentia
394 3258 423 3289 P,
443 3257 595 3289 corrigendo
614 3256 680 3281 forte
699 3257 838 3282 lectionem
858 3263 1005 3290 corruptam
1025 3258 1121 3284 medio.

305 3293 332 3327 β)
352 3294 400 3319 Ex
418 3293 468 3319 hoc
479 3295 579 3317 autem.
591 3306 612 3311 -
623 3292 661 3317 lta
672 3293 710 3323 A3
730 3292 778 3317 Ex·
790 3292 839 3318 hoc
851 3300 919 3326 ergo
933 3293 953 3318 P
967 3299 994 3319 et
1005 3298 1064 3324 cet„
1079 3294 1125 3319 sed
1138 3297 1228 3319 autem
1241 3295 1325 3327 magis

250 3330 355 3363 proprie
373 3329 422 3354 dici
440 3329 550 3354 videtur.
910 3355 912 3357 Ι

304 3363 332 3399 γ)
353 3365 456 3392 medius
475 3363 615 3390 terminus.
626 3377 645 3382 -
666 3363 769 3388 medius
786 3371 840 3388 om.
858 3364 891 3388 A.
910 3363 1056 3389 Retinendo
1074 3363 1124 3389 hoc
1142 3365 1266 3396 verbum,
1286 3366 1326 3389 in-

250 3401 422 3433 telligendum
440 3405 481 3426 est
499 3399 616 3424 medium
634 3400 725 3423 mundi
744 3406 804 3424 esse
823 3399 964 3424 terminum
978 3399 1103 3429 medium,
1122 3407 1170 3424 seu
1183 3400 1325 3425 terminum

250 3443 430 3466 communem,
446 3436 483 3460 ad
501 3442 590 3468 quem,
607 3435 673 3460 sicut
691 3435 819 3464 subditur,
838 3442 931 3459 omnes
951 3439 1038 3459 motus
1058 3435 1103 3467 qui
1120 3441 1183 3459 sunt
1201 3435 1325 3461 deorsum

251 3471 346 3496 ultimo
364 3470 548 3501 terminantur,
568 3479 583 3496 a
602 3478 768 3504 quacumque
787 3475 860 3502 parte
879 3470 1099 3499 circumferentiae
1118 3470 1221 3500 mundi,
1247 3470 1325 3500 etiam

253 3507 435 3532 dimetraliter
446 3507 575 3539 opposita,
587 3506 746 3540 incipiant.-
758 3506 839 3530 Paulo
853 3505 918 3530 infra
933 3513 981 3538 pro
990 3505 1135 3537 perveniat
1147 3506 1186 3530 ad
1199 3506 1324 3536 medium,

247 3542 427 3574 perveniatur
435 3542 473 3567 ad
482 3542 598 3568 medium
608 3543 683 3567 codd.
694 3541 780 3574 Pergit
791 3541 825 3566 P:
837 3541 891 3566 iam
901 3541 971 3566 enim
977 3541 1062 3573 fieret
1070 3541 1251 3573 propinquius
1261 3546 1324 3572 etc-3

253 3578 347 3603 omittit
365 3585 461 3610 nempe
479 3585 539 3603 cum
557 3578 657 3611 BGlpE
675 3578 700 3603 si
717 3577 787 3603 enim
802 3576 987 3609 pertransiret
1005 3576 1130 3607 medium,
1145 3581 1171 3601 et
1189 3581 1325 3609 propterea

253 3613 316 3646 legit
334 3613 388 3639 iam
406 3613 477 3639 enim
487 3613 586 3645 fieren
605 3614 652 3639 sed
670 3613 740 3638 enim
759 3613 810 3638 hoc
829 3613 886 3637 loco
906 3612 994 3637 nullus
1013 3612 1094 3637 codex
1112 3611 1198 3637 habet.

2406 270 2458 307 47

1383 335 1470 365 sunt
1499 327 1749 368 determinata
1778 339 1814 368 et
1840 333 1958 381 finita,
1980 347 2135 374 necesse
2161 346 2216 375 est
2240 340 2345 388 quod
2375 353 2460 379 cor-

1381 394 1479 430 pora
1507 394 1605 430 quae
1635 391 1722 420 sunt
1749 392 1838 422 nata
1866 399 1949 424 esse
1975 387 2014 425 in
2036 389 2095 426 his
2118 391 2222 439 locis,
2245 392 2317 430 sint
2335 394 2453 432 finita.

1382 435 1494 472 Unde
1512 442 1618 484 patet
1635 436 1858 476 huiusmodi
1878 452 2040 489 corpora
2060 450 2239 492 extrema,
2256 458 2356 494 quae
2372 459 2455 485 mo-

1380 496 1520 525 ventur
1546 497 1657 526 motu
1685 499 1809 540 recto,
1845 505 1928 530 esse
1957 495 2074 532 finita.

1438 542 1472 578 3.
1503 541 1654 580 Deinde
1690 554 1779 581 cum
1808 545 1913 583 dicit:
1943 548 2079 585 Adhuc
2114 550 2148 586 si
2177 562 2328 588 sursum
2358 560 2455 602 etc.,

1382 594 1548 652 ostendit
1583 595 1687 632 idem
1724 606 1911 646 quantum
1950 602 1999 638 ad
2037 602 2165 639 media
2203 616 2376 654 corpora.
2406 607 2456 644 Et

1380 659 1507 695 primo
1536 650 1718 706 proponit
1745 653 1942 699 quandam
1971 655 2286 705 conditionalem,
2317 658 2456 697 scilicet

1382 700 1508 748 quod,
1538 713 1568 737 Sl
1597 714 1749 740 sursum
1779 712 1816 741 et
1844 706 2027 745 deorsum
2060 717 2148 746 sunt
2184 710 2454 761 determinata,

1381 765 1539 790 necesse
1559 762 1616 790 est
1634 757 1740 803 quod
1759 757 1865 795 locus
1889 760 2138 800 intermedius
2157 762 2204 800 sit
2223 764 2450 802 determina-

1382 813 1453 843 tus.
1475 807 1524 843 Et
1543 807 1626 866 hoc·
1636 810 1775 856 probat
1794 811 1933 861 duplici
1954 815 2110 853 ratione.
2133 817 2309 863 Quarum
2328 818 2454 867 prima

1383 867 1460 918 est:
1491 872 1540 907 Sl,
1569 861 1704 919 primis
1733 860 1746 883 ὃ
1775 864 2018 905 existentibus
2057 869 2335 918 determinatis,
2374 884 2455 909 me·
2578 874 2593 899 ὃ

1383 913 1489 972 dium
1507 925 1588 950 non
1606 921 1654 951 Sit
1673 914 1979 969 determinatum,
1997 930 2176 970 sequetur
2195 923 2301 972 quod
2325 933 2454 963 motus

1382 978 1448 1014 qui
1477 974 1534 1003 est
1562 967 1611 1004 ab
1644 979 1723 1005 uno
1749 978 1918 1010 extremo
1952 974 1991 1011 in
2024 975 2146 1023 aliud,
2181 977 2228 1013 sit
2259 977 2450 1027 infinitus,

1381 1027 1514 1079 utpote
1542 1020 1672 1079 medio
1694 1022 1873 1062 existente
1902 1026 2062 1065 infinito.
2084 1029 2200 1076 Quod
2230 1038 2359 1067 autern
2377 1031 2454 1069 hoc

1382 1081 1428 1110 Sit
1445 1075 1696 1123 imposmbiie,
1717 1083 1916 1116 ostensum
1937 1088 1992 1117 est
2009 1082 2114 1130 prius
2134 1082 2174 1119 in
2196 1083 2254 1120 his
2276 1096 2376 1132 quae
2397 1085 2452 1122 di-

1382 1133 1441 1163 cta
1460 1134 1548 1163 sunt
1567 1127 1587 1147 *
1607 1129 1655 1165 de
1683 1137 1793 1187 motu
1815 1131 2001 1181 circulari,
2031 1135 2097 1172 ubi
2118 1137 2161 1158 ²³*
2181 1143 2376 1174 ostensum
2398 1145 2454 1175 est

1380 1179 1488 1238 quod
1506 1188 1634 1238 motus
1654 1193 1721 1229 qui
1736 1191 1792 1220 est
1804 1196 1875 1233 per
1889 1186 2091 1235 infinitum,
2109 1201 2188 1226 non
2201 1197 2327 1238 potest
2347 1203 2452 1228 com-

1379 1233 1487 1291 pleri.
1510 1233 1573 1269 Sic
1593 1246 1683 1293 ergo
1706 1243 1811 1284 patet
1830 1240 1936 1287 quod
1956 1241 2062 1278 locus
2082 1242 2232 1279 medius
2253 1250 2309 1280 est
2330 1244 2452 1282 deter-

1379 1294 1558 1323 minatus,
1575 1287 1625 1324 Et
1638 1295 1700 1336 ita,
1714 1301 1802 1327 cum
1818 1292 1985 1330 locatum
2001 1304 2335 1333 commensuretur
2350 1298 2449 1346 loco,

1381 1351 1623 1399 consequens
1639 1349 1695 1378 est
1713 1344 1820 1391 quod
1841 1357 1979 1395 corpus
2003 1348 2050 1384 sit
2068 1348 2218 1386 finitum
2240 1350 2345 1398 quod
2365 1358 2452 1388 actu

1381 1401 1502 1430 existit
1519 1405 1559 1430 in
1577 1394 1653 1431 hoc
1673 1396 1772 1445 loco,
1797 1399 1859 1435 vel
1879 1400 1985 1447 quod
2001 1402 2021 1422 ’⁵
2039 1409 2164 1451 potest
2182 1402 2234 1438 ibi
2255 1403 2422 1441 existere.

1431 1458 1470 1493 4.
1502 1447 1722 1485 Secundam
1761 1451 1949 1490 rationem
1986 1455 2095 1503 ponit
2122 1455 2194 1492 ibi:
2224 1456 2300 1492 Sed
2325 1462 2362 1493 et
2386 1457 2452 1494 ad-

1378 1500 1453 1536 huc
1481 1506 1572 1536 etc.:
1603 1513 1702 1550 quae
1722 1503 1804 1540 talis
1825 1513 1892 1542 est.
1923 1507 2074 1556 Corpus
2102 1508 2208 1556 quod
2228 1509 2344 1546 fertur
2372 1522 2451 1547 sur-

1379 1564 1467 1611 sum
1485 1553 1556 1590 vel.
1569 1553 1750 1592 deorsum
1770 1557 1800 1604 ²¹⁸,
1816 1566 1942 1606 potest
1959 1561 2162 1609 pervenire
2182 1562 2230 1598 ad
2250 1562 2325 1598 hoe
2346 1563 2452 1610 quod
2480 1571 2489 1580 ·
2519 1570 2557 1592 ve!
2583 1570 2694 1592 deornm

1379 1613 1426 1642 stt
1447 1608 1591 1643 iactum
1621 1607 1784 1646 existens
1803 1610 1842 1647 in
1861 1612 1947 1649 loco
1967 1614 2040 1651 tali.
2073 1615 2190 1662 Quod
2211 1615 2365 1664 quidem
2384 1628 2451 1665 pa·
2479 1603 2528 1618 ω’
2542 1603 2565 1619 ,-

1378 1666 1431 1696 tet
1457 1671 1528 1708 per
1560 1660 1636 1697 hoc
1665 1662 1770 1711 quod
1798 1665 1871 1701 tale
1900 1677 2039 1716 corpus
2068 1673 2198 1704 natum
2226 1675 2280 1706 est
2306 1670 2454 1706 moveri

1378 1724 1403 1772 ᾳ
1430 1713 1553 1772 niedio
1581 1714 1643 1751 vel
1668 1716 1720 1752 ad
1752 1718 1938 1765 medium,
1974 1719 2070 1757 idest
2096 1721 2211 1758 habet
2239 1723 2449 1760 naturalem

1378 1767 1662 1826 inclinationem
1682 1769 1732 1806 ad
1751 1770 1855 1808 hunc
1871 1773 1935 1809 vel
1961 1772 2066 1811 illum
2095 1775 2243 1822 locum;
2272 1776 2450 1813 naturalis

1379 1827 1507 1856 autem
1543 1821 1734 1859 inclinatio
1771 1836 1852 1862 non
1887 1833 2013 1874 potest
2050 1839 2132 1864 esse
2170 1828 2321 1876 frustra,
2361 1829 2451 1878 quia

1379 1874 1485 1910 Deus
1514 1881 1550 1910 et
1583 1882 1718 1913 natura
1751 1877 1844 1914 nihil
1877 1878 2012 1917 frustra
2039 1880 2200 1929 faciunt,
2230 1889 2271 1918 ut
2298 1895 2413 1931 supra
2431 1884 2452 1904 ³⁸

1378 1926 1553 1986 habitum
1582 1935 1648 1966 est.
1679 1929 1744 1966 Sic
1771 1930 1882 1979 igitur
1910 1944 2026 1970 omne
2048 1934 2152 1983 quod
2182 1943 2362 1972 movetur
2385 1948 2451 1973 na-

1378 1981 1548 2039 turaliter
1566 1993 1718 2019 sursum
1745 1985 1808 2021 vel
1837 1986 2036 2035 deorsum,
2060 1995 2187 2036 potest
2214 1996 2342 2026 motus
2371 1989 2452 2026 eius

1378 2034 1573 2071 terminari
1600 2036 1620 2056 ²²
1653 2036 1702 2073 ad
1734 2038 1810 2075 hoc
1842 2040 1949 2087 quod
1981 2040 2028 2077 sit
2059 2053 2211 2078 sursum
2244 2043 2307 2079 vel
2341 2042 2451 2080 deor-

1379 2099 1477 2124 sum.
1507 2087 1699 2148 ‘Sed-hoc
1727 2103 1807 2128 non
1833 2101 1963 2141 posset
1996 2106 2078 2131 esse
2108 2094 2139 2131 si
2167 2095 2272 2132 locus
2302 2096 2453 2133 medius

1380 2148 1479 2177 esset
1505 2141 1686 2200 iniimtuS.
1720 2145 1789 2182 Est
1818 2157 1908 2194 ergo
1936 2147 2043 2184 locus
2071 2147 2221 2185 medius
2249 2148 2390 2197 finitus,
2417 2156 2453 2186 et

1380 2205 1520 2243 corpus
1547 2207 1587 2232 in
1615 2207 1663 2232 eo
1693 2197 1855 2235 existens
1882 2200 2032 2237 finitum
2051 2206 2074 2238 ⁸.
2582 2221 2593 2236 ε

1407 2299 1414 2306 .
1429 2247 1492 2305 Ex
1519 2248 1738 2296 praemissis
1763 2251 1875 2299 igitur
1894 2253 2123 2302 epilogando
2148 2255 2349 2302 concludit,
2370 2267 2452 2292 ma-

1378 2302 1558 2338 miestum
1579 2314 1660 2338 esse
1681 2304 1787 2351 quod
1811 2317 1891 2342 nori
1919 2307 2101 2356 contingit
2128 2308 2283 2358 aliquod
2312 2320 2451 2357 corpus

1380 2365 1464 2390 esse
1492 2354 1695 2392 infinitum.
2424 2360 2430 2365 “

1437 2408 1470 2444 5.
1491 2408 1642 2466 Deinde
1662 2421 1751 2447 cum
1779 2411 1884 2450 dicit:
1903 2414 1956 2450 Et
1971 2414 2096 2451 adhuc
2122 2415 2156 2452 si
2173 2415 2346 2464 gravitas
2365 2422 2449 2462 etc.,

1380 2461 1556 2520 ostendit·
1571 2474 1651 2499 non
1688 2476 1772 2501 esse
1801 2477 1940 2515 corpus
1977 2478 2093 2514 grave
2121 2469 2185 2505 vel
2212 2469 2296 2505 leve
2325 2467 2450 2504 infini-

1378 2521 1474 2562 tum,
1490 2522 1636 2552 ratione
1656 2525 1808 2566 sumpta
1823 2531 1869 2556 ex
1889 2520 2070 2568 gravitate
2084 2522 2147 2558 vel
2162 2521 2330 2558 levitate:
2351 2533 2451 2569 quae

1378 2567 1461 2604 talis
1490 2575 1556 2605 est.
1579 2568 1619 2606 Si
1649 2578 1705 2608 est
1733 2583 1872 2621 corpus
1901 2585 2018 2621 grave
2044 2575 2107 2611 vel
2131 2575 2214 2611 leve
2244 2574 2448 2621 infinitum,

1379 2633 1538 2658 necesse
1567 2630 1624 2659 est
1651 2624 1757 2674 quod
1776 2626 1823 2662 sit
1849 2626 2012 2674 gravitas
2031 2629 2094 2664 vel
2122 2628 2256 2665 levitas
2284 2627 2450 2664 infinita:

1380 2675 1447 2712 sed
1465 2675 1541 2712 hoc
1561 2684 1618 2713 est
1635 2677 1889 2727 impossibile:
1912 2692 2001 2728 ergo
2022 2688 2059 2717 et
2076 2681 2246 2730 primum
2262 2680 2287 2718 ζ.
2299 2702 2323 2708 -
2341 2680 2451 2718 Circa
2576 2689 2591 2718 ζ

1378 2728 1454 2765 hoc
1475 2741 1564 2777 ergo
1584 2731 1662 2768 duo
1682 2732 1787 2769 facit:
1816 2733 1943 2782 primo
1969 2735 2107 2783 probat
2135 2734 2449 2780 conditionalem;

1379 2782 1550 2820 secundo
1578 2785 1717 2834 probat
1745 2785 2040 2824 destructionem
2070 2787 2347 2836 consequentis,
2381 2787 2450 2824 ibi:

1379 2836 1455 2872 Sed
1470 2837 1596 2875 adhuc
1613 2839 1794 2888 quoniam
1814 2840 2000 2888 infinitam
2019 2840 2039 2861 '¹²
2059 2848 2127 2878 etc.
2156 2841 2265 2877 Circa
2283 2840 2450 2889 primum

2479 1146 2490 1156 ⁴
2498 1146 2562 1168 Lect.
2568 1152 2694 1174 praeema-

2480 1174 2500 1182 ·’
2516 1172 2581 1195 unde
2594 1180 2608 1195 Ρ
2619 1177 2641 1195 et
2650 1177 2695 1195 cet.

2480 1205 2529 1221 exc.
2543 1206 2565 1221 Α.

2479 1413 2488 1422 ·
2495 1411 2560 1439 quod
2566 1417 2614 1434 om.
2623 1411 2692 1433 codd.

2476 1894 2485 1903 ⁶
2494 1893 2606 1920 Lect.v111‚
2613 1899 2672 1920 ¹³⁴4·
2685 1905 2695 1910 -

2477 1925 2551 1947 supra
2559 1926 2608 1942 oin.
2615 1926 2693 1942 PBEGt.

2480 2054 2489 2063 ·
2505 2053 2661 2077 determinari
2670 2060 2694 2076 P.

2479 2851 2488 2861 ·
2503 2850 2576 2873 Num.
2591 2857 2626 2873 ιο.

1367 2890 1458 2927 -duo
1478 2890 1576 2929 facit.
1602 2892 1732 2929 Primo
1759 2893 1942 2943 proponit
1969 2894 2076 2942 quod
2103 2893 2272 2941 intendit,
2303 2893 2449 2930 dicens:

1380 2943 1510 2981 sinon
1534 2954 1590 2983 est
1608 2946 1772 2994 gravitas
1796 2946 1953 2994 infinita,
1983 2947 2130 2983 nullum
2156 2947 2223 2983 erit
2243 2957 2449 2994 corporum

1379 2998 1532 3046 horum,
1553 2999 1692 3036 scilicet
1720 3000 1896 3047 gravium
1910 3005 1936 3046 η,
1958 2999 2166 3036 infinitum:
2192 3007 2228 3036 et
2254 3000 2330 3036 hoc
2348 2998 2449 3046 ideo,
2578 3016 2594 3040 η

1380 3052 1471 3099 quia
1498 3065 1654 3090 necesse
1689 3061 1744 3090 est
1781 3053 1914 3090 infiniti
1944 3051 2114 3101 corporis
2135 3052 2329 3089 'infinitam
2367 3064 2449 3089 6556

1434 3222 1459 3256 ὃ)
1478 3224 1509 3254 si,
1524 3224 1633 3256 primis.
1646 3237 1665 3242 -
1676 3230 1724 3255 pro
1742 3222 1773 3252 si,
1789 3222 1852 3254 quia
1870 3222 1894 3246 si
1912 3221 2014 3245 codices
2020 3228 2028 3252 ;
2047 3227 2095 3252 pro
2108 3220 2216 3252 primis,
2230 3221 2360 3246 extremis
2374 3219 2452 3246 habet

1379 3259 1414 3288 Α,
1435 3260 1510 3284 bene.

1433 3294 1456 3328 ε)
1476 3294 1596 3319 existens
1607 3294 1728 3326 finitum.
1741 3292 1879 3324 -fim'tum
1898 3299 1951 3316 om.
1965 3291 2057 3321 codd.,
2075 3296 2103 3316 et
2120 3296 2208 3324 potest
2226 3291 2259 3316 de
2277 3291 2343 3316 facili
2362 3291 2452 3316 subin-

1379 3330 1470 3362 telligi.
1481 3343 1500 3348 —-
1512 3330 1568 3354 Lin.
1582 3336 1639 3360 seq.
1658 3329 1743 3361 igitur
1761 3335 1814 3352 om.
1828 3327 1857 3351 P.
2216 3334 2218 3336 v

1433 3365 1458 3397 ζ)
1478 3372 1543 3397 ergo
1562 3367 1588 3389 et
1601 3364 1731 3395 primum.
1751 3377 1772 3382 -
1789 3370 1854 3395 ergo
1873 3366 1900 3387 et
1918 3362 2004 3394 ipsum
2030 3363 2132 3388 codices
2158 3367 2266 3396 excepto
2283 3363 2321 3392 A,
2341 3363 2412 3396 quod
2430 3363 2450 3387 P

1380 3401 1483 3433 corrigit
1505 3400 1615 3432 legendo
1634 3406 1699 3431 ergo
1718 3401 1744 3423 et
1763 3398 1848 3429 ipsum
1867 3405 1905 3423 ex
1923 3405 1974 3430 quo
1993 3399 2128 3431 sequitur-‚-
2146 3398 2278 3431 corruptio
2297 3398 2383 3430 ipsum
2403 3406 2451 3431 pro

1375 3436 1504 3468 primum,
1525 3440 1550 3459 et
1569 3442 1583 3459 e
1602 3442 1741 3464 converso,
1760 3441 1813 3458 non
1832 3438 1872 3458 est
1889 3433 2055 3466 infrequens3
2075 3434 2164 3463 confer
2181 3442 2254 3459 num.
2269 3432 2286 3458 6
2305 3439 2364 3459 ante
2386 3434 2450 3459 Ter-

1380 3471 1418 3501 tio
1437 3471 1484 3497 ibi,
1505 3470 1614 3495 lectione
1631 3477 1677 3500 κν,
1703 3477 1775 3494 num.
1788 3476 1806 3500 4
1823 3470 1901 3501 paulo
1920 3474 1979 3494 ante
1997 3468 2087 3495 finem.
2104 3484 2124 3490 -
2141 3470 2222 3495 Linea
2239 3469 2359 3502 sequenti
2384 3477 2450 3503 ergo

1380 3506 1475 3533 omittit
1493 3506 1522 3531 P.
1880 3531 1884 3534 ,

1433 3542 1460 3573 η)
1479 3541 1578 3566 scilicet
1589 3540 1724 3573 gravium.
1736 3554 1756 3559 -
1769 3540 1870 3565 scilicet
1881 3540 2007 3574 gravium
2020 3541 2062 3565 vel
2073 3540 2170 3566 levium
2184 3541 2216 3570 A,
2232 3540 2279 3565 sed
2295 3541 2327 3566 de
2341 3547 2449 3573 corpore

1380 3577 1430 3602 levi
1450 3576 1567 3609 explicite
1590 3575 1619 3600 fit
1636 3583 1725 3600 sermo
1749 3576 1897 3601 immediate
1915 3581 1985 3608 post.
1997 3576 2159 3609 *Sequenti
2178 3577 2222 3601 lin.
2243 3584 2291 3608 pro
2315 3575 2447 3609 infinitam

1379 3619 1435 3638 esse
1452 3612 1630 3645 gravitatem,
1650 3611 1756 3645 infinita
1773 3618 1829 3636 esse
1846 3612 1970 3644 gravitas
1990 3612 2064 3636 codd.
2078 3619 2131 3637 exc.
2143 3612 2176 3636 A.
2380 3621 2386 3625 -
