2782 4134
1126 247 1238 284 CAP.
1269 242 1340 295 1X¹,
1370 245 1523 283 LECT.
1553 246 1644 282 XIX
2438 247 2486 295 75

950 439 1254 497 LECTIO
1292 437 1836 496 DECIMANONA

649 585 869 619 SOLVITUR
891 583 1028 617 RATIO
1051 583 1109 614 EX
1133 583 1225 621 QUA
1247 583 1444 615 VIDETUR
1467 582 1656 614 OSTENDI
1681 582 1805 620 QUOD
1830 581 2051 613 POSSIBILE
2075 581 2142 613 SIT

1144 640 1246 672 ESSE
1268 640 1435 672 PLURES
1458 640 1640 672 MUNDOS

284 770 364 804 Ὀτι
388 762 419 799 δ’
441 766 480 800 οὗ
505 765 606 811 μόνον
631 765 678 802 είς
703 763 796 797 ἐστὶν
823 762 976 809 οὐρανός,
1000 762 1092 796 ἀλλοὶ
1113 763 1173 795 καὶ
1194 757 1367 795 ἀδύνατον

382 811 518 844 ενέσθαι
543 811 691 851 πλείους,
714 808 768 841 ἔτι
792 803 821 840 δ’
843 809 886 846 ὠς
913 804 1020 846 ἀίδιος
1047 806 1218 852 ἄφθαρτος
1242 805 1285 838 ὢν
1309 808 1369 839 καὶ

357 825 554 909 {ev-2205,
587 853 767 901 λέγωμεν,
805 853 941 898 πρῶτον
977 848 1255 897 διαπορήσαντες
1294 853 1368 896 περὶ

360 911 486 934 αυτου.

291 945 405 988 Δόξειε
422 944 488 992 γάρ
515 942 555 976 ἄν
573 938 632 975 ὡδὶ
651 941 895 987 σκοπουμένοις
914 937 1089 975 ἀδύνατον
1108 940 1168 973 ἕνα
1191 942 1251 973 καὶ
1268 940 1370 986 μόνον

359 987 448 1023 εἶναι
474 986 603 1021 αὐτόν·
630 985 664 1020 ἐν
691 986 801 1020 ἅπασι
826 987 891 1033 γάρ
916 988 975 1019 καὶ
1000 990 1072 1024 τοῖς
1097 985 1194 1031 φύσει
1217 988 1275 1018 καὶ
1297 988 1369 1023 τοῖς

362 1034 433 1068 ἀπὸ
458 1032 583 1078 τέχνης
603 1033 790 1065 συνεστῶσι
809 1034 868 1064 καὶ
885 1030 1122 1079 γεγενημένοις
1141 1029 1256 1075 ἔτερόν
1276 1030 1370 1062 ἐστιν

361 1077 455 1115 αὐτή
479 1076 558 1110 καθ’
580 1077 693 1114 αὐτήν
720 1077 741 1114 ’ἢ
766 1076 876 1122 μορφή
900 1078 959 1109 καὶ
984 1074 1172 1122 μεμιγμένη
1198 1075 1291 1119 μετά
1307 1075 1371 1113 τῆς

362 1123 458 1165 ὕλης,
478 1123 545 1155 οἶον
567 1122 631 1160 τῆς
656 1124 799 1167 σφαίρας
826 1121 940 1167 ἕτερον
959 1121 1001 1154 τὸ
1019 1117 1107 1159 εἶδος
1131 1122 1190 1152 καὶ
1216 1120 1237 1156 ἡ
1263 1120 1371 1164 χρυσῆ

360 1171 420 1202 καὶ
446 1168 468 1205 τ’)
492 1167 608 1225 χαλκῆ
634 1170 784 1210 σφαῖρα,
809 1169 867 1199 καὶ
894 1166 997 1199 πάλιν
1023 1166 1086 1199 τοῦ
1115 1164 1242 1197 κύκλου
1269 1163 1372 1207 ἑτέρα

336 1238 339 1239 ⁷
363 1214 513 1259 ἧμορφη
534 1213 594 1244 καὶ
612 1211 628 1243 ὁ
672 1212 797 1250 αλκοῦς
816 1213 876 1243 καὶ
894 1212 911 1243 ὀ
929 1210 1060 1252 ξύλινος
1083 1209 1226 1247 κύκλος·
1247 1208 1290 1241 τὸ
1307 1209 1372 1255 γαρ

363 1260 398 1293 τί
425 1255 466 1295 ἦν
491 1254 578 1289 εἶναι
608 1257 629 1287 λ
650 1268 770 1303 γοντες
802 1258 928 1301 σφαίρᾳ
953 1255 975 1292 ἦ
999 1255 1110 1296 κύκλῳ
1143 1254 1202 1286 οὐκ
1235 1253 1372 1307 ἐροῦμεν

365 1303 399 1336 ἐν
424 1303 473 1344 τῷ
497 1301 588 1348 λόγῳ
617 1300 740 1346 χρυσὸν
765 1299 787 1338 ἦ
811 1300 961 1346 χαλκόν,
987 1301 1031 1338 ὠς
1056 1297 1117 1332 οὗκ
1143 1299 1230 1331 ὄντα
1254 1309 1374 1330 ταυτα

365 1347 430 1386 τῆς
456 1344 590 1384 οὐσίας·
617 1346 677 1380 έοίν
702 1341 741 1378 δὲ
763 1345 828 1383 τήν
852 1346 988 1391 χαλκῆν
1013 1344 1035 1381 ἥ
1059 1343 1201 1390 χρυσῆν,
1220 1343 1374 1398 ἐροῦμεν,

365 1394 424 1425 καὶ
450 1391 509 1424 ὲοίν
534 1391 583 1436 μή
607 1386 784 1436 δυνώμεθα
808 1393 932 1428 νοῆσαι
964 1383 1052 1434 μηδὲ
1081 1388 1200 1429 λαβεῖν
1230 1387 1314 1420 αλλο
1340 1399 1374 1420 τι

367 1436 466 1480 παρά
489 1435 530 1469 τὰ
553 1434 629 1468 καθ’
660 1434 821 1468 ἕκαστον.
857 1436 991 1467 Ἐνίοτε
1050 1433 1090 1478 οὶρ
1124 1430 1219 1465 οὐθὲν
1253 1430 1376 1464 κωλύει

369 1481 478 1515 τοῦτο
503 1480 714 1525 συμβαίνειν,
735 1479 802 1511 οἷον
828 1480 856 1511 εἱ
881 1478 982 1523 μόνος
1006 1491 1020 1510 ε
1037 1491 1051 1516 ς
1067 1476 1209 1533 ληῳθείη
1234 1475 1374 1514 κύκλος·

368 1525 465 1558 οὐθὲν
481 1524 546 1571 γὰρ
565 1523 674 1562 ἧττον
697 1523 781 1556 ἄλλο
799 1523 900 1557 ἐ’σται
919 1523 961 1556 τὸ
976 1523 1088 1564 κύκλῳ
1105 1534 1192 1555 ειναι
1211 1522 1270 1553 καὶ
1289 1516 1376 1563 τῷδε

369 1571 418 1612 τῷ
441 1569 567 1611 κύκλῳ,
592 1571 652 1602 καὶ
676 1569 719 1601 τὰ
744 1567 804 1612 μὲν
829 1564 931 1610 εἶδος,
958 1568 1001 1601 τὸ
1025 1564 1054 1601 δ’
1075 1563 1163 1606 εἶδος
1190 1563 1222 1600 ἐν
1248 1567 1294 1608 τῇ
1314 1565 1377 1610 ὕλῃ

367 1617 426 1647 καὶ
451 1615 520 1647 τῶν
544 1613 621 1646 καθ’
650 1612 812 1646 ἕκαστον.

295 1657 393 1694 Ἐπεὶ
419 1657 477 1692 οὖν
503 1658 596 1691 ἐστὶν
623 1659 640 1691 ὀ
665 1657 807 1702 οὐρανὸς
833 1655 1011 1699 αἰσθητός,
1039 1657 1106 1689 τῶν
1129 1654 1206 1689 καθ’
1232 1656 1379 1689 ἕκαστον

371 1702 412 1737 ἂν
436 1705 507 1741 ε’ίη·
533 1703 576 1735 τὸ
599 1703 664 1750 γάρ
691 1701 856 1740 αἰσθητὸν
883 1701 977 1735 ἅπαν
1003 1702 1036 1735 ἑν
1063 1702 1108 1744 τῇ
1131 1700 1194 1746 ὕλῃ
1214 1701 1379 1746 ύπῆρχεν.

301 1749 342 1782 Et
365 1743 404 1782 δὲ
428 1748 496 1782 τῶν
520 1745 597 1780 καθ’
618 1747 781 1789 ἕκαστον,
801 1746 915 1792 ἕτερον
943 1745 982 1779 ἂν
1002 1749 1052 1784 εἴη
1075 1741 1164 1788 τῷδε
1182 1747 1231 1788 τῷ
1250 1745 1381 1790 οὐρανῷ

371 1790 458 1826 εἶναι
481 1793 541 1824 καὶ
565 1792 698 1837 οὐρανῷ
724 1792 852 1830 άπλῶς.
879 1791 1020 1837 Ἕτερον
1047 1790 1112 1836 ἄρα
1131 1785 1187 1823 ὅδε
1206 1792 1223 1823 ὁ
1242 1789 1381 1835 οὐρανὸς

371 1840 432 1870 καὶ
457 1836 598 1882 οὐρανὸς
625 1837 755 1878 ἁπλῶς,
772 1839 831 1869 καὶ
856 1836 898 1869 τὸ
923 1836 983 1881 μὲν
1008 1837 1050 1874 ὠς
1067 1830 1156 1874 εἶδος
1180 1837 1239 1868 καὶ
1256 1833 1381 1880 μορφή,

373 1882 416 1916 τὸ
439 1877 469 1914 δ’
498 1882 540 1919 ὥς
567 1882 613 1924 τῇ
640 1881 704 1926 ὕλῃ
729 1880 947 1928 μεμιγμένον.

298 1927 358 1960 Ὧν
382 1923 412 1959 δ’
434 1927 510 1959 ἐστὶ
534 1938 596 1972 μορ
623 1926 644 1963 ἥ
671 1938 723 1964 τις
745 1928 805 1958 καὶ
830 1921 932 1967 εἶδος,
950 1924 1031 1962 ἦτοι
1053 1925 1144 1957 ἔστιν
1163 1923 1185 1962 ἦ
1203 1919 1384 1970 ἐνδέχεται

373 1973 479 2005 πλείω
527 1970 602 2003 ενέσ
626 1982 662 2004 αι
687 1970 736 2003 τά
758 1969 833 2003 καθ’
864 1969 1011 2003 ἕκαστα.

305 2018 386 2050 Εἴτε
410 2016 476 2063 γάρ
520 2027 596 2048 στιν
621 2010 707 2057 εἴδη,
726 2014 882 2059 καθάπερ
901 2017 983 2060 φασί
1000 2025 1102 2055 τινες,
1124 2012 1257 2060 ἀνάγκη
1276 2013 1384 2046 τοῦτο

374 2073 414 2094 συ
443 2060 585 2102 βαίνειν,
605 2063 675 2093 εἴτε
699 2062 758 2092 καὶ
808 2060 951 2105 ωριστόν
976 2057 1080 2103 μηθὲν
1106 2058 1174 2091 τῷν
1201 2057 1384 2099 τοιούτων,

375 2073 471 2139 οὖς-ἑν
498 2105 627 2143 ἦττον·
655 2105 712 2137 ἐπὶ
738 2073 878 2138 naht-mv
901 2104 968 2150 γοὶρ
994 2103 1103 2140 οὕτως
1129 2103 1274 2147 ὁρῶμεν,
1301 2101 1386 2134 ὅσων

377 2151 398 2188 ἦ
423 2151 525 2183 οὐσία
551 2148 584 2182 ἐν
610 2149 674 2194 ὕλῃ
707 2149 822 2192 ἐστίν,
852 2150 958 2182 πλείω
988 2149 1048 2181 καὶ
1077 2148 1202 2190 ἄπειρα
1228 2146 1314 2180 ὄντα
1339 2146 1389 2179 τά

363 2190 566 2240 ,ὁμοιοειδῗμ

298 2240 407 2273 ’Ὥστε
433 2238 513 2276 ἤτοι
538 2239 602 2270 εἰσὶ
627 2239 761 2275 πλείους
788 2239 818 2268 οἱ
844 2234 981 2279 οὗρανοὶ
1007 2235 1028 2274 ἦ
1055 2231 1236 2281 ἐνδέχεται
1254 2237 1388 2272 πλείους

378 2280 477 2317 εἶναι.
509 2283 570 2314 Ἐκ
592 2282 652 2326 μὲν
671 2280 729 2315 οὖν
748 2280 883 2314 τούτων
903 2280 1074 2322 ὑπολάβοι
1092 2291 1143 2318 τις
1163 2279 1202 2313 ἄν
1222 2282 1282 2313 καὶ
1299 2277 1386 2312 εἶναι

376 2330 436 2361 καὶ
462 2324 662 2374 ἐνδέχεσθαι
688 2327 823 2364 πλείους
847 2323 933 2358 εἶναι
958 2323 1140 2370 οὐρανούς·

310 2372 478 2408 σκεπτέον
503 2368 542 2405 δὲ
567 2370 671 2404 πάλιν
698 2373 732 2405 τί
758 2370 894 2404 τούτων
914 2369 1059 2417 λέγεται
1082 2369 1193 2407 καλῶς
1218 2371 1276 2401 καὶ
1294 2371 1328 2402 τί
1348 2368 1386 2401 οὗ

376 2418 501 2456 καλῶς.
538 2416 585 2449 Τό
609 2417 669 2462 μὲν
697 2414 755 2448 οὖν
781 2414 896 2460 ἕτερον
913 2412 1000 2448 εἶναι
1025 2414 1085 2448 τὸν
1108 2413 1211 2459 λόγον
1230 2414 1290 2446 τὸν
1310 2413 1388 2446 ἄνευ

379 2462 444 2500 τῆς
469 2461 548 2500 ὕλης
574 2463 632 2493 καὶ
658 2460 718 2494 τὸν
745 2458 778 2493 έν
805 2461 851 2503 τῇ
878 2458 942 2504 ὕλῃ
967 2460 1031 2498 τῆς
1055 2462 1183 2503 μορφῆς
1208 2458 1319 2496 καλῶς
1346 2470 1385 2490 τε

377 2506 418 2541 λε’
444 2518 536 2549 εται,
554 2507 614 2538 καὶ
639 2505 728 2538 ἔστω
755 2503 852 2538 τοῦτ’
875 2503 1010 2542 ἀληθές.
1043 2503 1136 2536 Ἀλλ’
1157 2497 1255 2537 οὐδὲν
1278 2502 1388 2540 ἧττον

379 2519 523 2597 οὗέεμία
550 2549 682 2597 ἀνάγκη
709 2545 770 2582 διά
800 2550 909 2583 τοῦτο
940 2551 1075 2587 πλείους
1107 2546 1194 2582 εἶναι
1226 2546 1386 2591 κόσμους,

381 2594 450 2631 οὐδ’
471 2591 653 2642 ἐνδέχεται
694 2593 828 2627 ενέσθαι
846 2596 995 2635 πλείους,
1013 2595 1106 2637 εἴπερ
1127 2593 1228 2631 οὗτος
1245 2590 1280 2634 ἐξ
1299 2590 1390 2625 άπά-

379 2655 439 2682 σης
465 2642 540 2674 ἐστὶ
565 2641 629 2678 τῆς
655 2607 756 2681 ὕλης,
782 2638 893 2684 ὥσπερ
919 2638 1026 2672 ἔστιν.

307 2684 381 2722 Ὧδὶ
405 2684 445 2720 δὲ
469 2686 599 2731 μᾶλλον
624 2686 702 2722 ἴσως
729 2684 771 2718 τὸ
794 2684 978 2731 λεγόμενον
1004 2682 1105 2715 ἔσται
1122 2679 1239 2719 δῆλον.
1267 2681 1305 2712 Εἰ
1321 2679 1387 2727 γάρ

381 2731 474 2766 ἐστιν
499 2731 521 2767 ἡ
546 2729 720 2776 γρυπότης
745 2728 973 2772 καμπυλότης
999 2726 1032 2760 έν
1057 2727 1120 2772 ῥινὶ
1145 2726 1166 2764 ἢ
1191 2728 1303 2770 σαρκί,
1329 2727 1388 2757 καὶ

382 2777 475 2810 ἔστιν
502 2774 564 2812 ὕλη
590 2774 636 2817 τῇ
661 2773 856 2821 γρυπότητι
881 2776 902 2811 ἡ
928 2771 1026 2818 σάρξ,
1044 2772 1072 2804 εἰ
1098 2771 1134 2813 ἐξ
1161 2771 1302 2805 άπασῶν
1321 2771 1390 2802 τῶν

381 2820 513 2867 σαρκῶν
538 2821 602 2864 μία
624 2817 762 2865 γένοιτο
793 2817 878 2863 σάρξ
909 2816 968 2850 καὶ
994 2815 1171 2861 ὑπάρξειεν
1202 2815 1320 2858 ταύτῃ
1347 2814 1388 2848 τό

381 2864 531 2914 γρυπόν,
558 2862 656 2896 οὗθὲν
689 2862 729 2896 οἲν
760 2861 832 2895 ἄλλ’
861 2860 933 2895 οὔτ’
962 2863 1013 2899 εἴη
1038 2861 1165 2908 γρυπὸν
1199 2859 1271 2893 οὔτ’
1300 2855 1391 2893 ἐνδέ-

408 2922 483 2945 οιτο
506 2907 677 2955 γενέσθαι.
712 2909 853 2952 Ὁμοίως
869 2902 908 2939 δὲ
926 2907 986 2938 καὶ
1003 2902 1034 2938 εἷ
1049 2907 1097 2948 τῷ
1117 2903 1278 2949 ἀνθρώπῳ
1296 2906 1388 2938 ἐστὶν

383 2958 447 2993 υλη
471 2955 592 2997 σάρκες
620 2954 680 2986 καὶ
705 2950 815 2994 ὀστᾶ,
842 2952 871 2984 εἰ
896 2952 932 2984 ἐκ
957 2949 1070 2988 πάσης
1095 2951 1159 2989 τῆς
1183 2950 1306 2995 σαρκός
1330 2951 1390 2982 καὶ

384 2999 525 3033 πάντων
550 2998 618 3030 τῶν
644 2997 752 3031 ὀστῶν
781 2995 954 3040 ἄνθρωπος
977 2994 1114 3042 γένοιτο
1141 2990 1320 3028 ἀδυνάτων
1340 2994 1390 3027 ὄν-

386 3055 454 3076 των
479 3038 706 3083 διαλυθῆναι,
733 3041 793 3073 οὐκ
820 3040 859 3074 ἂν
885 3035 1061 3086 ἐνδέχοιτο
1086 3036 1174 3072 εἶναι
1204 3039 1307 3073 ἄλλον
1334 3039 1390 3072 οἷν-

385 3087 529 3133 θρωπον.
562 3086 739 3123 Ὡσαύτως
763 3081 802 3118 δὲ
825 3087 885 3118 καὶ
907 3086 964 3118 ἐπὶ
981 3084 1048 3118 τῶν
1068 3084 1196 3117 ἄλλων·
1223 3083 1307 3123 ὅλως
1323 3084 1389 3131 γάρ

387 3133 473 3166 ὅσων
498 3131 591 3165 ἐστὶν
616 3131 638 3167 ’ἦ
665 3130 765 3163 οὗσία
789 3131 823 3163 ἒν
845 3128 1048 3174 ὑποκειμένῃ
1070 3132 1136 3162 τινὶ
1157 3128 1236 3173 ὕλῃ,
1254 3128 1389 3162 τούτων

387 3173 484 3210 οὐδὲν
509 3170 584 3208 ὲνδέ
611 3187 691 3207 εται
705 3173 864 3219 γενέσθαι
879 3175 927 3218 μή
945 3174 1164 3219 ύπαρχούσης
1182 3173 1274 3212 τινὸς
1293 3173 1386 3211 ὕλης.

315 3224 353 3255 '0
376 3218 407 3255 δ’
427 3219 568 3266 οὐρανὸς
586 3187 666 3252 ἐστι
682 3221 742 3264 μὲν
760 3219 826 3251 τῶν
851 3217 928 3251 καθ’
949 3218 1084 3251 ἕκαστα
1107 3221 1165 3251 καὶ
1187 3219 1254 3251 τῶν
1273 3219 1309 3251 ἐκ
1326 3219 1391 3255 τῆς

388 3266 486 3304 ὕλης.
514 3265 587 3298 ἀλλ’
616 3264 645 3295 εἱ
669 3263 716 3308 μὴ
743 3262 780 3295 ἐκ
805 3265 920 3307 μορίου
946 3260 1056 3300 αύτῆς
1080 3262 1284 3300 συνέστηκεν
1311 3262 1386 3295 ἀλλ’

387 3311 422 3353 ἐξ
450 3310 601 3350 άπάσης,
620 3307 662 3342 τὸ
684 3308 743 3353 μὲν
769 3303 855 3339 εἶναι
881 3304 976 3348 αὐτῷ
1001 3307 1131 3350 οὐρανῷ
1154 3309 1213 3339 καὶ
1235 3302 1324 3349 τῷδε
1341 3307 1390 3348 τῷ

389 3355 518 3400 οὐρανῷ
545 3354 601 3387 ἐ’τε
625 3353 659 3386 όν
694 3354 806 3393 ἐστιν,
838 3351 876 3383 οὑ
901 3350 1019 3395 μέντοι
1044 3351 1116 3384 οὔτ’
1146 3351 1186 3384 ἂν
1211 3351 1261 3390 εἴη
1289 3351 1389 3389 ἄλλος

388 3400 462 3434 οὔτ’
494 3399 533 3432 οἲν
558 3365 735 3444 ἑνέέχοιτο
768 3394 926 3452 γενέσθαι
957 3397 1093 3433 πλείους
1121 3390 1181 3428 διαὶ
1206 3396 1247 3428 τὸ
1272 3397 1389 3428 πᾶσαν

389 3446 454 3483 την
480 3443 561 3482 ὕλην
587 3445 837 3488 περιειληφεναι
862 3441 1001 3473 τοῦτον.

321 3543 557 3621 postSYgZleiscta
577 3541 792 3610 Jsieffiendum
814 3579 895 3616 quod
917 3587 969 3606 nec
990 3576 1076 3606 etiam
1093 3575 1233 3615 possibile
1261 3581 1304 3604 est
1330 3584 1394 3604 esse

318 3624 426 3663 plures
446 3621 579 3651 mundos.
593 3637 614 3643 —-
629 3622 655 3650 3.
678 3620 777 3650 Primo
799 3625 897 3648 autem
917 3617 1055 3655 ponenda
1075 3623 1118 3645 est
1138 3615 1212 3645 ratio
1233 3615 1264 3644 in
1278 3621 1393 3644 contra-

1423 765 1441 784 *
1457 765 1557 803 Quod
1580 771 1689 795 autem
1705 774 1773 795 non
1789 765 1896 795 solum
1915 775 2000 796 unus
2024 772 2081 801 est,
2097 764 2154 795 sed
2176 770 2208 796 et
2221 764 2420 804 impossibile
2435 763 2502 795 fieri

1492 809 1618 850 plures;
1638 808 1742 839 adhuc
1766 816 1874 840 autem
1897 810 1987 850 quod
2009 809 2232 850 sempiternus,
2256 809 2504 849 incorruptibilis

1493 853 1627 904 existens
1651 859 1683 884 et
1704 853 1884 893 ingenitus,
1914 854 2057 885 dicamus
2084 854 2227 895 primum
2255 853 2433 884 dubitantes
2464 853 2503 884 de

1492 908 1575 939 ipse.

1425 942 1594 974 Videbitur
1617 941 1703 973 enim
1727 941 1839 983 utique
1863 942 1906 973 sic
1925 942 2160 974 intendentibus
2183 942 2381 983 impossibile
2400 952 2505 973 unum

1494 994 1526 1019 et
1541 986 1650 1018 solum
1665 996 1732 1017 esse
1747 986 1865 1027 ipsum.
1877 987 1912 1017 In
1925 987 2076 1018 omnibus
2093 987 2179 1018 enim
2192 993 2223 1018 et
2237 986 2286 1017 his
2297 996 2379 1028 quae
2393 993 2507 1017 natura

1495 1038 1526 1063 et
1548 1031 1598 1062 his
1622 1041 1705 1072 quae
1729 1031 1767 1061 ab
1796 1037 1861 1062 arte
1885 1031 2102 1063 constantibus
2127 1038 2158 1063 et
2179 1031 2345 1072 generatis,
2370 1031 2506 1062 alterum

1495 1083 1542 1108 est
1564 1075 1633 1116 ipsa
1656 1075 1836 1106 secundum
1854 1075 1991 1115 seipsam
2014 1075 2128 1115 forma,
2146 1083 2177 1107 et
2199 1075 2298 1107 mixta
2313 1085 2389 1106 cum
2407 1082 2505 1106 mate-

1495 1121 1559 1151 ria:
1584 1127 1664 1161 puta
1687 1120 1839 1160 sphaerae
1867 1120 2002 1150 alterum
2025 1121 2144 1161 species
2158 1144 2166 1160 ,
2191 1127 2222 1151 et
2244 1130 2339 1151 aurea
2363 1126 2394 1151 et
2418 1130 2507 1150 aerea

1496 1165 1647 1206 sphaera;
1671 1170 1702 1195 et
1725 1164 1842 1195 iterum
1873 1164 1980 1195 circuli
2008 1165 2105 1196 altera
2132 1164 2254 1203 forma,
2283 1171 2314 1195 et
2336 1174 2446 1196 aereus
2477 1170 2508 1195 et

1496 1209 1620 1250 ligneus
1653 1208 1799 1239 circulus.
1826 1209 1925 1246 Quod
1955 1209 2035 1250 quid
2065 1209 2151 1240 enim
2180 1215 2245 1240 erat
2272 1218 2340 1239 esse
2369 1208 2507 1240 dicentes

1497 1253 1648 1295 sphaerae
1672 1259 1728 1284 aut
1751 1253 1870 1292 circuli,
1902 1263 1969 1284 non
1993 1253 2135 1284 dicemus
2159 1253 2191 1285 in
2222 1253 2344 1284 ratione
2373 1263 2509 1284 aureum

1498 1305 1554 1330 aut
1569 1305 1714 1336 aereum;
1733 1304 1888 1339 tanquam
1898 1308 1966 1328 non
1985 1297 2189 1329 existentibus
2204 1298 2254 1328 his
2267 1298 2306 1328 de
2322 1297 2508 1336 substantia,

1498 1343 1525 1374 si
1548 1352 1674 1373 aeream
1701 1349 1757 1373 aut
1779 1352 1910 1373 auream
1938 1342 2092 1374 dicamus.
2116 1343 2158 1373 Et
2185 1342 2211 1373 si
2235 1352 2303 1372 non
2332 1352 2508 1383 possumus

1498 1387 1671 1428 intelligere
1694 1397 1799 1428 neque
1814 1397 1940 1417 sumere
1963 1386 2050 1417 aliud
2073 1386 2194 1428 aliquid
2213 1393 2336 1428 praeter
2351 1386 2508 1427 singulare

1500 1430 1710 1475 (quandoque
1734 1431 1820 1462 enim
1843 1431 1923 1462 nihil
1946 1431 2094 1472 prohibet
2116 1431 2179 1462 hoc
2203 1430 2357 1470 accidere,
2382 1437 2461 1471 puta
2483 1430 2510 1461 si

1499 1477 1607 1507 solum
1623 1482 1804 1507 assumatur
1827 1474 1992 1518 circulus):
2017 1475 2095 1506 nihil
2116 1475 2202 1506 enim
2220 1475 2327 1506 minus
2351 1475 2438 1505 aliud
2454 1474 2512 1505 erit

1501 1521 1619 1552 circulo
1644 1530 1727 1558 esse,
1752 1527 1783 1551 et
1806 1520 1880 1551 huic
1904 1519 2036 1561 quidem
2066 1519 2194 1551 circulo.
2218 1520 2260 1550 Et
2282 1519 2360 1550 haec
2379 1519 2511 1560 quidem

1501 1565 1633 1607 species
1656 1565 1735 1596 haec
1758 1571 1867 1596 autem
1890 1564 2010 1605 species
2032 1564 2067 1595 in
2089 1564 2220 1595 materia
2235 1570 2267 1594 et
2290 1563 2510 1604 singularium.

1436 1661 1602 1700 Quoniam
1624 1660 1720 1701 igitur
1751 1666 1798 1691 est
1821 1659 1946 1691 caelum
1976 1658 2140 1697 sensibile,
2164 1658 2374 1699 singularium
2402 1658 2513 1699 utique

1504 1705 1578 1737 erit:
1603 1704 1750 1736 sensibile
1774 1704 1861 1735 enim
1884 1713 1982 1734 omne
2005 1703 2038 1734 in
2061 1702 2193 1734 materia
2216 1703 2328 1734 existit.

1437 1751 1470 1783 Si
1499 1757 1607 1781 autem
1635 1749 1864 1790 singularium,
1892 1748 2028 1779 alterum
2058 1747 2170 1789 utique
2194 1747 2250 1778 erit
2280 1747 2356 1778 huic
2383 1746 2515 1788 quidem

1452 1815 1455 1816 ν
1506 1795 1594 1826 caelo
1613 1804 1692 1833 esse,
1709 1800 1740 1825 et
1763 1793 1851 1824 caelo
1868 1792 2062 1833 simpliciter.
2087 1792 2234 1823 Alterum
2250 1791 2346 1832 igitur
2368 1791 2431 1823 hoc
2448 1801 2515 1822 cae-

1505 1839 1596 1878 lum,
1620 1845 1651 1870 et
1674 1838 1799 1869 caelum
1818 1837 2019 1878 simpliciter:
2044 1843 2075 1868 et
2096 1837 2159 1867 hoc
2182 1836 2314 1877 quidem
2337 1842 2374 1867 ut
2396 1835 2516 1876 species

1506 1891 1538 1916 et
1560 1883 1675 1922 forma,
1698 1882 1762 1914 hoc
1785 1889 1894 1913 autem
1917 1888 1954 1913 ut
1976 1881 2124 1912 materiae
2148 1881 2295 1912 mixtum.

1439 1929 1592 1966 Quorum
1610 1934 1719 1959 autem
1742 1933 1789 1958 est
1804 1926 1909 1957 forma
1931 1926 2091 1967 quaedam
2106 1932 2138 1957 et
2152 1925 2283 1966 species,
2300 1931 2355 1956 aut
2373 1930 2448 1956 sunt
2463 1930 2518 1955 aut

1508 1972 1663 2013 contingit
1685 1971 1779 2012 plura
1802 1971 1883 2002 facta
1906 1981 1973 2002 esse
1997 1970 2177 2010 singularia.

1441 2018 1513 2049 Sive
1537 2017 1623 2048 enim
1641 2016 1704 2047 sint
1727 2015 1859 2056 species,
1876 2014 2155 2056 quemadmodum
2178 2013 2288 2045 dicunt
2302 2013 2446 2055 quidam,
2465 2022 2519 2043 ne-

1510 2071 1595 2093 cesse
1618 2068 1666 2092 est
1687 2060 1750 2091 hoc
1774 2059 1932 2098 accidere;
1949 2059 2014 2090 sive
2029 2059 2124 2090 etiam
2148 2058 2316 2099 separatim
2334 2058 2462 2089 nullum
2476 2063 2520 2088 ta—

1509 2106 1602 2145 lium,
1618 2105 1699 2136 nihil
1722 2104 1840 2135 minus.
1866 2104 1901 2135 In
1918 2104 2070 2135 omnibus
2094 2103 2181 2134 enim
2196 2103 2240 2134 sic
2262 2103 2420 2142 videmus,
2438 2111 2519 2142 quo—

2530 772 2539 780 ·
2555 770 2612 798 Cap.
2624 775 2655 791 ix.
2674 768 2743 791 Text.

2530 802 2565 824 92.

1510 2159 1725 2191 rumcumque
1749 2149 1923 2180 substantia
1945 2148 1977 2179 in
2002 2148 2132 2180 materia
2156 2154 2213 2187 est,
2236 2147 2330 2188 plura
2352 2154 2383 2178 et
2397 2146 2520 2178 infinita
2553 2174 2557 2178 ,

1510 2195 1596 2226 entia
1617 2204 1701 2236 quae
1724 2193 1869 2224 eiusdem
1891 2192 2018 2234 speciei.

1443 2239 1555 2281 Itaque
1578 2245 1634 2270 aut
1657 2245 1731 2269 sunt
1754 2238 1861 2278 plures
1886 2237 1974 2276 caeli,
1999 2243 2055 2268 aut
2078 2236 2233 2276 contingit
2256 2246 2323 2267 esse
2338 2236 2455 2276 plures.
2473 2235 2521 2266 Ex

1510 2283 1559 2314 his
1583 2283 1716 2324 quidem
1731 2282 1828 2322 igitur
1850 2281 2062 2322 suspicabitur
2082 2281 2194 2322 utique
2210 2280 2324 2322 aliquis
2347 2286 2378 2311 et
2401 2290 2468 2311 esse
2491 2286 2522 2310 et

1511 2328 1601 2369 quod
1625 2326 1780 2367 contingit
1802 2326 1909 2367 plures
1933 2325 2038 2357 caelos
2062 2335 2141 2357 esse.

1443 2373 1461 2392 *
1477 2371 1758 2404 Considerandum
1781 2377 1890 2401 autem
1912 2370 2029 2401 iterum
2052 2370 2132 2411 quid
2154 2369 2274 2400 horum
2293 2368 2406 2400 dicitur
2428 2369 2521 2407 bene,

1512 2424 1543 2448 et
1561 2416 1641 2458 quid
1664 2426 1731 2446 non
1746 2416 1836 2446 bene.
1860 2414 2004 2446 Alteram
2022 2414 2155 2455 quidem
2172 2413 2268 2454 igitur
2282 2423 2350 2444 esse
2364 2413 2522 2444 rationem

1512 2471 1584 2492 eam
1598 2470 1682 2502 quae
1706 2459 1773 2490 sine
1788 2459 1934 2498 materia,
1955 2465 1986 2490 et
2001 2469 2074 2489 eam
2088 2468 2170 2500 quae
2189 2458 2224 2488 in
2240 2458 2371 2489 materia
2387 2457 2521 2495 formae,

1511 2506 1593 2537 bene
1616 2505 1750 2546 quidem
1773 2503 1902 2543 dicitur,
1927 2510 1958 2534 et
1981 2503 2021 2534 sit
2043 2503 2107 2534 hoc
2129 2513 2252 2534 verum.
2277 2502 2339 2533 Sed
2362 2501 2523 2533 nihilomi—

1512 2560 1573 2581 nus
1589 2559 1694 2591 neque
1710 2558 1775 2580 una
1798 2547 1965 2579 necessitas
1982 2554 2111 2588 propter
2129 2547 2192 2578 hoc
2215 2547 2322 2587 plures
2341 2556 2408 2577 esse
2427 2556 2522 2576 mun-

1512 2595 1584 2633 dos,
1608 2603 1713 2635 neque
1737 2592 1892 2633 contingit
1914 2591 2015 2623 factos
2031 2602 2098 2622 esse
2122 2591 2240 2632 plures,
2261 2591 2287 2622 si
2309 2591 2441 2632 quidem
2463 2590 2522 2621 iste

1513 2650 1550 2671 ex
1572 2645 1640 2670 tota
1663 2644 1710 2669 est
1732 2637 1874 2676 materia,
1898 2636 2177 2678 quemadmodum
2199 2643 2255 2667 est.

1444 2682 1463 2701 ‘¹'
1479 2683 1530 2715 sic
1553 2690 1662 2715 autem
1685 2682 1766 2713 forte
1788 2681 1890 2722 magis
1913 2681 2004 2722 quod
2027 2680 2141 2712 dicitur
2163 2680 2221 2711 erit
2248 2679 2463 2711 manifestum.
2489 2678 2522 2710 Si

1513 2728 1599 2759 enim
1622 2734 1670 2758 est
1689 2726 1810 2758 simitas
1830 2725 1966 2757 curvitas
1988 2725 2022 2756 in
2041 2735 2120 2756 naso
2144 2732 2199 2756 aut
2217 2734 2320 2763 carne,
2345 2730 2376 2756 et
2393 2731 2440 2755 est
2454 2734 2521 2754 ma-

1512 2772 1590 2804 teria
1622 2771 1750 2803 simitati
1777 2777 1868 2809 caro;
1893 2770 1919 2800 si
1947 2780 1984 2801 ex
2014 2769 2166 2800 omnibus
2197 2769 2343 2801 carnibus
2375 2779 2440 2799 una
2467 2767 2522 2799 fiat

1513 2827 1603 2855 caro,
1627 2823 1658 2847 et
1681 2816 1791 2847 existat
1813 2815 1847 2845 in
1870 2814 1929 2845 hac
1953 2814 2089 2853 simum,
2114 2814 2193 2845 nihil
2216 2814 2327 2855 utique
2355 2812 2441 2844 aliud
2465 2812 2523 2843 erit

1512 2861 1650 2899 simum,
1674 2870 1780 2901 neque
1803 2859 1965 2899 continget
1987 2858 2109 2890 factum
2141 2868 2218 2889 esse.
2242 2858 2391 2889 Similiter
2413 2863 2522 2888 autem

1513 2913 1545 2937 et
1567 2906 1593 2936 si
1616 2905 1741 2936 homini
1765 2910 1840 2935 sunt
1863 2903 1993 2934 materia
2017 2913 2125 2934 carnes
2149 2909 2180 2934 et
2203 2913 2292 2941 ossa,
2316 2902 2342 2932 si
2370 2911 2407 2932 ex
2430 2901 2521 2931 omni

1514 2960 1606 2982 carne
1631 2956 1661 2981 et
1677 2948 1829 2980 omnibus
1854 2948 1980 2979 ossibus
2004 2947 2106 2978 homo
2120 2946 2185 2986 fiat,
2205 2957 2287 2987 quae
2311 2945 2440 2976 dissolvi
2462 2945 2521 2975 mi-

1513 2995 1600 3026 nime
1623 3000 1766 3034 possent,
1788 3003 1855 3024 non
1879 2992 1989 3034 utique
2014 2991 2175 3032 continget
2197 3001 2264 3021 esse
2287 2990 2387 3020 alium
2417 2989 2521 3020 homi-

1510 3049 1596 3070 nem.
1626 3037 1776 3070 Similiter
1805 3043 1914 3068 autem
1943 3043 1974 3067 et
1996 3036 2030 3066 in
2060 3035 2147 3066 aliis:
2172 3035 2307 3065 omnino
2331 3034 2418 3065 enim
2440 3044 2521 3075 quo-

1512 3092 1727 3124 rumcumque
1746 3089 1793 3113 est
1815 3081 1990 3112 substantia
2008 3080 2041 3110 in
2065 3079 2205 3110 subiecta
2223 3079 2364 3120 quadam
2379 3078 2521 3117 materia,

1511 3128 1631 3159 horum
1654 3127 1733 3158 nihil
1756 3125 1912 3166 contingit
1939 3125 2059 3155 factum
2082 3134 2160 3163 esse,
2185 3133 2251 3154 non
2271 3123 2421 3154 existente
2444 3132 2522 3164 qua-

1512 3173 1588 3203 dam
1609 3171 1750 3203 materia.

1444 3218 1462 3237 *
1485 3217 1622 3249 Caelum
1645 3222 1753 3247 autem
1777 3220 1823 3245 est
1845 3213 1977 3254 quidem
2005 3212 2215 3253 singularium
2244 3218 2275 3243 et
2298 3222 2412 3243 eorum
2440 3221 2522 3253 quae

1514 3271 1551 3292 ex
1574 3260 1714 3291 materia.
1730 3259 1792 3291 Sed
1816 3258 1842 3288 si
1865 3267 1932 3288 non
1955 3267 1993 3288 ex
2015 3263 2103 3298 parte
2126 3256 2226 3297 ipsius
2246 3263 2380 3295 constat,
2404 3256 2460 3287 sed
2485 3266 2523 3287 ex

1514 3304 1620 3343 omni,
1637 3314 1704 3335 esse
1720 3303 1851 3345 quidem
1866 3301 1927 3342 ipsi
1947 3301 2034 3332 caelo
2050 3307 2081 3332 et
2103 3300 2178 3332 huic
2198 3301 2285 3332 caelo
2309 3301 2445 3332 alterum
2461 3307 2521 3332 est:

1515 3359 1582 3380 non
1605 3355 1711 3380 tamen
1735 3356 1840 3388 neque
1863 3346 1975 3387 utique
1992 3345 2050 3377 erit
2072 3345 2170 3384 aliud,
2186 3355 2291 3386 neque
2315 3345 2426 3386 utique
2450 3355 2523 3376 eon-

1514 3393 1614 3433 tinget
1627 3392 1727 3423 factos
1744 3401 1812 3422 esse
1827 3390 1945 3432 plures,
1961 3396 2093 3431 propter
2103 3388 2241 3421 'omnem
2252 3389 2419 3421 materiam
2435 3399 2523 3421 com-

1515 3437 1704 3478 prehensam
1728 3446 1806 3467 esse.

678 3545 850 3578 gumentum
869 3544 897 3566 et
914 3536 1018 3566 divisio
1038 3542 1141 3565 textus.
1162 3552 1182 3556 -
1202 3543 1231 3564 2.
1253 3536 1396 3564 Remanet
1449 3534 1535 3570 rium,
1558 3541 1633 3570 quae
1648 3533 1723 3561 duos
1742 3531 1872 3561 eontinet
1892 3531 2089 3569 syllogismos:
2112 3540 2240 3569 quorum
2253 3530 2364 3568 primus
2385 3530 2449 3559 talis
2470 3537 2521 3559 est.

1449 3576 1482 3603 In
1503 3573 1641 3603 omnibus
1663 3572 1846 3601 sensibilibus
1867 3571 1924 3600 alia
1944 3578 1988 3600 est
2008 3571 2202 3601 consideratio
2229 3571 2342 3600 formae
2362 3571 2523 3600 secundum

1449 3624 1480 3643 se
1501 3620 1530 3643 et
1550 3613 1581 3642 in
1602 3612 1771 3649 communi,
1799 3612 1857 3641 alia
1877 3618 1920 3641 est
1940 3611 2135 3642 consideratio
2159 3611 2272 3641 formae
2292 3611 2323 3641 in
2349 3610 2521 3649 particulari,

2550 2376 2558 2386 '¹
2574 2374 2642 2397 Text.
2657 2381 2693 2404 93.

2549 2687 2558 2696 ·
2574 2685 2643 2708 Text.
2657 2691 2696 2713 94.

2550 3219 2559 3229 ·
2574 3217 2642 3240 Text.
2658 3223 2693 3246 95.
