2782 4134
1121 277 1232 314 CAP.
1261 277 1350 324 ΧΠ,
1381 275 1533 314 LECT.
1563 275 1653 311 xlx

2415 276 2483 312 113

879 502 1212 577 *LEcT10
1249 501 1871 559 VIGESIMANONA

562 665 865 699 REPROBATURr
878 664 1025 696 OPINIO
1048 664 1218 695 PONENS
1242 663 1365 701 QUOD
1389 664 1509 694 NIHIL
1533 664 1754 695 PROHIBET
1777 664 1957 702 ALIQUID
1982 651 2226 695 INGENITUM

391 715 494 757 'ESSE
517 723 854 762 CORRUPTIBILE,
878 722 937 752 ET
960 721 1140 759 ALIQUID
1166 721 1366 752 GENITUM
1389 720 1753 752 INCORRUPTIBILE
1767 739 1786 744 -
1799 721 2091 753 CONTRARIUM
2115 720 2396 753 OSTENDITUR

328 779 338 783 “
1075 778 1159 809 PER
1181 777 1412 809 RATIONEM
1434 778 1708 809 NATURALEM

295 921 342 954 Τό
366 914 410 956 δή
436 918 542 964 φάναι
566 914 671 964 μηδὲν
695 917 835 950 κωλύειν
861 917 1037 971 γινόμενόν
1063 929 1096 950 τι
1123 916 1295 961 ἄφθαρτον
1323 913 1367 948 εἷ·
1421 918 1439 938 *
1454 918 1565 950 Dicere
1588 918 1695 960 itaque
1718 919 1797 950 nihil
1820 920 1986 960 prohibere
2010 920 2131 951 factum
2156 930 2223 951 esse
2243 919 2333 961 quod
2355 919 2498 950 incorru-
2524 947 2585 969 Text
2611 953 2648 975 ¹3⁰

362 975 418 996 ναι
447 965 507 996 καὶ
542 962 710 1010 ἀγένητον
737 962 772 995 ὃν
797 961 987 1007 φθαρηναι,
1020 961 1114 1003 ἅπαξ
1147 961 1367 1008 ὑπαρχούσης

363 1009 412 1050 τῷ
437 1008 496 1052 μὲν
523 1009 585 1045 τῆς
620 1007 780 1054 γενέσεως
813 1008 861 1049 τῷ
891 1003 929 1039 δὲ
954 1007 1017 1045 τῆς
1047 1006 1189 1063 φθορᾶς,
1214 1007 1366 1050 ’ἀναιρεῖν

364 1053 436 1086 ἐστὶ
470 1053 536 1086 τῶν
568 1048 757 1097 δεδομένων
790 1064 837 1085 τι.
869 1051 918 1083 “H
941 1052 1007 1098 γάρ
1041 1063 1178 1095 απειρον
1214 1050 1236 1088 ἦ
1261 1050 1368 1083 ποσόν

364 1109 444 1131 τινα
467 1097 648 1142 ὡρισμένον
673 1096 793 1142 χρόνον
818 1092 968 1130 δύναται
994 1095 1139 1129 ἅπαντα
1163 1095 1184 1133 ἦ
1210 1099 1318 1128 ποιεῖν
1347 1093 1368 1132 ἦ

365 1141 532 1188 πάσχειν,
558 1141 579 1179 ἦ
604 1139 691 1174 εἶναι
716 1140 738 1179 ἦ
763 1141 810 1186 μή
836 1138 944 1183 εἶναι,
969 1143 1027 1173 καὶ
1054 1141 1114 1173 τὸν
1149 1141 1285 1184 ἄπειρον
1311 1134 1372 1171 διαὶ

365 1187 495 1228 τοῦτο,
523 1185 578 1223 ὄπι
602 1185 744 1232 ὥρισταί
770 1199 839 1224 πως
866 1187 882 1218 ὁ
909 1185 1047 1228 ἄπειρος
1077 1188 1218 1231 χρόνος,
1246 1183 1284 1216 οὑ
1310 1184 1370 1216 οὑκ

283 1231 443 1267 „Vrgere
461 1232 602 1265 ἶιἰθιείων.
640 1230 687 1264 Τὸ
711 1226 750 1263 δὲ
775 1231 825 1273 πῇ
853 1230 990 1274 ἄπειρον
1024 1229 1100 1263 οὔτ’
1132 1230 1269 1274 ἄπειρον
1295 1227 1368 1260 οὔθ’

364 1275 559 1321 ὡρισμένον.

291 1321 370 1355 Ἔτι
395 1323 429 1353 τί
455 1321 585 1365 μᾶλλον
619 1321 675 1353 ἐπὶ
701 1314 789 1361 τῷδε
822 1319 870 1360 τῷ
905 1321 1030 1364 σημείῳ
1061 1319 1113 1351 ἀεὶ
1139 1317 1174 1350 δν
1207 1316 1372 1361 πρότερον

365 1365 494 1410 ἐφθάρη
514 1365 535 1403 ἥ
551 1365 599 1411 μή
626 1364 661 1397 ὃν
689 1364 826 1408 ἄπειρον
853 1363 1012 1410 ἐγένετο;
1038 1363 1066 1394 εἰ
1082 1363 1148 1410 γάρ
1166 1361 1269 1406 μηθὲν
1287 1362 1373 1404 μᾶλ-

365 1411 444 1452 λον,
472 1410 597 1456 ἄπειρα
621 1404 659 1442 δέ
684 1409 732 1442 τά
755 1413 894 1452 σημεῖα,
919 1403 1025 1444 δῆλον
1051 1406 1106 1440 ὅτι
1133 1406 1270 1450 ἄπειρον
1295 1406 1373 1452 χρό-

367 1465 422 1487 νον
454 1452 495 1494 ἦν
521 1467 555 1488 τι
587 1453 731 1501 γενητὸν
763 1455 821 1485 καὶ
846 1451 1008 1497 φθαρτόν.
1047 1452 1201 1484 Δόναται
1235 1450 1301 1495 ἄρα
1325 1449 1373 1495 μὴ

367 1495 454 1533 εἶναι
471 1500 530 1533 τὸν
556 1498 692 1543 ἄπειρον
717 1497 858 1542 χρόνον·
888 1495 961 1541 ἅμα
977 1495 1043 1543 γάρ
1062 1496 1128 1539 ἕξει
1145 1491 1288 1540 δύναμιν
1309 1496 1372 1528 τοῦ

393 1544 415 1581 ἦ
439 1542 525 1577 εἶναι
549 1545 609 1576 καὶ
633 1539 734 1584 εἶναι,
753 1541 795 1575 τό
815 1541 875 1587 μὲν
893 1541 1070 1586 πρότερον,
1097 1541 1125 1572 εἰ
1147 1539 1313 1584 φθαρτόν,
1333 1539 1374 1572 τὸ

367 1555 396 1623 g}
426 1589 588 1632 ὕστερον,
614 1588 642 1619 εἱ
666 1585 825 1633 γενητόν.
855 1585 952 1618 ’Ὦστ’
982 1586 1041 1618 ἐοίν
1068 1585 1234 1631 ὑπάρχειν
1266 1583 1373 1628 θῶμεν

370 1629 550 1674 ἀδύνατα,
577 1631 625 1666 τά
649 1631 869 1676 ἀντικείμενα
895 1629 969 1674 ἅμα
994 1629 1155 1675 ὑπάρχει.

297 1726 370 1758 «Ετι
395 1719 433 1755 δὲ
463 1723 522 1754 καὶ
555 1719 648 1754 τοῦθ’
678 1721 800 1765 ὁμοίως
829 1719 862 1751 ἐν
890 1718 1022 1752 ἅπαντι
1052 1721 1176 1764 σημείῳ
1210 1716 1373 1762 ὑπάρξει,

367 1767 447 1800 ὥστ’
470 1766 608 1811 ἄπειρον
633 1764 753 1810 χρόνον
780 1765 844 1796 τοῦ
862 1763 908 1808 μή
929 1761 1016 1796 εἶναι
1039 1765 1099 1796 καὶ
1122 1763 1184 1797 τοῦ
1203 1760 1289 1794 εἶναι
1308 1761 1374 1804 ἕξει

368 1809 530 1855 δύναμιν·
558 1808 649 1843 ἀλλα
671 1805 848 1842 δέδεικται
874 1808 929 1842 ὅτι
955 1804 1128 1842 ἀδύνατον
1153 1808 1274 1841 τοῦτο.

293 1858 372 1891 Ἔτι
407 1857 437 1889 εἰ
471 1854 635 1909 πρότερον
670 1855 691 1892 ἢ
725 1849 868 1908 δύναμις
906 1852 1055 1908 ὑπάρχει
1090 1853 1153 1891 τῆς
1186 1853 1373 1898 ἐνεργείας,

370 1899 494 1935 ἅπανθ’
517 1899 660 1945 ὑπαρξει
677 1899 737 1932 τὸν
762 1909 897 1943 χρονον,
918 1900 976 1931 καὶ
996 1899 1030 1930 ὸν
1054 1897 1221 1944 ἀγένητον
1243 1896 1298 1939 ἦν,
1316 1899 1374 1929 καὶ

361 1946 416 2003 μή
443 1945 478 1978 ὃν
503 1945 564 1977 τὸν
592 1944 729 1988 ἄπειρον
753 1942 887 1989 χρόνον,
909 1941 1085 1989 γίγνεσθαι
1109 1938 1148 1975 δὲ
1172 1937 1372 1987 δυνάμενον.

377 1992 454 2045 Αμα
478 1985 522 2026 δὴ
547 1987 609 2022 οὑκ
633 1985 674 2026 ἦν
698 1990 756 2021 καὶ
774 1988 838 2020 τοῦ
856 1985 942 2020 εἶναι
967 1983 1110 2031 δύναμιν
1131 1983 1217 2032 εἶχε,
1235 1990 1293 2020 καὶ
1312 1987 1375 2020 τοῦ

369 2047 455 2069 τοτε
505 2034 527 2071 ἡ
552 2030 640 2066 εἶναι
662 2034 723 2065 καὶ
748 2031 887 2076 ὕστερον
915 2032 1053 2077 ἄπειρον
1080 2031 1145 2076 ἄρα.
1169 2031 1302 2077 χρόνον.
1339 2051 1342 2054 ·

300 2081 450 2126 Φανερόν
493 2079 507 2111 ὲ
530 2080 588 2111 καὶ
609 2079 717 2116 ἄλλως
737 2076 791 2110 ὅτι
810 2074 984 2110 ἀδύνατον
1001 2076 1150 2120 φθαρτὸν
1169 2075 1204 2108 ὃν
1225 2077 1272 2120 μή
1294 2075 1376 2120 φθα-

369 2126 468 2170 ρῆναί
501 2133 606 2157 ποτε·
635 2123 686 2156 ἀεὶ
715 2123 780 2169 γάρ
806 2123 907 2155 ἔσται
940 2120 1013 2165 ἅμα
1043 2124 1101 2153 καὶ
1134 2120 1284 2166 φθαρτὸν
1315 2123 1375 2152 καὶ

371 2168 462 2215 ἄφθα
484 2179 543 2201 τον
569 2168 782 2213 ἐντελεχείᾳ,
809 2167 898 2199 ὥστε
925 2165 998 2210 ἅμα
1024 2165 1124 2199 ἔσται
1147 2161 1296 2199 δυνατόν
1325 2166 1376 2198 ἀεί

371 2226 410 2247 τε
435 2223 522 2246 ειναι
546 2213 605 2244 καὶ
629 2211 677 2257 μή
704 2212 768 2245 ἀεί.
804 2211 986 2254 Φθείρεται
1013 2210 1078 2255 ἄρα
1104 2210 1192 2244 ποτὲ
1213 2211 1256 2243 τὸ
1277 2209 1378 2264 φθαρ-

371 2257 446 2300 τόν,
471 2258 530 2289 καὶ
555 2255 767 2311 εὶὶγενητόν,
793 2256 951 2311 γέγονεν·
978 2250 1126 2288 δυνατόν
1151 2255 1216 2301 γάρ
1241 2267 1401 2306 γεγονεῇ

371 2315 445 2344 ναι,
470 2303 529 2334 καὶ
555 2313 602 2344 μη
629 2302 681 2334 ἀεὶ
708 2301 774 2346 ἄρα
800 2312 898 2332 ειναι.

296 2387 398 2420 Ἔστι
429 2382 467 2418 δὲ
490 2388 549 2418 καὶ
575 2380 638 2417 ὧδε
663 2383 832 2428 θεωρῆσαι
862 2382 917 2416 ὅτι
952 2378 1125 2416 ἀδύνατον
1152 2381 1173 2419 ἦ
1196 2382 1377 2429 γενόμενόν

372 2442 459 2464 ποτε
486 2429 660 2475 ἄφθαρτόν
685 2441 721 2462 τι
746 2424 933 2468 διατελεῖν,
952 2427 973 2465 ἦ
993 2427 1160 2473 ἀγένητον
1186 2426 1220 2459 ὃν
1246 2429 1304 2460 καὶ
1325 2427 1378 2460 ἀεὶ

373 2474 536 2520 πρότερον
563 2473 598 2506 ὃν
624 2473 804 2519 φθαρῆναι.
840 2467 946 2505 Οὐδὲν
978 2473 1044 2519 γάρ
1072 2471 1142 2505 ἀπὸ
1174 2472 1238 2504 τοῦ
1272 2469 1378 2505 αὑτο-

373 2521 486 2566 μάτου
524 2519 596 2552 οὔτ’
627 2517 798 2564 ἄφθαρτον
835 2516 910 2550 οὔτ’
940 2516 1108 2563 ἀγένητον
1144 2515 1247 2548 οἷόντ’
1277 2513 1374 2549 εἶναι.

371 2565 418 2597 Τό
436 2564 497 2608 μὲν
514 2563 562 2611 γά
605 2562 811 2608 αὐτόματόν
830 2563 904 2595 ἐστι
928 2565 986 2594 καὶ
1005 2562 1046 2595 τὸ
1065 2561 1135 2594 ἀπὸ
1153 2560 1261 2607 τύχης
1282 2561 1380 2606 παρά

373 2609 415 2644 τό
441 2610 493 2642 ἀεὶ
516 2575 578 2640 καῖ
600 2608 643 2641 τὸ
667 2609 709 2646 ὠς
735 2606 859 2641 ἐπὶ”τό
877 2606 966 2639 πολὺ
987 2606 1008 2644 ἦ
1027 2605 1062 2639 ὃν
1081 2605 1101 2643 ἥ
1119 2605 1313 2652 γινόμενον’
1336 2605 1378 2638 τό

372 2650 402 2686 δ’
432 2655 568 2708 ἄπειρον
600 2651 719 2698 χρόνον
745 2651 767 2689 ἦ
794 2651 911 2689 οἱπλῶς
935 2649 956 2687 ἦ
984 2651 1054 2685 ἀπό
1086 2662 1176 2688 τινος
1208 2649 1330 2696 χρόνου
1355 2649 1377 2687 ἦ

375 2697 426 2732 ἀεὶ
451 2697 473 2735 ἦ
497 2710 540 2735 ως
566 2696 622 2730 ἐπὶ
647 2697 689 2730 τὰ
713 2697 802 2730 πολὺ
827 2696 974 2752 ὑπάρχθει
999 2696 1047 2729 ὄν.
1086 2694 1238 2741 Ἀνάγκη
1266 2697 1377 2727 τοίνυν

373 2742 469 2788 φύσει
493 2742 543 2775 τοὶ
567 2742 720 2775 τοιαῦτα
746 2741 806 2774 ὁτὲ
830 2741 890 2786 μὲν
915 2752 1002 2774 ειναι
1021 2740 1080 2773 ὁτὲ
1097 2735 1136 2772 δὲ
1156 2739 1217 2784 μή.
1248 2741 1320 2771 Τῶν
1341 2735 1380 2772 δέ

375 2787 542 2821 τοιούτων
569 2787 589 2824 ἠ
616 2784 708 2823 αὐτῆ
743 2782 886 2830 δύναμις
917 2786 981 2824 τῆς
1015 2783 1247 2829 ἀντιφάσεως,
1274 2786 1332 2816 καὶ
1357 2785 1378 2821 ἡ

373 2831 436 2870 ὕλη
472 2832 571 2864 αἰτία
603 2832 665 2864 τοῦ
698 2827 784 2863 εἶναι
820 2832 880 2863 καὶ
910 2830 971 2874 μή.
1005 2830 1102 2862 Ὠιι-τ’
1134 2828 1266 2876 ἀνάγκη
1306 2828 1379 2874 ἅμα

375 2875 540 2932 ὑπάρᾉειν
567 2877 717 2922 ἐνεργείᾳ
743 2875 974 2919 ἀντικείμενα.

305 2919 414 2952 Ἀλλά
435 2931 502 2964 μην
529 2915 625 2953 οὐδέν
650 2921 679 2967 γ’
703 2919 825 2958 ἀληθὲς
849 2920 955 2952 εἰπεῖν
979 2920 1036 2951 νῦν
1064 2918 1118 2951 ὅτι
1136 2919 1209 2951 ἐστὶ
1228 2917 1378 2962 πέρυσιν,

378 2961 458 2996 οὑδὲ
481 2963 616 3008 πέρυσιν
642 2966 697 2999 ὅτι
728 2966 785 2998 νῦν
811 2965 918 2998 ἐστίν.
954 2959 1144 2996 Ἀδύνατον
1177 2963 1242 3008 ἄρα
1271 2962 1318 3006 μή
1345 2963 1380 2995 ὄν

379 3018 466 3040 ποτε
490 3007 629 3052 ὕστερον
656 3005 763 3043 ἀίδιον
782 3007 887 3042 εἶναι·
911 3007 977 3050 ἕξει
993 3008 1058 3055 γάρ
1077 3007 1214 3052 ὕστερον
1240 3009 1298 3039 καὶ
1315 3007 1379 3045 τήν

379 3051 443 3083 τοῦ
492 3050 514 3088 ἢ
539 3049 624 3085 εἶναι
648 3049 804 3099 δύναμιν.
842 3053 933 3090 Πλῆν
959 3051 997 3085 οὐ
1023 3053 1086 3086 τοῦ
1111 3051 1195 3085 τότε
1220 3052 1266 3096 μή
1293 3049 1379 3084 εἶναι

380 3094 439 3127 ὅτε
481 3106 556 3128 στιν
580 3097 748 3151 (ὑπάρχει
772 3098 836 3144 γάρ
862 3099 1013 3144 ἐνεργείᾳ
1040 3098 1108 3142 ὅν),
1131 3097 1222 3130 ἀλλα
1238 3097 1302 3129 τοῦ
1321 3096 1380 3129 πέ-

397 3150 468 3171 υσιν
499 3141 557 3171 καὶ
589 3140 621 3171 ἐν
653 3153 702 3183 τῳ
733 3141 939 3184 παρελθόντι
971 3141 1090 3187 χρόνῳ.
1125 3142 1240 3173 Ἔστω
1271 3135 1315 3178 δὴ
1341 3140 1381 3173 οὑ

380 3194 452 3228 εχει
477 3183 541 3220 τῆν
566 3178 709 3229 δύναμιν
734 3185 823 3229 ὑπάρ
853 3197 886 3217 ον
905 3187 1073 3243 ἐνεργείᾳ·
1093 3186 1192 3219 ἔσται
1213 3186 1278 3230 ἄρα
1298 3187 1379 3223 ἀλη-

379 3227 432 3266 θὲς
459 3228 564 3260 εἰπεῖν
595 3229 652 3260 νῦν
678 3228 733 3262 ὅτι
757 3230 818 3262 οὑκ
843 3242 917 3263 εστι
949 3243 1097 3276 περυσιν.
1133 3229 1224 3263 Ἀλλ’
1255 3226 1380 3263 ἀδύνα-

380 3284 439 3306 τον
451 3284 458 3291 ·
483 3267 707 3329 οὐδεμίαχοὶρ
723 3268 866 3317 δύναμις
885 3275 948 3306 τοῦ
964 3274 1142 3322 γεγονέναι
1163 3275 1270 3316 ἔστιν,
1291 3274 1383 3307 ἀλλοὶ

380 3318 443 3350 τοῦ
476 3314 563 3349 εἶναι
588 3316 610 3353 ἦ
636 3316 783 3350 εσεσθαι.
819 3319 959 3362 Ὁμοίως
990 3315 1029 3352 δὲ
1059 3321 1118 3351 καὶ
1143 3320 1186 3352 τό
1216 3317 1379 3364 πρότερον

381 3361 416 3394 ὂν
451 3356 557 3394 ἀίδιον
593 3360 731 3406 ὕστερον
762 3361 811 3406 μή
841 3361 953 3394 ἐστιν·
986 3362 1052 3404 ἔξει
1076 3362 1141 3409 γάρ
1173 3359 1316 3408 δύναμιν
1342 3363 1380 3395 οὑ

380 3407 449 3451 ἐνερ
476 3408 529 3448 είορ
563 3406 622 3438 οὑκ
655 3406 760 3439 ἔστιν.
796 3404 892 3438 ‘'sse-‘r'
923 3405 961 3438 ἂν
994 3406 1101 3451 θῶμεν
1134 3407 1175 3439 τὰ
1209 3402 1379 3448 δυνατόν,

381 3449 447 3488 άλη
473 3451 505 3489 ἐς
530 3450 629 3484 ἔσται
654 3451 758 3483 εἰπεῖν
783 3450 840 3482 νῦν
867 3449 920 3483 ὅτι
946 3452 1042 3484 τοῦτ’
1066 3451 1139 3483 ἔστι
1162 3451 1296 3495 πέρυσιν
1321 3453 1380 3483 καὶ

382 3495 465 3534 ὅλως
492 3493 524 3527 ἐν
549 3497 598 3538 τῷ
623 3494 829 3540 παρελθόντι
879 3494 975 3539 ρόνῳ.

311 3541 378 3572 Καὶ
403 3540 544 3584 φυσικῶς
569 3535 607 3572 δὲ
630 3542 689 3572 καὶ
713 3540 760 3583 μή
785 3538 932 3571 καθολου
957 3539 1138 3571 σκοποῦσιν
1167 3534 1340 3572 ἀδύνατον
1358 3539 1380 3576 ἦ

381 3580 489 3618 ἀίδιον
523 3583 558 3617 ὃν
590 3584 753 3630 πρότερον
787 3584 962 3629 φθαρῆναι·
982 3582 1143 3627 ὕστερον,
1171 3581 1191 3620 ἦ
1218 3583 1380 3628 πρότερον

380 3630 427 3674 μή
455 3629 489 3662 ὃν
516 3628 653 3674 ὕστερον
680 3624 788 3662 ἀΐδιον
810 3626 907 3661 εἶναι.
944 3628 995 3661 Tot
1012 3628 1076 3674 γάρ
1094 3627 1230 3673 φθαρτοὶ
1252 3629 1310 3660 καὶ
1327 3640 1382 3674 γε-

491 3694 561 3727 Ορρ.
581 3694 612 3718 D.
627 3693 742 3718 ”ramme
761 3692 794 3717 T.
809 3693 848 3717 III.

1490 963 1612 1004 ptibile,
1637 970 1668 1001 et
1691 964 1781 1004 quod
1803 963 1981 1004 ingenitum
2005 964 2167 1006 corrumpi
2182 974 2288 1006 posse,
2314 964 2412 994 semel
2436 974 2498 994 exl-

1491 1014 1592 1039 stente
1615 1007 1690 1039 huic
1714 1008 1845 1050 quidem
1868 1009 2081 1049 generatibne,
2100 1009 2175 1040 huic
2192 1015 2300 1040 autem
2321 1008 2498 1048 corruptio-

1491 1061 1548 1091 ne,
1572 1052 1727 1093 perimere
1752 1059 1799 1083 est
1822 1052 1971 1083 datorum
2001 1053 2130 1094 aliquid.
2154 1056 2221 1084 Aut
2251 1053 2338 1084 enim
2360 1051 2498 1091 infinito,

1492 1103 1548 1128 aut
1564 1103 1685 1138 quanto
1701 1097 1846 1138 quodam
1859 1097 2067 1128 determinato
2080 1104 2224 1138 tempore
2239 1103 2375 1138 possunt
2390 1096 2500 1127 omnia

1493 1147 1549 1172 aut
1571 1141 1672 1172 facere
1695 1148 1750 1172 aut
1773 1141 1838 1181 pati
1863 1148 1917 1172 aut
1945 1151 2011 1172 esse
2040 1149 2095 1173 aut
2118 1152 2184 1173 non
2208 1149 2291 1173 esse:
2321 1147 2352 1172 et
2374 1140 2499 1172 infinito

1494 1192 1624 1225 propter
1642 1185 1716 1224 hoc,
1733 1185 1809 1226 quia
1823 1186 2068 1216 determinatum
2086 1193 2131 1217 est
2147 1186 2324 1227 aliqualiter
2337 1184 2501 1216 infinitum

1494 1229 1584 1260 cuius
1604 1239 1671 1260 non
1693 1236 1739 1261 est
1757 1230 1839 1270 plus.
1865 1230 1964 1267 Quod
1987 1237 2095 1261 autem
2114 1241 2180 1272 quo
2205 1229 2378 1269 infinitum,
2395 1239 2500 1271 neque

1494 1272 1656 1305 infinitum
1679 1284 1784 1315 neque
1808 1274 2062 1306 determinatum.

1427 1314 1443 1331 *
1464 1317 1593 1357 Adhuc,
1617 1318 1696 1359 quid
1721 1319 1821 1359 magis
1845 1318 1878 1349 in
1902 1319 1964 1349 hoc
1984 1319 2075 1358 signo
2094 1328 2219 1359 semper
2241 1328 2296 1349 ens
2319 1318 2408 1359 prius
2432 1328 2499 1349 cor-

1494 1369 1628 1403 ruptum
1651 1369 1708 1402 est,
1732 1370 1788 1394 aut
1810 1373 1877 1394 non
1901 1373 1956 1393 ens
1979 1362 2104 1394 infinito
2128 1363 2248 1394 factum
2272 1360 2338 1394 est?
2361 1362 2394 1393 Si
2415 1362 2502 1393 enim

1496 1406 1574 1437 nihil
1597 1407 1718 1448 magis,
1741 1407 1863 1438 infinita
1887 1414 1994 1438 autem
2018 1407 2124 1448 signa,
2149 1407 2255 1448 palam
2277 1407 2353 1448 quia
2375 1405 2500 1438 infinito

1496 1458 1641 1492 tempore
1665 1458 1730 1483 erat
1753 1451 1874 1492 aliquid
1897 1451 2075 1492 generabile
2104 1458 2134 1483 et
2157 1451 2371 1492 corruptibile.
2393 1451 2502 1482 Potest

1496 1495 1591 1536 igitur
1615 1506 1682 1526 non
1706 1506 1772 1527 esse
1796 1495 1922 1527 infinito
1945 1502 2100 1536 tempore.
2126 1495 2229 1527 Simul
2257 1495 2352 1535 igitur
2375 1495 2502 1526 habebit

1491 1540 1642 1571 virtutem
1657 1540 1725 1571 eius
1749 1541 1839 1581 quod
1863 1550 1930 1571 non
1949 1550 2016 1571 esse
2040 1547 2071 1571 et
2093 1550 2171 1578 esse,
2188 1540 2250 1570 hoc
2266 1539 2398 1580 quidem
2414 1540 2502 1579 prius

1497 1585 1523 1615 si
1540 1584 1755 1625 corruptibile,
1771 1584 1834 1615 hoc
1850 1592 1958 1615 autern
1973 1584 2130 1625 posterius
2146 1584 2172 1614 si
2188 1583 2374 1625 generabile.
2393 1583 2502 1624 Itaque

1498 1629 1524 1659 si
1547 1629 1677 1660 existere
1700 1638 1860 1669 ponamus
1883 1639 1966 1670 quae
1989 1635 2135 1669 possunt,
2160 1628 2309 1669 opposita
2332 1628 2429 1658 simul
2443 1628 2503 1658 exi-

1497 1680 1595 1704 stunt.

1429 1718 1447 1736 *
1461 1717 1577 1749 Adhuc
1589 1724 1698 1749 autem
1710 1723 1740 1748 et
1759 1717 1821 1748 hoc
1845 1717 1987 1748 similiter
2003 1717 2036 1747 in
2049 1717 2138 1747 omni
2155 1716 2245 1757 signo
2262 1716 2379 1747 existet.
2396 1716 2502 1753 Quare

1498 1761 1622 1793 infinito
1646 1768 1791 1802 tempore
1820 1761 1887 1792 eius
1920 1761 2010 1803 quod
2042 1771 2108 1792 non
2133 1771 2199 1792 esse
2227 1767 2257 1792 et
2281 1770 2348 1791 esse
2371 1761 2504 1792 habebit

1497 1806 1657 1839 virtutem.
1682 1806 1744 1837 Sed
1767 1812 1933 1837 ostensum
1957 1812 2003 1837 est
2026 1805 2101 1847 quia
2124 1805 2322 1846 impossibile
2344 1805 2417 1836 hoc.

1430 1851 1564 1890 Adhuc,
1589 1851 1614 1882 si
1637 1850 1725 1892 prius
1747 1851 1851 1881 virtus
1871 1850 1974 1881 existit
1996 1857 2090 1889 actu,
2114 1850 2204 1880 omni
2228 1850 2336 1880 existet
2359 1856 2504 1890 tempore

1498 1903 1528 1927 et
1543 1906 1599 1927 ens
1615 1894 1836 1936 ingenerabile,
1854 1901 1909 1926 aut
1932 1895 2028 1926 etiam
2044 1904 2111 1925 non
2136 1905 2190 1925 ens
2205 1893 2330 1925 infinito
2346 1901 2503 1934 tempore,

1498 1939 1565 1971 fieri
1594 1946 1702 1971 autem
1730 1939 1891 1980 possibile.
1921 1939 2024 1970 Simul
2054 1946 2162 1970 autem
2192 1948 2259 1969 non
2288 1948 2354 1969 esse
2382 1945 2413 1969 et
2436 1938 2503 1969 eius

1498 1985 1588 2026 quod
1611 1991 1657 2016 est
1681 1994 1748 2015 esse
1770 1984 1921 2015 virtutem
1944 1983 2090 2022 habebat,
2107 1990 2137 2015 et
2157 1983 2220 2014 hoc
2236 1993 2367 2024 quoque
2391 1992 2458 2013 esse
2475 1989 2505 2014 et

1498 2028 1656 2070 posterius
1680 2027 1804 2059 infinito
1828 2028 1940 2069 utique
1963 2035 2117 2069 tempore.

1430 2074 1448 2093 *
1470 2073 1677 2105 Manifestum
1699 2079 1808 2104 autem
1831 2079 1862 2103 et
1884 2072 1973 2103 aliter
1996 2073 2086 2113 quod
2108 2071 2307 2112 impossibile
2329 2078 2376 2102 est
2398 2081 2505 2102 corru-
2531 2081 2539 2089 ·

1499 2118 1609 2159 ptibile
1637 2127 1693 2149 ens
1723 2127 1790 2148 non
1825 2123 2012 2158 corruptum
2036 2127 2103 2148 esse
2133 2116 2338 2158 quandoque.
2375 2116 2506 2156 Semper

1500 2163 1587 2194 enim
1611 2162 1668 2193 erit
1690 2161 1787 2193 simul
1803 2168 1834 2192 et
1853 2161 2057 2202 corruptibile
2082 2168 2112 2192 et
2132 2160 2371 2201 incorruptibile
2390 2160 2504 2190 entele-

1500 2207 1586 2238 chia:
1611 2216 1709 2248 quare
1725 2206 1822 2237 simul
1845 2206 1903 2237 erit
1925 2205 2076 2246 possibile
2100 2212 2130 2236 et
2146 2215 2271 2246 semper
2294 2214 2361 2235 esse
2385 2211 2415 2235 et
2437 2214 2505 2234 non

1500 2261 1635 2292 semper.
1660 2250 1886 2291 Corrumpitur
1904 2250 2000 2291 igitur
2018 2250 2214 2292 quandoque
2230 2248 2443 2289 corruptibile.
2463 2249 2506 2279 Et

1501 2296 1527 2327 si
1550 2295 1743 2336 generabile,
1768 2294 1888 2325 factum
1912 2301 1974 2326 est:
1999 2294 2149 2335 possibile
2173 2293 2259 2324 enim
2282 2292 2401 2324 factum
2426 2303 2504 2332 esse,

1501 2347 1532 2371 et
1554 2350 1622 2371 non
1644 2349 1770 2379 semper
1792 2339 1923 2380 quidem
1947 2349 2025 2370 esse.

1431 2385 1450 2405 *
1461 2386 1518 2416 Est
1533 2391 1642 2416 autem
1657 2390 1689 2415 et
1706 2383 1750 2414 sic
1765 2383 1871 2414 videre
1889 2383 1979 2424 quod
1997 2382 2193 2423 impossibile
2209 2388 2265 2413 aut
2279 2381 2370 2423 quod
2386 2381 2506 2412 sactum

1501 2436 1547 2461 est
1569 2429 1765 2470 quandoque
1787 2427 2027 2468 incorruptibile
2050 2426 2170 2468 aliquid
2194 2435 2276 2465 esse,
2299 2432 2355 2457 aut
2376 2425 2506 2466 ingene-

1500 2473 1596 2505 rabile
1612 2483 1668 2504 ens
1685 2479 1716 2504 et
1731 2482 1856 2513 semper
1867 2472 1956 2512 prius
1976 2470 2147 2511 corrumpi.
2166 2472 2279 2512 Neque
2295 2469 2381 2501 enim
2397 2480 2415 2500 a
2431 2479 2505 2500 casu

1500 2528 1605 2559 neque
1624 2516 1863 2557 incorruptibile
1886 2526 1990 2557 neque
2013 2515 2223 2556 ingenerabile
2247 2514 2398 2556 possibile
2422 2521 2506 2544 esse:

1499 2563 1517 2582 *
1533 2563 1622 2604 quod
1642 2561 1773 2603 quidem
1797 2561 1883 2592 enirn
1907 2560 2031 2591 casuale
2055 2567 2102 2591 est
2124 2565 2179 2590 aut
2195 2570 2213 2590 a
2229 2558 2367 2597 fortuna,
2384 2564 2507 2599 praeter

1501 2617 1626 2648 semper
1645 2613 1676 2637 et
1699 2612 1735 2637 ut
1750 2605 1929 2646 frequenter
1945 2611 2000 2635 aut
2019 2611 2065 2635 est
2083 2610 2138 2635 aut
2153 2603 2205 2642 fit;
2228 2604 2318 2644 quod
2337 2609 2444 2633 autem
2460 2602 2505 2632 in-

1500 2651 1592 2683 finito
1615 2658 1761 2691 tempore
1784 2656 1840 2681 aut
1862 2648 2046 2689 simpliciter
2069 2655 2124 2679 aut
2139 2658 2158 2678 a
2173 2648 2313 2689 quadam
2335 2653 2423 2687 parte
2448 2653 2504 2685 est,

1501 2703 1557 2727 aut
1571 2705 1697 2737 semper
1715 2701 1771 2726 aut
1785 2701 1822 2725 ut
1836 2693 2017 2735 frequenter
2032 2693 2135 2724 existit
2149 2702 2214 2724 ens.
2234 2692 2251 2711 *
2263 2693 2397 2723 Necesse
2412 2691 2509 2731 igitur

1501 2748 1614 2772 natura
1628 2740 1702 2771 talia
1720 2738 1916 2780 quandoque
1938 2737 2071 2779 quidem
2090 2747 2172 2776 esse,
2189 2737 2385 2778 quandoque
2400 2742 2508 2766 autem

1501 2795 1580 2816 non.
1603 2784 1735 2815 Talium
1758 2790 1866 2814 autem
1889 2782 2001 2813 eadem
2016 2781 2159 2823 potentia
2175 2779 2453 2818 contradictionis;
2477 2786 2508 2810 et

1502 2829 1632 2860 materia
1661 2838 1755 2860 causa
1783 2827 1851 2858 eius
1874 2827 1965 2868 quod
1995 2836 2062 2857 esse
2086 2833 2117 2857 et
2139 2836 2216 2856 non.
2247 2825 2356 2866 Itaque
2380 2834 2506 2854 necesse

1503 2874 1599 2905 etiam
1621 2873 1718 2904 simul
1742 2872 1871 2903 existere
1894 2877 1966 2902 actu
1991 2870 2150 2911 opposita.

1435 2920 1452 2940 *
1467 2919 1530 2951 Sed
1545 2918 1649 2949 adhuc
1664 2927 1770 2958 neque
1784 2926 1898 2947 verum
1913 2915 2015 2946 dicere
2033 2924 2120 2945 nunc
2136 2914 2212 2955 quia
2228 2920 2274 2944 est
2290 2922 2391 2943 annus
2406 2912 2505 2952 prior,

1502 2972 1607 3004 neque
1623 2972 1726 2993 annus
1749 2961 1837 3002 prior
1859 2960 1935 3002 quia
1948 2970 2035 2990 nunc
2054 2966 2110 2990 est.
2134 2957 2333 2998 Impossibile
2349 2966 2424 2996 ergo
2440 2965 2506 2986 non

1503 3018 1558 3039 ens
1571 3006 1743 3047 aliquando
1756 3005 1914 3046 posterius
1931 3003 2160 3044 sempiternum
2173 3011 2249 3032 esse.
2267 3001 2404 3031 Habebit
2420 3000 2507 3030 enim

1502 3051 1661 3093 posterius
1677 3057 1708 3081 et
1723 3050 1791 3081 eius
1807 3050 1896 3090 quod
1920 3055 1967 3079 est
1989 3057 2055 3078 non
2080 3056 2146 3077 esse
2169 3046 2336 3076 virtutem:
2361 3045 2377 3064 *
2392 3054 2505 3075 verun-

1502 3104 1610 3128 tamen
1635 3105 1701 3126 non
1725 3094 1792 3125 eius
1815 3093 1904 3134 quod
1927 3099 2003 3123 tunc
2019 3101 2086 3121 non
2103 3100 2169 3121 esse
2194 3088 2313 3132 (existit
2330 3088 2416 3119 enim
2435 3095 2507 3119 actu

1504 3139 1596 3183 ens);
1621 3140 1676 3170 sed
1698 3139 1731 3169 in
1755 3148 1840 3169 anno
1864 3136 1968 3177 priore
1985 3142 2015 3166 et
2036 3135 2069 3165 in
2092 3133 2260 3175 praeterito
2280 3139 2434 3173 tempore.
2459 3133 2507 3164 Sit

1503 3186 1610 3225 itaque
1634 3183 1724 3215 cuius
1747 3182 1841 3213 habet
1875 3181 2024 3211 virtutem
2055 3179 2188 3210 existens
2212 3185 2303 3209 actu:
2328 3177 2385 3208 erit
2412 3177 2508 3217 igitur

1502 3239 1615 3260 verum
1639 3228 1740 3258 dicere
1764 3235 1850 3256 nunc
1873 3224 1948 3265 quia
1970 3234 2036 3254 non
2061 3230 2107 3254 est
2123 3233 2224 3253 annus
2240 3221 2337 3263 prior.
2362 3221 2425 3252 Sed
2446 3221 2507 3252 im-

1503 3273 1670 3314 possibile:
1694 3280 1798 3312 neque
1817 3279 1881 3300 una
1897 3269 1983 3299 enim
1998 3267 2096 3299 virtus
2121 3267 2188 3298 eius
2211 3267 2302 3308 quod
2325 3272 2371 3296 est
2386 3265 2507 3297 facturn

1504 3327 1586 3356 esse,
1606 3316 1661 3347 sed
1683 3315 1751 3345 eius
1775 3314 1864 3355 quod
1888 3323 1955 3343 esse
1978 3318 2034 3343 aut
2056 3311 2202 3342 futurum
2226 3320 2303 3342 esse.
2326 3310 2344 3330 *
2359 3309 2509 3341 Similiter

1503 3369 1611 3392 autem
1627 3366 1658 3390 et
1677 3359 1702 3389 si
1725 3358 1812 3399 prius
1837 3367 1892 3388 ens
1916 3356 2146 3397 sempiternum
2161 3355 2320 3396 posterius
2343 3364 2411 3385 non
2435 3354 2506 3385 erit:

1503 3404 1630 3436 habebit
1654 3403 1739 3434 enim
1762 3402 1912 3433 virtutem
1943 3401 2034 3432 cuius
2058 3407 2146 3431 actus
2169 3409 2236 3430 non
2260 3406 2316 3430 est.
2350 3399 2458 3439 Itaque
2483 3398 2508 3429 si

1503 3458 1663 3491 ponamus
1687 3446 1848 3488 possibile,
1864 3455 1977 3476 verum
2000 3451 2046 3476 est
2069 3445 2171 3475 dicere
2194 3453 2280 3475 nunc
2298 3443 2374 3484 quia
2390 3449 2436 3474 est
2454 3453 2508 3473 an-

1504 3504 1565 3525 nus
1587 3492 1691 3533 prior,
1715 3498 1745 3522 et
1768 3490 1984 3521 universaliter
2006 3489 2040 3520 in
2063 3488 2230 3530 praeterito
2258 3495 2413 3528 tempore.

1436 3539 1453 3558 *
1476 3539 1517 3569 Et
1539 3536 1721 3568 naturaliter
1744 3542 1851 3566 autem
1882 3541 1912 3565 et
1934 3544 2001 3564 non
2031 3533 2246 3564 universaliter
2273 3531 2508 3563 intendentibus

1503 3580 1700 3622 impossibile
1731 3586 1786 3611 aut
1809 3578 2039 3620 sempiternum
2063 3588 2118 3609 ens
2142 3577 2238 3619 prius*
2258 3576 2420 3617 corrumpi
2450 3586 2507 3615 po-

1505 3626 1628 3665 sterius,
1651 3631 1706 3656 aut
1729 3624 1817 3665 prius
1840 3634 1907 3654 non
1931 3633 1986 3654 ens
2010 3622 2167 3664 posterius
2183 3621 2413 3662 sempiternum
2430 3629 2506 3650 esse.

2298 3683 2326 3708 15

2525 922 2534 931 ·
2550 921 2605 948 Seq.
2621 926 2672 949 cap.
2683 928 2723 943 xn.

2528 1324 2537 1332 ·
2552 1322 2622 1344 Text.
2638 1327 2678 1350 ¹3¹-

2530 1722 2538 1730 ·
2554 1720 2624 1742 Text.
2640 1726 2684 1748 ¹3²·

2555 2079 2622 2101 Text.
2638 2085 2680 2107 133.

2531 2386 2540 2396 ‘¹
2555 2384 2623 2406 Text.
2639 2390 2685 2413 134.

2532 2563 2542 2573 *
2557 2562 2625 2585 Text.
2641 2569 2682 2591 ¹35·

2535 2697 2544 2705 ¹
2559 2695 2627 2717 Text.
2643 2695 2687 2723 136.

2535 2919 2543 2927 ¹
2559 2917 2626 2940 Text.
2641 2923 2687 2946 137·

2534 3052 2542 3060 ·
2558 3050 2627 3072 Text.
2642 3050 2687 3078 138.

2536 3315 2544 3322 ·
2559 3312 2627 3334 Text.
2643 3318 2689 3341 ¹39·

2536 3538 2544 3545 ¹
2560 3535 2627 3556 Text.
2643 3540 2691 3561 140.
