2782 4134
118 372 126 380 “
142 370 210 391 Num.
228 375 247 396 5.

117 475 127 485 ⁸
140 474 209 496 Num.
225 475 246 496 8.

112 788 121 796 “
130 785 220 813 quidem
227 786 241 806 Ρ
248 785 276 806 cf.
287 786 320 806 in-

112 812 145 833 fra
156 813 207 833 lect.
218 818 258 838 xu,
269 818 321 838 n.4.

111 850 122 854 -
131 844 182 859 esse
258 845 278 859 ι’.

111 866 119 874 “
135 864 210 886 modis
223 871 250 886 EF

108 1049 119 1059 ⁴
132 1049 201 1070 Num.
216 1055 234 1070 2.

106 1261 114 1270 '
129 1262 155 1280 ut
167 1260 218 1282 add.
233 1266 255 1282 Λ.

95 2319 103 2326 ·
120 2318 155 2339 vel
169 2317 236 2339 codd.

94 2372 103 2379 ·
118 2371 216 2398 aliquem
229 2377 266 2393 om
279 2378 300 2393 r.

94 2737 102 2745 ·
123 2735 179 2763 Cap.
195 2742 209 2758 x
219 2752 224 2761 ,
246 2743 268 2758 n.
287 2737 301 2759 6

94 2768 153 2789 sqq.;
164 2762 238 2784 S.Th.
250 2764 301 2786 lect.

94 2794 142 2815 xm,
151 2795 174 2810 n.
184 2795 195 2810 2
206 2795 258 2817 sqq.

95 2847 102 2854 ·
119 2847 225 2868 caelestis
239 2854 259 2868 P.

360 280 432 325 154

355 367 505 405 semper
533 354 759 400 remittatur,
794 353 861 389 ibi:
891 351 964 388 Sed
989 351 1112 387 adhuc
1140 361 1259 397 neque
1281 350 1301 408 *j
1322 356 1410 396 etc.;

354 409 460 447 tertio
472 407 633 445 ostendit
647 405 878 455 impossibile
894 417 975 441 esse
991 402 1095 452 quod
1109 402 1276 439 vicissim
1292 409 1411 438 inten-

354 464 463 500 datur
482 468 518 497 et
537 460 753 505 remittatur,
775 458 844 494 ibi:
864 456 1102 504 Relinquitur
1120 455 1245 502 itaque
1263 454 1282 475 ²¹⁶
1302 461 1371 490 etc.

404 527 441 561 4.
463 513 563 550 Dicit
582 525 669 560 ergo
688 511 812 560 primo
834 509 937 559 quod
957 507 1209 545 irrationabile
1230 514 1285 543 est
1305 506 1410 555 quod

351 574 477 604 motor
506 566 595 602 caeli
623 564 769 601 infinito
798 571 969 611 tempore
997 562 1042 598 sit
1069 567 1205 609 potens
1241 567 1276 596 et
1303 560 1408 619 velo-

352 620 441 656 citer
467 626 632 665 moveat,
663 624 698 653 et
725 628 850 652 rursus
878 614 950 651 alio
979 613 1126 650 infinito
1160 621 1332 661 tempore
1362 621 1408 649 sit

350 673 538 721 impotens
567 678 602 707 et
629 669 732 706 tarde
765 675 920 705 moveat
944 669 1049 714 (nam
1079 665 1251 703 remissio
1280 673 1408 703 motus

350 732 523 762 causatur
534 736 578 760 ex
589 721 818 771 impotentia,
832 719 990 756 intensio
1007 726 1135 756 autern
1150 732 1195 756 ex
1210 719 1406 768 potentia).

349 779 397 814 Et
415 779 489 814 hoc
507 777 607 814 idem
629 777 648 796 *
673 786 752 810 esse
781 773 1046 820 irrationabile,
1072 772 1236 809 ostendit
1256 772 1406 809 duobus

348 830 481 867 mediis
494 832 523 866 ’ἦ
541 829 667 866 Primo
684 826 836 875 quidem
857 826 946 874 quia
960 826 1052 863 nihil
1066 833 1217 875 praeter
1231 834 1405 863 naturam

347 883 495 920 videtur
523 882 675 918 existere
704 887 876 928 tempore
905 878 1073 916 infinito:
1099 891 1144 915 ea
1173 879 1276 916 enim
1305 891 1404 927 quae

347 944 432 973 sunt
451 935 657 972 secundum
686 940 870 979 naturam,
897 940 984 969 sunt
1011 944 1164 981 semper
1182 933 1245 969 vel
1268 931 1307 968 in
1325 944 1405 968 ma-

345 989 414 1025 iori
440 995 556 1037 parte.
582 985 806 1035 Impotentia
826 992 954 1023 autem
975 993 1031 1022 est
1049 993 1197 1034 praeter
1216 992 1403 1032 naturam,

344 1049 385 1078 ut
403 1042 571 1078 habitum
593 1047 646 1076 est
657 1041 692 1076 *ε
716 1051 804 1086 ergo
820 1038 1055 1088 impossibile
1072 1046 1126 1075 est
1141 1038 1247 1086 quod
1262 1037 1403 1086 aliquid

343 1094 487 1131 infinito
515 1101 684 1142 tempore
713 1092 759 1129 sit
781 1091 983 1140 impotens.
1006 1091 1184 1129 Secundo
1210 1091 1299 1140 quia
1323 1103 1402 1129 non

344 1154 398 1183 est
424 1147 578 1194 aequale
603 1153 754 1194 tempus
783 1144 862 1181 eius
883 1145 987 1194 quod
1016 1152 1072 1182 est
1100 1144 1315 1182 secundum
1335 1157 1400 1181 na-

341 1206 484 1246 turam,
515 1206 550 1235 et
578 1198 657 1235 eius
686 1197 792 1247 quod
826 1205 882 1234 est
908 1205 1058 1247 praeter
1090 1205 1281 1235 naturam:
1311 1197 1401 1248 quia

339 1252 377 1289 id
405 1251 507 1299 quod
536 1258 590 1288 est
616 1258 765 1300 praeter
783 1258 957 1288 naturam
977 1259 1031 1288 est
1047 1252 1066 1272 ss
1086 1251 1124 1288 in
1142 1251 1400 1300 paucioribus,

339 1305 376 1341 id
405 1312 530 1340 autem
559 1304 663 1352 quod
693 1312 747 1340 est
774 1305 985 1342 secundum
1014 1312 1188 1342 naturam
1219 1312 1273 1342 est
1301 1313 1342 1342 ut
1361 1305 1400 1342 in

336 1357 504 1406 pluribus
523 1357 584 1393 vel
612 1369 773 1405 semper.
805 1357 882 1394 Sed
909 1357 1079 1407 potentia
1099 1357 1153 1394 rei
1182 1365 1238 1395 est
1266 1370 1399 1396 secun-

338 1410 428 1447 dum
457 1417 639 1456 naturam,
661 1410 883 1458 impotentia
911 1418 1038 1448 autem
1067 1418 1123 1448 est
1153 1418 1305 1459 praeter
1332 1424 1398 1448 na-

336 1470 468 1499 turam.
486 1463 586 1510 Ergo
607 1462 840 1511 impossibile
861 1470 916 1500 est
936 1465 1042 1513 quod
1061 1463 1202 1513 aliquid
1222 1471 1396 1513 tempore

336 1515 483 1564 aequali
501 1520 526 1562 ⁷,
556 1516 694 1552 scilicet
721 1523 895 1565 ternpore
924 1516 1094 1565 infinito,
1122 1517 1167 1554 sit
1194 1525 1332 1566 potens
1362 1526 1398 1556 et

335 1569 538 1617 impotens:
561 1576 596 1605 et
613 1581 682 1617 per
702 1581 940 1618 consequens
960 1570 1193 1619 impossibile
1214 1579 1270 1608 est
1289 1571 1395 1619 quod

334 1621 477 1658 infinito
507 1628 677 1671 tempore
706 1622 921 1660 intendatur
949 1631 1090 1670 motus,
1112 1631 1148 1661 et
1175 1624 1312 1661 iterum
1341 1624 1395 1662 in-

333 1674 439 1711 finito
458 1681 627 1724 tempore
649 1675 868 1713 remittatur.
892 1677 969 1714 Sed
989 1676 1019 1714 si
1040 1676 1239 1714 remittitur
1266 1685 1394 1715 motus

334 1727 423 1764 caeli
452 1727 660 1765 secundum
690 1729 851 1766 modum
890 1730 954 1778 qui
984 1730 1104 1767 dictus
1134 1738 1208 1778 est,
1238 1743 1394 1768 necesse

333 1787 388 1816 est
415 1781 518 1829 quod
545 1781 691 1818 infinito
730 1789 903 1832 tempore
938 1783 1158 1820 remittatur.
1179 1805 1203 1811 -
1224 1783 1393 1831 Quidam

332 1841 473 1880 tamen,
503 1846 581 1870 non
608 1835 852 1883 intelligentes
881 1835 1131 1874 intentionem
1160 1836 1391 1886 Aristotelis,

332 1886 517 1935 accipiunt
535 1887 609 1923 hoc
628 1888 735 1937 quasi
750 1889 968 1938 simpliciter
988 1897 1024 1927 et
1043 1890 1215 1927 absolute
1237 1890 1392 1939 dictum,

333 1952 377 1976 eo
406 1940 508 1988 quod
536 1953 614 1977 non
635 1949 689 1978 est
716 1942 810 1979 ratio
831 1954 948 1990 quare
966 1943 1088 1991 magis
1116 1955 1194 1980 uno
1217 1951 1391 1993 tempore

331 1993 535 2030 remittatur
563 2006 678 2043 quam
706 1994 791 2032 alio.
814 1995 892 2033 Sed
919 1996 995 2033 hoc
1015 2003 1071 2033 est
1097 2004 1247 2046 praeter
1275 1997 1394 2035 inten—

331 2046 472 2083 tionem
500 2046 734 2096 Philosophi.

385 2101 416 2136 5.
438 2099 583 2136 Deinde
622 2113 710 2138 cum
748 2100 852 2138 dicit:
883 2102 958 2139 Sed
983 2102 1108 2139 adhuc
1144 2114 1264 2151 neque
1299 2111 1392 2151 etc.,

330 2152 490 2190 ostendit
526 2154 629 2202 quod
665 2153 897 2203 impossibile
936 2155 982 2192 sit
1015 2162 1164 2192 motum
1202 2156 1294 2193 caeli
1331 2157 1393 2193 vel

330 2218 479 2254 semper
506 2205 658 2255 intendi,
678 2205 745 2255 ivel
774 2220 926 2257 semper
954 2208 1108 2255 remitti;
1135 2216 1170 2245 et
1198 2209 1273 2246 hoc
1302 2209 1392 2247 dua—

329 2259 399 2295 bus
419 2259 634 2296 rationibus.
657 2261 831 2307 Quarum
859 2261 982 2310 prima
1012 2269 1083 2308 est,
1113 2262 1203 2310 quia
1230 2261 1392 2300 intensio

330 2319 364 2348 et
387 2313 407 2332 *
435 2312 605 2349 remissio
635 2314 832 2351 cuiuslibet
865 2322 993 2351 motus
1025 2314 1235 2363 irregularis
1264 2315 1391 2353 deficit

329 2365 423 2402 circa
443 2365 606 2414 aliquem
620 2368 640 2387 *
658 2367 862 2404 terminum
882 2367 1000 2417 ipsius
1028 2375 1173 2415 motus;
1194 2367 1288 2405 sicut
1308 2381 1391 2405 mo-

328 2425 386 2455 tus
413 2419 587 2456 naturalis
615 2419 818 2458 intenditur
840 2433 962 2470 usque
991 2420 1040 2458 ad
1069 2420 1234 2471 aliquem
1264 2422 1391 2459 termi—

327 2483 431 2519 num,
453 2479 488 2508 et
507 2471 674 2509 similiter
692 2482 820 2510 motus
838 2473 1030 2511 violentus
1050 2474 1249 2512 remittitur
1268 2487 1390 2524 usque

328 2525 376 2561 ad
391 2525 553 2573 aliquem
567 2526 782 2564 terminum.
801 2526 841 2564 Si
857 2539 946 2575 ergo
962 2527 1122 2564 intensio
1137 2528 1199 2565 vel
1216 2529 1389 2566 remissio

328 2584 453 2614 motus
474 2578 564 2615 caeli
583 2591 779 2628 nunquam
799 2580 1033 2628 terminetur,
1055 2582 1122 2619 sed
1142 2581 1180 2618 in
1200 2581 1389 2619 infinitum

328 2631 518 2679 procedat,
539 2632 705 2681 sequitur
733 2634 836 2682 quod
865 2641 992 2671 motus
1021 2634 1114 2671 caeli
1147 2634 1193 2671 sit
1221 2635 1390 2672 infinitus

330 2690 365 2719 et
392 2683 710 2722 indeterminatus.
741 2686 857 2734 Quod
880 2694 984 2736 patet
1013 2699 1093 2724 esse
1123 2687 1275 2725 falsum:
1301 2701 1389 2737 pro-

329 2735 459 2773 batum
488 2745 542 2774 est
562 2738 661 2775 enim
683 2738 720 2775 in
739 2739 790 2776 VI
810 2741 958 2788 Physic.
975 2740 996 2761 *
1015 2740 1131 2790 quod,
1153 2741 1242 2790 quia
1262 2741 1389 2779 omnis

329 2797 454 2826 motus
484 2798 601 2827 estex
629 2791 755 2841 aliquo
784 2792 822 2830 in
842 2793 994 2842 aliquid,
1016 2806 1171 2831 necesse
1201 2802 1257 2831 est
1285 2796 1389 2844 quod

329 2842 374 2879 sit
393 2843 671 2881 determinatus.
692 2845 802 2883 Unde
823 2845 936 2883 etiam
955 2859 1031 2884 una
1052 2847 1243 2884 circulatio
1264 2848 1391 2885 caeli*

330 2903 384 2933 est
412 2896 672 2934 determinata:
701 2898 768 2935 sed
788 2907 915 2936 motus
944 2900 1037 2936 caeli
1058 2900 1192 2938 dicitur
1221 2901 1389 2938 infinitus

330 2950 537 2987 secundum
559 2949 725 2988 diversas
755 2951 1015 2990 circulationes
1040 2953 1109 2990 sibi
1130 2954 1388 2992 succedentes.

382 3002 417 3038 6.
440 3003 655 3041 Secundam
675 3004 860 3042 rationem
878 3005 986 3054 ponit
1013 3005 1080 3043 ibi:
1110 3007 1245 3044 Adhuc
1263 3013 1389 3045 autem

329 3055 362 3090 si
387 3056 466 3103 quis
495 3063 563 3093 etc.
593 3057 641 3093 Et
670 3057 756 3094 dicit
776 3057 881 3107 quod
908 3059 983 3095 hoc
1007 3058 1119 3096 etiarn
1145 3072 1227 3097 esse
1246 3059 1389 3110 impos-

331 3106 435 3144 sibile
464 3115 518 3144 est
541 3109 780 3147 manifestum
796 3108 820 3158 ⁸,
842 3111 871 3148 si
896 3111 979 3160 quis
999 3112 1184 3150 concedat
1212 3125 1294 3150 esse
1325 3113 1389 3151 ali-

332 3160 435 3207 quod
463 3168 611 3210 tempus
639 3163 852 3212 minimum,
874 3164 924 3201 ita
951 3165 1057 3214 quod
1077 3165 1115 3202 in
1144 3165 1283 3203 minori
1310 3179 1389 3204 non

333 3213 520 3261 contingat
556 3215 703 3252 moveri
738 3217 896 3254 caelum.
929 3218 1097 3264 Quilibet
1131 3218 1231 3255 enim
1261 3227 1389 3257 motus

331 3265 392 3301 vel
411 3265 505 3302 actio
531 3267 644 3304 habet
673 3268 960 3307 determinatum
983 3277 1146 3320 tempus,
1176 3273 1282 3321 quod
1310 3285 1389 3311 non

333 3318 574 3355 transcendit:
608 3321 782 3368 quamvis
811 3322 911 3360 enim
949 3331 1100 3373 tempus
1129 3324 1174 3362 sit
1202 3325 1386 3363 divisibile

386 3446 413 3481 γ)
433 3449 544 3480 aequali.
554 3463 573 3468 -
587 3451 663 3475 totali
672 3451 699 3481 Ρ,
719 3452 750 3476 cf.
764 3457 869 3478 textum.
883 3467 901 3473 -
915 3458 1033 3487 tempore
1052 3462 1110 3481 ante
1130 3457 1233 3490 infinito
1251 3465 1304 3482 om.
1320 3458 1351 3482 Α.

1046 273 1117 308 DE
1147 270 1323 308 CAELO
1352 269 1423 306 ET
1452 266 1647 305 MUNDO
1677 267 1770 303 LIB.
1804 268 1835 303 II

1468 344 1507 380 in
1535 343 1738 392 infinitum,
1766 357 1844 383 non
1873 353 2002 382 tamen
2031 353 2087 383 est
2110 346 2291 395 possibile
2321 348 2540 386 citharizare

1467 397 1530 433 vel
1560 397 1757 434 ambulare
1774 399 1794 419 ‘¹‘
1813 399 1852 435 in
1881 402 2133 448 quocumque*
2147 406 2340 449 tempore;
2371 401 2440 439 sed
2458 402 2540 451 qui—

1467 449 1558 485 libet
1572 457 1678 487 actus
1696 451 1813 488 habet
1832 451 2125 490 determinatum
2145 453 2353 491 minimum
2372 462 2537 504 ternpus,

1467 502 1571 550 quod
1600 514 1679 540 non
1700 504 1847 542 excedit
1873 506 2087 554 velocitate,
2107 514 2149 543 ut
2168 506 2308 544 scilicet
2336 507 2374 544 in
2399 508 2539 547 minori

1466 562 1640 603 tempore
1669 557 1897 604 perficiatur.
1928 559 2040 596 Unde
2077 571 2149 596 nec
2178 561 2327 597 caelum
2356 561 2538 609 possibile

1466 615 1522 645 est
1558 609 1707 645 moveri
1735 609 1775 646 in
1811 615 2061 661 quocumque
2090 620 2287 662 tempore,
2317 613 2386 651 sed
2423 614 2540 651 habet

1465 660 1620 710 aliquod
1639 661 1843 700 minimum
1872 671 2025 714 tempus
2051 665 2358 703 determinatum.
2381 668 2439 704 Ex
2458 679 2537 716 quo

1463 721 1568 762 patet
1586 715 1691 763 quod
1710 727 1790 752 non
1809 728 1963 766 semper
1981 718 2188 757 intenditur
2205 719 2389 757 velocitas
2407 727 2537 758 motus

1465 767 1557 814 eius,
1579 767 1668 816 quia
1697 767 1750 804 sic
1777 770 1960 808 velocitas
1989 771 2069 809 eius
2108 773 2307 810 excederet
2339 773 2538 822 quodlibet

1463 820 1669 857 minimum
1707 828 1871 871 tempus.
1902 824 1943 860 Si
1970 837 2065 862 vero
2103 838 2183 863 non
2220 838 2374 876 semper
2409 834 2537 876 potest

1462 873 1607 910 intendi
1635 881 1763 911 motus
1792 875 1906 924 caeli,
1936 877 2017 926 pari
2046 878 2193 916 ratione
2222 891 2348 928 neque
2382 892 2536 929 semper

1460 933 1588 974 potest
1614 927 1770 975 remitti,
1801 929 1892 977 quia
1920 930 2058 967 eadem
2093 932 2188 969 ratio
2224 940 2280 970 est
2313 933 2362 971 de
2390 945 2469 971 uno
2500 941 2536 971 et

1463 979 1510 1015 de
1539 979 1677 1016 altero:
1707 981 1803 1018 sicut
1832 982 1934 1020 enim
1970 991 2026 1020 est
2053 984 2258 1022 minimum
2286 994 2440 1036 tempus
2468 987 2534 1024 ali-

1461 1031 1568 1069 cuius
1598 1033 1769 1082 actionis,
1790 1034 1840 1071 ita
1870 1042 1906 1072 et
1924 1036 2138 1075 maximum
2164 1037 2203 1075 in
2232 1051 2308 1088 quo
2328 1039 2531 1088 peragitur.

1514 1097 1549 1133 7.
1571 1086 1706 1123 Posset
1734 1095 1864 1125 autem
1893 1089 2029 1138 aliquis
2055 1090 2273 1139 praedictae
2303 1092 2439 1130 rationi
2464 1093 2533 1130 ob-

1458 1137 1575 1186 viare,
1598 1138 1760 1177 dicendo
1790 1141 1897 1190 quod
1925 1153 2079 1192 semper
2111 1143 2318 1182 intenditur
2349 1145 2532 1184 velocitas

1458 1198 1587 1228 motus
1625 1192 1739 1241 caeli,
1776 1202 1812 1230 et
1849 1201 1979 1232 tamen
2016 1208 2216 1246 nunquam
2253 1198 2532 1236 transcenditur

1458 1245 1657 1292 quoddam
1676 1246 1882 1284 minimum
1902 1255 2055 1298 tempus
2076 1248 2221 1298 datum,
2238 1250 2269 1287 si
2285 1251 2444 1299 quidem
2462 1251 2531 1289 fiat

1457 1297 1645 1347 appositio
1674 1299 1886 1337 velocitatis
1910 1313 1990 1338 non
2019 1303 2188 1350 aequalis
2213 1310 2278 1340 aut
2297 1303 2432 1353 maior,
2463 1304 2532 1342 sed

1456 1362 1610 1401 semper
1637 1351 1765 1390 minor
1785 1361 1821 1390 et
1840 1353 1987 1401 minor;
2019 1355 2113 1392 sicut
2142 1356 2277 1394 dicitur
2295 1356 2333 1394 in
2357 1358 2408 1394 111
2428 1357 2530 1412 Phy-

1454 1404 1518 1441 sic.
1537 1406 1557 1425 *⁸
1585 1405 1703 1454 quod,
1733 1405 1764 1443 si
1783 1406 1883 1444 linea
1912 1407 2105 1445 dividatur
2129 1409 2343 1448 secundum
2363 1410 2530 1459 eandem
2557 1420 2567 1429 ⁶
2621 1434 2628 1442 ·

1453 1457 1757 1508 proportionem,
1777 1467 1870 1508 puta
1888 1469 1931 1498 ut
1949 1462 2191 1501 subtrahatur
2206 1475 2229 1500 a
2243 1470 2323 1501 tota
2336 1463 2437 1502 linea
2454 1471 2527 1502 terb

1454 1511 1504 1548 tia
1518 1523 1619 1560 pars,
1637 1519 1674 1548 et
1688 1511 1826 1550 iterum
1842 1526 1864 1550 a
1879 1514 2030 1552 residuo
2047 1515 2154 1553 tertia
2167 1529 2269 1566 pars,
2286 1524 2323 1554 et
2337 1529 2360 1554 a
2375 1517 2529 1565 residuo

1453 1563 1590 1601 iterum
1618 1564 1726 1602 tertia
1752 1577 1841 1615 pars
1860 1573 1882 1616 ¹,
1903 1568 1978 1604 hoc
1997 1569 2136 1619 poterit
2162 1569 2201 1607 in
2220 1569 2410 1608 infinitum
2438 1581 2528 1621 pro—

1453 1617 1611 1665 cedere3
1633 1626 1669 1655 et
1697 1618 1728 1655 si
1748 1631 1884 1657 eorum
1913 1633 2013 1670 quae
2033 1622 2307 1670 subtrahuntur
2333 1623 2524 1674 posterius

1452 1670 1614 1708 addatur
1630 1671 1760 1721 priori,
1777 1672 1843 1710 fiet
1861 1673 1900 1711 in
1918 1674 2111 1722 infinitum
2131 1675 2288 1724 additio,
2305 1689 2377 1714 nec
2395 1684 2526 1716 tamen

1449 1723 1695 1772 pervenietur
1713 1737 1885 1775 unquam
1906 1727 1955 1765 ad
1983 1728 2234 1777 quantitatem
2253 1730 2368 1768 totius
2387 1730 2523 1780 lineae,

1451 1777 1540 1826 quia
1569 1789 1722 1827 semper
1750 1779 1819 1816 erit
1837 1779 1978 1830 aliquid
2007 1777 2204 1820 residuum
2225 1782 2273 1820 de
2301 1783 2402 1821 linea
2421 1792 2522 1834 quae

1450 1829 1701 1869 dividebatur.
1720 1831 1759 1868 Si
1779 1839 1909 1870 tamen
1929 1845 2083 1885 semper
2098 1836 2119 1857 ¹⁸²
2139 1836 2423 1874 subtraheretur
2435 1847 2525 1888 pars

1450 1884 1619 1932 aequalis
1639 1885 1853 1934 quantitatis
1867 1887 1930 1924 vel
1951 1888 2118 1937 maioris,
2136 1896 2172 1926 et
2191 1888 2396 1928 adderetur
2415 1888 2470 1939 ad,
2482 1889 2523 1941 id

1449 1937 1555 1986 quod
1582 1937 1688 1987 prius
1716 1947 1918 1988 acceptum
1947 1948 2014 1988 est,
2036 1949 2230 1991 oporteret
2254 1942 2523 1982 transcendere

1450 2002 1608 2028 omnem
1644 1992 1892 2040 quantitatem
1928 1993 2232 2033 determinatam.
2277 1997 2327 2033 Et
2353 1991 2524 2045 similiter

1449 2043 1537 2080 dicit
1564 2044 1626 2080 hic
1647 2046 1668 2065 *
1687 2044 1972 2093 intelligendum
1994 2059 2076 2085 esse
2103 2049 2209 2098 quod
2233 2049 2524 2088 transcendetur
2549 2059 2558 2069 ·

1448 2109 1566 2134 omne
1581 2097 1787 2135 minimum
1803 2107 1955 2148 tempus
1971 2100 2115 2150 datum,
2128 2101 2235 2152 quod
2255 2109 2311 2140 est
2329 2100 2533 2141 transcen-²

1448 2151 1538 2187 dere
1558 2162 1718 2188 omnem
1746 2152 2049 2201 magnitudinem
2069 2154 2292 2203 velocitatis,
2315 2155 2344 2193 si
2368 2166 2523 2207 semper

2568 411 2577 420 ·
2597 412 2624 431 ut
2640 410 2694 433 add.
2714 411 2782 434 codd.

2567 443 2619 459 exc.
2633 443 2656 459 Α.

2551 1846 2563 1857 ’
2576 1851 2670 1875 temper
2680 1852 2730 1870 om.
2744 1853 2767 1870 r.

1446 2215 1515 2252 per
1542 2203 1733 2241 infinitum
1761 2212 1914 2255 tempus
1943 2206 2106 2245 addatur
2138 2209 2307 2258 aequalis
2338 2209 2522 2247 velocitas
2567 2259 2569 2261 ‚

1446 2257 1507 2293 vel
1529 2256 1644 2294 etiam
1673 2256 1806 2295 maior.
1834 2258 1874 2296 Si
1891 2270 1987 2296 vero
2015 2261 2122 2310 prius
2149 2261 2354 2300 adderetur
2381 2273 2521 2313 magna

1446 2309 1640 2359 velocitas,
1657 2317 1693 2347 et
1706 2317 1842 2360 postea
1860 2312 1999 2362 minor,
2017 2321 2053 2351 et
2071 2314 2124 2352 sic
2142 2314 2243 2363 inde,
2265 2315 2360 2352 sicut
2375 2315 2521 2355 dictum

1447 2370 1502 2400 est
1520 2362 1559 2400 in
1580 2363 1768 2401 divisione
1790 2372 1827 2402 et
1844 2365 2037 2404 additione
2065 2367 2199 2417 lineae,
2221 2380 2300 2406 non
2324 2374 2519 2407 transcen-

1446 2416 1599 2454 deretur
1618 2417 1745 2455 omnis
1758 2417 1953 2468 velocitas,
1970 2432 2042 2457 nec
2062 2432 2179 2460 omne
2195 2420 2401 2459 minimum
2421 2428 2516 2474 tem-

1443 2482 1537 2520 pus;
1568 2482 1657 2507 cum
1686 2483 1766 2509 non
1795 2480 1893 2509 esset
1919 2485 2016 2523 pura
2043 2473 2227 2524 intensio,
2257 2474 2326 2512 sed
2353 2474 2517 2514 intensio

1445 2522 1659 2561 remissioni
1680 2523 1869 2573 adiuncta,
1886 2525 1975 2576 quia
1994 2538 2159 2565 movens
2174 2540 2254 2566 non
2267 2535 2399 2578 posset
2417 2539 2518 2579 sem-

1443 2589 1512 2626 per
1537 2578 1558 2598 *
1585 2577 1793 2626 aequaliter
1820 2578 1962 2616 addere
1991 2579 2040 2618 ad
2068 2581 2323 2619 velocitatem.

1499 2631 1534 2667 8.
1556 2630 1705 2668 Deinde
1745 2643 1834 2669 cum
1864 2632 1969 2670 dicit:
1999 2634 2240 2684 Relinquitur
2267 2635 2392 2685 itaque
2419 2642 2515 2684 etc.,

1445 2684 1608 2722 ostendit
1635 2683 1871 2735 impossibile
1901 2697 1983 2723 esse
2012 2687 2120 2736 quod
2146 2687 2316 2726 vicissim
2345 2688 2515 2741 intendaf

1443 2744 1504 2773 tur
1533 2744 1569 2774 et
1596 2737 1806 2775 remittatur
1834 2746 1962 2777 motus
1992 2739 2106 2789 caeli;
2137 2749 2173 2778 et
2200 2742 2275 2779 hoc
2305 2741 2514 2792 dupliciter.

1444 2789 1575 2827 Primo
1604 2790 1762 2840 quidem
1790 2791 1881 2840 quia
1908 2793 1984 2830 hoc
2010 2793 2164 2832 videtur
2180 2794 2330 2845 penitus
2359 2806 2443 2832 esse
2468 2794 2516 2832 ir-

1444 2843 1688 2893 rationabile,
1720 2851 1755 2881 et
1793 2844 1915 2882 simile
1943 2846 2105 2885 fictioni:
2141 2848 2244 2885 nulla
2282 2847 2384 2886 enim
2418 2846 2515 2886 ratio

1443 2896 1623 2946 assignari
1642 2905 1769 2947 potest
1787 2897 1899 2936 huius
1922 2899 2203 2938 vicissitudinis.
2226 2900 2406 2938 Secundo
2425 2900 2516 2952 quia

1443 2950 1525 2987 talis
1555 2950 1752 2989 diversitas
1780 2951 1819 2988 in
1848 2959 1956 2990 motu
1986 2954 2080 2991 caeli
2107 2965 2187 2991 non
2214 2954 2362 3001 lateret;
2392 2965 2514 3006 oppo-

1444 3004 1513 3040 sita
1542 3003 1644 3042 enim
1663 3003 1765 3042 iuxta
1785 3016 1825 3042 se
1852 3005 1977 3055 posita
1996 3006 2117 3056 magis
2146 3007 2374 3045 sentiuntur:
2405 3014 2442 3045 et
2459 3013 2514 3045 ta·

1444 3069 1535 3095 men
1554 3057 1645 3095 nihil
1664 3058 1738 3095 tale
1764 3058 2011 3109 percipimus.
2032 3059 2145 3098 Unde
2167 3060 2390 3112 relinquitur
2407 3058 2515 3111 quod

1443 3110 1481 3147 in
1510 3118 1620 3148 motu
1649 3109 1742 3148 caeli
1770 3111 1872 3149 nulla
1901 3111 1948 3149 sit
1974 3113 2237 3162 irregularitas.

1496 3164 1640 3202 Ultimo
1661 3171 1802 3213 autem,
1823 3164 1911 3213 quia
1930 3165 1991 3203 hic
2010 3166 2094 3204 finit
2113 3179 2223 3205 suam
2243 3166 2514 3206 consideratio-

1444 3229 1535 3254 nem
1556 3218 1603 3255 de
1622 3225 1704 3255 toto
1724 3218 1843 3266 caelo,
1867 3217 2031 3268 epilogat
2055 3219 2242 3259 intantum
2264 3220 2408 3259 dictum
2428 3223 2512 3258 esse

1444 3271 1548 3319 quod
1569 3270 1615 3309 sit
1633 3283 1755 3309 unum
1774 3278 1921 3309 tantum
1943 3274 2105 3322 caelum,
2126 3281 2164 3312 et
2182 3273 2288 3325 quod
2307 3273 2354 3311 sit
2371 3271 2513 3323 ingeni-

1443 3331 1524 3361 tum
1541 3332 1578 3361 et
1592 3324 1879 3375 sempiternum,
1893 3333 1930 3363 et
1944 3326 2048 3376 quod
2064 3327 2283 3376 regulariter
2297 3333 2511 3364 moveatur.

1496 3458 1518 3492 ε)
1533 3462 1559 3483 et
1573 3459 1669 3484 iterum
1682 3467 1699 3484 a
1714 3460 1822 3485 residuo
1836 3460 1917 3485 tertia
1926 3467 2002 3492 pars,
2017 3463 2044 3485 et
2055 3467 2073 3485 a
2084 3459 2192 3486 residuo
2205 3459 2303 3484 iterum
2316 3458 2398 3484 tertia
2406 3465 2485 3491 pars.
2493 3471 2513 3478 -

387 3481 412 3516 δ)
435 3483 469 3507 Et
487 3483 585 3509 dicit...
601 3486 776 3519 manifestum.
789 3501 808 3506 —
822 3489 894 3514 Dicit
913 3490 993 3515 etiam
1008 3491 1080 3523 quod
1098 3491 1146 3517 hoc
1158 3499 1214 3517 esse
1229 3493 1387 3525 impossibile
1441 3497 1467 3518 et
1487 3494 1582 3519 iterum
1602 3502 1619 3519 α
1638 3495 1744 3520 residuo
1765 3496 1860 3521 iterum
1881 3496 1962 3521 tertia
1976 3503 2045 3528 pars
2059 3496 2091 3526 Α,
2110 3495 2177 3520 idest
2190 3495 2285 3520 omittit
2304 3494 2385 3520 tertia
2399 3501 2468 3526 pars
2486 3496 2513 3519 et

334 3520 374 3542 est
383 3517 549 3551 manifestum
559 3519 661 3550 BDFG;
675 3520 715 3546 his
726 3523 847 3548 accedunt
856 3524 895 3554 EI,
910 3525 955 3557 qui
969 3530 1056 3551 tamen
1072 3534 1120 3559 pro
1132 3527 1212 3552 etiam
1228 3528 1279 3560 leg.
1287 3531 1387 3554 autem.
1441 3536 1458 3553 a
1477 3529 1584 3555 residuo
1603 3530 1807 3562 homoteleuton,
1827 3531 1853 3556 in
1872 3539 1927 3564 quo
1946 3531 1966 3556 P
1985 3539 2039 3556 om.
2052 3533 2087 3556 et.

1070 3598 1761 3625 h-ss-——q
