2690 4062
1029 232 1142 269 CAP.
1170 233 1279 280 vill,
1306 232 1459 269 LECT.
1488 233 1561 270 XV

204 306 365 352 quaedam
389 314 447 339 est.
466 306 508 339 Et
530 306 606 340 ideo
621 307 733 351 potius
758 307 934 340 dicendum
951 317 1010 349 est,
1026 308 1116 353 quod
1140 320 1224 353 aqua
1241 317 1272 341 et

204 360 289 384 terra
304 351 339 384 in
353 349 411 383 tali
434 359 529 383 motu
549 362 584 383 se
607 350 730 384 habent
744 352 849 395 magis
873 353 1000 395 passive
1025 361 1058 385 et
1081 362 1117 385 ut
1137 354 1272 385 materia

204 406 305 440 quam
327 403 366 427 ut
388 405 508 439 agens,
534 394 612 439 quia
634 395 668 428 in
696 395 761 428 hoc
791 404 885 428 motu
910 396 1079 439 patiuntur
1110 396 1167 430 sed
1190 396 1272 429 nihil

204 447 324 483 agunt;
347 438 510 472 exhalatio
534 447 645 472 autem
667 439 735 472 sive
759 440 894 483 spiritus
916 439 1014 473 habet
1029 451 1064 473 se
1087 441 1120 473 in
1145 442 1271 474 ratione

204 483 379 516 moventis.
397 483 439 516 Et
461 482 546 515 hanc
570 483 732 516 rationem
751 483 878 516 inducit
893 492 1007 517 contra
1030 485 1270 518 Democritum.

261 526 413 561 Secunda
428 537 507 560 vero
524 527 608 560 ratio
632 535 692 568 est,
709 528 785 571 quia
809 527 986 572 aliquando
1002 528 1083 561 flant
1098 540 1196 572 supra
1213 537 1273 561 ter-

204 583 275 605 ram
286 579 319 604 et
334 582 434 615 supra
449 577 538 604 mare
556 572 646 604 venti
660 572 824 612 contrarii,
837 583 980 616 quorum
993 583 1079 605 unus
1092 572 1272 616 pugnando

204 615 389 650 adinvicem
413 615 599 666 succumbit
629 615 738 666 alteri,
758 624 790 648 et
812 615 980 660 repellitur
1003 625 1092 649 extra
1119 627 1208 649 mare
1232 615 1272 649 ad

204 670 359 694 cavernas
383 668 498 700 terrae,
516 668 548 692 et
571 670 605 692 in
629 671 675 692 eis
699 668 822 700 manet,
839 669 872 693 et
895 669 1005 693 causat
1027 669 1271 693 terraemotum.

205 704 294 738 Cum
317 704 418 748 igitur
439 704 501 736 iste
531 712 650 737 ventus
674 715 744 737 non
767 705 872 748 possit
902 705 1050 737 resistere
1074 712 1174 737 vento
1199 715 1274 737 con—

202 749 314 790 trario,
336 757 370 782 et
391 748 526 792 spiritus
549 749 731 781 contrarius
763 748 1032 782 circumvolando
1055 759 1155 792 supra
1184 759 1273 781 mare

203 791 380 827 elevaverit
401 791 541 826 multam
564 803 684 836 aquam
697 818 706 833 ,
733 801 766 826 et
788 793 1038 837 congregaverit
1067 804 1140 826 eam
1163 792 1199 825 in
1221 803 1273 833 se,

195 837 336 882 proiicit
358 847 432 870 eam
454 837 490 870 in
512 836 608 870 litora
633 836 690 870 ubi
714 836 893 881 propulsus
923 836 1029 871 fuerat
1055 845 1174 870 ventus
1199 847 1275 869 con-

202 881 333 922 trarius,
345 889 378 914 et
391 880 430 914 fit
444 881 654 932 cataclysmus,
666 880 731 914 hoc
747 890 797 914 est
817 880 990 915 inundatio
1010 882 1079 915 sive
1101 880 1273 915 diluvium.

170 945 178 952 -
201 925 299 961 Situt
313 924 436 959 factum
451 924 514 958 fuit
532 937 567 958 in
582 925 706 959 Achaia
718 927 747 966 *,
763 925 819 959 ubi
835 934 923 959 extra
937 937 1027 959 mare
1042 925 1141 959 flabat
1155 934 1274 965 auster,

200 970 290 1006 imm
310 981 392 1004 vero
415 977 483 1003 erat
505 969 639 1011 boreas;
664 981 741 1003 cum
764 978 875 1003 autem
898 969 982 1003 facta
1010 979 1097 1003 esset
1118 969 1275 1014 tranquil-

199 1013 290 1055 litaS,
305 1026 346 1048 ex
368 1025 410 1048 eo
433 1013 526 1058 quod
549 1023 658 1048 auster
680 1015 787 1047 victus
810 1013 926 1048 fuisset
941 1022 974 1047 et
997 1022 1154 1047 cessasset
1177 1022 1211 1046 et
1225 1014 1274 1046 in-

196 1066 336 1105 gressus
359 1057 475 1092 fuisset
497 1066 628 1099 terram,
644 1067 724 1092 tunc
746 1058 830 1092 facta
853 1066 903 1092 est
917 1058 1090 1092 inundatio
1113 1066 1146 1091 et
1160 1066 1275 1091 terrae-

201 1111 328 1139 motus.
346 1103 388 1137 Et
402 1111 482 1146 tunc
503 1101 541 1136 fit
553 1103 661 1136 maior
675 1111 892 1136 terraemotus
908 1111 942 1136 et
955 1103 1062 1136 maior
1084 1101 1273 1135 inundatio:

200 1147 284 1192 quia
298 1158 389 1181 mare
406 1158 477 1180 non
501 1146 556 1182 dat
571 1148 698 1185 exitum
713 1147 842 1191 spiritui
856 1147 926 1180 vim
941 1146 1072 1180 facienti
1089 1146 1130 1180 de
1147 1145 1274 1186 subtus,

202 1191 503 1233 oessnefimeessss
517 1196 653 1236 propter
663 1191 730 1225 hoc
745 1192 863 1225 maiori
879 1192 1006 1235 impetu
1022 1191 1156 1235 spiritus
1177 1191 1276 1234 agitat

202 1243 295 1272 aare
317 1244 352 1270 et
373 1244 509 1276 terram,
533 1235 588 1270 ille
612 1235 747 1280 quidem
771 1236 828 1280 qui
858 1234 1053 1280 propellitur
1079 1235 1115 1268 in
1138 1243 1275 1275 terram,

126 1311 127 1314 ,
200 1278 357 1316 fidendo
380 1288 628 1321 terraemotum,
643 1279 698 1314 ille
721 1288 834 1313 autem
875 1280 911 1313 ui
926 1288 977 1313 est
1058 1279 1175 1320 ostasis,
1192 1278 1277 1312 idest

103 1325 128 1372 ’ᾗ
196 1323 398 1405 ,ἴξὶειέηῆ
414 1332 448 1357 et
462 1332 611 1358 remanet
626 1335 726 1369 supra
741 1335 842 1365 mare,
871 1324 935 1357 acit
950 1329 1033 1358 catac
1042 1334 1177 1368 ysmum,
1192 1323 1277 1356 idest

101 1382 103 1387 ‘
128 1399 129 1402 ,
195 1394 200 1398 -
274 1378 379 1403 'num-

234 1437 235 1441 =
260 1411 404 1447 Videtur
418 1420 529 1446 autem
545 1411 740 1446 Aristoteles
759 1411 982 1446 contradicere
998 1411 1059 1445 sibi
1079 1412 1156 1456 ipsi:
1178 1423 1277 1455 supra

203 1457 298 1505 paim
319 1455 497 1502 probatum
520 1465 591 1497 est,
620 1456 711 1501 quod
734 1457 825 1490 venti
856 1456 1010 1490 contrarii
1038 1467 1108 1489 non
1135 1464 1276 1500 possunt

196 1500 310 1546 daml-
331 1500 430 1542 flate,
459 1501 514 1534 hic
545 1509 657 1534 autem
684 1500 764 1534 dicit
791 1500 882 1545 quod
912 1500 1086 1534 inundatio
1116 1511 1277 1545 aquarum

301 1546 309 1554 ⁹
330 1545 430 1591 >quia
451 1545 542 1578 venti
562 1545 716 1578 contrarii
735 1544 835 1578 simul
858 1544 939 1578 flant
953 1553 986 1578 et
1008 1544 1194 1578 adinvicem
1217 1556 1277 1589 pu-

198 1588 707 1637 patefiedaeonsiderandum
729 1598 789 1630 est,
813 1588 905 1634 quod
927 1589 1080 1641 superius
1103 1588 1277 1633 probatum

156 1645 161 1649 “
199 1642 273 1671 α·
325 1633 373 1669 nd.
393 1634 484 1668 venti
507 1634 663 1667 contrarii
684 1645 755 1667 non
777 1642 919 1678 possunt
941 1633 1041 1667 Simul
1063 1633 1142 1667 flare
1165 1633 1222 1667 diu
1246 1642 1278 1666 et

202 1689 277 1725 μ
451 1687 602 1722 tempus,
625 1677 684 1712 sed
697 1689 767 1711 non
790 1678 1027 1712 inconveniens
1050 1686 1101 1711 est
1121 1677 1213 1722 quod
1236 1678 1278 1711 si-

203 1721 383 1760 mbflem
411 1734 470 1767 per
493 1733 634 1767 parvum
661 1731 808 1773 tempus:
832 1723 867 1755 in
890 1723 984 1756 cuius
1016 1723 1150 1766 signum
1178 1733 1278 1766 supra

199 1766 338 1810 *induit
358 1768 456 1801 istam
479 1767 658 1807 rationem,
683 1778 759 1811 quia
782 1766 810 1800 si
833 1766 933 1800 simul
955 1766 1090 1807 flarent,
1114 1778 1200 1800 unus
1224 1778 1278 1800 su-

199 1820 336 1864 «pnnt
352 1811 480 1852 alium,
507 1819 540 1844 et
563 1811 610 1844 sic
632 1822 703 1844 non
726 1819 868 1855 possunt
890 1810 947 1844 diu
972 1810 1072 1844 simul
1098 1810 1186 1844 flare.
1214 1809 1278 1844 Vel

205 1855 461 1900 nulligendum
483 1863 548 1896 est,
572 1855 664 1900 quod
686 1855 839 1899 superius
861 1856 992 1889 vocavit
1013 1864 1132 1889 ventos
1152 1863 1278 1888 contra-

206 1901 431 1941 thematum,
448 1900 506 1945 qui
521 1908 739 1944 opponuntur
755 1900 895 1933 omnino
915 1899 1154 1940 diametraliter,
1171 1900 1279 1933 cuius-

205 1943 302 1981 modi
317 1953 406 1979 sunt
423 1950 545 1978 ‘auster
574 1952 607 1978 et
637 1945 836 1989 septentrio,
863 1955 934 1978 non
967 1952 1078 1978 autem
1108 1952 1217 1978 auster
1247 1952 1279 1977 et

209 1988 335 2025 uas&

208 2043 296 2078 μηκας.
314 2033 450 2074 Quarto
472 2033 534 2067 ibi:
559 2032 728 2067 Secundum
737 2039 859 2078 partem
881 2040 955 2072 etc„
975 2040 1145 2076 comparat
1158 2040 1279 2066 terrae-

206 2086 342 2114 noum
362 2085 478 2119 vento,
492 2076 671 2111 ostendens
689 2088 789 2121 quare
808 2085 1026 2110 terraemotus
1042 2087 1113 2110 non
1127 2076 1165 2110 fit
1180 2076 1280 2110 simul

204 2129 401 2168 pen-nom
417 2122 604 2166 regionem,
628 2130 748 2155 ventus
771 2129 884 2155 autern
905 2120 943 2154 fit
965 2133 1024 2166 per
1045 2129 1150 2154 totam
1173 2122 1279 2165 regio-

188 2178 190 2181 ’
207 2172 298 2202 uem.
312 2166 357 2201 Et
379 2165 479 2200 huius
503 2165 610 2200 simile
626 2165 705 2199 dicit
728 2176 799 2199 esse
822 2166 857 2199 in
873 2165 1073 2199 siccitatibus
1092 2174 1126 2198 et
1147 2165 1279 2209 pluviis,

208 2221 296 2256 quae
316 2209 403 2245 fiunt
425 2210 612 2244 secundum
635 2219 743 2254 partes
766 2210 922 2254 regionis»,
946 2218 979 2243 et
1001 2221 1070 2243 non
1093 2221 1152 2261 per
1175 2218 1280 2243 totam

209 2255 391 2300 regionem.
411 2255 521 2289 Huius
545 2263 655 2288 autem
679 2255 762 2288 ratio
787 2263 846 2294 est,
868 2254 945 2298 quia
968 2253 1130 2287 exhalatio
1154 2266 1194 2287 ex
1217 2265 1281 2298 qua

210 2307 364 2334 causatur
378 2307 607 2340 terraemotus,
624 2298 819 2343 propellitur
835 2299 972 2332 interius
991 2298 1032 2331 ad
1047 2306 1153 2331 unum
1168 2298 1280 2331 locum

211 2343 487 2387 minatum,
513 2351 551 2378 ut
573 2355 674 2387 supra
700 2342 826 2376 dictum
849 2351 916 2376 est:
941 2351 974 2376 et
997 2354 1037 2375 ex
1067 2343 1282 2387 consequenti

210 2387 428 2426 motus
451 2387 488 2422 fit
511 2388 547 2423 in
570 2399 638 2422 uno
662 2387 749 2428 loco,
765 2388 800 2420 in
823 2398 891 2432 quo
923 2386 974 2420 sol
997 2398 1067 2420 non
1090 2386 1188 2420 habet
1211 2396 1282 2420 tan-

211 2441 280 2471 tam
298 2433 471 2472 vii-tutem,
490 2431 582 2477 quod
606 2432 712 2476 possit
736 2431 843 2475 disgre
869 2443 922 2465 are
938 2431 1131 2465 huiusmodi
1155 2431 1282 2464 exhala-

210 2477 339 2511 tionem
359 2476 572 2522 impediendo
596 2485 727 2509 motum
751 2475 832 2509 eius.
886 2487 926 2509 oc
943 2484 1055 2509 autem
1077 2487 1147 2509 non
1166 2475 1283 2509 accidit

213 2520 256 2559 de
275 2529 394 2562 mm,
417 2521 495 2566 quia
517 2520 572 2554 illa
595 2519 758 2555 exhalatio
789 2521 940 2564 superius
972 2521 1114 2553 existens
1138 2531 1196 2564 per
1218 2520 1285 2553 vir-

211 2573 320 2604 tutem
342 2565 422 2599 solis
453 2565 658 2610 disgregatur
680 2573 714 2598 et
737 2564 935 2608 dispergitur
964 2575 1024 2608 per
1046 2573 1151 2597 totam
1174 2575 1208 2597 re
1234 2565 1282 2597 io-

212 2620 311 2647 nem:
333 2618 368 2644 et
390 2610 434 2643 ita
463 2610 554 2644 venti
584 2621 654 2643 non
676 2608 760 2642 fiunt
783 2620 842 2653 per
870 2617 978 2653 partes
1012 2608 1070 2642 sed
1100 2576 1284 2642 secundum

212 2662 320 2690 totam
342 2654 524 2698 regionem.
549 2653 616 2687 Sed
638 2654 775 2686 materia
805 2652 936 2697 pluviae
974 2652 1050 2686 licet
1072 2652 1219 2686 elevetur
1250 2653 1284 2685 in

213 2697 330 2739 altum,
347 2706 458 2731 tamen
481 2697 525 2731 ibi
548 2709 608 2742 per
622 2697 779 2731 virtutem
803 2696 882 2730 solis
902 2708 971 2730 non
995 2696 1210 2740 disgregatur,
1227 2696 1285 2730 sed

238 2742 327 2776 otius
357 2741 524 2786 frigefacta
583 2753 618 2775 er
648 2740 730 2774 illud
759 2740 862 2784 frigus
894 2749 1112 2784 congregatur
1144 2742 1178 2774 in
1215 2752 1285 2774 uno

213 2753 307 2823 foco:
331 2794 364 2820 et
385 2798 426 2820 ex
448 2786 514 2820 hoc
539 2797 560 2830 p
575 2786 651 2819 uvia
673 2785 710 2818 fit
732 2784 915 2819 secundum
940 2793 1048 2829 partes
1071 2785 1156 2818 sicut
1186 2785 1286 2818 etiam

214 2838 431 2867 terraemotus
445 2855 454 2871 ‚
481 2841 551 2864 non
575 2838 686 2864 autem
720 2829 826 2870 venti,
849 2829 926 2862 licet
949 2841 989 2862 ex
1012 2828 1128 2863 eadem
1150 2829 1286 2862 materia

213 2883 413 2921 generentur
437 2886 514 2908 cum
537 2882 748 2908 terraemotu.
1014 2890 1018 2894 ⁴

2285 246 2394 272 LXXIX

1385 318 1414 350 5.
1436 309 1567 349 Quinto
1591 309 1652 342 ibi:
1676 309 1808 352 Quando
1824 310 1917 353 igitur
1932 310 2028 354 fuerit
2045 319 2117 352 etc„
2135 311 2330 344 determinat
2344 311 2393 344 ul-

1327 353 1410 386 timo
1435 353 1475 386 de
1492 353 1682 386 differentiis
1694 363 1964 396 oerraemomum,
1984 355 2083 388 simul
2100 355 2275 389 ostendens
2292 367 2392 400 quare

1327 397 1361 429 in
1384 396 1500 430 insulis
1523 398 1659 431 remotis
1683 409 1702 431 a
1724 406 1808 431 terra
1831 399 1942 431 minus
1972 398 2029 432 fiat
2052 408 2268 433 terraemotus
2292 412 2392 444 quam

1326 441 1360 473 in
1375 442 1582 486 propinquis.
1598 442 1711 475 Primo
1734 442 1745 475 i
1770 443 1835 475 itur
1853 451 1909 475 tan
1933 443 1958 475 it
1980 442 2014 476 id
2038 443 2128 487 quod
2145 454 2244 487 supra
2267 443 2392 477 dictum

1327 494 1386 525 est,
1403 485 1494 529 quod
1516 485 1640 519 scilicet
1662 486 1744 519 exha
1758 487 1824 519 atio
1849 454 2022 531 dupliciter
2044 496 2158 520 movet
2177 496 2306 528 terram,
2335 487 2392 521 ali-

1328 529 1461 572 quando
1484 529 1608 563 scilicet
1631 541 1689 574 per
1723 530 1862 564 modum
1889 531 2062 572 tremoris,
2082 531 2257 576 aliquando
2282 540 2392 565 autem

1328 584 1387 616 per
1409 573 1548 606 modum
1572 574 1702 618 pulsus;
1728 575 1804 619 quia
1834 574 1967 620 quando
1996 575 2158 608 exhalatio
2182 584 2335 609 movetur
2358 576 2392 608 in

1328 625 1412 649 terra
1436 617 1619 651 secundum
1642 618 1848 652 latitudinem
1872 627 1986 660 terrae,
2003 628 2036 652 et
2050 620 2231 664 percutitur
2254 620 2295 653 ad
2318 619 2394 653 alte—

1328 671 1403 693 rum
1418 660 1514 701 latus,
1529 670 1608 694 tunc
1623 661 1700 695 facit
1715 662 1835 696 multas
1854 664 2094 707 percussiones,
2111 672 2144 697 et
2162 663 2238 697 facit
2254 673 2391 697 tremere

1328 713 1458 745 terram;
1475 705 1532 738 sed
1547 706 1679 749 quando
1703 706 1864 740 exhalatio
1881 716 1994 741 movet
2016 716 2135 741 terram
2154 719 2297 749 sursum,
2313 716 2393 741 tunc

1328 747 1365 781 fit
1389 757 1604 782 terraemotus
1629 761 1686 794 per
1705 751 1844 784 modurn
1867 751 1993 795 pulsus.
2011 753 2052 785 Et
2075 752 2140 786 hoc
2155 752 2192 785 fit
2215 763 2299 793 raro,
2316 753 2394 796 quia

1329 791 1460 825 difficile
1484 801 1534 825 est
1555 802 1679 826 tantam
1703 794 1942 829 exhalationem
1961 797 2137 830 convenire
2165 797 2200 830 in
2226 795 2393 841 profundo

1329 845 1366 869 ut
1389 837 1495 880 possit
1517 846 1636 870 terram
1659 839 1817 882 proiicere
1842 851 1983 873 sursum.
2013 840 2078 874 Sed
2102 839 2235 885 quando
2259 840 2324 874 hoc
2346 839 2393 881 fit,

1329 892 1390 924 pro
1415 880 1524 914 ellitur
1547 893 1679 914 sursum
1706 882 1885 917 multitudo
1915 883 2080 928 lapidum:
2105 885 2190 918 sicut
2219 884 2337 918 accidit
2359 885 2394 917 in

1329 924 1379 958 cal
1403 926 1477 958 ariis
1508 937 1592 970 quae
1616 925 1774 967 bulliunt,
1803 928 1837 960 in
1860 928 1979 972 quibus
2002 929 2113 972 gravia
2140 929 2291 973 superius
2314 939 2392 974 pro-

1329 968 1506 1013 pelluntur.
1529 970 1571 1003 Et
1593 969 1658 1003 hoc
1682 971 1780 1004 etiarn
1810 980 1920 1015 potest
1942 983 2013 1006 esse
2044 984 2142 1006 causa
2169 972 2394 1006 inundationis

1330 1025 1511 1058 aquarum,
1539 1014 1624 1047 sicut
1647 1026 1746 1058 supra
1770 1014 1894 1049 dictum
1921 1025 1980 1049 est.
2005 1017 2046 1050 Et
2069 1017 2150 1050 tales
2177 1025 2393 1050 terraemotus

1330 1067 1408 1091 sunt
1431 1057 1579 1091 difficiles
1603 1067 1636 1091 et
1658 1058 1844 1102 periculosi,
1870 1061 1946 1104 quia
1970 1072 2027 1094 eos
2052 1062 2292 1094 concomitatur
2314 1060 2393 1094 sub-

1329 1102 1438 1135 versio
1453 1111 1557 1135 terrae
1573 1111 1606 1135 et
1621 1103 1715 1136 ruina
1731 1103 1892 1145 locorum,
1905 1105 1990 1137 sicut
2004 1105 2121 1139 accidit
2139 1106 2173 1138 in
2195 1113 2392 1139 terraemotu

1330 1147 1387 1224 qui
1403 1146 1507 1180 factus
1523 1155 1572 1179 est
1588 1147 1671 1180 circa
1692 1147 1844 1198 Sipylum
1868 1149 2043 1190 civitatem,
2059 1158 2092 1182 et
2106 1151 2124 1171 *
2139 1150 2173 1182 in
2197 1161 2315 1201 campo
2337 1150 2394 1194 qui
2420 1160 2430 1171 ⁴

1353 1191 1450 1224 icitur
1472 1190 1683 1234 Phlegraeus,
1700 1200 1733 1224 et
1747 1200 1846 1225 etiam
1863 1193 1947 1226 circa
1963 1193 2165 1237 Ligusticam
2187 1205 2369 1237 regionem.

1386 1235 1542 1312 Assignat
1557 1243 1667 1268 autem
1684 1246 1816 1269 causam
1831 1248 1930 1280 quare
1946 1237 1980 1270 in
1996 1237 2112 1270 insulis
2126 1239 2261 1271 remotis
2276 1248 2295 1270 a
2310 1246 2394 1271 terra

1331 1279 1441 1312 minus
1488 1288 1501 1312 t
1523 1287 1741 1312 terraemotus
1765 1292 1864 1324 quam
1887 1281 1922 1314 in
1945 1282 2151 1326 propinquis,
2168 1281 2280 1315 dicens
2304 1281 2395 1326 quod

1331 1324 1364 1356 in
1388 1323 1504 1356 insulis
1529 1324 1691 1364 Ponticis,
1715 1335 1799 1368 quae
1822 1333 1900 1357 sunt
1922 1325 2066 1359 multum
2088 1334 2234 1359 remotae
2258 1338 2276 1359 a
2294 1334 2393 1366 terra,

1330 1368 1434 1400 rarius
1458 1367 1576 1400 accidit
1598 1376 1814 1401 terraemotus
1838 1380 1938 1413 quam
1966 1369 2001 1402 in
2047 1370 2236 1414 ropinquis,
2260 1378 2395 1414 propter

1332 1420 1474 1455 quatuor
1497 1422 1620 1444 causas.
1645 1412 1755 1444 Prima
1777 1421 1841 1453 est,
1886 1414 1940 1446 uia
1963 1424 2020 1446 mu
2035 1413 2141 1447 titudo
2170 1425 2274 1458 aquae
2296 1415 2394 1447 maris

1332 1467 1391 1502 sua
1414 1455 1588 1499 frigiditate
1604 1455 1769 1499 infrigidat
1792 1456 1874 1489 exha
1888 1457 2032 1490 ationem
2051 1458 2272 1509 propinquam
2294 1458 2329 1491 in
2348 1459 2396 1490 in-

1332 1499 1412 1533 sulis
1435 1500 1638 1541 existentem,
1655 1508 1688 1533 et
1711 1511 1751 1533 ex
1766 1501 1981 1545 consequenti
2001 1501 2077 1534 facit
2091 1513 2164 1535 eam
2180 1501 2395 1543 immobilem,

1333 1545 1410 1589 quia
1432 1544 1633 1588 principium
1655 1544 1813 1577 movendi
1836 1553 1886 1578 est
1909 1544 2006 1587 calor,
2027 1546 2083 1590 qui
2106 1557 2164 1590 per
2186 1545 2397 1590 infrigidatio-

1332 1600 1410 1622 nem
1426 1587 1579 1622 aufertur.
1596 1607 1615 1613 -
1629 1587 1781 1622 Secunda
1796 1600 1876 1622 vero
1891 1590 1974 1622 ratio
1991 1598 2049 1630 est,
2065 1591 2141 1634 quia
2155 1601 2244 1623 mare
2261 1591 2397 1623 circum-

1333 1633 1414 1670 dans
1438 1631 1691 1666 humefaciendo
1710 1632 1834 1665 insulas
1856 1632 1932 1666 facit
1954 1645 2008 1666 eas
2031 1635 2197 1677 graviores
2221 1643 2254 1668 et
2272 1634 2396 1678 ponde-

1332 1678 1493 1718 rosiores,
1521 1685 1554 1710 et
1583 1677 1630 1710 sic
1662 1687 1731 1710 non
1763 1677 1808 1710 ita
1831 1676 1871 1710 de
1894 1676 1980 1710 facili
2014 1679 2140 1712 moveri
2170 1687 2328 1722 possunt;
2357 1678 2397 1712 ad

1333 1732 1468 1755 sensum
1491 1729 1603 1754 autem
1626 1729 1736 1764 patet,
1764 1720 1854 1765 quod
1878 1730 1962 1754 terra
1984 1721 2169 1756 humefacta
2196 1723 2326 1766 gravior
2349 1731 2397 1755 est

1333 1777 1434 1810 quam
1449 1766 1546 1806 sicca,
1561 1773 1594 1798 et
1616 1776 1656 1798 ex
1679 1764 1744 1798 hoc
1759 1774 1810 1798 est
1828 1766 1933 1809 magis
1948 1766 2135 1800 immobilis.
2153 1786 2172 1792 -
2185 1767 2299 1800 Tertia
2309 1768 2328 1788 *
2339 1775 2397 1807 est,

1356 1811 1411 1843 uia
1427 1809 1519 1854 quod
1536 1817 1690 1842 movetur
1713 1820 1781 1842 uno
1800 1818 1906 1851 motu,
1922 1821 2057 1844 necesse
2073 1819 2121 1844 est
2135 1819 2214 1844 tunc
2230 1811 2397 1856 quiescere

1333 1822 1372 1888 alb
1389 1854 1482 1887 omni
1505 1853 1570 1887 alio
1589 1862 1684 1886 motu
1709 1853 1858 1887 eiusdem
1881 1855 2012 1898 speciei,
2034 1855 2102 1888 sive
2119 1867 2159 1888 ex
2174 1855 2292 1889 eodem
2331 1855 2398 1888 rin-

1334 1899 1422 1942 cipio
1437 1897 1626 1931 immediate
1643 1906 1776 1931 causato
1782 1910 1792 1939 ;
1810 1909 1900 1931 mare
1917 1907 2028 1931 autem
2047 1899 2276 1933 circumfluens
2311 1908 2399 1933 ertur

1334 1951 1470 1987 propter
1482 1941 1730 1975 multitudinem
1744 1943 1835 1975 venti
1850 1941 1916 1975 huc
1932 1951 1964 1975 et
1977 1942 2067 1984 illuc,
2079 1952 2112 1976 et
2127 1955 2168 1977 ex
2183 1944 2398 1988 consequenti

2446 1162 2470 1181 et
2481 1165 2530 1182 om.
2544 1166 2585 1182 Pa.

2425 1778 2434 1786 ·
2453 1778 2520 1797 terra
2539 1782 2583 1802 mu
2601 1777 2638 1797 est

2426 1809 2473 1824 om.
2489 1809 2510 1824 P.

1334 1999 1403 2021 non
1430 1994 1541 2031 potest
1571 1987 1699 2020 moveri
1725 1995 1818 2019 motu
1854 1995 1957 2020 terrae
1970 2013 1979 2028 ,
2005 1995 2038 2021 et
2063 1987 2101 2020 fit
2126 1987 2304 2021 immobilis
2336 1987 2400 2020 alio
2433 2006 2435 2009 »

1334 2040 1443 2065 motu:
1463 2031 1546 2064 mari
1560 2039 1671 2064 autem
1686 2029 1773 2064 facto
1789 2030 1963 2070 immobili,
1979 2031 2251 2065 immobilitantur
2266 2041 2299 2065 et
2314 2033 2402 2066 iusu—

1334 2076 1383 2109 lae
1403 2076 1504 2119 ipsae.
1522 2094 1541 2100 -
1558 2075 1686 2116 Quarta
1708 2086 1788 2108 vero
1811 2083 1871 2116 est,
1887 2075 1964 2119 quia
1988 2076 2072 2109 circa
2086 2075 2158 2109 illas
2173 2076 2295 2109 insulas
2311 2087 2400 2109 mare

1335 2128 1476 2164 occupat
1491 2118 1595 2152 multa
1610 2118 1693 2160 loca,
1710 2118 1871 2152 exhalatio
1888 2127 1998 2152 autem
2014 2131 2054 2153 ex
2070 2131 2134 2164 qua
2149 2128 2323 2164 generatur
2338 2128 2400 2153 ter-

1334 2173 1512 2204 raemotus,
1531 2175 1615 2208 quae
1637 2172 1687 2196 est
1709 2162 1872 2196 exhalatio
1895 2163 1992 2204 sicca,
2007 2173 2180 2208 generatur
2201 2165 2236 2197 in
2259 2173 2354 2205 terra,
2369 2173 2402 2197 et

1335 2217 1470 2253 propter
1493 2208 1630 2241 nimiam
1654 2207 1840 2241 distantiam
1867 2218 1937 2240 non
1967 2217 2078 2252 potest
2100 2207 2174 2241 ferri
2203 2208 2244 2242 ad
2277 2208 2400 2241 insulas

1335 2261 1489 2293 remotas,
1506 2253 1583 2297 quia
1598 2263 1687 2284 mare
1709 2252 1904 2285 interiacens
1921 2263 1981 2286 sua
1996 2251 2170 2296 frigiditate
2186 2252 2400 2286 condensaret

1335 2298 1458 2342 ipsam:
1483 2305 1515 2330 et
1538 2308 1578 2330 ex
1599 2295 1664 2329 hoc
1687 2297 1797 2329 minus
1820 2295 1858 2328 fit
1888 2296 1932 2330 ibi
1960 2305 2184 2330 terraemotus.
2210 2296 2275 2330 Sed
2297 2297 2331 2330 in
2355 2297 2402 2329 in-

1336 2341 1416 2375 sulis
1440 2341 1636 2392 propinquis
1655 2349 1759 2374 terrae
1782 2341 1886 2384 magis
1905 2349 2079 2384 generatur
2102 2340 2275 2381 exhalatio,
2291 2349 2324 2374 et
2338 2340 2401 2374 fre-

1338 2387 1492 2430 quentius
1527 2397 1545 2419 a
1568 2392 1712 2425 itantur,
1740 2385 1816 2429 quia
1840 2394 1975 2429 propter
2009 2385 2289 2430 propinquitatem
2324 2393 2402 2418 sunt

1338 2431 1431 2475 quasi
1455 2441 1539 2474 quae
1564 2441 1618 2462 am
1640 2440 1715 2473 pars
1739 2438 1852 2462 terrae.
1882 2430 1923 2463 Et
1945 2428 2022 2462 licet
2044 2430 2128 2462 inter
2150 2440 2204 2462 eas
2228 2438 2261 2462 et
2283 2437 2402 2462 terram

1338 2476 1380 2508 sit
1395 2473 1628 2507 intermedium
1644 2484 1788 2517 paucum
1812 2484 1912 2515 mare,
1932 2482 2039 2506 tamen
2060 2482 2194 2517 propter
2209 2474 2402 2517 parvitatem

1339 2519 1510 2552 distantiae
1526 2529 1596 2551 non
1619 2517 1718 2550 habet
1739 2526 1863 2550 tantam
1877 2518 2044 2558 virtutem,
2061 2517 2152 2562 quod
2174 2518 2279 2561 possit
2298 2518 2401 2560 impe-

1339 2563 1407 2601 dire
1431 2571 1562 2596 motum
1580 2561 1804 2595 exhalationis.
1823 2561 1889 2595 Sed
1905 2561 2029 2595 insulae
2045 2562 2202 2613 l³onticae
2226 2572 2308 2606 quae
2327 2569 2404 2594 sunt

1339 2615 1484 2641 remotae
1509 2619 1527 2640 a
1549 2615 1646 2646 terra,
1664 2617 1734 2639 non
1781 2614 1898 2639 ossunt
1927 2617 2055 2639 moveri
2076 2617 2140 2639 nisi
2168 2614 2339 2639 moveatur
2362 2617 2403 2638 si-

1340 2651 1411 2685 mul
1434 2659 1543 2684 totum
1566 2662 1667 2690 mare,
1706 2661 1751 2689 uo
1798 2659 1847 2684 est
1869 2650 1968 2683 nimis
1992 2649 2133 2683 difficile.

1396 2695 1526 2729 Deinde
1550 2706 1623 2728 reca
1649 2695 1696 2727 itu
1710 2702 1743 2727 at
1758 2705 1796 2728 ea
1819 2706 1902 2738 quae
1922 2695 2072 2738 superius
2096 2693 2182 2728 dicta
2205 2702 2292 2734 sunt,
2309 2701 2341 2726 et
2357 2693 2403 2726 di-

1341 2741 1385 2773 cit
1408 2739 1499 2784 quod
1521 2740 1588 2772 iarn
1611 2706 1736 2772 dlictum
1760 2747 1809 2772 est
1832 2738 1872 2771 de
1895 2737 2154 2779 terraemotibus,
2175 2749 2258 2781 quae
2282 2738 2323 2770 sit
2345 2748 2403 2770 na-

1341 2793 1413 2818 tura
1429 2785 1590 2828 ipsorum,
1603 2791 1636 2816 et
1651 2791 1786 2834 propter
1803 2794 1902 2833 quam
1918 2793 2050 2816 causam
2065 2781 2158 2822 fiunt,
2174 2790 2207 2814 et
2221 2781 2403 2826 quomodo,

1341 2837 1374 2862 et
1397 2828 1437 2862 de
1453 2826 1676 2862 accidentibus
1690 2838 1840 2860 maximis
1856 2835 1889 2860 et
1903 2825 2179 2859 manifestioribus
2196 2826 2280 2859 circa
2301 2825 2412 2870 ipsos,

1342 2872 1383 2906 de
1407 2871 1526 2917 quibus
1549 2871 1748 2906 sufficienter
1771 2870 1895 2904 dictum
1918 2879 1967 2904 est
1986 2881 2093 2914 supra.
