2782 4134
347 249 389 284 18
1025 262 1028 267 ·
1067 242 1138 279 DE
1168 239 1343 278 CAELO
1373 239 1444 275 ET
1473 235 1667 274 MUNDO
1698 234 1791 271 LIB.
1823 234 1837 269 I

1453 322 1525 352 tem
1560 322 1651 361 etc.,
1690 324 1788 361 quae
1827 312 1910 349 talis
1949 319 2015 349 est.
2056 311 2294 348 Conclusum
2334 318 2391 348 est
2428 323 2475 348 ex
2505 312 2525 333 *
2555 320 2640 342 ϊιιι.

339 326 538 376 prehendit
564 333 641 363 tarn
660 324 698 362 id
718 324 822 373 quod
851 330 907 360 est
925 329 1055 359 contra
1074 327 1259 366 naturam,
1282 329 1398 367 quam
1588 367 1594 374 .
1742 366 1748 372 ⁸
2046 365 2052 371 ι

1450 379 1660 418 praemlssa
1683 373 1828 402 ratione
1846 366 1867 387 *
1890 366 1996 414 quod
2025 378 2055 402 si
2085 377 2226 414 corpus
2244 365 2352 414 quod
2371 364 2421 402 ad
2440 377 2525 402 sen·
2556 373 2654 396 mum.
2667 379 2700 400 1⁴-

102 443 111 452 ·
127 440 263 469 supponitur
276 446 297 461 Α.

102 495 111 504 ·
127 493 196 515 Num.
208 499 229 520 7.

101 599 110 607 ·
128 599 228 625 praeter
242 599 311 619 natu-

101 630 154 645 ram
168 630 215 646 om.
228 624 295 645 codd.

96 1239 105 1248 ·
121 1238 231 1265 arguitur
244 1244 263 1259 Ρ.

57 1630 59 1632 .
94 1613 103 1620 ·
117 1610 214 1637 negavit
226 1616 246 1631 Ρ.

91 1716 102 1726 ⁸
116 1715 181 1743 sequi
194 1721 240 1736 om.
255 1721 276 1736 Λ.

90 2514 99 2521 ·
120 2512 187 2534 habet
205 2512 297 2534 codices

89 2544 139 2560 cxc.
154 2546 175 2561 Λ.

340 380 378 417 id
397 380 502 429 quod
516 386 577 416 'est
596 390 710 427 supra
738 385 931 414 naturam:
962 382 998 412 et
1015 376 1090 412 hoc
1108 373 1227 410 modo
1257 382 1397 429 suppo-

340 433 433 470 nit*
455 433 515 470 hic
541 432 646 480 quod
674 431 828 479 aliquod
856 441 993 478 corpus
1020 433 1143 476 potest
1172 424 1397 461 circulariter

338 493 488 535 praeter
505 493 678 523 naturam
699 484 867 530 moveri;
897 483 990 519 sicut
1009 480 1149 517 dictum
1170 484 1224 514 est
1243 488 1357 524 supra
1376 476 1396 496 *

340 539 442 588 quod
477 538 570 588 ignis
607 538 644 575 in
673 550 740 574 sua
767 538 926 586 sphaera
955 532 1180 570 circulariter
1217 536 1395 566 movetur

337 600 487 641 praeter
505 599 676 628 naturam
687 592 717 638 '¹2
739 591 881 628 delatus
897 601 918 624 a
937 593 1043 624 motu
1064 584 1166 621 caeli.
1183 604 1207 610 -
1224 582 1300 619 Sed
1319 583 1394 619 hoc

337 645 486 682 videtur
505 657 586 682 esse
603 652 731 681 contra
746 641 990 680 intentionem
1005 636 1224 675 Aristotelis.
1242 636 1391 673 Eodem

339 698 439 735 enim
468 698 586 735 modo
624 697 773 734 videtur
809 693 1006 742 utrobique
1041 691 1211 740 accipere
1238 694 1393 737 praeter

338 757 530 788 naturam.-
558 751 646 799 quia
673 758 750 786 tam
778 748 838 785 hic
862 758 978 795 quam
1006 757 1120 794 supra
1140 742 1392 802 exemplificat

338 805 384 842 de
405 811 512 841 motu
532 803 594 852 qui
624 811 678 839 est
705 813 853 839 sursum
882 807 918 836 et
942 799 1131 844 deorsum,
1162 809 1226 845 qui
1252 803 1308 832 est
1325 807 1390 832 uni

338 857 486 906 corpori
515 864 643 893 contra
670 862 841 892 naturam
861 858 878 873 ⁶¹
906 859 941 888 et
960 851 1063 888 alteri
1083 849 1294 888 secundum
1324 860 1389 884 na-

336 919 469 947 turam.
500 911 549 946 Et
574 909 660 946 ideo
689 906 890 945 dicendum
920 913 994 952 est,
1031 911 1066 941 et
1093 903 1248 949 melius,
1282 901 1389 960 quod

335 963 551 1000 Aristoteles
583 962 620 998 in
647 961 769 1009 prima
803 958 946 996 ratione
977 957 1155 1006 probavit
1192 956 1296 1004 quod
1325 955 1388 991 ali-

335 1016 439 1065 quod
459 1027 594 1064 corpus
623 1013 831 1050 secundum
861 1019 1034 1048 naturam
1060 1009 1286 1047 circulariter
1304 1019 1387 1044 mo-

333 1077 453 1106 vetur.
483 1069 532 1105 Et
549 1067 636 1116 quia
662 1073 790 1115 posset
818 1065 949 1114 aliquis
979 1064 1103 1101 dicere
1123 1062 1225 1111 quod
1247 1073 1385 1110 corpus

334 1122 436 1171 quod
464 1121 611 1158 videtur
645 1119 869 1156 circulariter
900 1117 1068 1164 moveri,
1108 1122 1285 1153 movetur
1311 1115 1386 1151 hoc

333 1182 439 1211 motu
468 1181 595 1211 contra
613 1181 799 1219 naturam,
821 1171 1015 1220 dupliciter
1034 1177 1164 1206 contra
1183 1170 1257 1205 hoc
1276 1179 1386 1216 argu-

331 1234 517 1264 mentatur
530 1227 565 1263 *z
594 1238 670 1262 uno
695 1225 814 1262 modo
835 1223 1070 1262 ostendendo
1090 1223 1195 1272 quod
1214 1222 1281 1259 iste
1302 1233 1385 1258 mo—

330 1288 388 1317 tus
407 1292 483 1317 non
512 1287 566 1316 est
593 1286 722 1316 contra
750 1286 935 1324 naturam,
956 1285 997 1314 ut
1023 1283 1125 1326 patet
1152 1276 1187 1312 in
1218 1274 1385 1312 secunda

330 1333 470 1370 ratione
490 1340 526 1369 et
545 1332 657 1369 etiam
677 1332 715 1369 in
738 1332 865 1377 tertia;
896 1330 969 1367 alio
997 1330 1116 1367 modo
1146 1328 1384 1366 ostendendo

329 1387 431 1435 quod
460 1386 570 1423 etiam
599 1386 628 1422 si
657 1392 857 1422 moveatur
885 1391 1015 1420 contra
1042 1390 1232 1429 naturam,
1259 1383 1385 1420 adhuc

328 1439 493 1488 sequitur
521 1451 600 1476 esse
629 1439 731 1476 aliud
760 1450 912 1487 corpus,
943 1436 1047 1486 quod
1077 1436 1289 1474 secundum
1318 1448 1384 1473 na-

327 1501 450 1530 turam
469 1499 645 1530 movetur
665 1492 901 1529 circulariter.
933 1490 995 1527 Sic
1021 1501 1110 1538 ergo
1137 1490 1243 1540 quod
1268 1501 1383 1539 supra

328 1545 477 1594 negavit
509 1546 717 1583 secundum
749 1545 946 1582 veritatem
980 1544 1158 1593 propriae
1193 1543 1383 1593 opinionis

327 1600 497 1648 loquens,
525 1599 586 1635 hic
614 1606 724 1647 negat
742 1600 762 1620 '¹‘
781 1598 887 1647 quasi
906 1605 1016 1634 utens
1036 1597 1297 1647 suppositione
1317 1597 1382 1634 ad-

327 1653 589 1690 versariorum.

385 1706 440 1743 16.
471 1707 576 1751 Item,
607 1717 683 1742 non
711 1705 862 1742 videtur
889 1705 995 1754 sequi
1016 1705 1036 1726 ¹¹⁸
1055 1704 1171 1753 quod,
1193 1703 1222 1740 si
1248 1703 1382 1753 aliquis

326 1767 450 1796 motus
478 1759 523 1795 sit
550 1766 697 1807 praeter
725 1766 898 1795 naturam
932 1757 1042 1794 alicui
1072 1757 1242 1806 corpori,
1277 1758 1381 1807 quod

327 1813 371 1850 sit
390 1812 492 1849 alteri
511 1811 659 1860 corpori
688 1812 875 1848 naturalis.
906 1812 1036 1848 Potest
1065 1811 1166 1847 enim
1192 1810 1298 1859 ignis,
1320 1812 1382 1849 vel

327 1866 593 1915 quodcumque
613 1865 713 1902 aliud
734 1877 882 1914 corpus,
912 1864 1193 1901 multiformiter
1212 1865 1380 1903 moveri:

328 1932 397 1956 nec
424 1927 550 1956 tamen
576 1926 729 1967 propter
755 1919 828 1955 hoc
857 1926 1007 1967 oportet
1033 1918 1137 1967 quod
1162 1918 1382 1956 huiusmodi

327 1980 451 2010 motus
471 1983 604 2009 omnes
623 1971 694 2008 sint
722 1972 906 2008 naturales
935 1971 1123 2021 aliquibus
1144 1971 1380 2020 corporibus.

326 2047 349 2053 -
366 2027 432 2063 Est
460 2033 584 2063 autem
614 2025 888 2062 advertendum
908 2025 1013 2074 quod
1033 2024 1294 2074 Philosophus
1322 2025 1383 2062 hic

325 2079 488 2128 loquitur
516 2079 562 2116 de
587 2079 745 2128 simplici
773 2087 891 2126 motu,
922 2078 970 2116 ad
999 2090 1115 2128 quern
1143 2086 1278 2116 natura
1300 2091 1382 2116 cor-

324 2133 427 2181 poris
450 2132 626 2182 simplicis
646 2132 782 2170 inclina
814 2138 850 2154 ‘⁰‘
873 2132 968 2170 sicut
992 2132 1042 2170 ad
1066 2131 1208 2180 aliquid
1237 2145 1379 2170 unum:

325 2193 450 2223 motus
469 2194 594 2224 autern
623 2186 875 2223 diversimode
903 2186 1036 2223 variati
1065 2186 1186 2234 magis
1204 2185 1383 2223 videntur

325 2252 370 2276 ex
398 2247 475 2276 arte
513 2239 700 2288 dispositi,
739 2251 836 2287 quae
869 2247 993 2288 potest
1031 2251 1114 2276 esse
1151 2239 1386 2289 principium·

326 2293 573 2330 diversorum.
600 2293 667 2330 Est
686 2293 797 2330 etiam
819 2293 1138 2330 considerandum
1157 2293 1274 2342 quod,
1296 2293 1382 2330 licet

324 2353 448 2383 motus
476 2346 539 2395 qui
569 2354 624 2383 est
643 2346 750 2383 alicui
780 2347 929 2396 corpori
958 2354 1107 2395 praeter
1125 2354 1313 2394 naturam,
1335 2347 1381 2384 sit

324 2399 425 2436 alteri
465 2399 613 2449 corpori
650 2400 859 2437 secundum
898 2407 1096 2447 naturam,
1136 2412 1214 2437 non
1251 2407 1381 2437 tamen

325 2461 472 2501 oportet
491 2453 595 2502 quod
624 2465 738 2490 omne
767 2465 905 2502 corpus
934 2453 994 2490 cui
1023 2461 1079 2490 est
1101 2453 1236 2501 aliquis
1254 2461 1381 2490 motus

325 2506 533 2544 secundum
549 2514 734 2554 naturam,
745 2507 912 2543 habeat*
927 2507 1092 2555 aliquem
1108 2514 1258 2543 motum
1274 2519 1381 2555 prae-

325 2566 381 2595 ter
408 2566 601 2596 naturam:
622 2559 709 2608 quia
728 2571 843 2596 omne
873 2572 1011 2608 corpus
1040 2560 1145 2608 quod
1175 2567 1230 2597 est
1258 2573 1382 2598 susce-

325 2612 471 2660 ptivum
509 2613 651 2650 alienae
683 2612 958 2661 impressionis,
992 2614 1106 2650 habet
1137 2613 1277 2663 aliquid
1311 2615 1381 2651 sibi

326 2666 520 2714 proprium
534 2664 569 2694 ββ
589 2673 623 2702 et
638 2667 896 2712 connaturale;
922 2679 1000 2703 non
1020 2674 1147 2704 autern
1168 2679 1284 2704 omne
1299 2680 1380 2705 cor-

326 2731 397 2767 pus
417 2725 539 2768 potest
568 2726 781 2756 extraneam
810 2719 1099 2768 impressionem
1128 2721 1311 2770 recipere,
1340 2730 1381 2759 ut

327 2771 379 2808 sic
406 2772 524 2821 possit
551 2773 758 2810 naturalem
788 2780 936 2810 motum
965 2774 1117 2811 habere.

386 2837 441 2873 17.
472 2825 653 2873 Quintam
686 2826 871 2863 rationem
904 2827 1010 2875 ponit
1044 2827 1115 2864 ibi:
1148 2828 1283 2865 Adhuc
1314 2841 1380 2866 au-

378 2983 409 3014 ω)
423 2982 468 3015 qui
486 2985 525 3007 est
543 2983 590 3008 uni
607 2984 714 3015 corpori
731 2986 826 3008 contra
850 2988 983 3009 naturam.
997 2999 1015 3004 —
1034 2986 1079 3018 qui
1097 2990 1136 3011 est
1161 2987 1237 3012 unius
1261 2988 1382 3020 corporis

327 3021 419 3043 contra
438 3021 561 3044 naturam
576 3020 606 3044 Α.
626 3019 775 3044 immediate
794 3025 854 3052 post
873 3028 919 3053 pro
943 3023 968 3045 et
986 3022 1065 3046 alteri
1083 3022 1227 3047 secundum
1247 3027 1380 3054 naturam,

327 3057 353 3078 et
370 3053 478 3078 alterius
495 3055 637 3080 secundum
657 3057 780 3079 naturam
806 3054 902 3080 habent
919 3055 1020 3081 codices
1041 3065 1094 3082 exc.
1108 3058 1146 3087 H;
1165 3058 1196 3083 cf.
1216 3066 1286 3083 num.
1308 3067 1338 3091 ¹4
1357 3060 1381 3084 in

328 3087 386 3118 tine.
396 3089 430 3114 sit
442 3089 552 3115 alicuius
564 3090 674 3115 alterius
686 3090 805 3123 corporis
818 3092 961 3116 secundum
978 3096 1103 3118 naturam
1110 3100 1118 3122 ‚·
1128 3094 1175 3118 sed
1184 3095 1263 3127 vulgo
1277 3095 1303 3120 S.
1311 3095 1382 3120 Tho-

330 3131 385 3148 mas
404 3124 487 3148 dat1vo
506 3131 566 3150 casu
583 3126 668 3150 utitur.

382 3159 426 3191 αα)
445 3159 592 3185 ίηεΙὶηαί.-
610 3161 752 3187 inclinatur
769 3162 800 3186 Α.
813 3176 832 3181 -
846 3163 902 3187 Lin.
917 3170 973 3196 seq.
993 3171 1040 3196 pro
1053 3164 1160 3194 variati,
1185 3165 1289 3190 variari
1307 3167 1382 3192 codd.

330 3201 382 3219 exc.
395 3195 432 3224 A;
451 3195 578 3228 corruptio
593 3203 643 3228 qua
661 3197 763 3228 ponitur
780 3205 795 3221 r
814 3205 861 3230 pro
878 3202 896 3228 t,
917 3198 1040 3232 frequens
1060 3205 1107 3224 est.

383 3228 423 3262 ββ)
442 3229 491 3254 sibi
506 3231 683 3263 proprium·
695 3233 744 3257 sibi
762 3233 844 3258 simile
863 3235 885 3258 A
905 3242 955 3259 non
975 3235 1048 3260 bene.
1066 3249 1084 3254 —
1102 3235 1159 3260 Lin.
1174 3244 1230 3269 seq.
1246 3245 1293 3270 pro
1316 3238 1382 3263 reci—

327 3271 398 3295 pere,
418 3265 534 3297 accipere
553 3266 581 3291 P.
594 3280 612 3285 —
624 3267 708 3299 Pergit
726 3268 763 3292 sl:
783 3271 812 3293 ut
829 3269 866 3294 sic
880 3270 978 3301 possit,
995 3274 1106 3303 praeter
1121 3271 1212 3301 alium,
1233 3274 1381 3299 naturalem

331 3303 429 3324 motum
448 3301 554 3331 habere,·
572 3301 672 3326 videtur
690 3303 826 3335 legendum
845 3312 902 3330 esse
922 3309 950 3331 ut
962 3306 999 3331 sic
1008 3307 1095 3339 possit
1107 3311 1219 3339 praeter
1233 3310 1381 3335 naturalem

332 3334 383 3366 (vel
398 3339 506 3366 praeter
525 3338 659 3369 naturam)
680 3341 777 3363 motum
797 3339 899 3365 habere.

342 3404 347 3410 .
383 3370 426 3403 γγ)
447 3371 613 3404 manifestum
637 3375 684 3397 est.
702 3387 720 3391 -
738 3377 828 3399 notum
849 3379 887 3399 est
906 3376 938 3406 P;
959 3377 990 3401 cf.
1010 3378 1066 3402 lect.
1082 3386 1138 3411 seq.
1158 3377 1181 3411 β.
1199 3394 1217 3398 -
1236 3379 1299 3404 Post
1318 3381 1382 3406 duas

332 3405 411 3430 lineas
431 3414 477 3438 pro
491 3407 673 3438 prioritatem,
689 3409 876 3441 perfectionem
894 3411 922 3435 P.
937 3425 954 3429 -
968 3413 1113 3439 rationibus
1132 3422 1185 3439 orn.
1201 3415 1228 3440 P.

384 3439 423 3473 δῦ)
439 3441 564 3471 mirabile,
576 3442 654 3471 immo
668 3444 774 3469 omnino
787 3444 1040 3473 irrationabile.-11a
1053 3450 1089 3480 A;
1104 3457 1151 3481 pro
1162 3450 1282 3476 mirabile
1292 3451 1380 3481 immo,

1451 433 1537 458 sum
1575 419 1804 456 circulariter
1839 426 2039 466 movetur,
2079 425 2284 455 moveatur
2320 420 2340 437 *
2373 425 2526 467 praeter
2554 424 2563 433 '
2578 423 2614 444 21'0
2627 423 2682 446 ⁸⁶⁶¹·
2697 422 2768 446 codd·

2553 455 2603 472 exc.
2618 456 2640 472 Α.

1450 482 1638 520 naturam,
1669 479 1821 521 oportet
1849 473 1956 520 quod
1984 472 2067 509 talis
2095 479 2224 509 motus
2250 471 2296 508 sit
2315 471 2422 508 alteri
2441 484 2524 509 cor-

1448 527 1534 576 pori
1562 526 1775 563 secundum
1805 533 1993 563 naturam.
2032 526 2150 573 Quod
2185 525 2343 575 quidem
2372 524 2403 561 si
2433 537 2524 562 con-

1450 580 1625 627 cedatur,
1655 579 1796 616 scilicet
1823 579 1931 627 quod
1959 579 2151 616 circularis
2179 586 2309 616 motus
2338 578 2384 615 sit
2410 578 2522 619 alicui

1449 633 1600 682 corpori
1636 632 1850 669 secundum
1883 640 2082 680 naturam,
2122 633 2370 670 manifestum
2408 638 2465 669 est
2492 637 2523 659 ⁷⁷

1448 687 1553 735 quod
1592 686 1660 723 erit
1697 685 1854 734 aliquod
1892 698 2031 736 corpus
2069 686 2230 736 simplex
2274 694 2310 723 et
2351 685 2522 735 primum

1447 740 1552 788 quod
1582 739 1812 776 circulariter
1837 748 2029 787 movetur,
2058 748 2217 790 propter
2240 739 2522 790 simplicitatem

1447 801 1484 830 et
1510 793 1745 842 prioritatem
1782 792 1974 830 circularis
2001 802 2147 842 motus,
2181 801 2225 831 ut
2258 806 2302 830 ex
2337 793 2522 843 praemis-

1445 846 1495 884 sis
1515 846 1725 883 rationibus
1744 854 1848 895 patet
1867 848 1900 894 ³²,
1922 847 2020 884 sicut
2042 847 2138 895 ignis
2162 854 2345 885 movetur
2368 859 2521 885 sursum

1446 908 1482 936 et
1500 908 1599 937 terra
1619 900 1812 937 deorsum.
1844 900 1886 938 Si
1913 909 2043 938 autem
2073 913 2153 938 non
2181 900 2416 938 concedatur
2433 913 2522 950 pro-

1445 966 1573 990 cessus
1605 953 1871 1002 praecedentis
1909 954 2086 1001 rationis,
2125 955 2192 992 sed
2232 954 2378 992 dicatur
2414 954 2521 1004 quod

1444 1007 1573 1044 omnia
1602 1019 1701 1056 quae
1730 1014 1940 1045 moventur
1968 1007 2197 1045 circulariter
2223 1008 2430 1045 secundum
2452 1019 2520 1056 pe-

1442 1061 1661 1109 ripheriam,
1682 1060 1780 1098 idest
1807 1061 2024 1099 secundum
2053 1061 2413 1109 circumferentiam,
2435 1073 2521 1099 mo-

1441 1122 1581 1151 ventur
1598 1121 1750 1163 praeter
1778 1122 1967 1162 naturam,
1997 1115 2048 1151 ita
2067 1115 2173 1164 quod
2193 1115 2256 1153 hic
2279 1122 2408 1152 motus
2428 1115 2521 1152 nulli

1443 1167 1595 1217 corpori
1623 1168 1670 1205 sit
1697 1169 1911 1205 secundum
1941 1175 2139 1205 naturam:
2168 1170 2245 1206 hoc
2263 1168 2416 1206 videtur
2435 1181 2520 1206 esse

1441 1221 1626 1269 mirabile,
1646 1221 1768 1258 immo
1789 1221 1949 1259 omnino
1969 1221 2225 1259 irrationabile
2244 1219 2284 1259 δ’.
2307 1222 2519 1260 Ostensum

1443 1283 1498 1312 est
1527 1275 1630 1312 enim
1658 1275 1697 1312 in
1724 1276 1811 1312 VIII
1841 1275 1992 1324 Physic.
2022 1276 2043 1297 ¹⁸¹
2072 1275 2180 1325 quod
2208 1276 2336 1313 solum
2365 1283 2519 1314 motum

1442 1329 1664 1366 circularem
1694 1329 1875 1377 contingit
1903 1341 1987 1366 esse
2016 1329 2243 1367 continuum
2264 1337 2301 1366 et
2319 1329 2520 1379 sempiter-

1440 1395 1557 1420 num:
1587 1382 1842 1420 irrationabile
1870 1390 2000 1420 autem
2030 1390 2087 1420 est
2115 1383 2221 1432 quod
2249 1383 2288 1421 id
2316 1383 2424 1432 quod
2462 1390 2521 1421 est

1439 1436 1729 1486 sempiternum,
1759 1436 1806 1474 sit
1833 1444 1984 1486 praeter
2011 1445 2200 1485 naturam,
2227 1444 2264 1474 et
2290 1445 2420 1475 motus
2438 1448 2519 1476 non

1440 1490 1696 1539 sempiternus
1715 1490 1762 1527 sit
1780 1491 1995 1528 secundum
2010 1498 2199 1528 naturam.
2210 1490 2400 1529 Videmus
2415 1490 2519 1529 enim

1439 1543 1547 1592 quod
1582 1556 1628 1581 ea
1665 1555 1764 1593 quae
1798 1551 1886 1581 sunt
1918 1552 2071 1593 praeter
2102 1552 2299 1592 naturam,
2338 1544 2519 1582 citissime

1439 1604 1637 1634 transeunt
1663 1605 1699 1635 et
1726 1605 2034 1647 corrumpuntur,
2055 1598 2152 1636 sicut
2176 1598 2372 1636 calefactio
2391 1609 2517 1648 aquae

1440 1658 1476 1687 et
1494 1650 1680 1700 proiectio
1709 1650 1844 1700 lapidis
1866 1651 1906 1688 in
1934 1652 2071 1689 altum:
2101 1664 2148 1689 ea
2175 1663 2271 1689 vero
2301 1663 2400 1702 quae
2429 1660 2518 1690 sunt

1439 1705 1652 1742 secundum
1681 1712 1868 1751 naturam,
1897 1704 2079 1742 videntur
2106 1705 2247 1743 diutius
2274 1716 2516 1755 permanere.

1439 1758 1502 1795 Sic
1530 1770 1622 1806 ergo
1652 1765 1804 1807 oportet
1831 1758 1992 1796 omnino
2011 1766 2162 1796 motum
2183 1759 2407 1796 circularem
2433 1770 2518 1798 esse

1438 1811 1549 1848 alicui
1578 1811 1729 1861 corpori
1758 1812 1984 1849 naturalem.
2005 1833 2030 1841 -
2056 1812 2096 1849 Si
2125 1824 2217 1861 ergo
2245 1812 2347 1850 istud
2375 1824 2518 1863 corpus

1437 1865 1544 1915 quod
1562 1865 1741 1902 videmus
1757 1865 1987 1903 circulariter
2002 1866 2102 1913 ferri,
2120 1874 2177 1904 est
2191 1866 2240 1904 de
2255 1874 2392 1904 natura
2406 1866 2514 1916 ignis,

1437 1926 1478 1956 ut
1506 1919 1663 1968 quidam
1692 1919 1840 1967 dicunt,
1860 1927 1989 1956 motus
2008 1920 2078 1957 iste
2097 1919 2167 1957 erit
2186 1920 2220 1957 ei
2242 1922 2262 1942 *²
2280 1927 2432 1970 praeter
2449 1932 2517 1958 na-

1437 1980 1573 2019 turam,
1599 1972 1696 2009 sicut
1723 1980 1760 2009 et
1787 1979 1916 2009 motus
1943 1972 2009 2022 qui
2030 1981 2085 2010 est
2103 1973 2307 2011 deorsum:
2336 1973 2517 2012 videmus

1439 2025 1542 2062 enim
1563 2026 1669 2075 quod
1684 2034 1815 2063 motus
1827 2026 2010 2064 naturalis
2029 2026 2126 2075 ignis
2141 2034 2198 2065 est
2212 2039 2365 2065 sursum
2379 2039 2516 2066 secun·

1439 2079 1531 2117 dum
1561 2087 1703 2116 rectam
1731 2079 1884 2117 lineam.
1916 2080 1966 2117 Et
1988 2080 2053 2128 sic,
2084 2081 2181 2118 sicut
2207 2088 2336 2118 motus
2365 2081 2431 2131 qui
2458 2088 2516 2120 est

1439 2133 1621 2170 deorsum
1643 2140 1699 2169 est
1714 2133 1819 2170 alteri
1836 2134 1988 2182 corpori
2003 2134 2195 2183 naturalis,
2217 2134 2359 2172 scilicet
2377 2142 2512 2184 terrae,

1438 2187 1488 2223 ita
1504 2187 1573 2223 erit
1591 2194 1719 2223 motus
1740 2186 1930 2223 circularis
1944 2187 2056 2224 alicui
2077 2187 2138 2225 alii
2154 2187 2307 2237 corpori
2322 2188 2514 2227 naturalis.

1498 2241 1554 2276 18.
1577 2239 1720 2277 Ultimo
1741 2247 1870 2276 autem
1889 2241 1908 2262 *²
1929 2241 2160 2291 epilogando
2181 2241 2385 2289 concludit,
2406 2242 2514 2292 quod

1437 2293 1467 2330 si
1487 2293 1622 2342 aliquis
1642 2305 1688 2330 ex
1709 2293 1888 2331 omnibus
1907 2294 2128 2343 praemissis
2147 2295 2428 2344 syllogizaverit
2444 2307 2516 2346 per

1437 2347 1599 2384 modum
1614 2346 1865 2396 praedictum,
1881 2348 2017 2394 credet,
2034 2348 2132 2386 idest
2145 2348 2308 2386 firmiter
2322 2349 2513 2398 assentiet,

1437 2400 1542 2450 quod
1576 2400 1622 2438 sit
1650 2401 1807 2450 aliquod
1845 2413 1986 2451 corpus
2023 2409 2175 2451 praeter
2211 2414 2375 2452 corpora
2411 2414 2514 2453 quae

1436 2462 1524 2491 sunt
1550 2454 1612 2491 hic
1641 2454 1739 2492 circa
1768 2466 1840 2492 nos
1865 2461 1888 2476 ‘¹
1916 2455 2033 2502 (idest
2059 2463 2226 2505 quatuor
2260 2457 2449 2495 elementa
2477 2464 2515 2495 et

1438 2520 1482 2545 ex
1502 2508 1559 2545 his
1579 2507 1827 2558 composita),
1857 2517 2077 2558 separatum
2106 2510 2156 2547 ab
2176 2510 2242 2557 eis,
2264 2518 2300 2548 et
2319 2509 2358 2548 in
2377 2518 2514 2550 natura

1435 2569 1540 2599 tanto
1560 2563 1708 2599 habens
1727 2562 1956 2601 nobiliorem
1976 2571 2164 2610 naturam,
2189 2571 2335 2613 quanto
2355 2572 2413 2602 est
2430 2575 2513 2602 ma-

1435 2615 1490 2663 gis
1520 2616 1739 2664 elongatum
1773 2615 1988 2654 secundum
2022 2617 2095 2654 loci
2127 2617 2342 2655 distantiam
2376 2618 2426 2656 ab
2453 2617 2514 2656 ὣς

1436 2681 1534 2719 quae
1559 2678 1646 2707 sunt
1665 2669 1744 2707 hic:
1775 2681 1938 2719 corpora
1958 2670 2062 2708 enirn
2083 2670 2315 2709 continentia
2330 2673 2352 2694 *
2372 2671 2410 2710 in
2429 2671 2512 2710 uni-
2543 2679 2551 2689 ·

1420 2720 1549 2761 ‘verso
1569 2735 1610 2760 se
1630 2723 1774 2761 habent
1801 2724 1851 2761 ad
1879 2735 2042 2774 corpora
2069 2732 2247 2763 contenta
2271 2724 2368 2763 sicut
2390 2725 2514 2763 forma
2539 2769 2549 2778 θ

1437 2777 1485 2814 ad
1514 2777 1712 2814 materiam
1743 2784 1780 2814 et
1807 2785 1913 2815 actus
1947 2777 1997 2816 ad
2024 2779 2258 2828 potentiam,
2293 2786 2336 2816 ut
2368 2778 2512 2816 dictum
2559 2809 2566 2816 .

1438 2838 1492 2868 est
1520 2830 1558 2868 in
1588 2831 1639 2868 IV
1666 2831 1815 2879 Pluysic.
1839 2832 1858 2852 ’²'

1437 2989 1473 3014 st:
1492 2989 1569 3015 habet
1587 2990 1709 3016 mirabile
1727 2993 1753 3016 et
1772 2997 1853 3024 nuper
1871 2998 1936 3022 m„
1951 2995 2000 3016 cet.
2013 2995 2187 3024 corrumpunt
2205 2990 2328 3017 mirabile
2347 2991 2374 3017 in
2391 2991 2514 3025 εἰηροηί-

1437 3025 1496 3051 bile.
1515 3025 1546 3050 P:
1567 3026 1689 3052 mirabile
1707 3026 1827 3057 omnino,
1847 3025 1928 3052 immo
1947 3026 2143 3052 irrationabile.
2162 3025 2203 3052 Cf.
2216 3031 2358 3061 utrumque
2374 3032 2482 3054 textum.
2494 3041 2515 3048 -

1437 3060 1499 3085 Post
1518 3061 1582 3086 duas
1602 3061 1683 3087 lineas
1702 3061 1722 3086 P
1742 3061 1837 3087 habet:
1857 3061 2044 3088 irrationabile
2061 3065 2151 3087 autem
2171 3061 2279 3088 videtur
2297 3063 2371 3097 quod
2389 3063 2418 3090 id
2441 3062 2515 3098 quod

1436 3100 1475 3122 est
1489 3097 1679 3129 sempiternum
1703 3097 1741 3123 sit
1757 3101 1855 3123 contra
1873 3101 2010 3128 naturam,
2027 3101 2054 3123 et
2072 3101 2158 3124 motus
2172 3098 2330 3131 sempiterni
2347 3098 2403 3125 sint
2420 3106 2513 3126 mun·

1437 3132 1499 3157 dum
1520 3136 1646 3158 naturam
1652 3139 1661 3162 ,·
1679 3132 1738 3159 DE:
1758 3133 1945 3159 irrationabile
1962 3136 2053 3158 autem
2072 3136 2112 3159 est
2130 3134 2202 3167 quod
2220 3134 2250 3159 id
2267 3135 2341 3168 quod
2358 3138 2399 3161 est
2416 3135 2514 3168 semp}-

1436 3171 1541 3193 ternum
1561 3169 1597 3194 sit
1617 3172 1730 3201 praeter
1752 3172 1879 3194 naturam
1900 3167 1969 3203 (om.
1989 3172 2015 3195 et
2035 3173 2167 3195 motus...
2186 3169 2333 3196 secundum
2358 3169 2512 3205 ummah

1437 3203 1574 3229 BCFGHI:
1600 3204 1787 3230 irrationabile
1808 3208 1898 3230 autem
1918 3208 1958 3230 est
1981 3205 2054 3238 quod
2073 3205 2101 3231 id
2119 3205 2192 3239 quod
2210 3209 2251 3232 est
2267 3205 2459 3239 sempiternum
2477 3206 2515 3233 tlt

1437 3239 1505 3271 (om.
1521 3244 1666 3272 praeter...
1685 3241 1735 3274 sit)
1755 3241 1899 3266 secundum
1920 3244 2060 3272 natur-arn,-
2079 3249 2148 3275 quae
2166 3241 2320 3267 omittuntur
2338 3246 2401 3267 sunt
2419 3241 2512 3268 homo-

1436 3275 1543 3306 telenum
1562 3281 1633 3308 patet
1651 3284 1682 3302 ex
1702 3275 1855 3302 lectionibus
1868 3276 1891 3301 D
1905 3281 1930 3302 et
1943 3276 1963 3302 F
1977 3276 2077 3302 omissa
2090 3276 2205 3303 adfixisse
2223 3276 2248 3302 ln
2262 3276 2348 3310 primo
2361 3276 2513 3311 apographo

1437 3318 1528 3335 eorum
1549 3311 1668 3338 familiae.
1686 3312 1778 3345 Margo
1791 3312 1822 3337 Fl
1836 3312 1913 3338 habet
1931 3319 2001 3343 uma,-
2020 3313 2043 3338 G
2063 3313 2167 3347 corrigit
2185 3313 2330 3339 necandum
2350 3312 2376 3339 in
2389 3316 2512 3346 praeter.

1491 3347 1524 3378 εε)
1545 3347 1586 3372 hic
1605 3348 1677 3373 circa
1697 3355 1752 3373 nos.
1766 3362 1785 3367 -
1798 3348 1871 3374 circa
1891 3355 1939 3374 nos
1957 3357 2011 3374 om.
2026 3348 2101 3374 codd.
2107 3355 2114 3378 ;
2130 3347 2162 3373 ef.
2176 3353 2274 3373 textum
2288 3353 2313 3373 et
2327 3356 2352 3373 n.
2367 3356 2384 3383 9
2398 3347 2441 3374 fin.
2461 3349 2512 3374 Pro

1438 3381 1518 3412 idest,
1537 3383 1637 3408 scilicet
1656 3383 1689 3415 P;
1704 3384 1833 3409 elementa
1852 3392 1905 3409 om.
1919 3384 1994 3410 codd.
2012 3391 2066 3410 exc.
2080 3384 2154 3415 AsE;
2174 3390 2222 3416 pro
2241 3390 2279 3408 ex
2297 3384 2349 3414 his,
2370 3391 2408 3410 ex
2426 3385 2464 3410 eis
2483 3385 2512 3410 P.

1435 3430 1454 3435 -
1467 3421 1493 3442 et
1512 3423 1570 3443 ante
1585 3419 1611 3444 in
1628 3423 1727 3444 natura
1741 3427 1794 3445 om.
1810 3420 1899 3451 codd.;
1914 3427 1962 3454 pro
1977 3420 2084 3449 habens,
2099 3419 2171 3453 quod
2184 3426 2237 3444 om.
2251 3419 2275 3450 l,
2290 3419 2330 3445 his
2344 3420 2511 3454 BCDpFGl-l,

1437 3459 1557 3486 corrupte
1576 3462 1670 3488 nempe
1689 3455 1740 3480 hiis
1759 3463 1806 3488 pro
1825 3455 1882 3481 hus.

1331 3569 1491 3597 ..μὲ-πρῴ.

2551 854 2559 863 ·
2573 852 2611 875 ef.
2625 858 2649 875 n.
2659 859 2683 882 9.

2546 1271 2763 1321 {mx-„²³2”-

2544 1931 2554 1941 ·
2569 1930 2594 1952 ει·
2605 1936 2656 1953 on.
2670 1937 2693 1954 r.

2544 2247 2746 2270 ‘attumn-
