<?xml version="1.0" encoding="UTF-8"?>
<!DOCTYPE html PUBLIC "-//W3C//DTD XHTML 1.0 Transitional//EN"
    "http://www.w3.org/TR/xhtml1/DTD/xhtml1-transitional.dtd">
<html xmlns="http://www.w3.org/1999/xhtml" xml:lang="en" lang="en">
 <head>
  <title>
</title>
<meta http-equiv="Content-Type" content="text/html;charset=utf-8" />
  <meta name='ocr-system' content='tesseract 3.04.00' />
  <meta name='ocr-capabilities' content='ocr_page ocr_carea ocr_par ocr_line ocrx_word'/>
</head>
<body>
  <div class='ocr_page' id='page_1' title='image "./operaomniaiussui03thom/operaomniaiussui03thom_0631.png"; bbox 0 0 2690 4062; ppageno 0'>
   <div class='ocr_carea' id='block_1_1' title="bbox 0 657 66 4062">
    <p class='ocr_par' dir='ltr' id='par_1_1' title="bbox 0 657 66 4062">
     <span class='ocr_line' id='line_1_1' title="bbox 0 657 66 4062; baseline 0 0"><span class='ocrx_word' id='word_1_1' title='bbox 0 657 66 4062; x_wconf 95' lang='lat' dir='ltr'> </span> 
     </span>
    </p>
   </div>
   <div class='ocr_carea' id='block_1_2' title="bbox 1071 259 1566 308">
    <p class='ocr_par' dir='ltr' id='par_1_2' title="bbox 1071 259 1566 308">
     <span class='ocr_line' id='line_1_2' title="bbox 1071 259 1566 308; baseline 0.004 -12"><span class='ocrx_word' id='word_1_2' title='bbox 1071 259 1182 297; x_wconf 87' lang='lat' dir='ltr'><strong>CAP.</strong></span> <span class='ocrx_word' id='word_1_3' title='bbox 1211 260 1318 308; x_wconf 88' lang='lat' dir='ltr'>V111,</span> <span class='ocrx_word' id='word_1_4' title='bbox 1348 261 1500 298; x_wconf 89' lang='lat' dir='ltr'><strong>LECT.</strong></span> <span class='ocrx_word' id='word_1_5' title='bbox 1529 263 1566 298; x_wconf 86' lang='lat' dir='ltr'>x</span> 
     </span>
    </p>
   </div>
   <div class='ocr_carea' id='block_1_3' title="bbox 2306 281 2411 306">
    <p class='ocr_par' dir='ltr' id='par_1_3' title="bbox 2306 281 2411 306">
     <span class='ocr_line' id='line_1_3' title="bbox 2306 281 2411 306; baseline 0 -1"><span class='ocrx_word' id='word_1_6' title='bbox 2306 281 2411 306; x_wconf 88' lang='lat' dir='ltr'>CXXXI</span> 
     </span>
    </p>
   </div>
   <div class='ocr_carea' id='block_1_4' title="bbox 992 485 1655 544">
    <p class='ocr_par' dir='ltr' id='par_1_4' title="bbox 992 485 1655 544">
     <span class='ocr_line' id='line_1_4' title="bbox 992 485 1655 544; baseline 0.008 -4"><span class='ocrx_word' id='word_1_7' title='bbox 992 485 1293 541; x_wconf 89' lang='lat' dir='ltr'>LECTIO</span> <span class='ocrx_word' id='word_1_8' title='bbox 1342 489 1655 544; x_wconf 88' lang='lat' dir='ltr'><strong>DECIMA</strong></span> 
     </span>
    </p>
   </div>
   <div class='ocr_carea' id='block_1_5' title="bbox 429 632 2220 733">
    <p class='ocr_par' dir='ltr' id='par_1_5' title="bbox 429 632 2220 733">
     <span class='ocr_line' id='line_1_5' title="bbox 429 632 2220 681; baseline 0.007 -18"><span class='ocrx_word' id='word_1_9' title='bbox 429 632 749 665; x_wconf 88' lang='lat' dir='ltr'>COROLLARIUM</span> <span class='ocrx_word' id='word_1_10' title='bbox 768 634 988 671; x_wconf 82' lang='lat' dir='ltr'><strong>QUODDAM</strong></span> <span class='ocrx_word' id='word_1_11' title='bbox 1016 636 1074 667; x_wconf 88' lang='lat' dir='ltr'>EX</span> <span class='ocrx_word' id='word_1_12' title='bbox 1104 637 1490 671; x_wconf 86' lang='lat' dir='ltr'><strong>PRAECEDENTIBUS</strong></span> <span class='ocrx_word' id='word_1_13' title='bbox 1513 657 1535 663; x_wconf 95' lang='lat'>-</span> <span class='ocrx_word' id='word_1_14' title='bbox 1559 642 1677 679; x_wconf 83' lang='lat' dir='ltr'><strong>QUAE</strong></span> <span class='ocrx_word' id='word_1_15' title='bbox 1701 643 1758 673; x_wconf 93' lang='lat' dir='ltr'>ET</span> <span class='ocrx_word' id='word_1_16' title='bbox 1783 643 1907 681; x_wconf 91' lang='lat' dir='ltr'>QUOT</span> <span class='ocrx_word' id='word_1_17' title='bbox 1931 644 2028 675; x_wconf 88' lang='lat' dir='ltr'><strong>SINT</strong></span> <span class='ocrx_word' id='word_1_18' title='bbox 2052 644 2220 676; x_wconf 86' lang='lat' dir='ltr'>SPECIES</span> 
     </span>
     <span class='ocr_line' id='line_1_6' title="bbox 549 691 2100 733; baseline 0.008 -13"><span class='ocrx_word' id='word_1_19' title='bbox 549 691 843 728; x_wconf 87' lang='lat' dir='ltr'>QUALITATUM</span> <span class='ocrx_word' id='word_1_20' title='bbox 866 692 1137 724; x_wconf 83' lang='lat' dir='ltr'><strong>PASSIVARUM</strong></span> <span class='ocrx_word' id='word_1_21' title='bbox 1160 712 1179 716; x_wconf 98' lang='lat'><strong>—</strong></span> <span class='ocrx_word' id='word_1_22' title='bbox 1203 695 1551 728; x_wconf 86' lang='lat' dir='ltr'><strong>DETERMINATUR</strong></span> <span class='ocrx_word' id='word_1_23' title='bbox 1574 699 1631 729; x_wconf 88' lang='lat' dir='ltr'>DE</span> <span class='ocrx_word' id='word_1_24' title='bbox 1656 699 1719 730; x_wconf 82' lang='lat' dir='ltr'>EIS</span> <span class='ocrx_word' id='word_1_25' title='bbox 1744 701 1787 730; x_wconf 96' lang='lat' dir='ltr'>IN</span> <span class='ocrx_word' id='word_1_26' title='bbox 1810 701 2100 733; x_wconf 89' lang='lat' dir='ltr'>PARTICULARI</span> 
     </span>
    </p>
   </div>
   <div class='ocr_carea' id='block_1_6' title="bbox 267 863 1310 2384">
    <p class='ocr_par' dir='ltr' id='par_1_6' title="bbox 267 863 1310 2384">
     <span class='ocr_line' id='line_1_7' title="bbox 295 863 1303 912; baseline 0.003 -14"><span class='ocrx_word' id='word_1_27' title='bbox 295 867 430 898; x_wconf 82' lang='grc' dir='ltr'>σταται</span> <span class='ocrx_word' id='word_1_28' title='bbox 455 866 504 898; x_wconf 81' lang='grc' dir='ltr'>τοὶ</span> <span class='ocrx_word' id='word_1_29' title='bbox 528 865 688 909; x_wconf 78' lang='grc' dir='ltr'>σώματα,</span> <span class='ocrx_word' id='word_1_30' title='bbox 716 867 837 898; x_wconf 87' lang='grc' dir='ltr'>ταῦτα</span> <span class='ocrx_word' id='word_1_31' title='bbox 861 863 899 899; x_wconf 77' lang='grc' dir='ltr'>δὲ</span> <span class='ocrx_word' id='word_1_32' title='bbox 925 878 1130 912; x_wconf 81' lang='grc' dir='ltr'>παχυνοντα</span> <span class='ocrx_word' id='word_1_33' title='bbox 1154 871 1213 900; x_wconf 82' lang='grc' dir='ltr'>καὶ</span> <span class='ocrx_word' id='word_1_34' title='bbox 1239 881 1303 906; x_wconf 86' lang='grc' dir='ltr'>πη-</span> 
     </span>
     <span class='ocr_line' id='line_1_8' title="bbox 293 908 1302 957; baseline 0.003 -15"><span class='ocrx_word' id='word_1_35' title='bbox 293 909 429 957; x_wconf 86' lang='grc' dir='ltr'>γνύντα</span> <span class='ocrx_word' id='word_1_36' title='bbox 462 914 615 942; x_wconf 77' lang='grc' dir='ltr'>ποιεῖται</span> <span class='ocrx_word' id='word_1_37' title='bbox 649 912 713 948; x_wconf 79' lang='grc' dir='ltr'>την</span> <span class='ocrx_word' id='word_1_38' title='bbox 745 912 905 957; x_wconf 79' lang='grc' dir='ltr'>ἐργασίαν</span> <span class='ocrx_word' id='word_1_39' title='bbox 939 912 1068 944; x_wconf 79' lang='grc' dir='ltr'>αὐτῶν.</span> <span class='ocrx_word' id='word_1_40' title='bbox 1104 914 1168 944; x_wconf 72' lang='grc' dir='ltr'>Δια</span> <span class='ocrx_word' id='word_1_41' title='bbox 1195 908 1234 945; x_wconf 80' lang='grc' dir='ltr'>δὲ</span> <span class='ocrx_word' id='word_1_42' title='bbox 1261 915 1302 945; x_wconf 73' lang='grc' dir='ltr'>τὸ</span> 
     </span>
     <span class='ocr_line' id='line_1_9' title="bbox 298 950 1304 1003; baseline 0.001 -15"><span class='ocrx_word' id='word_1_43' title='bbox 298 956 368 988; x_wconf 83' lang='grc' dir='ltr'>ύπὸ</span> <span class='ocrx_word' id='word_1_44' title='bbox 393 954 528 987; x_wconf 86' lang='grc' dir='ltr'>τούτων</span> <span class='ocrx_word' id='word_1_45' title='bbox 553 950 830 1000; x_wconf 77' lang='grc' dir='ltr'>δημιουργεῖσθαι</span> <span class='ocrx_word' id='word_1_46' title='bbox 856 956 890 988; x_wconf 80' lang='grc' dir='ltr'>ἐν</span> <span class='ocrx_word' id='word_1_47' title='bbox 917 955 1027 988; x_wconf 83' lang='grc' dir='ltr'>ἄπασι</span> <span class='ocrx_word' id='word_1_48' title='bbox 1051 956 1110 1000; x_wconf 83' lang='grc' dir='ltr'>μέν</span> <span class='ocrx_word' id='word_1_49' title='bbox 1137 957 1210 990; x_wconf 81' lang='grc' dir='ltr'>ἐστι</span> <span class='ocrx_word' id='word_1_50' title='bbox 1233 957 1304 1003; x_wconf 87' lang='grc' dir='ltr'>θερ-</span> 
     </span>
     <span class='ocr_line' id='line_1_10' title="bbox 295 997 1302 1046; baseline 0 -12"><span class='ocrx_word' id='word_1_51' title='bbox 295 999 422 1046; x_wconf 84' lang='grc' dir='ltr'>μότης,</span> <span class='ocrx_word' id='word_1_52' title='bbox 451 1001 519 1032; x_wconf 80' lang='grc' dir='ltr'>τισὶ</span> <span class='ocrx_word' id='word_1_53' title='bbox 544 997 581 1031; x_wconf 77' lang='grc' dir='ltr'>δὲ</span> <span class='ocrx_word' id='word_1_54' title='bbox 605 1002 663 1032; x_wconf 81' lang='grc' dir='ltr'>καὶ</span> <span class='ocrx_word' id='word_1_55' title='bbox 689 999 858 1045; x_wconf 84' lang='grc' dir='ltr'>ψυχρότης</span> <span class='ocrx_word' id='word_1_56' title='bbox 885 999 905 1043; x_wconf 76' lang='grc' dir='ltr'>’ᾖ</span> <span class='ocrx_word' id='word_1_57' title='bbox 932 1001 1097 1033; x_wconf 85' lang='grc' dir='ltr'>ἐκλείπει·</span> <span class='ocrx_word' id='word_1_58' title='bbox 1124 1000 1204 1033; x_wconf 78' lang='grc' dir='ltr'>ὥστ’</span> <span class='ocrx_word' id='word_1_59' title='bbox 1229 1002 1302 1034; x_wconf 79' lang='grc' dir='ltr'>ἐπεὶ</span> 
     </span>
     <span class='ocr_line' id='line_1_11' title="bbox 297 1040 1303 1090; baseline 0 -12"><span class='ocrx_word' id='word_1_60' title='bbox 297 1046 417 1078; x_wconf 83' lang='grc' dir='ltr'>ταῦτα</span> <span class='ocrx_word' id='word_1_61' title='bbox 435 1043 663 1089; x_wconf 75' lang='grc' dir='ltr'>μένούπάρχει</span> <span class='ocrx_word' id='word_1_62' title='bbox 679 1040 739 1078; x_wconf 76' lang='grc' dir='ltr'>δια</span> <span class='ocrx_word' id='word_1_63' title='bbox 759 1047 800 1077; x_wconf 70' lang='grc' dir='ltr'>τό</span> <span class='ocrx_word' id='word_1_64' title='bbox 819 1049 940 1086; x_wconf 79' lang='grc' dir='ltr'>ποιεῖν,</span> <span class='ocrx_word' id='word_1_65' title='bbox 957 1045 1055 1090; x_wconf 76' lang='grc' dir='ltr'>ὑγρόν</span> <span class='ocrx_word' id='word_1_66' title='bbox 1074 1040 1110 1078; x_wconf 76' lang='grc' dir='ltr'>δὲ</span> <span class='ocrx_word' id='word_1_67' title='bbox 1128 1048 1186 1078; x_wconf 81' lang='grc' dir='ltr'>καὶ</span> <span class='ocrx_word' id='word_1_68' title='bbox 1205 1045 1303 1089; x_wconf 75' lang='grc' dir='ltr'>ξηρὰν</span> 
     </span>
     <span class='ocr_line' id='line_1_12' title="bbox 297 1086 1300 1134; baseline 0.001 -12"><span class='ocrx_word' id='word_1_69' title='bbox 297 1086 358 1123; x_wconf 77' lang='grc' dir='ltr'>διαὶ</span> <span class='ocrx_word' id='word_1_70' title='bbox 381 1090 422 1122; x_wconf 73' lang='grc' dir='ltr'>τὸ</span> <span class='ocrx_word' id='word_1_71' title='bbox 449 1087 615 1134; x_wconf 84' lang='grc' dir='ltr'>πάσχειν,</span> <span class='ocrx_word' id='word_1_72' title='bbox 641 1090 782 1134; x_wconf 84' lang='grc' dir='ltr'>μετέχει</span> <span class='ocrx_word' id='word_1_73' title='bbox 808 1090 924 1122; x_wconf 79' lang='grc' dir='ltr'>αὐτῶν</span> <span class='ocrx_word' id='word_1_74' title='bbox 950 1090 998 1122; x_wconf 83' lang='grc' dir='ltr'>τοὶ</span> <span class='ocrx_word' id='word_1_75' title='bbox 1025 1090 1122 1122; x_wconf 77' lang='grc' dir='ltr'>κοινοὶ</span> <span class='ocrx_word' id='word_1_76' title='bbox 1147 1089 1300 1123; x_wconf 87' lang='grc' dir='ltr'>πάντων.</span> 
     </span>
     <span class='ocr_line' id='line_1_13' title="bbox 293 1129 1304 1180; baseline 0 -13"><span class='ocrx_word' id='word_1_77' title='bbox 293 1136 353 1167; x_wconf 80' lang='grc' dir='ltr'>Ἕκ</span> <span class='ocrx_word' id='word_1_78' title='bbox 377 1134 437 1179; x_wconf 83' lang='grc' dir='ltr'>μὲν</span> <span class='ocrx_word' id='word_1_79' title='bbox 463 1131 521 1166; x_wconf 74' lang='grc' dir='ltr'>οὖν</span> <span class='ocrx_word' id='word_1_80' title='bbox 548 1129 676 1172; x_wconf 78' lang='grc' dir='ltr'>ὕδατος</span> <span class='ocrx_word' id='word_1_81' title='bbox 699 1137 757 1166; x_wconf 75' lang='grc' dir='ltr'>καὶ</span> <span class='ocrx_word' id='word_1_82' title='bbox 781 1136 845 1180; x_wconf 83' lang='grc' dir='ltr'>γῆς</span> <span class='ocrx_word' id='word_1_83' title='bbox 871 1134 918 1167; x_wconf 81' lang='grc' dir='ltr'>τοὶ</span> <span class='ocrx_word' id='word_1_84' title='bbox 943 1135 1127 1179; x_wconf 76' lang='grc' dir='ltr'>ὁμοιομερῆ</span> <span class='ocrx_word' id='word_1_85' title='bbox 1155 1135 1304 1179; x_wconf 78' lang='grc' dir='ltr'>σώματα</span> 
     </span>
     <span class='ocr_line' id='line_1_14' title="bbox 298 1179 1306 1224; baseline -0.001 -11"><span class='ocrx_word' id='word_1_86' title='bbox 298 1183 521 1219; x_wconf 80' lang='grc' dir='ltr'>συνίσταται,</span> <span class='ocrx_word' id='word_1_87' title='bbox 539 1180 598 1210; x_wconf 86' lang='grc' dir='ltr'>καὶ</span> <span class='ocrx_word' id='word_1_88' title='bbox 624 1179 658 1210; x_wconf 87' lang='grc' dir='ltr'>ἑν</span> <span class='ocrx_word' id='word_1_89' title='bbox 684 1182 800 1222; x_wconf 80' lang='grc' dir='ltr'>φυτοῖς</span> <span class='ocrx_word' id='word_1_90' title='bbox 823 1180 881 1210; x_wconf 83' lang='grc' dir='ltr'>καὶ</span> <span class='ocrx_word' id='word_1_91' title='bbox 907 1179 940 1211; x_wconf 81' lang='grc' dir='ltr'>ἐν</span> <span class='ocrx_word' id='word_1_92' title='bbox 965 1179 1076 1221; x_wconf 67' lang='grc' dir='ltr'>ζῴοις,</span> <span class='ocrx_word' id='word_1_93' title='bbox 1101 1181 1160 1210; x_wconf 78' lang='grc' dir='ltr'>καὶ</span> <span class='ocrx_word' id='word_1_94' title='bbox 1186 1180 1234 1212; x_wconf 80' lang='grc' dir='ltr'>τοὶ</span> <span class='ocrx_word' id='word_1_95' title='bbox 1249 1192 1306 1224; x_wconf 89' lang='grc' dir='ltr'>με-</span> 
     </span>
     <span class='ocr_line' id='line_1_15' title="bbox 267 1222 1304 1270; baseline -0.001 -13"><span class='ocrx_word' id='word_1_96' title='bbox 267 1223 551 1268; x_wconf 44' lang='grc' dir='ltr'>Π,ταλλειιιιόμενῳ</span> <span class='ocrx_word' id='word_1_97' title='bbox 572 1222 640 1255; x_wconf 87' lang='grc' dir='ltr'>οἷον</span> <span class='ocrx_word' id='word_1_98' title='bbox 665 1224 786 1269; x_wconf 75' lang='grc' dir='ltr'>χρυσὸς</span> <span class='ocrx_word' id='word_1_99' title='bbox 810 1226 868 1255; x_wconf 78' lang='grc' dir='ltr'>καὶ</span> <span class='ocrx_word' id='word_1_100' title='bbox 889 1224 1028 1270; x_wconf 88' lang='grc' dir='ltr'>ἄργυρος</span> <span class='ocrx_word' id='word_1_101' title='bbox 1052 1225 1112 1255; x_wconf 81' lang='grc' dir='ltr'>καὶ</span> <span class='ocrx_word' id='word_1_102' title='bbox 1127 1222 1194 1255; x_wconf 75' lang='grc' dir='ltr'>ὅσα</span> <span class='ocrx_word' id='word_1_103' title='bbox 1214 1225 1304 1256; x_wconf 87' lang='grc' dir='ltr'>ἄλλα</span> 
     </span>
     <span class='ocr_line' id='line_1_16' title="bbox 298 1265 1306 1311; baseline 0 -10"><span class='ocrx_word' id='word_1_104' title='bbox 298 1270 475 1309; x_wconf 87' lang='grc' dir='ltr'>τοιαῦτα,</span> <span class='ocrx_word' id='word_1_105' title='bbox 502 1265 537 1307; x_wconf 78' lang='grc' dir='ltr'>ἐξ</span> <span class='ocrx_word' id='word_1_106' title='bbox 563 1267 679 1300; x_wconf 78' lang='grc' dir='ltr'>αὐτῶν</span> <span class='ocrx_word' id='word_1_107' title='bbox 705 1280 744 1300; x_wconf 91' lang='grc' dir='ltr'>τε</span> <span class='ocrx_word' id='word_1_108' title='bbox 779 1270 838 1300; x_wconf 79' lang='grc' dir='ltr'>καὶ</span> <span class='ocrx_word' id='word_1_109' title='bbox 871 1269 934 1306; x_wconf 75' lang='grc' dir='ltr'>τῆς</span> <span class='ocrx_word' id='word_1_110' title='bbox 961 1267 1218 1311; x_wconf 73' lang='grc' dir='ltr'>ἀναθυμιάσεως</span> <span class='ocrx_word' id='word_1_111' title='bbox 1243 1270 1306 1307; x_wconf 74' lang='grc' dir='ltr'>τῆς</span> 
     </span>
     <span class='ocr_line' id='line_1_17' title="bbox 299 1311 1303 1358; baseline -0.001 -12"><span class='ocrx_word' id='word_1_112' title='bbox 299 1313 464 1358; x_wconf 75' lang='grc' dir='ltr'>ἑκατέρου</span> <span class='ocrx_word' id='word_1_113' title='bbox 482 1311 828 1358; x_wconf 80' lang='grc' dir='ltr'>ἐγκατακλειομένης,</span> <span class='ocrx_word' id='word_1_114' title='bbox 843 1311 955 1355; x_wconf 75' lang='grc' dir='ltr'>ὥσπερ</span> <span class='ocrx_word' id='word_1_115' title='bbox 973 1314 1107 1354; x_wconf 75' lang='grc' dir='ltr'>εἴρηται</span> <span class='ocrx_word' id='word_1_116' title='bbox 1125 1313 1159 1344; x_wconf 79' lang='grc' dir='ltr'>ἐν</span> <span class='ocrx_word' id='word_1_117' title='bbox 1178 1313 1303 1351; x_wconf 84' lang='grc' dir='ltr'>ἄλλοις.</span> 
     </span>
     <span class='ocr_line' id='line_1_18' title="bbox 297 1353 1306 1402; baseline -0.001 -12"><span class='ocrx_word' id='word_1_118' title='bbox 297 1359 424 1391; x_wconf 85' lang='grc' dir='ltr'>Ταῦτα</span> <span class='ocrx_word' id='word_1_119' title='bbox 439 1353 479 1389; x_wconf 80' lang='grc' dir='ltr'>δὲ</span> <span class='ocrx_word' id='word_1_120' title='bbox 494 1355 647 1402; x_wconf 80' lang='grc' dir='ltr'>διαφέρει</span> <span class='ocrx_word' id='word_1_121' title='bbox 673 1355 831 1393; x_wconf 74' lang='grc' dir='ltr'>ἀλλήλων</span> <span class='ocrx_word' id='word_1_122' title='bbox 857 1362 930 1395; x_wconf 79' lang='grc' dir='ltr'>τοῖς</span> <span class='ocrx_word' id='word_1_123' title='bbox 948 1370 987 1390; x_wconf 89' lang='grc' dir='ltr'>τε</span> <span class='ocrx_word' id='word_1_124' title='bbox 1006 1357 1088 1401; x_wconf 75' lang='grc' dir='ltr'>πρὸς</span> <span class='ocrx_word' id='word_1_125' title='bbox 1105 1358 1170 1394; x_wconf 81' lang='grc' dir='ltr'>τοὶς</span> <span class='ocrx_word' id='word_1_126' title='bbox 1189 1357 1306 1394; x_wconf 74' lang='grc' dir='ltr'>αἰσθή-</span> 
     </span>
     <span class='ocr_line' id='line_1_19' title="bbox 299 1397 1304 1443; baseline -0.002 -8"><span class='ocrx_word' id='word_1_127' title='bbox 299 1414 368 1441; x_wconf 88' lang='grc' dir='ltr'>σεις</span> <span class='ocrx_word' id='word_1_128' title='bbox 390 1398 488 1440; x_wconf 75' lang='grc' dir='ltr'>ἰδίοις</span> <span class='ocrx_word' id='word_1_129' title='bbox 517 1401 662 1435; x_wconf 79' lang='grc' dir='ltr'>ἄπαντα</span> <span class='ocrx_word' id='word_1_130' title='bbox 691 1402 740 1443; x_wconf 83' lang='grc' dir='ltr'>τῷ</span> <span class='ocrx_word' id='word_1_131' title='bbox 767 1405 874 1433; x_wconf 78' lang='grc' dir='ltr'>ποιεῖν</span> <span class='ocrx_word' id='word_1_132' title='bbox 908 1413 943 1434; x_wconf 91' lang='grc' dir='ltr'>τι</span> <span class='ocrx_word' id='word_1_133' title='bbox 976 1397 1162 1434; x_wconf 77' lang='grc' dir='ltr'>δύνασθαι·</span> <span class='ocrx_word' id='word_1_134' title='bbox 1187 1402 1304 1434; x_wconf 76' lang='grc' dir='ltr'>λευκὸν</span> 
     </span>
     <span class='ocr_line' id='line_1_20' title="bbox 297 1442 1307 1495; baseline -0.002 -15"><span class='ocrx_word' id='word_1_135' title='bbox 297 1447 364 1495; x_wconf 73' lang='grc' dir='ltr'>γάρ</span> <span class='ocrx_word' id='word_1_136' title='bbox 393 1449 452 1479; x_wconf 80' lang='grc' dir='ltr'>καὶ</span> <span class='ocrx_word' id='word_1_137' title='bbox 479 1442 600 1484; x_wconf 75' lang='grc' dir='ltr'>εὐῶδες</span> <span class='ocrx_word' id='word_1_138' title='bbox 631 1447 689 1477; x_wconf 84' lang='grc' dir='ltr'>καὶ</span> <span class='ocrx_word' id='word_1_139' title='bbox 723 1444 910 1489; x_wconf 77' lang='grc' dir='ltr'>ψοφητικόν</span> <span class='ocrx_word' id='word_1_140' title='bbox 934 1447 994 1477; x_wconf 83' lang='grc' dir='ltr'>καὶ</span> <span class='ocrx_word' id='word_1_141' title='bbox 1018 1446 1124 1492; x_wconf 78' lang='grc' dir='ltr'>γλυκύ</span> <span class='ocrx_word' id='word_1_142' title='bbox 1155 1448 1214 1478; x_wconf 87' lang='grc' dir='ltr'>καὶ</span> <span class='ocrx_word' id='word_1_143' title='bbox 1238 1445 1307 1491; x_wconf 92' lang='grc' dir='ltr'>θερ-</span> 
     </span>
     <span class='ocr_line' id='line_1_21' title="bbox 297 1485 1305 1537; baseline -0.002 -12"><span class='ocrx_word' id='word_1_144' title='bbox 297 1494 360 1537; x_wconf 76' lang='grc' dir='ltr'>μόν</span> <span class='ocrx_word' id='word_1_145' title='bbox 384 1493 444 1524; x_wconf 80' lang='grc' dir='ltr'>καὶ</span> <span class='ocrx_word' id='word_1_146' title='bbox 468 1490 592 1537; x_wconf 79' lang='grc' dir='ltr'>ψυχρὸν</span> <span class='ocrx_word' id='word_1_147' title='bbox 611 1490 659 1531; x_wconf 80' lang='grc' dir='ltr'>τῷ</span> <span class='ocrx_word' id='word_1_148' title='bbox 682 1494 790 1522; x_wconf 76' lang='grc' dir='ltr'>ποιεῖν</span> <span class='ocrx_word' id='word_1_149' title='bbox 816 1501 850 1522; x_wconf 90' lang='grc' dir='ltr'>τι</span> <span class='ocrx_word' id='word_1_150' title='bbox 875 1485 1044 1522; x_wconf 64' lang='grc' dir='ltr'>δύνασθαι</span> <span class='ocrx_word' id='word_1_151' title='bbox 1069 1491 1134 1527; x_wconf 73' lang='grc' dir='ltr'>τήν</span> <span class='ocrx_word' id='word_1_152' title='bbox 1153 1491 1305 1528; x_wconf 74' lang='grc' dir='ltr'>αἴσθησίν</span> 
     </span>
     <span class='ocr_line' id='line_1_22' title="bbox 299 1532 1308 1578; baseline -0.002 -8"><span class='ocrx_word' id='word_1_153' title='bbox 299 1537 412 1570; x_wconf 78' lang='grc' dir='ltr'>ἐστιν·</span> <span class='ocrx_word' id='word_1_154' title='bbox 437 1538 497 1569; x_wconf 81' lang='grc' dir='ltr'>καὶ</span> <span class='ocrx_word' id='word_1_155' title='bbox 524 1537 638 1572; x_wconf 85' lang='grc' dir='ltr'>ἄλλοις</span> <span class='ocrx_word' id='word_1_156' title='bbox 665 1532 879 1578; x_wconf 74' lang='grc' dir='ltr'>οἰκειοτέροις</span> <span class='ocrx_word' id='word_1_157' title='bbox 906 1533 1062 1576; x_wconf 86' lang='grc' dir='ltr'>πάθεσιν,</span> <span class='ocrx_word' id='word_1_158' title='bbox 1083 1534 1147 1567; x_wconf 78' lang='grc' dir='ltr'>ὅσα</span> <span class='ocrx_word' id='word_1_159' title='bbox 1172 1537 1221 1576; x_wconf 71' lang='grc' dir='ltr'>τῷ·</span> <span class='ocrx_word' id='word_1_160' title='bbox 1240 1535 1308 1568; x_wconf 87' lang='grc' dir='ltr'>πά-</span> 
     </span>
     <span class='ocr_line' id='line_1_23' title="bbox 298 1574 1306 1628; baseline -0.004 -13"><span class='ocrx_word' id='word_1_161' title='bbox 298 1593 393 1628; x_wconf 79' lang='grc' dir='ltr'>σχειν</span> <span class='ocrx_word' id='word_1_162' title='bbox 417 1580 597 1627; x_wconf 84' lang='grc' dir='ltr'>λέγονται,</span> <span class='ocrx_word' id='word_1_163' title='bbox 613 1578 653 1611; x_wconf 85' lang='grc' dir='ltr'>λε’</span> <span class='ocrx_word' id='word_1_164' title='bbox 678 1591 704 1609; x_wconf 85' lang='grc' dir='ltr'><em>ω</em></span> <span class='ocrx_word' id='word_1_165' title='bbox 729 1574 762 1609; x_wconf 76' lang='grc' dir='ltr'>δ’</span> <span class='ocrx_word' id='word_1_166' title='bbox 779 1578 848 1610; x_wconf 83' lang='grc' dir='ltr'>οἷον</span> <span class='ocrx_word' id='word_1_167' title='bbox 875 1578 916 1610; x_wconf 78' lang='grc' dir='ltr'>τό</span> <span class='ocrx_word' id='word_1_168' title='bbox 935 1579 1064 1617; x_wconf 76' lang='grc' dir='ltr'>τηκτόν</span> <span class='ocrx_word' id='word_1_169' title='bbox 1088 1582 1147 1612; x_wconf 78' lang='grc' dir='ltr'>καὶ</span> <span class='ocrx_word' id='word_1_170' title='bbox 1174 1580 1306 1618; x_wconf 79' lang='grc' dir='ltr'>πηκτόν</span> 
     </span>
     <span class='ocr_line' id='line_1_24' title="bbox 297 1622 1309 1670; baseline -0.001 -11"><span class='ocrx_word' id='word_1_171' title='bbox 297 1628 358 1659; x_wconf 76' lang='grc' dir='ltr'>καὶ</span> <span class='ocrx_word' id='word_1_172' title='bbox 381 1626 546 1670; x_wconf 75' lang='grc' dir='ltr'>καμπτόν</span> <span class='ocrx_word' id='word_1_173' title='bbox 570 1625 630 1656; x_wconf 78' lang='grc' dir='ltr'>καὶ</span> <span class='ocrx_word' id='word_1_174' title='bbox 651 1634 716 1656; x_wconf 91' lang='grc' dir='ltr'>οσα</span> <span class='ocrx_word' id='word_1_175' title='bbox 735 1622 825 1655; x_wconf 85' lang='grc' dir='ltr'>ἄλλα</span> <span class='ocrx_word' id='word_1_176' title='bbox 844 1624 1015 1656; x_wconf 86' lang='grc' dir='ltr'>τοιαῦτα·</span> <span class='ocrx_word' id='word_1_177' title='bbox 1042 1624 1162 1656; x_wconf 87' lang='grc' dir='ltr'>πάντα</span> <span class='ocrx_word' id='word_1_178' title='bbox 1178 1625 1242 1670; x_wconf 77' lang='grc' dir='ltr'>γάρ</span> <span class='ocrx_word' id='word_1_179' title='bbox 1260 1626 1309 1658; x_wconf 79' lang='grc' dir='ltr'>τοὶ</span> 
     </span>
     <span class='ocr_line' id='line_1_25' title="bbox 299 1666 1306 1714; baseline -0.002 -11"><span class='ocrx_word' id='word_1_180' title='bbox 299 1671 454 1705; x_wconf 88' lang='grc' dir='ltr'>τοιαῦτα</span> <span class='ocrx_word' id='word_1_181' title='bbox 479 1667 679 1709; x_wconf 79' lang='grc' dir='ltr'>παθητικοὶ,</span> <span class='ocrx_word' id='word_1_182' title='bbox 705 1666 816 1712; x_wconf 80' lang='grc' dir='ltr'>ὥσπερ</span> <span class='ocrx_word' id='word_1_183' title='bbox 842 1667 884 1700; x_wconf 75' lang='grc' dir='ltr'>τό</span> <span class='ocrx_word' id='word_1_184' title='bbox 910 1668 1009 1714; x_wconf 77' lang='grc' dir='ltr'>ύγρόν</span> <span class='ocrx_word' id='word_1_185' title='bbox 1041 1670 1100 1700; x_wconf 78' lang='grc' dir='ltr'>καὶ</span> <span class='ocrx_word' id='word_1_186' title='bbox 1126 1669 1168 1701; x_wconf 75' lang='grc' dir='ltr'>τὸ</span> <span class='ocrx_word' id='word_1_187' title='bbox 1193 1669 1306 1713; x_wconf 82' lang='grc' dir='ltr'>ξηρόν.</span> 
     </span>
     <span class='ocr_line' id='line_1_26' title="bbox 298 1708 1307 1758; baseline -0.001 -10"><span class='ocrx_word' id='word_1_188' title='bbox 298 1714 443 1752; x_wconf 81' lang='grc' dir='ltr'>Τούτοις</span> <span class='ocrx_word' id='word_1_189' title='bbox 467 1709 496 1745; x_wconf 77' lang='grc' dir='ltr'>δ’</span> <span class='ocrx_word' id='word_1_190' title='bbox 518 1708 583 1751; x_wconf 78' lang='grc' dir='ltr'>ἤδη</span> <span class='ocrx_word' id='word_1_191' title='bbox 605 1708 757 1756; x_wconf 84' lang='grc' dir='ltr'>διαφέρει</span> <span class='ocrx_word' id='word_1_192' title='bbox 779 1711 902 1744; x_wconf 82' lang='grc' dir='ltr'>ὀστοῦν</span> <span class='ocrx_word' id='word_1_193' title='bbox 926 1714 985 1745; x_wconf 82' lang='grc' dir='ltr'>καὶ</span> <span class='ocrx_word' id='word_1_194' title='bbox 1005 1712 1088 1757; x_wconf 80' lang='grc' dir='ltr'>σοίρξ</span> <span class='ocrx_word' id='word_1_195' title='bbox 1113 1715 1173 1745; x_wconf 80' lang='grc' dir='ltr'>καὶ</span> <span class='ocrx_word' id='word_1_196' title='bbox 1193 1716 1307 1758; x_wconf 87' lang='grc' dir='ltr'>νεῦρον</span> 
     </span>
     <span class='ocr_line' id='line_1_27' title="bbox 298 1755 1308 1801; baseline -0.001 -9"><span class='ocrx_word' id='word_1_197' title='bbox 298 1762 358 1793; x_wconf 79' lang='grc' dir='ltr'>καὶ</span> <span class='ocrx_word' id='word_1_198' title='bbox 379 1758 480 1801; x_wconf 80' lang='grc' dir='ltr'>ξύλον</span> <span class='ocrx_word' id='word_1_199' title='bbox 504 1760 562 1790; x_wconf 82' lang='grc' dir='ltr'>καὶ</span> <span class='ocrx_word' id='word_1_200' title='bbox 587 1758 701 1801; x_wconf 77' lang='grc' dir='ltr'>φλοιὸς</span> <span class='ocrx_word' id='word_1_201' title='bbox 726 1758 784 1788; x_wconf 74' lang='grc' dir='ltr'>καὶ</span> <span class='ocrx_word' id='word_1_202' title='bbox 809 1755 900 1795; x_wconf 78' lang='grc' dir='ltr'>λίθος</span> <span class='ocrx_word' id='word_1_203' title='bbox 924 1759 983 1789; x_wconf 81' lang='grc' dir='ltr'>καὶ</span> <span class='ocrx_word' id='word_1_204' title='bbox 1007 1759 1076 1790; x_wconf 80' lang='grc' dir='ltr'>τῶν</span> <span class='ocrx_word' id='word_1_205' title='bbox 1099 1757 1208 1790; x_wconf 85' lang='grc' dir='ltr'>ἄλλων</span> <span class='ocrx_word' id='word_1_206' title='bbox 1231 1758 1308 1791; x_wconf 82' lang='grc' dir='ltr'>ἕκα-</span> 
     </span>
     <span class='ocr_line' id='line_1_28' title="bbox 299 1796 1308 1847; baseline -0.004 -9"><span class='ocrx_word' id='word_1_207' title='bbox 299 1816 382 1838; x_wconf 90' lang='grc' dir='ltr'>στον</span> <span class='ocrx_word' id='word_1_208' title='bbox 407 1804 476 1836; x_wconf 78' lang='grc' dir='ltr'>τῶν</span> <span class='ocrx_word' id='word_1_209' title='bbox 502 1803 708 1847; x_wconf 80' lang='grc' dir='ltr'>ὁμοιομερῶν</span> <span class='ocrx_word' id='word_1_210' title='bbox 733 1801 806 1845; x_wconf 83' lang='grc' dir='ltr'>μὲν,</span> <span class='ocrx_word' id='word_1_211' title='bbox 826 1802 970 1844; x_wconf 82' lang='grc' dir='ltr'>φυσικῶν</span> <span class='ocrx_word' id='word_1_212' title='bbox 987 1796 1025 1834; x_wconf 77' lang='grc' dir='ltr'>δὲ</span> <span class='ocrx_word' id='word_1_213' title='bbox 1046 1802 1227 1847; x_wconf 83' lang='grc' dir='ltr'>σωμάτων.</span> <span class='ocrx_word' id='word_1_214' title='bbox 1254 1805 1308 1835; x_wconf 85' lang='grc' dir='ltr'>Εἵ-</span> 
     </span>
     <span class='ocr_line' id='line_1_29' title="bbox 300 1843 1310 1893; baseline -0.001 -12"><span class='ocrx_word' id='word_1_215' title='bbox 300 1860 415 1893; x_wconf 86' lang='grc' dir='ltr'>πωμεν</span> <span class='ocrx_word' id='word_1_216' title='bbox 441 1843 480 1879; x_wconf 80' lang='grc' dir='ltr'>δὲ</span> <span class='ocrx_word' id='word_1_217' title='bbox 506 1848 640 1892; x_wconf 83' lang='grc' dir='ltr'>πρῶτον</span> <span class='ocrx_word' id='word_1_218' title='bbox 661 1845 721 1880; x_wconf 77' lang='grc' dir='ltr'>τὸν</span> <span class='ocrx_word' id='word_1_219' title='bbox 741 1845 883 1890; x_wconf 76' lang='grc' dir='ltr'>ἀριθμὸν</span> <span class='ocrx_word' id='word_1_220' title='bbox 901 1847 1029 1887; x_wconf 82' lang='grc' dir='ltr'>αὐτῶν,</span> <span class='ocrx_word' id='word_1_221' title='bbox 1049 1846 1114 1879; x_wconf 76' lang='grc' dir='ltr'>ὅσα</span> <span class='ocrx_word' id='word_1_222' title='bbox 1139 1848 1233 1880; x_wconf 83' lang='grc' dir='ltr'>κατοὶ</span> <span class='ocrx_word' id='word_1_223' title='bbox 1251 1845 1310 1880; x_wconf 73' lang='grc' dir='ltr'>δύ-</span> 
     </span>
     <span class='ocr_line' id='line_1_30' title="bbox 299 1886 1306 1947; baseline -0.001 -21"><span class='ocrx_word' id='word_1_224' title='bbox 299 1905 399 1938; x_wconf 84' lang='grc' dir='ltr'>ναμιν</span> <span class='ocrx_word' id='word_1_225' title='bbox 418 1894 477 1924; x_wconf 78' lang='grc' dir='ltr'>καὶ</span> <span class='ocrx_word' id='word_1_226' title='bbox 495 1888 687 1947; x_wconf 78' lang='grc' dir='ltr'>ἀδυναμίαν</span> <span class='ocrx_word' id='word_1_227' title='bbox 704 1890 860 1936; x_wconf 83' lang='grc' dir='ltr'>λέγεται.</span> <span class='ocrx_word' id='word_1_228' title='bbox 880 1890 980 1923; x_wconf 82' lang='grc' dir='ltr'>Ἔστι</span> <span class='ocrx_word' id='word_1_229' title='bbox 997 1886 1035 1923; x_wconf 74' lang='grc' dir='ltr'>δὲ</span> <span class='ocrx_word' id='word_1_230' title='bbox 1053 1888 1153 1932; x_wconf 76' lang='grc' dir='ltr'>τάδε,</span> <span class='ocrx_word' id='word_1_231' title='bbox 1173 1893 1306 1930; x_wconf 72' lang='grc' dir='ltr'>πηκτὸν</span> 
     </span>
     <span class='ocr_line' id='line_1_31' title="bbox 302 1936 1306 1980; baseline -0.001 -11"><span class='ocrx_word' id='word_1_232' title='bbox 302 1938 482 1976; x_wconf 88' lang='grc' dir='ltr'>ἄπηκτον,</span> <span class='ocrx_word' id='word_1_233' title='bbox 509 1948 637 1974; x_wconf 86' lang='grc' dir='ltr'>τηκτον</span> <span class='ocrx_word' id='word_1_234' title='bbox 666 1936 839 1976; x_wconf 84' lang='grc' dir='ltr'>ἄτηκτον,</span> <span class='ocrx_word' id='word_1_235' title='bbox 866 1936 1047 1980; x_wconf 77' lang='grc' dir='ltr'>μαλακτόν</span> <span class='ocrx_word' id='word_1_236' title='bbox 1079 1936 1306 1978; x_wconf 68' lang='grc' dir='ltr'>ἀμάλακτον,</span> 
     </span>
     <span class='ocr_line' id='line_1_32' title="bbox 278 1977 1306 2029; baseline -0.001 -14"><span class='ocrx_word' id='word_1_237' title='bbox 278 1982 449 2029; x_wconf 82' lang='grc' dir='ltr'>’τεγκτόν</span> <span class='ocrx_word' id='word_1_238' title='bbox 485 1982 676 2027; x_wconf 81' lang='grc' dir='ltr'>ἄτεγκτον,</span> <span class='ocrx_word' id='word_1_239' title='bbox 702 1991 749 2011; x_wconf 91' lang='grc' dir='ltr'>κα</span> <span class='ocrx_word' id='word_1_240' title='bbox 778 1979 866 2011; x_wconf 81' lang='grc' dir='ltr'>πτόν</span> <span class='ocrx_word' id='word_1_241' title='bbox 894 1980 1079 2024; x_wconf 85' lang='grc' dir='ltr'>ἄκαμπτον</span> <span class='ocrx_word' id='word_1_242' title='bbox 1091 1977 1109 2022; x_wconf 65' lang='grc'>,“</span> <span class='ocrx_word' id='word_1_243' title='bbox 1126 1982 1306 2014; x_wconf 75' lang='grc' dir='ltr'>κατακτὸν</span> 
     </span>
     <span class='ocr_line' id='line_1_33' title="bbox 303 2022 1305 2069; baseline -0.003 -8"><span class='ocrx_word' id='word_1_244' title='bbox 303 2022 522 2068; x_wconf 43' lang='lat' dir='ltr'>audeamus,</span> <span class='ocrx_word' id='word_1_245' title='bbox 537 2025 705 2069; x_wconf 80' lang='grc' dir='ltr'>θραυστόν</span> <span class='ocrx_word' id='word_1_246' title='bbox 725 2024 747 2057; x_wconf 85' lang='grc' dir='ltr'>ἄ</span> <span class='ocrx_word' id='word_1_247' title='bbox 770 2035 933 2067; x_wconf 88' lang='grc' dir='ltr'>ραυστον,</span> <span class='ocrx_word' id='word_1_248' title='bbox 948 2024 1098 2058; x_wconf 76' lang='grc' dir='ltr'>θλαστόν</span> <span class='ocrx_word' id='word_1_249' title='bbox 1118 2025 1305 2068; x_wconf 83' lang='grc' dir='ltr'>ἄθλαστον,</span> 
     </span>
     <span class='ocr_line' id='line_1_34' title="bbox 302 2068 1308 2110; baseline -0.002 -6"><span class='ocrx_word' id='word_1_250' title='bbox 302 2071 460 2105; x_wconf 74' lang='grc' dir='ltr'>πλαστὸν</span> <span class='ocrx_word' id='word_1_251' title='bbox 487 2071 682 2110; x_wconf 83' lang='grc' dir='ltr'>ἄπλαστον,</span> <span class='ocrx_word' id='word_1_252' title='bbox 703 2068 843 2101; x_wconf 82' lang='grc' dir='ltr'>πιεστόν</span> <span class='ocrx_word' id='word_1_253' title='bbox 871 2069 1048 2109; x_wconf 85' lang='grc' dir='ltr'>ἄπίεστον,</span> <span class='ocrx_word' id='word_1_254' title='bbox 1069 2070 1190 2102; x_wconf 80' lang='grc' dir='ltr'>ἐλκτόν</span> <span class='ocrx_word' id='word_1_255' title='bbox 1213 2071 1308 2103; x_wconf 89' lang='grc' dir='ltr'>ἄνελ-</span> 
     </span>
     <span class='ocr_line' id='line_1_35' title="bbox 300 2113 1306 2160; baseline -0.002 -11"><span class='ocrx_word' id='word_1_256' title='bbox 300 2128 397 2158; x_wconf 85' lang='grc' dir='ltr'>κτον,</span> <span class='ocrx_word' id='word_1_257' title='bbox 420 2115 546 2149; x_wconf 76' lang='grc' dir='ltr'>ἑλατόν</span> <span class='ocrx_word' id='word_1_258' title='bbox 574 2113 762 2155; x_wconf 74' lang='grc' dir='ltr'>ἀνήλατον,</span> <span class='ocrx_word' id='word_1_259' title='bbox 790 2115 932 2158; x_wconf 74' lang='grc' dir='ltr'>σχιστὸν</span> <span class='ocrx_word' id='word_1_260' title='bbox 959 2114 1145 2160; x_wconf 78' lang='grc' dir='ltr'>ἄσχιστον,</span> <span class='ocrx_word' id='word_1_261' title='bbox 1173 2114 1306 2158; x_wconf 73' lang='grc' dir='ltr'>τμητόν</span> 
     </span>
     <span class='ocr_line' id='line_1_36' title="bbox 303 2157 1309 2217; baseline -0.002 -23"><span class='ocrx_word' id='word_1_262' title='bbox 303 2162 476 2217; x_wconf 74' lang='grc' dir='ltr'>ἄτμητον,</span> <span class='ocrx_word' id='word_1_263' title='bbox 494 2161 653 2207; x_wconf 87' lang='grc' dir='ltr'>γλίσχρον</span> <span class='ocrx_word' id='word_1_264' title='bbox 677 2157 836 2203; x_wconf 78' lang='grc' dir='ltr'>ψαθυρόν,</span> <span class='ocrx_word' id='word_1_265' title='bbox 856 2158 1002 2196; x_wconf 80' lang='grc' dir='ltr'>πιλητόν</span> <span class='ocrx_word' id='word_1_266' title='bbox 1021 2159 1205 2200; x_wconf 86' lang='grc' dir='ltr'>ἄπίλητον,</span> <span class='ocrx_word' id='word_1_267' title='bbox 1226 2171 1309 2192; x_wconf 91' lang='grc' dir='ltr'>καυ-</span> 
     </span>
     <span class='ocr_line' id='line_1_37' title="bbox 301 2201 1307 2258; baseline -0.003 -19"><span class='ocrx_word' id='word_1_268' title='bbox 301 2217 385 2239; x_wconf 90' lang='grc' dir='ltr'>στον</span> <span class='ocrx_word' id='word_1_269' title='bbox 421 2205 615 2244; x_wconf 87' lang='grc' dir='ltr'>ἄκαυστον,</span> <span class='ocrx_word' id='word_1_270' title='bbox 642 2202 809 2248; x_wconf 81' lang='grc' dir='ltr'>θυμιατόν</span> <span class='ocrx_word' id='word_1_271' title='bbox 843 2201 1045 2246; x_wconf 86' lang='grc' dir='ltr'>ἀθυμίατον.</span> <span class='ocrx_word' id='word_1_272' title='bbox 1081 2204 1134 2235; x_wconf 70' lang='lat' dir='ltr'>Tae</span> <span class='ocrx_word' id='word_1_273' title='bbox 1151 2205 1217 2258; x_wconf 69' lang='grc' dir='ltr'>μὲν</span> <span class='ocrx_word' id='word_1_274' title='bbox 1251 2203 1307 2236; x_wconf 83' lang='grc' dir='ltr'>οὖν</span> 
     </span>
     <span class='ocr_line' id='line_1_38' title="bbox 303 2244 1307 2295; baseline -0.003 -12"><span class='ocrx_word' id='word_1_275' title='bbox 303 2252 454 2284; x_wconf 81' lang='grc' dir='ltr'>πλεῖστα</span> <span class='ocrx_word' id='word_1_276' title='bbox 473 2245 596 2295; x_wconf 72' lang='grc' dir='ltr'>σχεδὸν</span> <span class='ocrx_word' id='word_1_277' title='bbox 615 2249 683 2280; x_wconf 81' lang='grc' dir='ltr'>τῶν</span> <span class='ocrx_word' id='word_1_278' title='bbox 708 2246 878 2290; x_wconf 84' lang='grc' dir='ltr'>σωμάτων</span> <span class='ocrx_word' id='word_1_279' title='bbox 903 2247 1041 2286; x_wconf 81' lang='grc' dir='ltr'>τούτοις</span> <span class='ocrx_word' id='word_1_280' title='bbox 1059 2244 1210 2293; x_wconf 82' lang='grc' dir='ltr'>διαφερει</span> <span class='ocrx_word' id='word_1_281' title='bbox 1236 2253 1307 2286; x_wconf 77' lang='grc' dir='ltr'>τοῖς</span> 
     </span>
     <span class='ocr_line' id='line_1_39' title="bbox 304 2288 1309 2338; baseline -0.001 -11"><span class='ocrx_word' id='word_1_282' title='bbox 304 2293 464 2327; x_wconf 66' lang='grc' dir='ltr'>πάθεσιν*</span> <span class='ocrx_word' id='word_1_283' title='bbox 492 2296 572 2326; x_wconf 89' lang='grc' dir='ltr'>τίνα</span> <span class='ocrx_word' id='word_1_284' title='bbox 596 2288 624 2324; x_wconf 77' lang='grc' dir='ltr'>δ’</span> <span class='ocrx_word' id='word_1_285' title='bbox 655 2291 802 2324; x_wconf 80' lang='grc' dir='ltr'>ἕκαστον</span> <span class='ocrx_word' id='word_1_286' title='bbox 828 2290 964 2324; x_wconf 85' lang='grc' dir='ltr'>τούτων</span> <span class='ocrx_word' id='word_1_287' title='bbox 991 2292 1062 2337; x_wconf 87' lang='grc' dir='ltr'>ἔχει</span> <span class='ocrx_word' id='word_1_288' title='bbox 1085 2289 1242 2338; x_wconf 75' lang='grc' dir='ltr'>δύναμιν,</span> <span class='ocrx_word' id='word_1_289' title='bbox 1266 2296 1309 2326; x_wconf 78' lang='grc' dir='ltr'>εἶ-</span> 
     </span>
     <span class='ocr_line' id='line_1_40' title="bbox 303 2339 432 2384; baseline -0.008 -12"><span class='ocrx_word' id='word_1_290' title='bbox 303 2339 432 2384; x_wconf 83' lang='grc' dir='ltr'>πωμεν.</span> 
     </span>
    </p>
   </div>
   <div class='ocr_carea' id='block_1_7' title="bbox 235 2422 1312 2474">
    <p class='ocr_par' dir='ltr' id='par_1_7' title="bbox 235 2422 1312 2474">
     <span class='ocr_line' id='line_1_41' title="bbox 235 2422 1312 2474; baseline -0.003 -14"><span class='ocrx_word' id='word_1_291' title='bbox 235 2429 311 2474; x_wconf 82' lang='grc' dir='ltr'>Περὶ</span> <span class='ocrx_word' id='word_1_292' title='bbox 335 2429 396 2472; x_wconf 79' lang='grc' dir='ltr'>μὲν</span> <span class='ocrx_word' id='word_1_293' title='bbox 414 2425 472 2460; x_wconf 82' lang='grc' dir='ltr'>οὗν</span> <span class='ocrx_word' id='word_1_294' title='bbox 490 2426 625 2463; x_wconf 77' lang='grc' dir='ltr'>πηκτοῦ</span> <span class='ocrx_word' id='word_1_295' title='bbox 649 2426 708 2457; x_wconf 81' lang='grc' dir='ltr'>καὶ</span> <span class='ocrx_word' id='word_1_296' title='bbox 731 2422 891 2460; x_wconf 78' lang='grc' dir='ltr'>ἀπήκτου</span> <span class='ocrx_word' id='word_1_297' title='bbox 914 2426 973 2456; x_wconf 80' lang='grc' dir='ltr'>καὶ</span> <span class='ocrx_word' id='word_1_298' title='bbox 991 2426 1123 2461; x_wconf 91' lang='grc' dir='ltr'>τηκτοῦ</span> <span class='ocrx_word' id='word_1_299' title='bbox 1147 2427 1205 2457; x_wconf 82' lang='grc' dir='ltr'>καὶ</span> <span class='ocrx_word' id='word_1_300' title='bbox 1225 2423 1312 2462; x_wconf 74' lang='grc' dir='ltr'>ἄτή-</span> 
     </span>
    </p>
   </div>
   <div class='ocr_carea' id='block_1_8' title="bbox 301 2467 1316 3358">
    <p class='ocr_par' dir='ltr' id='par_1_8' title="bbox 301 2467 1316 3358">
     <span class='ocr_line' id='line_1_42' title="bbox 301 2467 1312 2514; baseline -0.008 -11"><span class='ocrx_word' id='word_1_301' title='bbox 301 2483 387 2505; x_wconf 88' lang='grc' dir='ltr'>κτου</span> <span class='ocrx_word' id='word_1_302' title='bbox 404 2474 539 2514; x_wconf 79' lang='grc' dir='ltr'>εἴρηται</span> <span class='ocrx_word' id='word_1_303' title='bbox 559 2470 619 2513; x_wconf 83' lang='grc' dir='ltr'>μὲν</span> <span class='ocrx_word' id='word_1_304' title='bbox 639 2468 788 2502; x_wconf 78' lang='grc' dir='ltr'>καθόλου</span> <span class='ocrx_word' id='word_1_305' title='bbox 807 2467 985 2512; x_wconf 88' lang='grc' dir='ltr'>πρότερον,</span> <span class='ocrx_word' id='word_1_306' title='bbox 1005 2467 1091 2513; x_wconf 83' lang='grc' dir='ltr'>ὅμως</span> <span class='ocrx_word' id='word_1_307' title='bbox 1117 2467 1146 2501; x_wconf 84' lang='grc' dir='ltr'>δ’</span> <span class='ocrx_word' id='word_1_308' title='bbox 1168 2469 1312 2502; x_wconf 80' lang='grc' dir='ltr'>ἐπανέλ-</span> 
     </span>
     <span class='ocr_line' id='line_1_43' title="bbox 304 2511 1310 2560; baseline -0.002 -12"><span class='ocrx_word' id='word_1_309' title='bbox 304 2515 413 2560; x_wconf 84' lang='grc' dir='ltr'>θωμεν</span> <span class='ocrx_word' id='word_1_310' title='bbox 433 2517 492 2548; x_wconf 80' lang='grc' dir='ltr'>καὶ</span> <span class='ocrx_word' id='word_1_311' title='bbox 509 2515 583 2546; x_wconf 89' lang='grc' dir='ltr'>νῦν·</span> <span class='ocrx_word' id='word_1_312' title='bbox 608 2515 675 2546; x_wconf 83' lang='grc' dir='ltr'>τῶν</span> <span class='ocrx_word' id='word_1_313' title='bbox 693 2514 759 2560; x_wconf 74' lang='grc' dir='ltr'>γάρ</span> <span class='ocrx_word' id='word_1_314' title='bbox 781 2511 950 2556; x_wconf 85' lang='grc' dir='ltr'>σωμάτων</span> <span class='ocrx_word' id='word_1_315' title='bbox 970 2512 1035 2546; x_wconf 84' lang='grc' dir='ltr'>ὅσα</span> <span class='ocrx_word' id='word_1_316' title='bbox 1052 2513 1228 2560; x_wconf 74' lang='grc' dir='ltr'>πήγνυται</span> <span class='ocrx_word' id='word_1_317' title='bbox 1251 2516 1310 2546; x_wconf 81' lang='grc' dir='ltr'>καὶ</span> 
     </span>
     <span class='ocr_line' id='line_1_44' title="bbox 304 2555 1311 2606; baseline -0.002 -13"><span class='ocrx_word' id='word_1_318' title='bbox 304 2559 543 2606; x_wconf 87' lang='grc' dir='ltr'>σκληρύνεται,</span> <span class='ocrx_word' id='word_1_319' title='bbox 571 2558 620 2591; x_wconf 82' lang='grc' dir='ltr'>τοὶ</span> <span class='ocrx_word' id='word_1_320' title='bbox 642 2558 702 2603; x_wconf 78' lang='grc' dir='ltr'>μὲν</span> <span class='ocrx_word' id='word_1_321' title='bbox 728 2556 795 2589; x_wconf 60' lang='lat' dir='ltr'>owed</span> <span class='ocrx_word' id='word_1_322' title='bbox 820 2555 942 2601; x_wconf 85' lang='grc' dir='ltr'>θερμοῦ</span> <span class='ocrx_word' id='word_1_323' title='bbox 967 2557 1095 2603; x_wconf 83' lang='grc' dir='ltr'>πάσχει</span> <span class='ocrx_word' id='word_1_324' title='bbox 1120 2559 1243 2599; x_wconf 90' lang='grc' dir='ltr'>τοῦτο,</span> <span class='ocrx_word' id='word_1_325' title='bbox 1262 2558 1311 2591; x_wconf 80' lang='grc' dir='ltr'>τοὶ</span> 
     </span>
     <span class='ocr_line' id='line_1_45' title="bbox 305 2601 1311 2660; baseline -0.004 -22"><span class='ocrx_word' id='word_1_326' title='bbox 305 2602 334 2638; x_wconf 75' lang='grc' dir='ltr'>δ’</span> <span class='ocrx_word' id='word_1_327' title='bbox 356 2606 423 2637; x_wconf 76' lang='grc' dir='ltr'>ύπό</span> <span class='ocrx_word' id='word_1_328' title='bbox 448 2604 589 2660; x_wconf 66' lang='grc' dir='ltr'>ψυχροῦ,</span> <span class='ocrx_word' id='word_1_329' title='bbox 612 2604 679 2635; x_wconf 79' lang='grc' dir='ltr'>ύπό</span> <span class='ocrx_word' id='word_1_330' title='bbox 731 2601 763 2635; x_wconf 81' lang='grc' dir='ltr'>ἐν</span> <span class='ocrx_word' id='word_1_331' title='bbox 789 2602 853 2634; x_wconf 81' lang='grc' dir='ltr'>τοῦ</span> <span class='ocrx_word' id='word_1_332' title='bbox 877 2602 997 2646; x_wconf 85' lang='grc' dir='ltr'>θερμοῦ</span> <span class='ocrx_word' id='word_1_333' title='bbox 1023 2601 1242 2646; x_wconf 85' lang='grc' dir='ltr'>ξηραίνοντος</span> <span class='ocrx_word' id='word_1_334' title='bbox 1268 2602 1311 2634; x_wconf 75' lang='grc' dir='ltr'>τὸ</span> 
     </span>
     <span class='ocr_line' id='line_1_46' title="bbox 306 2615 1310 2696; baseline -0.004 -14"><span class='ocrx_word' id='word_1_335' title='bbox 306 2650 428 2696; x_wconf 77' lang='grc' dir='ltr'>ὑγρὸν,</span> <span class='ocrx_word' id='word_1_336' title='bbox 455 2650 522 2681; x_wconf 78' lang='grc' dir='ltr'>ὑπο</span> <span class='ocrx_word' id='word_1_337' title='bbox 545 2643 584 2679; x_wconf 79' lang='grc' dir='ltr'>δὲ</span> <span class='ocrx_word' id='word_1_338' title='bbox 609 2649 672 2681; x_wconf 91' lang='grc' dir='ltr'>τοῦ</span> <span class='ocrx_word' id='word_1_339' title='bbox 698 2615 825 2692; x_wconf 64' lang='grc' dir='ltr'>ψυχροῦ</span> <span class='ocrx_word' id='word_1_340' title='bbox 858 2645 1073 2687; x_wconf 83' lang='grc' dir='ltr'>ὲκθλίβοντος</span> <span class='ocrx_word' id='word_1_341' title='bbox 1099 2647 1140 2679; x_wconf 73' lang='grc' dir='ltr'>τό</span> <span class='ocrx_word' id='word_1_342' title='bbox 1173 2646 1310 2692; x_wconf 82' lang='grc' dir='ltr'>θερμόν·</span> 
     </span>
     <span class='ocr_line' id='line_1_47' title="bbox 305 2686 1312 2738; baseline -0.004 -11"><span class='ocrx_word' id='word_1_343' title='bbox 305 2693 395 2727; x_wconf 81' lang='grc' dir='ltr'>ὥστε</span> <span class='ocrx_word' id='word_1_344' title='bbox 421 2694 470 2726; x_wconf 73' lang='grc' dir='ltr'>τοὶ</span> <span class='ocrx_word' id='word_1_345' title='bbox 498 2692 558 2738; x_wconf 81' lang='grc' dir='ltr'>μὲν</span> <span class='ocrx_word' id='word_1_346' title='bbox 585 2692 687 2738; x_wconf 84' lang='grc' dir='ltr'>ύγροῦ</span> <span class='ocrx_word' id='word_1_347' title='bbox 723 2691 895 2732; x_wconf 76' lang='grc' dir='ltr'>ἀπουσία,</span> <span class='ocrx_word' id='word_1_348' title='bbox 922 2691 971 2724; x_wconf 81' lang='grc' dir='ltr'>τοὶ</span> <span class='ocrx_word' id='word_1_349' title='bbox 993 2686 1031 2723; x_wconf 80' lang='grc' dir='ltr'>δὲ</span> <span class='ocrx_word' id='word_1_350' title='bbox 1055 2690 1178 2735; x_wconf 88' lang='grc' dir='ltr'>θερμοῦ</span> <span class='ocrx_word' id='word_1_351' title='bbox 1203 2693 1312 2724; x_wconf 89' lang='grc' dir='ltr'>τοῦτο</span> 
     </span>
     <span class='ocr_line' id='line_1_48' title="bbox 306 2729 1309 2784; baseline -0.005 -12"><span class='ocrx_word' id='word_1_352' title='bbox 306 2738 449 2784; x_wconf 84' lang='grc' dir='ltr'>πάσχει,</span> <span class='ocrx_word' id='word_1_353' title='bbox 469 2736 534 2770; x_wconf 81' lang='grc' dir='ltr'>ὅσα</span> <span class='ocrx_word' id='word_1_354' title='bbox 558 2736 618 2781; x_wconf 84' lang='grc' dir='ltr'>μὲν</span> <span class='ocrx_word' id='word_1_355' title='bbox 637 2731 778 2776; x_wconf 81' lang='grc' dir='ltr'>ὕδατος,</span> <span class='ocrx_word' id='word_1_356' title='bbox 800 2734 936 2779; x_wconf 85' lang='grc' dir='ltr'>θερμοῦ,</span> <span class='ocrx_word' id='word_1_357' title='bbox 957 2734 1021 2767; x_wconf 80' lang='grc' dir='ltr'>ὅσα</span> <span class='ocrx_word' id='word_1_358' title='bbox 1038 2729 1076 2768; x_wconf 77' lang='grc' dir='ltr'>δὲ</span> <span class='ocrx_word' id='word_1_359' title='bbox 1095 2737 1173 2781; x_wconf 77' lang='grc' dir='ltr'>γῆς,</span> <span class='ocrx_word' id='word_1_360' title='bbox 1194 2736 1309 2782; x_wconf 86' lang='grc' dir='ltr'>ύγροῦ.</span> 
     </span>
     <span class='ocr_line' id='line_1_49' title="bbox 305 2774 1311 2828; baseline -0.005 -13"><span class='ocrx_word' id='word_1_361' title='bbox 305 2785 359 2816; x_wconf 77' lang='grc' dir='ltr'>Τοὶ</span> <span class='ocrx_word' id='word_1_362' title='bbox 383 2783 442 2827; x_wconf 81' lang='grc' dir='ltr'>μὲν</span> <span class='ocrx_word' id='word_1_363' title='bbox 469 2781 526 2814; x_wconf 83' lang='grc' dir='ltr'>οὖν</span> <span class='ocrx_word' id='word_1_364' title='bbox 552 2782 654 2828; x_wconf 79' lang='grc' dir='ltr'>ὑγροῦ</span> <span class='ocrx_word' id='word_1_365' title='bbox 690 2781 839 2819; x_wconf 69' lang='grc' dir='ltr'>ἀπουσίᾳ</span> <span class='ocrx_word' id='word_1_366' title='bbox 865 2780 917 2822; x_wconf 75' lang='grc' dir='ltr'>ὑφ’</span> <span class='ocrx_word' id='word_1_367' title='bbox 947 2780 1049 2826; x_wconf 79' lang='grc' dir='ltr'>ὑγροῦ</span> <span class='ocrx_word' id='word_1_368' title='bbox 1078 2774 1311 2821; x_wconf 73' lang='grc' dir='ltr'>διατήκεται,</span> 
     </span>
     <span class='ocr_line' id='line_1_50' title="bbox 309 2822 1313 2869; baseline -0.004 -9"><span class='ocrx_word' id='word_1_369' title='bbox 309 2827 349 2860; x_wconf 80' lang='grc' dir='ltr'>ἄν</span> <span class='ocrx_word' id='word_1_370' title='bbox 407 2829 429 2865; x_wconf 72' lang='grc' dir='ltr'><strong>ἢ</strong></span> <span class='ocrx_word' id='word_1_371' title='bbox 463 2825 554 2861; x_wconf 80' lang='grc' dir='ltr'>οὕτω</span> <span class='ocrx_word' id='word_1_372' title='bbox 584 2824 725 2867; x_wconf 85' lang='grc' dir='ltr'>συνέλθῃ</span> <span class='ocrx_word' id='word_1_373' title='bbox 758 2823 840 2857; x_wconf 80' lang='grc' dir='ltr'>ὥστ’</span> <span class='ocrx_word' id='word_1_374' title='bbox 877 2822 1046 2862; x_wconf 81' lang='grc' dir='ltr'>ἐλάττους</span> <span class='ocrx_word' id='word_1_375' title='bbox 1078 2824 1158 2862; x_wconf 83' lang='grc' dir='ltr'>τούς</span> <span class='ocrx_word' id='word_1_376' title='bbox 1191 2824 1313 2869; x_wconf 87' lang='grc' dir='ltr'>πόρους</span> 
     </span>
     <span class='ocr_line' id='line_1_51' title="bbox 305 2866 1311 2917; baseline -0.003 -13"><span class='ocrx_word' id='word_1_377' title='bbox 305 2875 380 2917; x_wconf 84' lang='grc' dir='ltr'>λειφ</span> <span class='ocrx_word' id='word_1_378' title='bbox 404 2874 483 2910; x_wconf 80' lang='grc' dir='ltr'>ἧναι</span> <span class='ocrx_word' id='word_1_379' title='bbox 509 2871 576 2904; x_wconf 85' lang='grc' dir='ltr'>τῶν</span> <span class='ocrx_word' id='word_1_380' title='bbox 609 2871 672 2904; x_wconf 88' lang='grc' dir='ltr'>τοῦ</span> <span class='ocrx_word' id='word_1_381' title='bbox 699 2866 827 2906; x_wconf 78' lang='grc' dir='ltr'>ὕδατος</span> <span class='ocrx_word' id='word_1_382' title='bbox 854 2867 982 2914; x_wconf 83' lang='grc' dir='ltr'>ὄγκων,</span> <span class='ocrx_word' id='word_1_383' title='bbox 1010 2869 1079 2900; x_wconf 75' lang='grc' dir='ltr'>οἷον</span> <span class='ocrx_word' id='word_1_384' title='bbox 1106 2870 1122 2900; x_wconf 86' lang='grc' dir='ltr'>ὁ</span> <span class='ocrx_word' id='word_1_385' title='bbox 1146 2868 1311 2913; x_wconf 85' lang='grc' dir='ltr'>κέραμος·</span> 
     </span>
     <span class='ocr_line' id='line_1_52' title="bbox 308 2912 1313 2961; baseline -0.005 -12"><span class='ocrx_word' id='word_1_386' title='bbox 308 2916 374 2950; x_wconf 80' lang='grc' dir='ltr'>ὅσα</span> <span class='ocrx_word' id='word_1_387' title='bbox 398 2914 438 2949; x_wconf 77' lang='grc' dir='ltr'>δὲ</span> <span class='ocrx_word' id='word_1_388' title='bbox 460 2916 507 2961; x_wconf 77' lang='grc' dir='ltr'>μή</span> <span class='ocrx_word' id='word_1_389' title='bbox 534 2914 638 2956; x_wconf 82' lang='grc' dir='ltr'>οὕτω,</span> <span class='ocrx_word' id='word_1_390' title='bbox 658 2913 778 2948; x_wconf 88' lang='grc' dir='ltr'>πάντα</span> <span class='ocrx_word' id='word_1_391' title='bbox 804 2914 846 2960; x_wconf 77' lang='grc' dir='ltr'>ὁγ</span> <span class='ocrx_word' id='word_1_392' title='bbox 868 2916 892 2955; x_wconf 79' lang='grc' dir='ltr'><em>ᾧ</em></span> <span class='ocrx_word' id='word_1_393' title='bbox 918 2912 1080 2954; x_wconf 75' lang='grc' dir='ltr'>τήκεται,</span> <span class='ocrx_word' id='word_1_394' title='bbox 1101 2913 1168 2945; x_wconf 79' lang='grc' dir='ltr'>οἷον</span> <span class='ocrx_word' id='word_1_395' title='bbox 1186 2916 1313 2959; x_wconf 87' lang='grc' dir='ltr'>νίτρον,</span> 
     </span>
     <span class='ocr_line' id='line_1_53' title="bbox 310 2957 1315 3008; baseline -0.005 -13"><span class='ocrx_word' id='word_1_396' title='bbox 310 2961 408 3003; x_wconf 81' lang='grc' dir='ltr'>ἅλες,</span> <span class='ocrx_word' id='word_1_397' title='bbox 434 2962 480 3008; x_wconf 78' lang='grc' dir='ltr'>γῆ</span> <span class='ocrx_word' id='word_1_398' title='bbox 507 2961 527 2997; x_wconf 75' lang='grc' dir='ltr'>ἡ</span> <span class='ocrx_word' id='word_1_399' title='bbox 555 2958 590 2992; x_wconf 81' lang='grc' dir='ltr'>ἐκ</span> <span class='ocrx_word' id='word_1_400' title='bbox 616 2960 745 2997; x_wconf 86' lang='grc' dir='ltr'>πηλοῦ·</span> <span class='ocrx_word' id='word_1_401' title='bbox 778 2958 827 2992; x_wconf 82' lang='grc' dir='ltr'>τοὶ</span> <span class='ocrx_word' id='word_1_402' title='bbox 873 2960 888 2991; x_wconf 72' lang='grc' dir='ltr'>ε’</span> <span class='ocrx_word' id='word_1_403' title='bbox 913 2957 1034 3002; x_wconf 84' lang='grc' dir='ltr'>θερμοῦ</span> <span class='ocrx_word' id='word_1_404' title='bbox 1063 2957 1222 3003; x_wconf 78' lang='grc' dir='ltr'>στερήσει</span> <span class='ocrx_word' id='word_1_405' title='bbox 1249 2958 1315 2990; x_wconf 74' lang='grc' dir='ltr'>ὑπὸ</span> 
     </span>
     <span class='ocr_line' id='line_1_54' title="bbox 308 2998 1313 3051; baseline -0.002 -14"><span class='ocrx_word' id='word_1_406' title='bbox 308 3005 429 3051; x_wconf 84' lang='grc' dir='ltr'>θερμοῦ</span> <span class='ocrx_word' id='word_1_407' title='bbox 454 3005 617 3046; x_wconf 73' lang='grc' dir='ltr'>τήκεται,</span> <span class='ocrx_word' id='word_1_408' title='bbox 637 3005 706 3037; x_wconf 81' lang='grc' dir='ltr'>οἷον</span> <span class='ocrx_word' id='word_1_409' title='bbox 730 3003 956 3048; x_wconf 84' lang='grc' dir='ltr'>κρύσταλλος,</span> <span class='ocrx_word' id='word_1_410' title='bbox 975 2998 1150 3047; x_wconf 75' lang='grc' dir='ltr'>μόλιβδος,</span> <span class='ocrx_word' id='word_1_411' title='bbox 1171 3002 1313 3048; x_wconf 86' lang='grc' dir='ltr'>χαλκός.</span> 
     </span>
     <span class='ocr_line' id='line_1_55' title="bbox 306 3048 1315 3095; baseline -0.004 -13"><span class='ocrx_word' id='word_1_412' title='bbox 306 3052 394 3083; x_wconf 79' lang='grc' dir='ltr'>Ποῖα</span> <span class='ocrx_word' id='word_1_413' title='bbox 418 3050 478 3095; x_wconf 82' lang='grc' dir='ltr'>μὲν</span> <span class='ocrx_word' id='word_1_414' title='bbox 504 3048 562 3083; x_wconf 83' lang='grc' dir='ltr'>οὗν</span> <span class='ocrx_word' id='word_1_415' title='bbox 588 3049 710 3087; x_wconf 73' lang='grc' dir='ltr'>πηκταὶ</span> <span class='ocrx_word' id='word_1_416' title='bbox 732 3050 791 3080; x_wconf 81' lang='grc' dir='ltr'>καὶ</span> <span class='ocrx_word' id='word_1_417' title='bbox 816 3049 946 3089; x_wconf 72' lang='grc' dir='ltr'>τηκτά,</span> <span class='ocrx_word' id='word_1_418' title='bbox 973 3049 1120 3089; x_wconf 77' lang='grc' dir='ltr'>εἴρηται,</span> <span class='ocrx_word' id='word_1_419' title='bbox 1146 3050 1205 3079; x_wconf 77' lang='grc' dir='ltr'>καὶ</span> <span class='ocrx_word' id='word_1_420' title='bbox 1231 3050 1315 3078; x_wconf 78' lang='grc' dir='ltr'>ποῖα</span> 
     </span>
     <span class='ocr_line' id='line_1_56' title="bbox 311 3087 1314 3138; baseline -0.007 -9"><span class='ocrx_word' id='word_1_421' title='bbox 311 3097 468 3133; x_wconf 78' lang='grc' dir='ltr'>ἄτηκτα·</span> <span class='ocrx_word' id='word_1_422' title='bbox 492 3095 636 3132; x_wconf 83' lang='grc' dir='ltr'>ἄπηκτα</span> <span class='ocrx_word' id='word_1_423' title='bbox 652 3089 684 3126; x_wconf 75' lang='grc' dir='ltr'>δ’</span> <span class='ocrx_word' id='word_1_424' title='bbox 704 3091 770 3126; x_wconf 77' lang='grc' dir='ltr'>ὅσα</span> <span class='ocrx_word' id='word_1_425' title='bbox 788 3093 836 3137; x_wconf 76' lang='grc' dir='ltr'>μή</span> <span class='ocrx_word' id='word_1_426' title='bbox 855 3093 925 3138; x_wconf 82' lang='grc' dir='ltr'>ἔχει</span> <span class='ocrx_word' id='word_1_427' title='bbox 943 3090 1123 3138; x_wconf 72' lang='grc' dir='ltr'>ὑγρότητα</span> <span class='ocrx_word' id='word_1_428' title='bbox 1137 3087 1314 3132; x_wconf 71' lang='grc' dir='ltr'>ὁδατώδη,</span> 
     </span>
     <span class='ocr_line' id='line_1_57' title="bbox 309 3135 1314 3186; baseline -0.006 -13"><span class='ocrx_word' id='word_1_429' title='bbox 309 3137 386 3186; x_wconf 75' lang='grc' dir='ltr'>μηδ’</span> <span class='ocrx_word' id='word_1_430' title='bbox 415 3137 543 3177; x_wconf 71' lang='grc' dir='ltr'>ὕδατός</span> <span class='ocrx_word' id='word_1_431' title='bbox 573 3139 687 3180; x_wconf 79' lang='grc' dir='ltr'>ἐστιν,</span> <span class='ocrx_word' id='word_1_432' title='bbox 725 3138 815 3171; x_wconf 76' lang='grc' dir='ltr'>ἀλλά</span> <span class='ocrx_word' id='word_1_433' title='bbox 847 3140 963 3170; x_wconf 83' lang='grc' dir='ltr'>πλεῖον</span> <span class='ocrx_word' id='word_1_434' title='bbox 992 3135 1114 3180; x_wconf 85' lang='grc' dir='ltr'>θερμοῦ</span> <span class='ocrx_word' id='word_1_435' title='bbox 1147 3138 1206 3168; x_wconf 82' lang='grc' dir='ltr'>καὶ</span> <span class='ocrx_word' id='word_1_436' title='bbox 1231 3136 1314 3182; x_wconf 82' lang='grc' dir='ltr'>γῆς,</span> 
     </span>
     <span class='ocr_line' id='line_1_58' title="bbox 311 3180 1316 3230; baseline -0.007 -13"><span class='ocrx_word' id='word_1_437' title='bbox 311 3186 379 3218; x_wconf 84' lang='grc' dir='ltr'>οἷον</span> <span class='ocrx_word' id='word_1_438' title='bbox 397 3184 473 3229; x_wconf 85' lang='grc' dir='ltr'>μέλι</span> <span class='ocrx_word' id='word_1_439' title='bbox 491 3185 552 3216; x_wconf 78' lang='grc' dir='ltr'>καὶ</span> <span class='ocrx_word' id='word_1_440' title='bbox 568 3184 708 3230; x_wconf 83' lang='grc' dir='ltr'>γλεῦκος</span> <span class='ocrx_word' id='word_1_441' title='bbox 732 3181 864 3226; x_wconf 74' lang='grc' dir='ltr'>(ὥσπερ</span> <span class='ocrx_word' id='word_1_442' title='bbox 882 3180 1009 3225; x_wconf 85' lang='grc' dir='ltr'>ζέοντα</span> <span class='ocrx_word' id='word_1_443' title='bbox 1026 3180 1092 3227; x_wconf 86' lang='grc' dir='ltr'>γάρ</span> <span class='ocrx_word' id='word_1_444' title='bbox 1112 3180 1236 3223; x_wconf 79' lang='grc' dir='ltr'>ἐστιν),</span> <span class='ocrx_word' id='word_1_445' title='bbox 1257 3181 1316 3211; x_wconf 84' lang='grc' dir='ltr'>καὶ</span> 
     </span>
     <span class='ocr_line' id='line_1_59' title="bbox 310 3222 1315 3273; baseline -0.008 -10"><span class='ocrx_word' id='word_1_446' title='bbox 310 3229 376 3263; x_wconf 82' lang='grc' dir='ltr'>ὅσα</span> <span class='ocrx_word' id='word_1_447' title='bbox 401 3224 528 3267; x_wconf 76' lang='grc' dir='ltr'>ὕδατος</span> <span class='ocrx_word' id='word_1_448' title='bbox 553 3230 613 3273; x_wconf 79' lang='grc' dir='ltr'>μὲν</span> <span class='ocrx_word' id='word_1_449' title='bbox 640 3227 730 3273; x_wconf 78' lang='grc' dir='ltr'>ἔχει,</span> <span class='ocrx_word' id='word_1_450' title='bbox 758 3227 830 3259; x_wconf 84' lang='grc' dir='ltr'>ἔστι</span> <span class='ocrx_word' id='word_1_451' title='bbox 856 3222 895 3259; x_wconf 77' lang='grc' dir='ltr'>δὲ</span> <span class='ocrx_word' id='word_1_452' title='bbox 921 3227 1036 3258; x_wconf 80' lang='grc' dir='ltr'>πλεῖον</span> <span class='ocrx_word' id='word_1_453' title='bbox 1064 3224 1179 3269; x_wconf 80' lang='grc' dir='ltr'>ἀέρος,</span> <span class='ocrx_word' id='word_1_454' title='bbox 1206 3223 1315 3267; x_wconf 77' lang='grc' dir='ltr'>ὥσπερ</span> 
     </span>
     <span class='ocr_line' id='line_1_60' title="bbox 311 3269 1314 3358; baseline -0.007 -52"><span class='ocrx_word' id='word_1_455' title='bbox 311 3276 353 3307; x_wconf 78' lang='grc' dir='ltr'>το“</span> <span class='ocrx_word' id='word_1_456' title='bbox 379 3273 493 3358; x_wconf 68' lang='grc' dir='ltr'>ἔλεέιον</span> <span class='ocrx_word' id='word_1_457' title='bbox 526 3275 585 3305; x_wconf 78' lang='grc' dir='ltr'>καὶ</span> <span class='ocrx_word' id='word_1_458' title='bbox 612 3272 751 3319; x_wconf 81' lang='grc' dir='ltr'>ἄργυρος</span> <span class='ocrx_word' id='word_1_459' title='bbox 782 3271 910 3317; x_wconf 79' lang='grc' dir='ltr'>χυτὸς,</span> <span class='ocrx_word' id='word_1_460' title='bbox 936 3272 995 3302; x_wconf 77' lang='grc' dir='ltr'>καὶ</span> <span class='ocrx_word' id='word_1_461' title='bbox 1020 3269 1048 3301; x_wconf 74' lang='grc' dir='ltr'>εἶ</span> <span class='ocrx_word' id='word_1_462' title='bbox 1074 3281 1108 3303; x_wconf 90' lang='grc' dir='ltr'>τι</span> <span class='ocrx_word' id='word_1_463' title='bbox 1131 3271 1314 3316; x_wconf 85' lang='grc' dir='ltr'>γλίσχρον,</span> 
     </span>
     <span class='ocr_line' id='line_1_61' title="bbox 312 3316 987 3355; baseline -0.006 -4"><span class='ocrx_word' id='word_1_464' title='bbox 312 3319 382 3351; x_wconf 80' lang='grc' dir='ltr'>οἷον</span> <span class='ocrx_word' id='word_1_465' title='bbox 405 3318 417 3350; x_wconf 88' lang='grc' dir='ltr'><strong>ἰ</strong></span> <span class='ocrx_word' id='word_1_466' title='bbox 441 3318 488 3355; x_wconf 86' lang='grc' dir='ltr'>ός.</span> <span class='ocrx_word' id='word_1_467' title='bbox 980 3316 987 3320; x_wconf 83' lang='grc'><strong><em>’</em></strong></span> 
     </span>
    </p>
   </div>
   <div class='ocr_carea' id='block_1_9' title="bbox 440 3442 1320 3491">
    <p class='ocr_par' dir='ltr' id='par_1_9' title="bbox 440 3442 1320 3491">
     <span class='ocr_line' id='line_1_62' title="bbox 440 3442 1320 3491; baseline -0.007 -11"><span class='ocrx_word' id='word_1_468' title='bbox 440 3472 449 3480; x_wconf 75' lang='grc'><strong>.</strong></span> <span class='ocrx_word' id='word_1_469' title='bbox 469 3478 474 3485; x_wconf 88' lang='grc'>,</span> <span class='ocrx_word' id='word_1_470' title='bbox 502 3455 655 3491; x_wconf 89' lang='lat' dir='ltr'>ostquam</span> <span class='ocrx_word' id='word_1_471' title='bbox 672 3446 898 3490; x_wconf 88' lang='lat' dir='ltr'>Philosophus</span> <span class='ocrx_word' id='word_1_472' title='bbox 922 3444 1150 3479; x_wconf 87' lang='lat' dir='ltr'>determinavit</span> <span class='ocrx_word' id='word_1_473' title='bbox 1169 3442 1209 3476; x_wconf 92' lang='lat' dir='ltr'>de</span> <span class='ocrx_word' id='word_1_474' title='bbox 1234 3442 1320 3486; x_wconf 87' lang='lat' dir='ltr'>prin-</span> 
     </span>
    </p>
   </div>
   <div class='ocr_carea' id='block_1_10' title="bbox 449 3531 1319 3622">
    <p class='ocr_par' dir='ltr' id='par_1_10' title="bbox 449 3531 1319 3622">
     <span class='ocr_line' id='line_1_63' title="bbox 449 3531 1319 3607; baseline -0.008 -38"><span class='ocrx_word' id='word_1_475' title='bbox 449 3562 456 3575; x_wconf 61' lang='grc'>.,</span> <span class='ocrx_word' id='word_1_476' title='bbox 469 3546 488 3580; x_wconf 54' lang='grc'>’,</span> <span class='ocrx_word' id='word_1_477' title='bbox 504 3535 781 3580; x_wconf 88' lang='lat' dir='ltr'>consequentibus</span> <span class='ocrx_word' id='word_1_478' title='bbox 797 3536 905 3579; x_wconf 90' lang='lat' dir='ltr'>primo</span> <span class='ocrx_word' id='word_1_479' title='bbox 944 3534 1042 3566; x_wconf 84' lang='lat' dir='ltr'>rimas</span> <span class='ocrx_word' id='word_1_480' title='bbox 1061 3531 1231 3576; x_wconf 87' lang='lat' dir='ltr'>qualitates</span> <span class='ocrx_word' id='word_1_481' title='bbox 1247 3541 1319 3607; x_wconf 49' lang='lat' dir='ltr'>{ass</span> 
     </span>
     <span class='ocr_line' id='line_1_64' title="bbox 470 3573 1319 3622; baseline -0.008 -9"><span class='ocrx_word' id='word_1_482' title='bbox 470 3598 485 3619; x_wconf 51' lang='lat'>¹2</span> <span class='ocrx_word' id='word_1_483' title='bbox 504 3579 730 3620; x_wconf 85' lang='lat' dir='ltr'>sivas,scilicet</span> <span class='ocrx_word' id='word_1_484' title='bbox 739 3579 779 3613; x_wconf 92' lang='lat' dir='ltr'>de</span> <span class='ocrx_word' id='word_1_485' title='bbox 789 3578 925 3622; x_wconf 88' lang='lat' dir='ltr'>coagula</span> <span class='ocrx_word' id='word_1_486' title='bbox 948 3578 982 3610; x_wconf 91' lang='lat' dir='ltr'>ili</span> <span class='ocrx_word' id='word_1_487' title='bbox 995 3586 1027 3610; x_wconf 89' lang='lat' dir='ltr'>et</span> <span class='ocrx_word' id='word_1_488' title='bbox 1037 3588 1105 3609; x_wconf 92' lang='lat' dir='ltr'>non</span> <span class='ocrx_word' id='word_1_489' title='bbox 1115 3575 1250 3618; x_wconf 88' lang='lat' dir='ltr'>coagula</span> <span class='ocrx_word' id='word_1_490' title='bbox 1274 3573 1319 3614; x_wconf 86' lang='lat' dir='ltr'>ih,</span> 
     </span>
    </p>
   </div>
   <div class='ocr_carea' id='block_1_11' title="bbox 291 3458 500 3659">
    <p class='ocr_par' dir='ltr' id='par_1_11' title="bbox 291 3458 500 3659">
     <span class='ocr_line' id='line_1_65' title="bbox 291 3458 500 3659; baseline 0 403"><span class='ocrx_word' id='word_1_491' title='bbox 291 3458 500 3659; x_wconf 95' lang='lat' dir='ltr'> </span> 
     </span>
    </p>
   </div>
   <div class='ocr_carea' id='block_1_12' title="bbox 1363 2426 1412 2456">
    <p class='ocr_par' dir='ltr' id='par_1_12' title="bbox 1363 2426 1412 2456">
     <span class='ocr_line' id='line_1_66' title="bbox 1363 2426 1412 2456; baseline 0 0"><span class='ocrx_word' id='word_1_492' title='bbox 1363 2426 1412 2456; x_wconf 91' lang='lat' dir='ltr'>De</span> 
     </span>
    </p>
   </div>
   <div class='ocr_carea' id='block_1_13' title="bbox 223 819 2593 877">
    <p class='ocr_par' dir='ltr' id='par_1_13' title="bbox 223 819 2593 877">
     <span class='ocr_line' id='line_1_67' title="bbox 223 819 2593 877; baseline 0.005 -21"><span class='ocrx_word' id='word_1_493' title='bbox 223 825 285 856; x_wconf 85' lang='grc' dir='ltr'>Ἐκ</span> <span class='ocrx_word' id='word_1_494' title='bbox 309 819 348 853; x_wconf 79' lang='grc' dir='ltr'>δέ</span> <span class='ocrx_word' id='word_1_495' title='bbox 372 820 508 854; x_wconf 88' lang='grc' dir='ltr'>τούτων</span> <span class='ocrx_word' id='word_1_496' title='bbox 526 822 666 866; x_wconf 76' lang='grc' dir='ltr'>φανερὸν</span> <span class='ocrx_word' id='word_1_497' title='bbox 689 820 744 854; x_wconf 82' lang='grc' dir='ltr'>ὅτι</span> <span class='ocrx_word' id='word_1_498' title='bbox 765 822 832 855; x_wconf 80' lang='grc' dir='ltr'>ύπό</span> <span class='ocrx_word' id='word_1_499' title='bbox 850 821 971 867; x_wconf 88' lang='grc' dir='ltr'>θερμοῦ</span> <span class='ocrx_word' id='word_1_500' title='bbox 995 825 1053 876; x_wconf 75' lang='grc' dir='ltr'>κάὶ</span> <span class='ocrx_word' id='word_1_501' title='bbox 1072 822 1198 868; x_wconf 84' lang='grc' dir='ltr'>ψυχροῦ</span> <span class='ocrx_word' id='word_1_502' title='bbox 1216 826 1305 856; x_wconf 83' lang='grc' dir='ltr'>συνί-</span> <span class='ocrx_word' id='word_1_503' title='bbox 1358 827 1376 845; x_wconf 74' lang='lat'>&#39;¹‘</span> <span class='ocrx_word' id='word_1_504' title='bbox 1392 829 1440 859; x_wconf 88' lang='lat' dir='ltr'>Ex</span> <span class='ocrx_word' id='word_1_505' title='bbox 1462 830 1510 860; x_wconf 91' lang='lat' dir='ltr'>his</span> <span class='ocrx_word' id='word_1_506' title='bbox 1534 839 1642 862; x_wconf 89' lang='lat' dir='ltr'>autem</span> <span class='ocrx_word' id='word_1_507' title='bbox 1664 833 1868 865; x_wconf 86' lang='lat' dir='ltr'>manifestum</span> <span class='ocrx_word' id='word_1_508' title='bbox 1884 835 1974 874; x_wconf 91' lang='lat' dir='ltr'>quod</span> <span class='ocrx_word' id='word_1_509' title='bbox 1997 845 2015 865; x_wconf 89' lang='lat' dir='ltr'>a</span> <span class='ocrx_word' id='word_1_510' title='bbox 2038 835 2139 866; x_wconf 86' lang='lat' dir='ltr'>calido</span> <span class='ocrx_word' id='word_1_511' title='bbox 2156 843 2187 868; x_wconf 92' lang='lat' dir='ltr'>et</span> <span class='ocrx_word' id='word_1_512' title='bbox 2209 836 2323 877; x_wconf 86' lang='lat' dir='ltr'>frigido</span> <span class='ocrx_word' id='word_1_513' title='bbox 2347 847 2421 868; x_wconf 91' lang='lat' dir='ltr'>con·</span> <span class='ocrx_word' id='word_1_514' title='bbox 2447 838 2458 848; x_wconf 77' lang='lat'>⁸</span> <span class='ocrx_word' id='word_1_515' title='bbox 2474 838 2530 865; x_wconf 81' lang='lat' dir='ltr'>Cap.</span> <span class='ocrx_word' id='word_1_516' title='bbox 2545 844 2593 860; x_wconf 61' lang='lat'>‘&#39;¹¹¹-</span> 
     </span>
    </p>
   </div>
   <div class='ocr_carea' id='block_1_14' title="bbox 1424 878 2431 3392">
    <p class='ocr_par' dir='ltr' id='par_1_14' title="bbox 1424 878 2428 2421">
     <span class='ocr_line' id='line_1_68' title="bbox 1426 878 2421 922; baseline 0.009 -18"><span class='ocrx_word' id='word_1_517' title='bbox 1426 880 1509 905; x_wconf 88' lang='lat' dir='ltr'>stant</span> <span class='ocrx_word' id='word_1_518' title='bbox 1532 885 1675 916; x_wconf 89' lang='lat' dir='ltr'>corpora,</span> <span class='ocrx_word' id='word_1_519' title='bbox 1695 884 1725 907; x_wconf 92' lang='lat' dir='ltr'>et</span> <span class='ocrx_word' id='word_1_520' title='bbox 1748 878 1824 909; x_wconf 89' lang='lat' dir='ltr'>haec</span> <span class='ocrx_word' id='word_1_521' title='bbox 1843 885 1950 909; x_wconf 87' lang='lat' dir='ltr'>autem</span> <span class='ocrx_word' id='word_1_522' title='bbox 1972 880 2181 920; x_wconf 89' lang='lat' dir='ltr'>ingrossantia</span> <span class='ocrx_word' id='word_1_523' title='bbox 2197 887 2228 912; x_wconf 90' lang='lat' dir='ltr'>et</span> <span class='ocrx_word' id='word_1_524' title='bbox 2252 882 2421 922; x_wconf 88' lang='lat' dir='ltr'>coagulan-</span> 
     </span>
     <span class='ocr_line' id='line_1_69' title="bbox 1424 918 2423 967; baseline 0.008 -19"><span class='ocrx_word' id='word_1_525' title='bbox 1424 918 1467 949; x_wconf 90' lang='lat' dir='ltr'>tia</span> <span class='ocrx_word' id='word_1_526' title='bbox 1490 918 1610 950; x_wconf 84' lang='lat' dir='ltr'>faciunt</span> <span class='ocrx_word' id='word_1_527' title='bbox 1638 922 1856 960; x_wconf 75' lang='lat' dir='ltr'>operationem</span> <span class='ocrx_word' id='word_1_528' title='bbox 1887 924 2052 963; x_wconf 88' lang='lat' dir='ltr'>ipsorum;</span> <span class='ocrx_word' id='word_1_529' title='bbox 2075 931 2306 966; x_wconf 87' lang='lat' dir='ltr'>proptereaque</span> <span class='ocrx_word' id='word_1_530' title='bbox 2333 926 2423 967; x_wconf 93' lang='lat' dir='ltr'>quod</span> 
     </span>
     <span class='ocr_line' id='line_1_70' title="bbox 1425 963 2422 1011; baseline 0.009 -19"><span class='ocrx_word' id='word_1_531' title='bbox 1425 963 1464 993; x_wconf 90' lang='lat' dir='ltr'>ab</span> <span class='ocrx_word' id='word_1_532' title='bbox 1480 963 1529 993; x_wconf 91' lang='lat' dir='ltr'>his</span> <span class='ocrx_word' id='word_1_533' title='bbox 1545 964 1671 995; x_wconf 91' lang='lat' dir='ltr'>condita</span> <span class='ocrx_word' id='word_1_534' title='bbox 1688 973 1771 1004; x_wconf 90' lang='lat' dir='ltr'>sunt,</span> <span class='ocrx_word' id='word_1_535' title='bbox 1788 967 1821 997; x_wconf 93' lang='lat' dir='ltr'>in</span> <span class='ocrx_word' id='word_1_536' title='bbox 1838 969 1987 999; x_wconf 76' lang='lat' dir='ltr'>omnibus</span> <span class='ocrx_word' id='word_1_537' title='bbox 2003 968 2084 999; x_wconf 86' lang='lat' dir='ltr'>inest</span> <span class='ocrx_word' id='word_1_538' title='bbox 2100 969 2250 1007; x_wconf 82' lang='lat' dir='ltr'>caliditas,</span> <span class='ocrx_word' id='word_1_539' title='bbox 2264 970 2422 1011; x_wconf 83' lang='lat' dir='ltr'>aliquibus</span> 
     </span>
     <span class='ocr_line' id='line_1_71' title="bbox 1425 1008 2423 1058; baseline 0.007 -21"><span class='ocrx_word' id='word_1_540' title='bbox 1425 1014 1534 1038; x_wconf 89' lang='lat' dir='ltr'>autem</span> <span class='ocrx_word' id='word_1_541' title='bbox 1550 1015 1580 1058; x_wconf 75' lang='lat' dir='ltr'>et</span> <span class='ocrx_word' id='word_1_542' title='bbox 1595 1008 1745 1048; x_wconf 86' lang='lat' dir='ltr'>frigiditas</span> <span class='ocrx_word' id='word_1_543' title='bbox 1761 1021 1824 1051; x_wconf 92' lang='lat' dir='ltr'>qua</span> <span class='ocrx_word' id='word_1_544' title='bbox 1839 1012 1951 1043; x_wconf 89' lang='lat' dir='ltr'>deficit.</span> <span class='ocrx_word' id='word_1_545' title='bbox 1969 1013 2075 1050; x_wconf 81' lang='lat' dir='ltr'>Quare</span> <span class='ocrx_word' id='word_1_546' title='bbox 2091 1013 2245 1054; x_wconf 90' lang='lat' dir='ltr'>quoniam</span> <span class='ocrx_word' id='word_1_547' title='bbox 2261 1014 2337 1044; x_wconf 89' lang='lat' dir='ltr'>haec</span> <span class='ocrx_word' id='word_1_548' title='bbox 2353 1014 2423 1054; x_wconf 93' lang='lat' dir='ltr'>qui-</span> 
     </span>
     <span class='ocr_line' id='line_1_72' title="bbox 1426 1051 2423 1095; baseline 0.008 -14"><span class='ocrx_word' id='word_1_549' title='bbox 1426 1051 1499 1082; x_wconf 89' lang='lat' dir='ltr'>dem</span> <span class='ocrx_word' id='word_1_550' title='bbox 1523 1059 1659 1083; x_wconf 80' lang='lat' dir='ltr'>existunt</span> <span class='ocrx_word' id='word_1_551' title='bbox 1674 1062 1802 1094; x_wconf 91' lang='lat' dir='ltr'>propter</span> <span class='ocrx_word' id='word_1_552' title='bbox 1818 1055 1929 1095; x_wconf 90' lang='lat' dir='ltr'>facere,</span> <span class='ocrx_word' id='word_1_553' title='bbox 1945 1057 2116 1087; x_wconf 89' lang='lat' dir='ltr'>humidum</span> <span class='ocrx_word' id='word_1_554' title='bbox 2132 1065 2239 1088; x_wconf 90' lang='lat' dir='ltr'>autem</span> <span class='ocrx_word' id='word_1_555' title='bbox 2255 1065 2285 1088; x_wconf 91' lang='lat' dir='ltr'>et</span> <span class='ocrx_word' id='word_1_556' title='bbox 2303 1058 2423 1089; x_wconf 92' lang='lat' dir='ltr'>siccum</span> 
     </span>
     <span class='ocr_line' id='line_1_73' title="bbox 1425 1097 2423 1141; baseline 0.007 -15"><span class='ocrx_word' id='word_1_557' title='bbox 1425 1103 1556 1136; x_wconf 89' lang='lat' dir='ltr'>propter</span> <span class='ocrx_word' id='word_1_558' title='bbox 1576 1097 1656 1137; x_wconf 90' lang='lat' dir='ltr'>pati,</span> <span class='ocrx_word' id='word_1_559' title='bbox 1681 1098 1867 1139; x_wconf 77' lang='lat' dir='ltr'>participant</span> <span class='ocrx_word' id='word_1_560' title='bbox 1887 1100 1963 1141; x_wconf 89' lang='lat' dir='ltr'>ipsis</span> <span class='ocrx_word' id='word_1_561' title='bbox 1983 1102 2167 1132; x_wconf 89' lang='lat' dir='ltr'>communia</span> <span class='ocrx_word' id='word_1_562' title='bbox 2191 1102 2350 1133; x_wconf 88' lang='lat' dir='ltr'>omnibus.</span> <span class='ocrx_word' id='word_1_563' title='bbox 2375 1103 2423 1133; x_wconf 84' lang='lat' dir='ltr'>Ex</span> 
     </span>
     <span class='ocr_line' id='line_1_74' title="bbox 1425 1141 2423 1186; baseline 0.007 -16"><span class='ocrx_word' id='word_1_564' title='bbox 1425 1150 1509 1180; x_wconf 88' lang='lat' dir='ltr'>aqua</span> <span class='ocrx_word' id='word_1_565' title='bbox 1524 1141 1655 1182; x_wconf 88' lang='lat' dir='ltr'>quidem</span> <span class='ocrx_word' id='word_1_566' title='bbox 1678 1142 1774 1182; x_wconf 88' lang='lat' dir='ltr'>igitur</span> <span class='ocrx_word' id='word_1_567' title='bbox 1796 1150 1826 1174; x_wconf 86' lang='lat' dir='ltr'>et</span> <span class='ocrx_word' id='word_1_568' title='bbox 1841 1151 1921 1175; x_wconf 88' lang='lat' dir='ltr'>terra</span> <span class='ocrx_word' id='word_1_569' title='bbox 1944 1145 2173 1176; x_wconf 87' lang='lat' dir='ltr'>homoeomera</span> <span class='ocrx_word' id='word_1_570' title='bbox 2191 1156 2324 1186; x_wconf 89' lang='lat' dir='ltr'>corpora</span> <span class='ocrx_word' id='word_1_571' title='bbox 2347 1156 2423 1176; x_wconf 90' lang='lat' dir='ltr'>con-</span> 
     </span>
     <span class='ocr_line' id='line_1_75' title="bbox 1426 1186 2423 1231; baseline 0.007 -17"><span class='ocrx_word' id='word_1_572' title='bbox 1426 1191 1527 1223; x_wconf 86' lang='lat' dir='ltr'>stant,</span> <span class='ocrx_word' id='word_1_573' title='bbox 1548 1192 1579 1216; x_wconf 91' lang='lat' dir='ltr'>et</span> <span class='ocrx_word' id='word_1_574' title='bbox 1607 1186 1640 1216; x_wconf 91' lang='lat' dir='ltr'>in</span> <span class='ocrx_word' id='word_1_575' title='bbox 1669 1186 1783 1226; x_wconf 88' lang='lat' dir='ltr'>plantis</span> <span class='ocrx_word' id='word_1_576' title='bbox 1807 1195 1838 1218; x_wconf 93' lang='lat' dir='ltr'>et</span> <span class='ocrx_word' id='word_1_577' title='bbox 1859 1189 1892 1218; x_wconf 93' lang='lat' dir='ltr'>in</span> <span class='ocrx_word' id='word_1_578' title='bbox 1922 1189 2128 1228; x_wconf 85' lang='lat' dir='ltr'>animalibus,</span> <span class='ocrx_word' id='word_1_579' title='bbox 2148 1197 2178 1220; x_wconf 92' lang='lat' dir='ltr'>et</span> <span class='ocrx_word' id='word_1_580' title='bbox 2201 1200 2423 1231; x_wconf 89' lang='lat' dir='ltr'>quaecumque</span> 
     </span>
     <span class='ocr_line' id='line_1_76' title="bbox 1426 1229 2423 1275; baseline 0.006 -16"><span class='ocrx_word' id='word_1_581' title='bbox 1426 1229 1638 1269; x_wconf 83' lang='lat' dir='ltr'>metallantur,</span> <span class='ocrx_word' id='word_1_582' title='bbox 1655 1231 1742 1262; x_wconf 90' lang='lat' dir='ltr'>velut</span> <span class='ocrx_word' id='word_1_583' title='bbox 1765 1242 1878 1262; x_wconf 90' lang='lat' dir='ltr'>aurum</span> <span class='ocrx_word' id='word_1_584' title='bbox 1902 1240 1932 1263; x_wconf 90' lang='lat' dir='ltr'>et</span> <span class='ocrx_word' id='word_1_585' title='bbox 1953 1240 2119 1273; x_wconf 88' lang='lat' dir='ltr'>argentum</span> <span class='ocrx_word' id='word_1_586' title='bbox 2142 1241 2173 1265; x_wconf 91' lang='lat' dir='ltr'>et</span> <span class='ocrx_word' id='word_1_587' title='bbox 2201 1244 2423 1275; x_wconf 88' lang='lat' dir='ltr'>quaecumque</span> 
     </span>
     <span class='ocr_line' id='line_1_77' title="bbox 1426 1273 2423 1319; baseline 0.006 -16"><span class='ocrx_word' id='word_1_588' title='bbox 1426 1273 1491 1303; x_wconf 86' lang='lat' dir='ltr'>alia·</span> <span class='ocrx_word' id='word_1_589' title='bbox 1509 1274 1593 1312; x_wconf 86' lang='lat' dir='ltr'>talia,</span> <span class='ocrx_word' id='word_1_590' title='bbox 1618 1285 1655 1305; x_wconf 88' lang='lat' dir='ltr'>ex</span> <span class='ocrx_word' id='word_1_591' title='bbox 1677 1275 1753 1315; x_wconf 91' lang='lat' dir='ltr'>ipsis</span> <span class='ocrx_word' id='word_1_592' title='bbox 1777 1282 1808 1306; x_wconf 91' lang='lat' dir='ltr'>et</span> <span class='ocrx_word' id='word_1_593' title='bbox 1831 1286 1867 1307; x_wconf 86' lang='lat' dir='ltr'>ex</span> <span class='ocrx_word' id='word_1_594' title='bbox 1891 1277 2086 1308; x_wconf 84' lang='lat' dir='ltr'>exhalatione</span> <span class='ocrx_word' id='word_1_595' title='bbox 2106 1288 2142 1308; x_wconf 86' lang='lat' dir='ltr'>ea</span> <span class='ocrx_word' id='word_1_596' title='bbox 2161 1288 2242 1319; x_wconf 91' lang='lat' dir='ltr'>quae</span> <span class='ocrx_word' id='word_1_597' title='bbox 2258 1279 2423 1319; x_wconf 83' lang='lat' dir='ltr'>utriusque</span> 
     </span>
     <span class='ocr_line' id='line_1_78' title="bbox 1427 1317 2424 1356; baseline 0.005 -8"><span class='ocrx_word' id='word_1_598' title='bbox 1427 1317 1559 1356; x_wconf 88' lang='lat' dir='ltr'>inclusa,</span> <span class='ocrx_word' id='word_1_599' title='bbox 1576 1318 1656 1350; x_wconf 88' lang='lat' dir='ltr'>sicut</span> <span class='ocrx_word' id='word_1_600' title='bbox 1679 1319 1800 1350; x_wconf 90' lang='lat' dir='ltr'>dictum</span> <span class='ocrx_word' id='word_1_601' title='bbox 1824 1327 1870 1351; x_wconf 89' lang='lat' dir='ltr'>est</span> <span class='ocrx_word' id='word_1_602' title='bbox 1887 1321 1920 1351; x_wconf 90' lang='lat' dir='ltr'>in</span> <span class='ocrx_word' id='word_1_603' title='bbox 1943 1321 2020 1353; x_wconf 86' lang='lat' dir='ltr'>aliis.</span> <span class='ocrx_word' id='word_1_604' title='bbox 2037 1322 2124 1353; x_wconf 87' lang='lat' dir='ltr'>Haec</span> <span class='ocrx_word' id='word_1_605' title='bbox 2148 1330 2255 1353; x_wconf 85' lang='lat' dir='ltr'>autem</span> <span class='ocrx_word' id='word_1_606' title='bbox 2278 1322 2424 1353; x_wconf 88' lang='lat' dir='ltr'>differunt</span> 
     </span>
     <span class='ocr_line' id='line_1_79' title="bbox 1427 1362 2424 1407; baseline 0.005 -15"><span class='ocrx_word' id='word_1_607' title='bbox 1427 1362 1603 1393; x_wconf 88' lang='lat' dir='ltr'>abinvicem</span> <span class='ocrx_word' id='word_1_608' title='bbox 1633 1370 1663 1394; x_wconf 90' lang='lat' dir='ltr'>et</span> <span class='ocrx_word' id='word_1_609' title='bbox 1691 1364 1740 1394; x_wconf 92' lang='lat' dir='ltr'>his</span> <span class='ocrx_word' id='word_1_610' title='bbox 1771 1375 1852 1405; x_wconf 90' lang='lat' dir='ltr'>quae</span> <span class='ocrx_word' id='word_1_611' title='bbox 1876 1366 1916 1395; x_wconf 86' lang='lat' dir='ltr'>ad</span> <span class='ocrx_word' id='word_1_612' title='bbox 1945 1375 2054 1396; x_wconf 90' lang='lat' dir='ltr'>sensus</span> <span class='ocrx_word' id='word_1_613' title='bbox 2078 1367 2213 1407; x_wconf 90' lang='lat' dir='ltr'>propriis</span> <span class='ocrx_word' id='word_1_614' title='bbox 2244 1367 2368 1405; x_wconf 87' lang='lat' dir='ltr'>omnia,</span> <span class='ocrx_word' id='word_1_615' title='bbox 2394 1373 2424 1397; x_wconf 89' lang='lat' dir='ltr'>et</span> 
     </span>
     <span class='ocr_line' id='line_1_80' title="bbox 1427 1406 2424 1448; baseline 0.005 -12"><span class='ocrx_word' id='word_1_616' title='bbox 1427 1406 1461 1436; x_wconf 92' lang='lat' dir='ltr'>in</span> <span class='ocrx_word' id='word_1_617' title='bbox 1484 1417 1578 1446; x_wconf 88' lang='lat' dir='ltr'>posse</span> <span class='ocrx_word' id='word_1_618' title='bbox 1601 1407 1721 1448; x_wconf 90' lang='lat' dir='ltr'>aliquid</span> <span class='ocrx_word' id='word_1_619' title='bbox 1744 1407 1861 1439; x_wconf 85' lang='lat' dir='ltr'>facere:</span> <span class='ocrx_word' id='word_1_620' title='bbox 1891 1409 1999 1440; x_wconf 88' lang='lat' dir='ltr'>album</span> <span class='ocrx_word' id='word_1_621' title='bbox 2023 1410 2107 1440; x_wconf 90' lang='lat' dir='ltr'>enim</span> <span class='ocrx_word' id='word_1_622' title='bbox 2131 1418 2161 1441; x_wconf 94' lang='lat' dir='ltr'>et</span> <span class='ocrx_word' id='word_1_623' title='bbox 2183 1411 2262 1441; x_wconf 90' lang='lat' dir='ltr'>bene</span> <span class='ocrx_word' id='word_1_624' title='bbox 2287 1411 2424 1441; x_wconf 91' lang='lat' dir='ltr'>odorans</span> 
     </span>
     <span class='ocr_line' id='line_1_81' title="bbox 1429 1451 2424 1495; baseline 0.005 -15"><span class='ocrx_word' id='word_1_625' title='bbox 1429 1457 1459 1481; x_wconf 91' lang='lat' dir='ltr'>et</span> <span class='ocrx_word' id='word_1_626' title='bbox 1482 1451 1663 1481; x_wconf 87' lang='lat' dir='ltr'>sonativum</span> <span class='ocrx_word' id='word_1_627' title='bbox 1686 1459 1716 1482; x_wconf 93' lang='lat' dir='ltr'>et</span> <span class='ocrx_word' id='word_1_628' title='bbox 1740 1452 1830 1483; x_wconf 87' lang='lat' dir='ltr'>dulce</span> <span class='ocrx_word' id='word_1_629' title='bbox 1854 1459 1884 1483; x_wconf 90' lang='lat' dir='ltr'>et</span> <span class='ocrx_word' id='word_1_630' title='bbox 1908 1453 2044 1484; x_wconf 89' lang='lat' dir='ltr'>calidum</span> <span class='ocrx_word' id='word_1_631' title='bbox 2068 1462 2098 1485; x_wconf 92' lang='lat' dir='ltr'>et</span> <span class='ocrx_word' id='word_1_632' title='bbox 2117 1454 2265 1495; x_wconf 85' lang='lat' dir='ltr'>frigidum</span> <span class='ocrx_word' id='word_1_633' title='bbox 2281 1455 2314 1485; x_wconf 92' lang='lat' dir='ltr'>in</span> <span class='ocrx_word' id='word_1_634' title='bbox 2331 1465 2424 1495; x_wconf 89' lang='lat' dir='ltr'>posse</span> 
     </span>
     <span class='ocr_line' id='line_1_82' title="bbox 1428 1494 2424 1540; baseline 0.005 -15"><span class='ocrx_word' id='word_1_635' title='bbox 1428 1494 1547 1535; x_wconf 87' lang='lat' dir='ltr'>aliquid</span> <span class='ocrx_word' id='word_1_636' title='bbox 1570 1495 1670 1526; x_wconf 88' lang='lat' dir='ltr'>facere</span> <span class='ocrx_word' id='word_1_637' title='bbox 1693 1495 1726 1526; x_wconf 92' lang='lat' dir='ltr'>in</span> <span class='ocrx_word' id='word_1_638' title='bbox 1750 1506 1878 1527; x_wconf 90' lang='lat' dir='ltr'>sensum</span> <span class='ocrx_word' id='word_1_639' title='bbox 1902 1505 1994 1535; x_wconf 87' lang='lat' dir='ltr'>sunt;</span> <span class='ocrx_word' id='word_1_640' title='bbox 2026 1505 2056 1529; x_wconf 89' lang='lat' dir='ltr'>et</span> <span class='ocrx_word' id='word_1_641' title='bbox 2085 1498 2151 1529; x_wconf 89' lang='lat' dir='ltr'>aliis</span> <span class='ocrx_word' id='word_1_642' title='bbox 2180 1499 2279 1540; x_wconf 89' lang='lat' dir='ltr'>magis</span> <span class='ocrx_word' id='word_1_643' title='bbox 2310 1509 2424 1529; x_wconf 90' lang='lat' dir='ltr'>conve-</span> 
     </span>
     <span class='ocr_line' id='line_1_83' title="bbox 1429 1539 2424 1583; baseline 0.005 -14"><span class='ocrx_word' id='word_1_644' title='bbox 1429 1539 1587 1570; x_wconf 90' lang='lat' dir='ltr'>nientibus</span> <span class='ocrx_word' id='word_1_645' title='bbox 1599 1540 1810 1580; x_wconf 86' lang='lat' dir='ltr'>passionibus,</span> <span class='ocrx_word' id='word_1_646' title='bbox 1820 1551 2040 1582; x_wconf 90' lang='lat' dir='ltr'>quaecumque</span> <span class='ocrx_word' id='word_1_647' title='bbox 2052 1542 2083 1572; x_wconf 92' lang='lat' dir='ltr'>in</span> <span class='ocrx_word' id='word_1_648' title='bbox 2097 1543 2245 1583; x_wconf 89' lang='lat' dir='ltr'>patiendo</span> <span class='ocrx_word' id='word_1_649' title='bbox 2262 1543 2424 1582; x_wconf 81' lang='lat' dir='ltr'>dicuntur3</span> 
     </span>
     <span class='ocr_line' id='line_1_84' title="bbox 1429 1583 2426 1626; baseline 0.005 -13"><span class='ocrx_word' id='word_1_650' title='bbox 1429 1583 1501 1614; x_wconf 83' lang='lat' dir='ltr'>dico</span> <span class='ocrx_word' id='word_1_651' title='bbox 1525 1590 1632 1614; x_wconf 88' lang='lat' dir='ltr'>autem</span> <span class='ocrx_word' id='word_1_652' title='bbox 1656 1591 1733 1624; x_wconf 88' lang='lat' dir='ltr'>puta</span> <span class='ocrx_word' id='word_1_653' title='bbox 1755 1585 1905 1625; x_wconf 87' lang='lat' dir='ltr'>liquabile</span> <span class='ocrx_word' id='word_1_654' title='bbox 1925 1593 1955 1616; x_wconf 95' lang='lat' dir='ltr'>et</span> <span class='ocrx_word' id='word_1_655' title='bbox 1975 1587 2168 1626; x_wconf 86' lang='lat' dir='ltr'>coagulabile</span> <span class='ocrx_word' id='word_1_656' title='bbox 2191 1594 2222 1618; x_wconf 95' lang='lat' dir='ltr'>et</span> <span class='ocrx_word' id='word_1_657' title='bbox 2243 1587 2376 1618; x_wconf 89' lang='lat' dir='ltr'>flexibile</span> <span class='ocrx_word' id='word_1_658' title='bbox 2395 1594 2426 1618; x_wconf 88' lang='lat' dir='ltr'>et</span> 
     </span>
     <span class='ocr_line' id='line_1_85' title="bbox 1430 1628 2424 1672; baseline 0.004 -14"><span class='ocrx_word' id='word_1_659' title='bbox 1430 1638 1653 1669; x_wconf 85' lang='lat' dir='ltr'>quaecumque</span> <span class='ocrx_word' id='word_1_660' title='bbox 1676 1628 1736 1659; x_wconf 87' lang='lat' dir='ltr'>alia</span> <span class='ocrx_word' id='word_1_661' title='bbox 1759 1629 1846 1660; x_wconf 89' lang='lat' dir='ltr'>talia:</span> <span class='ocrx_word' id='word_1_662' title='bbox 1871 1630 1980 1660; x_wconf 85' lang='lat' dir='ltr'>omnia</span> <span class='ocrx_word' id='word_1_663' title='bbox 2003 1631 2087 1661; x_wconf 91' lang='lat' dir='ltr'>enim</span> <span class='ocrx_word' id='word_1_664' title='bbox 2110 1631 2183 1662; x_wconf 87' lang='lat' dir='ltr'>talia</span> <span class='ocrx_word' id='word_1_665' title='bbox 2203 1632 2325 1672; x_wconf 89' lang='lat' dir='ltr'>passiva</span> <span class='ocrx_word' id='word_1_666' title='bbox 2341 1638 2424 1670; x_wconf 89' lang='lat' dir='ltr'>sunt,</span> 
     </span>
     <span class='ocr_line' id='line_1_86' title="bbox 1430 1672 2426 1706; baseline 0.003 -3"><span class='ocrx_word' id='word_1_667' title='bbox 1430 1672 1511 1703; x_wconf 89' lang='lat' dir='ltr'>sicut</span> <span class='ocrx_word' id='word_1_668' title='bbox 1533 1673 1704 1703; x_wconf 89' lang='lat' dir='ltr'>humidum</span> <span class='ocrx_word' id='word_1_669' title='bbox 1724 1680 1754 1704; x_wconf 92' lang='lat' dir='ltr'>et</span> <span class='ocrx_word' id='word_1_670' title='bbox 1773 1674 1902 1705; x_wconf 87' lang='lat' dir='ltr'>siccum.</span> <span class='ocrx_word' id='word_1_671' title='bbox 1927 1674 1986 1705; x_wconf 90' lang='lat' dir='ltr'>His</span> <span class='ocrx_word' id='word_1_672' title='bbox 2009 1682 2115 1705; x_wconf 87' lang='lat' dir='ltr'>autem</span> <span class='ocrx_word' id='word_1_673' title='bbox 2139 1675 2203 1705; x_wconf 90' lang='lat' dir='ltr'>iam</span> <span class='ocrx_word' id='word_1_674' title='bbox 2226 1675 2326 1706; x_wconf 88' lang='lat' dir='ltr'>differt</span> <span class='ocrx_word' id='word_1_675' title='bbox 2342 1686 2379 1706; x_wconf 92' lang='lat' dir='ltr'>os</span> <span class='ocrx_word' id='word_1_676' title='bbox 2395 1683 2426 1706; x_wconf 93' lang='lat' dir='ltr'>et</span> 
     </span>
     <span class='ocr_line' id='line_1_87' title="bbox 1431 1717 2427 1760; baseline 0.003 -13"><span class='ocrx_word' id='word_1_677' title='bbox 1431 1727 1503 1747; x_wconf 90' lang='lat' dir='ltr'>caro</span> <span class='ocrx_word' id='word_1_678' title='bbox 1528 1724 1558 1748; x_wconf 92' lang='lat' dir='ltr'>et</span> <span class='ocrx_word' id='word_1_679' title='bbox 1581 1727 1695 1747; x_wconf 89' lang='lat' dir='ltr'>nervus</span> <span class='ocrx_word' id='word_1_680' title='bbox 1721 1724 1752 1748; x_wconf 92' lang='lat' dir='ltr'>et</span> <span class='ocrx_word' id='word_1_681' title='bbox 1766 1717 1890 1758; x_wconf 89' lang='lat' dir='ltr'>lignum</span> <span class='ocrx_word' id='word_1_682' title='bbox 1913 1725 1943 1749; x_wconf 89' lang='lat' dir='ltr'>et</span> <span class='ocrx_word' id='word_1_683' title='bbox 1968 1726 2071 1749; x_wconf 85' lang='lat' dir='ltr'>cortex</span> <span class='ocrx_word' id='word_1_684' title='bbox 2095 1726 2125 1750; x_wconf 90' lang='lat' dir='ltr'>et</span> <span class='ocrx_word' id='word_1_685' title='bbox 2140 1719 2219 1760; x_wconf 90' lang='lat' dir='ltr'>lapis</span> <span class='ocrx_word' id='word_1_686' title='bbox 2244 1726 2275 1750; x_wconf 93' lang='lat' dir='ltr'>et</span> <span class='ocrx_word' id='word_1_687' title='bbox 2290 1720 2427 1750; x_wconf 89' lang='lat' dir='ltr'>aliorum</span> 
     </span>
     <span class='ocr_line' id='line_1_88' title="bbox 1430 1762 2427 1804; baseline 0.003 -13"><span class='ocrx_word' id='word_1_688' title='bbox 1430 1762 1688 1802; x_wconf 89' lang='lat' dir='ltr'>unumquodque</span> <span class='ocrx_word' id='word_1_689' title='bbox 1707 1762 2012 1793; x_wconf 90' lang='lat' dir='ltr'>homoeomerorum</span> <span class='ocrx_word' id='word_1_690' title='bbox 2029 1763 2169 1804; x_wconf 88' lang='lat' dir='ltr'>quidem,</span> <span class='ocrx_word' id='word_1_691' title='bbox 2186 1771 2216 1794; x_wconf 93' lang='lat' dir='ltr'>et</span> <span class='ocrx_word' id='word_1_692' title='bbox 2235 1764 2427 1794; x_wconf 86' lang='lat' dir='ltr'>naturalium</span> 
     </span>
     <span class='ocr_line' id='line_1_89' title="bbox 1431 1805 2425 1848; baseline 0.002 -12"><span class='ocrx_word' id='word_1_693' title='bbox 1431 1816 1614 1846; x_wconf 88' lang='lat' dir='ltr'>corporum.</span> <span class='ocrx_word' id='word_1_694' title='bbox 1643 1805 1794 1836; x_wconf 89' lang='lat' dir='ltr'>Dicamus</span> <span class='ocrx_word' id='word_1_695' title='bbox 1819 1814 1926 1838; x_wconf 89' lang='lat' dir='ltr'>autem</span> <span class='ocrx_word' id='word_1_696' title='bbox 1942 1807 2045 1847; x_wconf 88' lang='lat' dir='ltr'>primo</span> <span class='ocrx_word' id='word_1_697' title='bbox 2062 1817 2232 1838; x_wconf 89' lang='lat' dir='ltr'>numerum</span> <span class='ocrx_word' id='word_1_698' title='bbox 2255 1808 2399 1848; x_wconf 87' lang='lat' dir='ltr'>ipsorum</span> <span class='ocrx_word' id='word_1_699' title='bbox 2417 1830 2425 1846; x_wconf 95' lang='lat'>,</span> 
     </span>
     <span class='ocr_line' id='line_1_90' title="bbox 1430 1851 2427 1892; baseline 0.002 -12"><span class='ocrx_word' id='word_1_700' title='bbox 1430 1860 1652 1891; x_wconf 90' lang='lat' dir='ltr'>quaecumque</span> <span class='ocrx_word' id='word_1_701' title='bbox 1675 1851 1852 1881; x_wconf 90' lang='lat' dir='ltr'>secundum</span> <span class='ocrx_word' id='word_1_702' title='bbox 1875 1851 2050 1891; x_wconf 91' lang='lat' dir='ltr'>potentiam</span> <span class='ocrx_word' id='word_1_703' title='bbox 2079 1858 2109 1882; x_wconf 92' lang='lat' dir='ltr'>et</span> <span class='ocrx_word' id='word_1_704' title='bbox 2136 1852 2357 1892; x_wconf 87' lang='lat' dir='ltr'>impotentiam</span> <span class='ocrx_word' id='word_1_705' title='bbox 2381 1852 2427 1881; x_wconf 92' lang='lat' dir='ltr'>di-</span> 
     </span>
     <span class='ocr_line' id='line_1_91' title="bbox 1431 1895 2426 1936; baseline 0.001 -11"><span class='ocrx_word' id='word_1_706' title='bbox 1431 1901 1555 1925; x_wconf 87' lang='lat' dir='ltr'>cuntur.</span> <span class='ocrx_word' id='word_1_707' title='bbox 1585 1895 1666 1925; x_wconf 87' lang='lat' dir='ltr'>Sunt</span> <span class='ocrx_word' id='word_1_708' title='bbox 1689 1901 1796 1925; x_wconf 86' lang='lat' dir='ltr'>autem</span> <span class='ocrx_word' id='word_1_709' title='bbox 1818 1895 1910 1926; x_wconf 89' lang='lat' dir='ltr'>haec:</span> <span class='ocrx_word' id='word_1_710' title='bbox 1940 1896 2152 1935; x_wconf 88' lang='lat' dir='ltr'>coagulabile,</span> <span class='ocrx_word' id='word_1_711' title='bbox 2176 1896 2426 1936; x_wconf 89' lang='lat' dir='ltr'>incoagulabi1e;</span> 
     </span>
     <span class='ocr_line' id='line_1_92' title="bbox 1428 1938 2427 1980; baseline 0.001 -11"><span class='ocrx_word' id='word_1_712' title='bbox 1428 1939 1590 1979; x_wconf 86' lang='lat' dir='ltr'>liquabile,</span> <span class='ocrx_word' id='word_1_713' title='bbox 1605 1938 1794 1980; x_wconf 87' lang='lat' dir='ltr'>illiquabile;</span> <span class='ocrx_word' id='word_1_714' title='bbox 1814 1939 2036 1978; x_wconf 88' lang='lat' dir='ltr'>mollificabile,</span> <span class='ocrx_word' id='word_1_715' title='bbox 2052 1950 2118 1970; x_wconf 92' lang='lat' dir='ltr'>non</span> <span class='ocrx_word' id='word_1_716' title='bbox 2135 1939 2361 1978; x_wconf 80' lang='lat' dir='ltr'>mollificabile3</span> <span class='ocrx_word' id='word_1_717' title='bbox 2381 1940 2427 1970; x_wconf 92' lang='lat' dir='ltr'>in-</span> 
     </span>
     <span class='ocr_line' id='line_1_93' title="bbox 1429 1983 2428 2024; baseline 0.001 -11"><span class='ocrx_word' id='word_1_718' title='bbox 1429 1983 1581 2023; x_wconf 90' lang='lat' dir='ltr'>tingibile,</span> <span class='ocrx_word' id='word_1_719' title='bbox 1599 1993 1665 2014; x_wconf 91' lang='lat' dir='ltr'>non</span> <span class='ocrx_word' id='word_1_720' title='bbox 1681 1983 1871 2023; x_wconf 89' lang='lat' dir='ltr'>intingibile;</span> <span class='ocrx_word' id='word_1_721' title='bbox 1891 1983 2034 2022; x_wconf 86' lang='lat' dir='ltr'>flexibile,</span> <span class='ocrx_word' id='word_1_722' title='bbox 2050 1984 2233 2022; x_wconf 87' lang='lat' dir='ltr'>inflexibile;</span> <span class='ocrx_word' id='word_1_723' title='bbox 2253 1984 2428 2024; x_wconf 88' lang='lat' dir='ltr'>frangibile,</span> 
     </span>
     <span class='ocr_line' id='line_1_94' title="bbox 1429 2027 2427 2068; baseline 0.001 -11"><span class='ocrx_word' id='word_1_724' title='bbox 1429 2038 1495 2058; x_wconf 92' lang='lat' dir='ltr'>non</span> <span class='ocrx_word' id='word_1_725' title='bbox 1519 2027 1698 2067; x_wconf 88' lang='lat' dir='ltr'>frangibile;</span> <span class='ocrx_word' id='word_1_726' title='bbox 1722 2028 1910 2068; x_wconf 90' lang='lat' dir='ltr'>productile,</span> <span class='ocrx_word' id='word_1_727' title='bbox 1934 2038 2000 2058; x_wconf 93' lang='lat' dir='ltr'>non</span> <span class='ocrx_word' id='word_1_728' title='bbox 2023 2029 2214 2068; x_wconf 89' lang='lat' dir='ltr'>productile;</span> <span class='ocrx_word' id='word_1_729' title='bbox 2239 2029 2427 2059; x_wconf 88' lang='lat' dir='ltr'>comminui-</span> 
     </span>
     <span class='ocr_line' id='line_1_95' title="bbox 1428 2072 2428 2112; baseline 0 -10"><span class='ocrx_word' id='word_1_730' title='bbox 1428 2072 1509 2109; x_wconf 85' lang='lat' dir='ltr'>bile,</span> <span class='ocrx_word' id='word_1_731' title='bbox 1535 2072 1830 2111; x_wconf 86' lang='lat' dir='ltr'>incomminuibile;</span> <span class='ocrx_word' id='word_1_732' title='bbox 1857 2072 2081 2112; x_wconf 89' lang='lat' dir='ltr'>impressibile,</span> <span class='ocrx_word' id='word_1_733' title='bbox 2110 2083 2175 2103; x_wconf 89' lang='lat' dir='ltr'>non</span> <span class='ocrx_word' id='word_1_734' title='bbox 2206 2073 2428 2112; x_wconf 87' lang='lat' dir='ltr'>impressibile;</span> 
     </span>
     <span class='ocr_line' id='line_1_96' title="bbox 1430 2115 2427 2157; baseline 0 -11"><span class='ocrx_word' id='word_1_735' title='bbox 1430 2115 1606 2153; x_wconf 80' lang='lat' dir='ltr'>formabile,</span> <span class='ocrx_word' id='word_1_736' title='bbox 1623 2116 1839 2154; x_wconf 87' lang='lat' dir='ltr'>informabile;</span> <span class='ocrx_word' id='word_1_737' title='bbox 1859 2116 2002 2156; x_wconf 85' lang='lat' dir='ltr'>capibile,</span> <span class='ocrx_word' id='word_1_738' title='bbox 2019 2127 2085 2146; x_wconf 93' lang='lat' dir='ltr'>non</span> <span class='ocrx_word' id='word_1_739' title='bbox 2101 2116 2250 2157; x_wconf 78' lang='lat' dir='ltr'>capibile3</span> <span class='ocrx_word' id='word_1_740' title='bbox 2273 2117 2427 2155; x_wconf 88' lang='lat' dir='ltr'>trahibile,</span> 
     </span>
     <span class='ocr_line' id='line_1_97' title="bbox 1429 2160 2427 2199; baseline 0 -9"><span class='ocrx_word' id='word_1_741' title='bbox 1429 2170 1497 2190; x_wconf 91' lang='lat' dir='ltr'>non</span> <span class='ocrx_word' id='word_1_742' title='bbox 1520 2160 1685 2198; x_wconf 88' lang='lat' dir='ltr'>trahibile;</span> <span class='ocrx_word' id='word_1_743' title='bbox 1713 2160 1881 2197; x_wconf 86' lang='lat' dir='ltr'>scissibile,</span> <span class='ocrx_word' id='word_1_744' title='bbox 1906 2171 1972 2191; x_wconf 90' lang='lat' dir='ltr'>non</span> <span class='ocrx_word' id='word_1_745' title='bbox 1995 2160 2164 2198; x_wconf 88' lang='lat' dir='ltr'>scissibile;</span> <span class='ocrx_word' id='word_1_746' title='bbox 2193 2161 2404 2191; x_wconf 92' lang='lat' dir='ltr'>detruncabile</span> <span class='ocrx_word' id='word_1_747' title='bbox 2417 2183 2427 2199; x_wconf 83' lang='lat'>,</span> 
     </span>
     <span class='ocr_line' id='line_1_98' title="bbox 1430 2204 2427 2244; baseline 0 -10"><span class='ocrx_word' id='word_1_748' title='bbox 1430 2214 1497 2234; x_wconf 90' lang='lat' dir='ltr'>non</span> <span class='ocrx_word' id='word_1_749' title='bbox 1529 2204 1763 2242; x_wconf 87' lang='lat' dir='ltr'>detruncabile;</span> <span class='ocrx_word' id='word_1_750' title='bbox 1794 2205 1972 2243; x_wconf 83' lang='lat' dir='ltr'>viscosum,</span> <span class='ocrx_word' id='word_1_751' title='bbox 2006 2204 2135 2244; x_wconf 88' lang='lat' dir='ltr'>fragile;</span> <span class='ocrx_word' id='word_1_752' title='bbox 2166 2205 2427 2243; x_wconf 86' lang='lat' dir='ltr'>commassabile.,</span> 
     </span>
     <span class='ocr_line' id='line_1_99' title="bbox 1430 2248 2426 2287; baseline 0 -9"><span class='ocrx_word' id='word_1_753' title='bbox 1430 2258 1496 2278; x_wconf 91' lang='lat' dir='ltr'>non</span> <span class='ocrx_word' id='word_1_754' title='bbox 1520 2248 1777 2286; x_wconf 89' lang='lat' dir='ltr'>commassabile;</span> <span class='ocrx_word' id='word_1_755' title='bbox 1807 2249 1950 2286; x_wconf 90' lang='lat' dir='ltr'>ustibile‚</span> <span class='ocrx_word' id='word_1_756' title='bbox 1979 2258 2046 2279; x_wconf 91' lang='lat' dir='ltr'>non</span> <span class='ocrx_word' id='word_1_757' title='bbox 2069 2249 2208 2286; x_wconf 88' lang='lat' dir='ltr'>ustibile;</span> <span class='ocrx_word' id='word_1_758' title='bbox 2239 2249 2426 2287; x_wconf 87' lang='lat' dir='ltr'>exhalabile,</span> 
     </span>
     <span class='ocr_line' id='line_1_100' title="bbox 1430 2292 2427 2333; baseline -0.001 -10"><span class='ocrx_word' id='word_1_759' title='bbox 1430 2302 1497 2323; x_wconf 90' lang='lat' dir='ltr'>non</span> <span class='ocrx_word' id='word_1_760' title='bbox 1520 2292 1702 2323; x_wconf 84' lang='lat' dir='ltr'>exhalabile.</span> <span class='ocrx_word' id='word_1_761' title='bbox 1731 2292 1871 2322; x_wconf 84' lang='lat' dir='ltr'>Plurima</span> <span class='ocrx_word' id='word_1_762' title='bbox 1894 2293 2023 2333; x_wconf 92' lang='lat' dir='ltr'>quidem</span> <span class='ocrx_word' id='word_1_763' title='bbox 2047 2292 2142 2332; x_wconf 88' lang='lat' dir='ltr'>igitur</span> <span class='ocrx_word' id='word_1_764' title='bbox 2169 2293 2232 2323; x_wconf 90' lang='lat' dir='ltr'>fere</span> <span class='ocrx_word' id='word_1_765' title='bbox 2255 2303 2427 2333; x_wconf 87' lang='lat' dir='ltr'>corporum</span> 
     </span>
     <span class='ocr_line' id='line_1_101' title="bbox 1429 2336 2427 2377; baseline 0 -10"><span class='ocrx_word' id='word_1_766' title='bbox 1429 2337 1478 2367; x_wconf 87' lang='lat' dir='ltr'>his</span> <span class='ocrx_word' id='word_1_767' title='bbox 1502 2337 1649 2367; x_wconf 88' lang='lat' dir='ltr'>differunt</span> <span class='ocrx_word' id='word_1_768' title='bbox 1672 2336 1881 2376; x_wconf 87' lang='lat' dir='ltr'>passionibus.</span> <span class='ocrx_word' id='word_1_769' title='bbox 1910 2337 2017 2374; x_wconf 89' lang='lat' dir='ltr'>Quam</span> <span class='ocrx_word' id='word_1_770' title='bbox 2041 2344 2148 2367; x_wconf 88' lang='lat' dir='ltr'>autem</span> <span class='ocrx_word' id='word_1_771' title='bbox 2171 2337 2427 2377; x_wconf 90' lang='lat' dir='ltr'>unumquodque</span> 
     </span>
     <span class='ocr_line' id='line_1_102' title="bbox 1430 2380 2073 2421; baseline 0 -10"><span class='ocrx_word' id='word_1_772' title='bbox 1430 2381 1548 2412; x_wconf 88' lang='lat' dir='ltr'>horum</span> <span class='ocrx_word' id='word_1_773' title='bbox 1571 2381 1747 2421; x_wconf 88' lang='lat' dir='ltr'>potentiam</span> <span class='ocrx_word' id='word_1_774' title='bbox 1770 2380 1896 2419; x_wconf 87' lang='lat' dir='ltr'>habeat,</span> <span class='ocrx_word' id='word_1_775' title='bbox 1921 2381 2073 2412; x_wconf 82' lang='lat' dir='ltr'>dicamus.</span> 
     </span>
    </p>

    <p class='ocr_par' dir='ltr' id='par_1_15' title="bbox 1431 2424 2431 3392">
     <span class='ocr_line' id='line_1_103' title="bbox 1435 2424 2428 2466; baseline -0.001 -10"><span class='ocrx_word' id='word_1_776' title='bbox 1435 2425 1625 2465; x_wconf 85' lang='lat' dir='ltr'>coagulabili</span> <span class='ocrx_word' id='word_1_777' title='bbox 1648 2425 1779 2466; x_wconf 91' lang='lat' dir='ltr'>quidem</span> <span class='ocrx_word' id='word_1_778' title='bbox 1801 2424 1896 2465; x_wconf 90' lang='lat' dir='ltr'>igitur</span> <span class='ocrx_word' id='word_1_779' title='bbox 1919 2432 1949 2456; x_wconf 91' lang='lat' dir='ltr'>et</span> <span class='ocrx_word' id='word_1_780' title='bbox 1971 2424 2208 2465; x_wconf 84' lang='lat' dir='ltr'>incoagulabili,</span> <span class='ocrx_word' id='word_1_781' title='bbox 2233 2431 2264 2455; x_wconf 90' lang='lat' dir='ltr'>et</span> <span class='ocrx_word' id='word_1_782' title='bbox 2285 2425 2428 2465; x_wconf 87' lang='lat' dir='ltr'>liquabili</span> 
     </span>
     <span class='ocr_line' id='line_1_104' title="bbox 1431 2468 2426 2510; baseline -0.002 -10"><span class='ocrx_word' id='word_1_783' title='bbox 1431 2476 1462 2500; x_wconf 91' lang='lat' dir='ltr'>et</span> <span class='ocrx_word' id='word_1_784' title='bbox 1488 2469 1656 2510; x_wconf 86' lang='lat' dir='ltr'>illiquabili</span> <span class='ocrx_word' id='word_1_785' title='bbox 1687 2469 1807 2500; x_wconf 89' lang='lat' dir='ltr'>dictum</span> <span class='ocrx_word' id='word_1_786' title='bbox 1838 2475 1898 2503; x_wconf 70' lang='lat' dir='ltr'>est,</span> <span class='ocrx_word' id='word_1_787' title='bbox 1913 2469 2043 2510; x_wconf 89' lang='lat' dir='ltr'>quidem</span> <span class='ocrx_word' id='word_1_788' title='bbox 2074 2468 2289 2499; x_wconf 89' lang='lat' dir='ltr'>universaliter</span> <span class='ocrx_word' id='word_1_789' title='bbox 2318 2469 2404 2508; x_wconf 92' lang='lat' dir='ltr'>prius</span> <span class='ocrx_word' id='word_1_790' title='bbox 2417 2491 2426 2507; x_wconf 83' lang='lat'>‚</span> 
     </span>
     <span class='ocr_line' id='line_1_105' title="bbox 1432 2513 2428 2554; baseline -0.002 -9"><span class='ocrx_word' id='word_1_791' title='bbox 1432 2521 1570 2545; x_wconf 88' lang='lat' dir='ltr'>attamen</span> <span class='ocrx_word' id='word_1_792' title='bbox 1594 2513 1759 2544; x_wconf 87' lang='lat' dir='ltr'>redeamus</span> <span class='ocrx_word' id='word_1_793' title='bbox 1776 2520 1806 2544; x_wconf 91' lang='lat' dir='ltr'>et</span> <span class='ocrx_word' id='word_1_794' title='bbox 1822 2523 1916 2544; x_wconf 89' lang='lat' dir='ltr'>nunc.</span> <span class='ocrx_word' id='word_1_795' title='bbox 1942 2513 2126 2554; x_wconf 90' lang='lat' dir='ltr'>Corporum</span> <span class='ocrx_word' id='word_1_796' title='bbox 2150 2513 2235 2543; x_wconf 91' lang='lat' dir='ltr'>enim</span> <span class='ocrx_word' id='word_1_797' title='bbox 2259 2523 2428 2553; x_wconf 90' lang='lat' dir='ltr'>quaecum-</span> 
     </span>
     <span class='ocr_line' id='line_1_106' title="bbox 1432 2557 2427 2598; baseline -0.002 -10"><span class='ocrx_word' id='word_1_798' title='bbox 1432 2568 1496 2598; x_wconf 90' lang='lat' dir='ltr'>que</span> <span class='ocrx_word' id='word_1_799' title='bbox 1520 2558 1726 2597; x_wconf 89' lang='lat' dir='ltr'>coagulantur</span> <span class='ocrx_word' id='word_1_800' title='bbox 1749 2564 1779 2588; x_wconf 90' lang='lat' dir='ltr'>et</span> <span class='ocrx_word' id='word_1_801' title='bbox 1802 2557 2004 2596; x_wconf 89' lang='lat' dir='ltr'>indurantur,</span> <span class='ocrx_word' id='word_1_802' title='bbox 2033 2557 2109 2588; x_wconf 88' lang='lat' dir='ltr'>haec</span> <span class='ocrx_word' id='word_1_803' title='bbox 2133 2557 2263 2598; x_wconf 91' lang='lat' dir='ltr'>quidem</span> <span class='ocrx_word' id='word_1_804' title='bbox 2285 2567 2303 2586; x_wconf 91' lang='lat' dir='ltr'>a</span> <span class='ocrx_word' id='word_1_805' title='bbox 2327 2557 2427 2587; x_wconf 90' lang='lat' dir='ltr'>calido</span> 
     </span>
     <span class='ocr_line' id='line_1_107' title="bbox 1433 2601 2429 2643; baseline -0.002 -11"><span class='ocrx_word' id='word_1_806' title='bbox 1433 2602 1597 2643; x_wconf 88' lang='lat' dir='ltr'>patiuntur</span> <span class='ocrx_word' id='word_1_807' title='bbox 1621 2602 1693 2639; x_wconf 91' lang='lat' dir='ltr'>hoc,</span> <span class='ocrx_word' id='word_1_808' title='bbox 1717 2601 1793 2631; x_wconf 88' lang='lat' dir='ltr'>haec</span> <span class='ocrx_word' id='word_1_809' title='bbox 1817 2608 1924 2632; x_wconf 90' lang='lat' dir='ltr'>autem</span> <span class='ocrx_word' id='word_1_810' title='bbox 1947 2612 1965 2631; x_wconf 90' lang='lat' dir='ltr'>a</span> <span class='ocrx_word' id='word_1_811' title='bbox 1987 2601 2116 2641; x_wconf 89' lang='lat' dir='ltr'>frigido:</span> <span class='ocrx_word' id='word_1_812' title='bbox 2142 2611 2160 2631; x_wconf 90' lang='lat' dir='ltr'>a</span> <span class='ocrx_word' id='word_1_813' title='bbox 2174 2601 2275 2631; x_wconf 90' lang='lat' dir='ltr'>calido</span> <span class='ocrx_word' id='word_1_814' title='bbox 2299 2601 2429 2641; x_wconf 90' lang='lat' dir='ltr'>quidem</span> 
     </span>
     <span class='ocr_line' id='line_1_108' title="bbox 1435 2645 2429 2685; baseline -0.003 -8"><span class='ocrx_word' id='word_1_815' title='bbox 1435 2646 1609 2677; x_wconf 86' lang='lat' dir='ltr'>desiccante</span> <span class='ocrx_word' id='word_1_816' title='bbox 1633 2645 1822 2684; x_wconf 86' lang='lat' dir='ltr'>humidum,</span> <span class='ocrx_word' id='word_1_817' title='bbox 1853 2656 1872 2675; x_wconf 91' lang='lat' dir='ltr'>a</span> <span class='ocrx_word' id='word_1_818' title='bbox 1893 2645 2006 2685; x_wconf 87' lang='lat' dir='ltr'>frigido</span> <span class='ocrx_word' id='word_1_819' title='bbox 2031 2652 2137 2676; x_wconf 91' lang='lat' dir='ltr'>autem</span> <span class='ocrx_word' id='word_1_820' title='bbox 2166 2645 2356 2685; x_wconf 86' lang='lat' dir='ltr'>exprimente</span> <span class='ocrx_word' id='word_1_821' title='bbox 2379 2655 2429 2675; x_wconf 88' lang='lat' dir='ltr'>ca-</span> 
     </span>
     <span class='ocr_line' id='line_1_109' title="bbox 1434 2689 2430 2730; baseline -0.003 -9"><span class='ocrx_word' id='word_1_822' title='bbox 1434 2691 1547 2721; x_wconf 89' lang='lat' dir='ltr'>lidum.</span> <span class='ocrx_word' id='word_1_823' title='bbox 1565 2691 1671 2728; x_wconf 87' lang='lat' dir='ltr'>Quare</span> <span class='ocrx_word' id='word_1_824' title='bbox 1687 2690 1763 2720; x_wconf 86' lang='lat' dir='ltr'>haec</span> <span class='ocrx_word' id='word_1_825' title='bbox 1779 2689 1909 2730; x_wconf 90' lang='lat' dir='ltr'>quidem</span> <span class='ocrx_word' id='word_1_826' title='bbox 1925 2689 2049 2720; x_wconf 90' lang='lat' dir='ltr'>humidi</span> <span class='ocrx_word' id='word_1_827' title='bbox 2065 2689 2214 2727; x_wconf 89' lang='lat' dir='ltr'>absentia,</span> <span class='ocrx_word' id='word_1_828' title='bbox 2231 2689 2307 2719; x_wconf 86' lang='lat' dir='ltr'>haec</span> <span class='ocrx_word' id='word_1_829' title='bbox 2323 2695 2430 2719; x_wconf 89' lang='lat' dir='ltr'>autem</span> 
     </span>
     <span class='ocr_line' id='line_1_110' title="bbox 1435 2733 2429 2775; baseline -0.003 -10"><span class='ocrx_word' id='word_1_830' title='bbox 1435 2735 1537 2774; x_wconf 87' lang='lat' dir='ltr'>calidi,</span> <span class='ocrx_word' id='word_1_831' title='bbox 1550 2735 1612 2765; x_wconf 92' lang='lat' dir='ltr'>hoc</span> <span class='ocrx_word' id='word_1_832' title='bbox 1624 2734 1802 2775; x_wconf 87' lang='lat' dir='ltr'>patiuntur:</span> <span class='ocrx_word' id='word_1_833' title='bbox 1820 2744 2042 2774; x_wconf 89' lang='lat' dir='ltr'>quaecumque</span> <span class='ocrx_word' id='word_1_834' title='bbox 2058 2734 2187 2774; x_wconf 90' lang='lat' dir='ltr'>quidem</span> <span class='ocrx_word' id='word_1_835' title='bbox 2200 2743 2310 2774; x_wconf 84' lang='lat' dir='ltr'>aquae,</span> <span class='ocrx_word' id='word_1_836' title='bbox 2324 2733 2429 2771; x_wconf 87' lang='lat' dir='ltr'>calidi;</span> 
     </span>
     <span class='ocr_line' id='line_1_111' title="bbox 1434 2777 2431 2820; baseline -0.004 -10"><span class='ocrx_word' id='word_1_837' title='bbox 1434 2789 1657 2820; x_wconf 90' lang='lat' dir='ltr'>quaecumque</span> <span class='ocrx_word' id='word_1_838' title='bbox 1673 2785 1780 2809; x_wconf 88' lang='lat' dir='ltr'>autem</span> <span class='ocrx_word' id='word_1_839' title='bbox 1795 2785 1904 2816; x_wconf 89' lang='lat' dir='ltr'>terrae,</span> <span class='ocrx_word' id='word_1_840' title='bbox 1921 2778 2054 2808; x_wconf 89' lang='lat' dir='ltr'>humidi.</span> <span class='ocrx_word' id='word_1_841' title='bbox 2080 2778 2170 2815; x_wconf 90' lang='lat' dir='ltr'>Quae</span> <span class='ocrx_word' id='word_1_842' title='bbox 2185 2777 2315 2817; x_wconf 93' lang='lat' dir='ltr'>quidem</span> <span class='ocrx_word' id='word_1_843' title='bbox 2337 2777 2431 2816; x_wconf 88' lang='lat' dir='ltr'>igitur</span> 
     </span>
     <span class='ocr_line' id='line_1_112' title="bbox 1434 2821 2430 2862; baseline -0.004 -8"><span class='ocrx_word' id='word_1_844' title='bbox 1434 2823 1559 2854; x_wconf 89' lang='lat' dir='ltr'>humidi</span> <span class='ocrx_word' id='word_1_845' title='bbox 1582 2823 1736 2861; x_wconf 86' lang='lat' dir='ltr'>absentia,</span> <span class='ocrx_word' id='word_1_846' title='bbox 1765 2823 1803 2852; x_wconf 89' lang='lat' dir='ltr'>ab</span> <span class='ocrx_word' id='word_1_847' title='bbox 1830 2822 1965 2852; x_wconf 90' lang='lat' dir='ltr'>humido</span> <span class='ocrx_word' id='word_1_848' title='bbox 1992 2821 2176 2862; x_wconf 90' lang='lat' dir='ltr'>liquefiunt,</span> <span class='ocrx_word' id='word_1_849' title='bbox 2204 2821 2264 2851; x_wconf 90' lang='lat' dir='ltr'>nisi</span> <span class='ocrx_word' id='word_1_850' title='bbox 2287 2821 2330 2851; x_wconf 92' lang='lat' dir='ltr'>sic</span> <span class='ocrx_word' id='word_1_851' title='bbox 2354 2831 2430 2850; x_wconf 90' lang='lat' dir='ltr'>con-</span> 
     </span>
     <span class='ocr_line' id='line_1_113' title="bbox 1434 2865 2428 2906; baseline -0.005 -7"><span class='ocrx_word' id='word_1_852' title='bbox 1434 2868 1577 2899; x_wconf 87' lang='lat' dir='ltr'>venerint</span> <span class='ocrx_word' id='word_1_853' title='bbox 1599 2874 1635 2898; x_wconf 92' lang='lat' dir='ltr'>ut</span> <span class='ocrx_word' id='word_1_854' title='bbox 1650 2867 1788 2897; x_wconf 92' lang='lat' dir='ltr'>minores</span> <span class='ocrx_word' id='word_1_855' title='bbox 1807 2866 1905 2897; x_wconf 89' lang='lat' dir='ltr'>relicti</span> <span class='ocrx_word' id='word_1_856' title='bbox 1922 2866 1983 2896; x_wconf 90' lang='lat' dir='ltr'>sint</span> <span class='ocrx_word' id='word_1_857' title='bbox 1999 2866 2069 2906; x_wconf 91' lang='lat' dir='ltr'>pori</span> <span class='ocrx_word' id='word_1_858' title='bbox 2085 2875 2182 2906; x_wconf 88' lang='lat' dir='ltr'>quarn</span> <span class='ocrx_word' id='word_1_859' title='bbox 2198 2875 2298 2906; x_wconf 88' lang='lat' dir='ltr'>aquae</span> <span class='ocrx_word' id='word_1_860' title='bbox 2316 2865 2428 2903; x_wconf 87' lang='lat' dir='ltr'>moles,</span> 
     </span>
     <span class='ocr_line' id='line_1_114' title="bbox 1434 2909 2430 2951; baseline -0.005 -8"><span class='ocrx_word' id='word_1_861' title='bbox 1434 2913 1523 2943; x_wconf 88' lang='lat' dir='ltr'>velut</span> <span class='ocrx_word' id='word_1_862' title='bbox 1544 2912 1630 2943; x_wconf 87' lang='lat' dir='ltr'>later.</span> <span class='ocrx_word' id='word_1_863' title='bbox 1656 2912 1886 2951; x_wconf 86' lang='lat' dir='ltr'>Quaecumque</span> <span class='ocrx_word' id='word_1_864' title='bbox 1909 2917 2016 2940; x_wconf 89' lang='lat' dir='ltr'>autem</span> <span class='ocrx_word' id='word_1_865' title='bbox 2039 2919 2104 2940; x_wconf 89' lang='lat' dir='ltr'>non</span> <span class='ocrx_word' id='word_1_866' title='bbox 2128 2909 2181 2947; x_wconf 90' lang='lat' dir='ltr'>sic,</span> <span class='ocrx_word' id='word_1_867' title='bbox 2198 2909 2331 2939; x_wconf 89' lang='lat' dir='ltr'>humido</span> <span class='ocrx_word' id='word_1_868' title='bbox 2352 2909 2430 2939; x_wconf 89' lang='lat' dir='ltr'>haec</span> 
     </span>
     <span class='ocr_line' id='line_1_115' title="bbox 1436 2953 2429 2994; baseline -0.005 -7"><span class='ocrx_word' id='word_1_869' title='bbox 1436 2957 1618 2994; x_wconf 90' lang='lat' dir='ltr'>solvuntur;</span> <span class='ocrx_word' id='word_1_870' title='bbox 1639 2956 1726 2986; x_wconf 88' lang='lat' dir='ltr'>velut</span> <span class='ocrx_word' id='word_1_871' title='bbox 1742 2955 1871 2993; x_wconf 91' lang='lat' dir='ltr'>nitrum,</span> <span class='ocrx_word' id='word_1_872' title='bbox 1889 2955 1978 2992; x_wconf 89' lang='lat' dir='ltr'>sales,</span> <span class='ocrx_word' id='word_1_873' title='bbox 1993 2961 2073 2985; x_wconf 90' lang='lat' dir='ltr'>terra</span> <span class='ocrx_word' id='word_1_874' title='bbox 2088 2963 2169 2994; x_wconf 91' lang='lat' dir='ltr'>quae</span> <span class='ocrx_word' id='word_1_875' title='bbox 2186 2963 2222 2983; x_wconf 85' lang='lat' dir='ltr'>ex</span> <span class='ocrx_word' id='word_1_876' title='bbox 2237 2953 2316 2983; x_wconf 91' lang='lat' dir='ltr'>luto.</span> <span class='ocrx_word' id='word_1_877' title='bbox 2338 2953 2429 2989; x_wconf 90' lang='lat' dir='ltr'>Quae</span> 
     </span>
     <span class='ocr_line' id='line_1_116' title="bbox 1435 2997 2428 3040; baseline -0.006 -8"><span class='ocrx_word' id='word_1_878' title='bbox 1435 3008 1544 3032; x_wconf 90' lang='lat' dir='ltr'>autem</span> <span class='ocrx_word' id='word_1_879' title='bbox 1560 3000 1650 3031; x_wconf 91' lang='lat' dir='ltr'>calidi</span> <span class='ocrx_word' id='word_1_880' title='bbox 1666 2999 1852 3040; x_wconf 85' lang='lat' dir='ltr'>privatione,</span> <span class='ocrx_word' id='word_1_881' title='bbox 1862 3009 1879 3029; x_wconf 86' lang='lat' dir='ltr'>a</span> <span class='ocrx_word' id='word_1_882' title='bbox 1892 2999 1992 3029; x_wconf 89' lang='lat' dir='ltr'>calido</span> <span class='ocrx_word' id='word_1_883' title='bbox 2009 2998 2189 3036; x_wconf 91' lang='lat' dir='ltr'>solvuntur;</span> <span class='ocrx_word' id='word_1_884' title='bbox 2204 2997 2291 3027; x_wconf 88' lang='lat' dir='ltr'>velut</span> <span class='ocrx_word' id='word_1_885' title='bbox 2305 2997 2428 3036; x_wconf 89' lang='lat' dir='ltr'>glacies,</span> 
     </span>
     <span class='ocr_line' id='line_1_117' title="bbox 1436 3041 2431 3086; baseline -0.006 -10"><span class='ocrx_word' id='word_1_886' title='bbox 1436 3045 1627 3086; x_wconf 90' lang='lat' dir='ltr'>plumbum,</span> <span class='ocrx_word' id='word_1_887' title='bbox 1657 3054 1718 3074; x_wconf 88' lang='lat' dir='ltr'>aes.</span> <span class='ocrx_word' id='word_1_888' title='bbox 1751 3043 1865 3080; x_wconf 86' lang='lat' dir='ltr'>Qualia</span> <span class='ocrx_word' id='word_1_889' title='bbox 1888 3043 2018 3083; x_wconf 89' lang='lat' dir='ltr'>quidem</span> <span class='ocrx_word' id='word_1_890' title='bbox 2047 3042 2143 3081; x_wconf 91' lang='lat' dir='ltr'>igitur</span> <span class='ocrx_word' id='word_1_891' title='bbox 2170 3041 2376 3081; x_wconf 87' lang='lat' dir='ltr'>coagulabilia</span> <span class='ocrx_word' id='word_1_892' title='bbox 2399 3047 2431 3071; x_wconf 92' lang='lat' dir='ltr'>et</span> 
     </span>
     <span class='ocr_line' id='line_1_118' title="bbox 1436 3085 2430 3130; baseline -0.006 -10"><span class='ocrx_word' id='word_1_893' title='bbox 1436 3089 1608 3130; x_wconf 88' lang='lat' dir='ltr'>liquabilia,</span> <span class='ocrx_word' id='word_1_894' title='bbox 1633 3095 1663 3119; x_wconf 92' lang='lat' dir='ltr'>et</span> <span class='ocrx_word' id='word_1_895' title='bbox 1686 3087 1791 3128; x_wconf 87' lang='lat' dir='ltr'>qualia</span> <span class='ocrx_word' id='word_1_896' title='bbox 1812 3086 2006 3127; x_wconf 88' lang='lat' dir='ltr'>illiquabilia,</span> <span class='ocrx_word' id='word_1_897' title='bbox 2030 3086 2151 3116; x_wconf 89' lang='lat' dir='ltr'>dictum</span> <span class='ocrx_word' id='word_1_898' title='bbox 2170 3092 2225 3115; x_wconf 88' lang='lat' dir='ltr'>est.</span> <span class='ocrx_word' id='word_1_899' title='bbox 2250 3085 2430 3124; x_wconf 86' lang='lat' dir='ltr'>Incoagula-</span> 
     </span>
     <span class='ocr_line' id='line_1_119' title="bbox 1436 3128 2430 3172; baseline -0.007 -7"><span class='ocrx_word' id='word_1_900' title='bbox 1436 3134 1510 3165; x_wconf 88' lang='lat' dir='ltr'>bilia</span> <span class='ocrx_word' id='word_1_901' title='bbox 1533 3140 1640 3164; x_wconf 84' lang='lat' dir='ltr'>autem</span> <span class='ocrx_word' id='word_1_902' title='bbox 1663 3141 1885 3172; x_wconf 85' lang='lat' dir='ltr'>quaecumque</span> <span class='ocrx_word' id='word_1_903' title='bbox 1908 3137 1963 3161; x_wconf 88' lang='lat' dir='ltr'>aut</span> <span class='ocrx_word' id='word_1_904' title='bbox 1986 3140 2051 3160; x_wconf 91' lang='lat' dir='ltr'>non</span> <span class='ocrx_word' id='word_1_905' title='bbox 2071 3130 2187 3160; x_wconf 88' lang='lat' dir='ltr'>habent</span> <span class='ocrx_word' id='word_1_906' title='bbox 2209 3128 2430 3159; x_wconf 89' lang='lat' dir='ltr'>humiditatem</span> 
     </span>
     <span class='ocr_line' id='line_1_120' title="bbox 1436 3172 2428 3219; baseline -0.007 -10"><span class='ocrx_word' id='word_1_907' title='bbox 1436 3187 1603 3219; x_wconf 87' lang='lat' dir='ltr'>aquosam,</span> <span class='ocrx_word' id='word_1_908' title='bbox 1627 3183 1681 3206; x_wconf 90' lang='lat' dir='ltr'>aut</span> <span class='ocrx_word' id='word_1_909' title='bbox 1697 3186 1762 3206; x_wconf 92' lang='lat' dir='ltr'>non</span> <span class='ocrx_word' id='word_1_910' title='bbox 1782 3185 1882 3215; x_wconf 90' lang='lat' dir='ltr'>aquae</span> <span class='ocrx_word' id='word_1_911' title='bbox 1906 3181 1989 3212; x_wconf 89' lang='lat' dir='ltr'>sunt,</span> <span class='ocrx_word' id='word_1_912' title='bbox 2007 3174 2061 3204; x_wconf 92' lang='lat' dir='ltr'>sed</span> <span class='ocrx_word' id='word_1_913' title='bbox 2076 3174 2148 3213; x_wconf 92' lang='lat' dir='ltr'>plus</span> <span class='ocrx_word' id='word_1_914' title='bbox 2165 3172 2256 3203; x_wconf 90' lang='lat' dir='ltr'>calidi</span> <span class='ocrx_word' id='word_1_915' title='bbox 2272 3179 2302 3203; x_wconf 91' lang='lat' dir='ltr'>et</span> <span class='ocrx_word' id='word_1_916' title='bbox 2320 3180 2428 3211; x_wconf 87' lang='lat' dir='ltr'>terrae,</span> 
     </span>
     <span class='ocr_line' id='line_1_121' title="bbox 1436 3215 2430 3263; baseline -0.006 -11"><span class='ocrx_word' id='word_1_917' title='bbox 1436 3229 1513 3263; x_wconf 89' lang='lat' dir='ltr'>puta</span> <span class='ocrx_word' id='word_1_918' title='bbox 1536 3221 1600 3251; x_wconf 89' lang='lat' dir='ltr'>mel</span> <span class='ocrx_word' id='word_1_919' title='bbox 1627 3227 1658 3251; x_wconf 91' lang='lat' dir='ltr'>et</span> <span class='ocrx_word' id='word_1_920' title='bbox 1684 3226 1827 3250; x_wconf 89' lang='lat' dir='ltr'>mustum</span> <span class='ocrx_word' id='word_1_921' title='bbox 1856 3217 1962 3260; x_wconf 92' lang='lat' dir='ltr'>(velut</span> <span class='ocrx_word' id='word_1_922' title='bbox 1989 3218 2139 3248; x_wconf 89' lang='lat' dir='ltr'>ferventia</span> <span class='ocrx_word' id='word_1_923' title='bbox 2162 3217 2247 3247; x_wconf 90' lang='lat' dir='ltr'>enim</span> <span class='ocrx_word' id='word_1_924' title='bbox 2270 3215 2381 3258; x_wconf 88' lang='lat' dir='ltr'>sunt);</span> <span class='ocrx_word' id='word_1_925' title='bbox 2399 3223 2430 3247; x_wconf 89' lang='lat' dir='ltr'>et</span> 
     </span>
     <span class='ocr_line' id='line_1_122' title="bbox 1437 3261 2430 3307; baseline -0.006 -11"><span class='ocrx_word' id='word_1_926' title='bbox 1437 3274 1658 3307; x_wconf 87' lang='lat' dir='ltr'>quaecumque</span> <span class='ocrx_word' id='word_1_927' title='bbox 1681 3274 1781 3304; x_wconf 87' lang='lat' dir='ltr'>aquae</span> <span class='ocrx_word' id='word_1_928' title='bbox 1808 3263 1939 3303; x_wconf 91' lang='lat' dir='ltr'>quidem</span> <span class='ocrx_word' id='word_1_929' title='bbox 1966 3262 2100 3300; x_wconf 82' lang='lat' dir='ltr'>habent,</span> <span class='ocrx_word' id='word_1_930' title='bbox 2132 3267 2206 3292; x_wconf 88' lang='lat' dir='ltr'>sunt</span> <span class='ocrx_word' id='word_1_931' title='bbox 2228 3267 2334 3291; x_wconf 87' lang='lat' dir='ltr'>autem</span> <span class='ocrx_word' id='word_1_932' title='bbox 2357 3261 2430 3300; x_wconf 90' lang='lat' dir='ltr'>plus</span> 
     </span>
     <span class='ocr_line' id='line_1_123' title="bbox 1437 3304 2429 3347; baseline -0.008 -6"><span class='ocrx_word' id='word_1_933' title='bbox 1437 3310 1530 3347; x_wconf 90' lang='lat' dir='ltr'>aeris,</span> <span class='ocrx_word' id='word_1_934' title='bbox 1555 3309 1635 3339; x_wconf 90' lang='lat' dir='ltr'>sicut</span> <span class='ocrx_word' id='word_1_935' title='bbox 1657 3309 1767 3338; x_wconf 91' lang='lat' dir='ltr'>oleum</span> <span class='ocrx_word' id='word_1_936' title='bbox 1793 3314 1824 3337; x_wconf 92' lang='lat' dir='ltr'>et</span> <span class='ocrx_word' id='word_1_937' title='bbox 1847 3313 2012 3347; x_wconf 87' lang='lat' dir='ltr'>argentum</span> <span class='ocrx_word' id='word_1_938' title='bbox 2034 3306 2158 3344; x_wconf 88' lang='lat' dir='ltr'>vivum;</span> <span class='ocrx_word' id='word_1_939' title='bbox 2182 3311 2212 3335; x_wconf 94' lang='lat' dir='ltr'>et</span> <span class='ocrx_word' id='word_1_940' title='bbox 2235 3304 2260 3334; x_wconf 90' lang='lat' dir='ltr'>si</span> <span class='ocrx_word' id='word_1_941' title='bbox 2283 3304 2361 3345; x_wconf 94' lang='lat' dir='ltr'>quid</span> <span class='ocrx_word' id='word_1_942' title='bbox 2383 3305 2429 3334; x_wconf 89' lang='lat' dir='ltr'>vi-</span> 
     </span>
     <span class='ocr_line' id='line_1_124' title="bbox 1437 3352 1825 3392; baseline -0.01 -7"><span class='ocrx_word' id='word_1_943' title='bbox 1437 3364 1575 3391; x_wconf 90' lang='lat' dir='ltr'>scosum,</span> <span class='ocrx_word' id='word_1_944' title='bbox 1599 3353 1685 3383; x_wconf 90' lang='lat' dir='ltr'>velut</span> <span class='ocrx_word' id='word_1_945' title='bbox 1708 3352 1825 3392; x_wconf 88' lang='lat' dir='ltr'>gluten.</span> 
     </span>
    </p>
   </div>
   <div class='ocr_carea' id='block_1_15' title="bbox 326 3434 2429 3613">
    <p class='ocr_par' dir='ltr' id='par_1_16' title="bbox 326 3434 2429 3613">
     <span class='ocr_line' id='line_1_125' title="bbox 429 3434 2429 3482; baseline -0.008 -2"><span class='ocrx_word' id='word_1_946' title='bbox 429 3468 432 3473; x_wconf 81' lang='lat'><strong>·</strong></span> <span class='ocrx_word' id='word_1_947' title='bbox 1375 3438 1597 3479; x_wconf 89' lang='lat' dir='ltr'>mollificabili,</span> <span class='ocrx_word' id='word_1_948' title='bbox 1614 3439 1809 3482; x_wconf 89' lang='lat' dir='ltr'>inquantum</span> <span class='ocrx_word' id='word_1_949' title='bbox 1826 3444 1902 3468; x_wconf 89' lang='lat' dir='ltr'>sunt</span> <span class='ocrx_word' id='word_1_950' title='bbox 1925 3436 2017 3479; x_wconf 90' lang='lat' dir='ltr'>quasi</span> <span class='ocrx_word' id='word_1_951' title='bbox 2039 3435 2092 3467; x_wconf 89' lang='lat' dir='ltr'>via</span> <span class='ocrx_word' id='word_1_952' title='bbox 2111 3434 2151 3467; x_wconf 90' lang='lat' dir='ltr'>ad</span> <span class='ocrx_word' id='word_1_953' title='bbox 2167 3434 2429 3477; x_wconf 90' lang='lat' dir='ltr'>coagulationem</span> 
     </span>
     <span class='ocr_line' id='line_1_126' title="bbox 326 3477 2429 3535; baseline -0.009 -8"><span class='ocrx_word' id='word_1_954' title='bbox 326 3503 330 3514; x_wconf 73' lang='lat'><strong>¹</strong></span> <span class='ocrx_word' id='word_1_955' title='bbox 370 3478 422 3525; x_wconf 29' lang='grc' dir='ltr'>’,ἡ</span> <span class='ocrx_word' id='word_1_956' title='bbox 458 3489 477 3518; x_wconf 75' lang='lat'>2-</span> <span class='ocrx_word' id='word_1_957' title='bbox 503 3490 661 3535; x_wconf 89' lang='lat' dir='ltr'>cipalibus</span> <span class='ocrx_word' id='word_1_958' title='bbox 691 3490 863 3535; x_wconf 90' lang='lat' dir='ltr'>speciebus</span> <span class='ocrx_word' id='word_1_959' title='bbox 899 3489 1091 3534; x_wconf 85' lang='lat' dir='ltr'>qualitatum</span> <span class='ocrx_word' id='word_1_960' title='bbox 1118 3487 1320 3531; x_wconf 85' lang='lat' dir='ltr'>passivamm</span> <span class='ocrx_word' id='word_1_961' title='bbox 1374 3484 1426 3517; x_wconf 89' lang='lat' dir='ltr'>vel</span> <span class='ocrx_word' id='word_1_962' title='bbox 1449 3482 1735 3527; x_wconf 87' lang='lat' dir='ltr'>liquefactionem,</span> <span class='ocrx_word' id='word_1_963' title='bbox 1762 3491 1850 3513; x_wconf 93' lang='lat' dir='ltr'>nunc</span> <span class='ocrx_word' id='word_1_964' title='bbox 1874 3478 2136 3512; x_wconf 85' lang='lat' dir='ltr'>determinat&#39;de</span> <span class='ocrx_word' id='word_1_965' title='bbox 2160 3478 2229 3511; x_wconf 91' lang='lat' dir='ltr'>aliis</span> <span class='ocrx_word' id='word_1_966' title='bbox 2260 3477 2429 3527; x_wconf 76' lang='lat' dir='ltr'>speciebus</span> 
     </span>
     <span class='ocr_line' id='line_1_127' title="bbox 371 3522 2428 3571; baseline -0.008 -1"><span class='ocrx_word' id='word_1_967' title='bbox 371 3531 377 3543; x_wconf 33' lang='grc' dir='ltr'><strong>Χ</strong></span> <span class='ocrx_word' id='word_1_968' title='bbox 960 3525 967 3531; x_wconf 61' lang='grc'>’</span> <span class='ocrx_word' id='word_1_969' title='bbox 1374 3529 1483 3561; x_wconf 90' lang='lat' dir='ltr'>minus</span> <span class='ocrx_word' id='word_1_970' title='bbox 1507 3525 1750 3571; x_wconf 90' lang='lat' dir='ltr'>principalibus.</span> <span class='ocrx_word' id='word_1_971' title='bbox 1768 3527 1809 3557; x_wconf 90' lang='lat' dir='ltr'>Et</span> <span class='ocrx_word' id='word_1_972' title='bbox 1824 3525 1907 3556; x_wconf 90' lang='lat' dir='ltr'>circa</span> <span class='ocrx_word' id='word_1_973' title='bbox 1926 3523 1990 3556; x_wconf 93' lang='lat' dir='ltr'>hoc</span> <span class='ocrx_word' id='word_1_974' title='bbox 2010 3522 2076 3556; x_wconf 92' lang='lat' dir='ltr'>duo</span> <span class='ocrx_word' id='word_1_975' title='bbox 2100 3522 2184 3555; x_wconf 90' lang='lat' dir='ltr'>facit.</span> <span class='ocrx_word' id='word_1_976' title='bbox 2202 3523 2313 3555; x_wconf 88' lang='lat' dir='ltr'>Primo</span> <span class='ocrx_word' id='word_1_977' title='bbox 2337 3532 2428 3565; x_wconf 70' lang='lat' dir='ltr'>quam</span> 
     </span>
     <span class='ocr_line' id='line_1_128' title="bbox 1374 3566 2429 3613; baseline -0.008 -8"><span class='ocrx_word' id='word_1_978' title='bbox 1374 3571 1543 3605; x_wconf 87' lang='lat' dir='ltr'>corollarie</span> <span class='ocrx_word' id='word_1_979' title='bbox 1568 3569 1734 3603; x_wconf 91' lang='lat' dir='ltr'>concludit</span> <span class='ocrx_word' id='word_1_980' title='bbox 1757 3567 1923 3613; x_wconf 91' lang='lat' dir='ltr'>quoddam</span> <span class='ocrx_word' id='word_1_981' title='bbox 1946 3568 2096 3611; x_wconf 87' lang='lat' dir='ltr'>superius</span> <span class='ocrx_word' id='word_1_982' title='bbox 2120 3566 2380 3604; x_wconf 90' lang='lat' dir='ltr'>determinatum,</span> <span class='ocrx_word' id='word_1_983' title='bbox 2397 3573 2429 3596; x_wconf 92' lang='lat' dir='ltr'>et</span> 
     </span>
    </p>
   </div>
   <div class='ocr_carea' id='block_1_16' title="bbox 464 3608 2427 3669">
    <p class='ocr_par' dir='ltr' id='par_1_17' title="bbox 464 3608 2427 3669">
     <span class='ocr_line' id='line_1_129' title="bbox 464 3608 2427 3669; baseline -0.009 -10"><span class='ocrx_word' id='word_1_984' title='bbox 464 3631 468 3636; x_wconf 70' lang='lat'><strong><em>⁴</em></strong></span> <span class='ocrx_word' id='word_1_985' title='bbox 505 3623 544 3658; x_wconf 92' lang='lat' dir='ltr'>de</span> <span class='ocrx_word' id='word_1_986' title='bbox 557 3623 704 3669; x_wconf 88' lang='lat' dir='ltr'>liquabili</span> <span class='ocrx_word' id='word_1_987' title='bbox 721 3632 754 3657; x_wconf 91' lang='lat' dir='ltr'>et</span> <span class='ocrx_word' id='word_1_988' title='bbox 768 3622 949 3667; x_wconf 89' lang='lat' dir='ltr'>illiquabili,</span> <span class='ocrx_word' id='word_1_989' title='bbox 960 3630 992 3654; x_wconf 92' lang='lat' dir='ltr'>et</span> <span class='ocrx_word' id='word_1_990' title='bbox 1009 3621 1048 3654; x_wconf 93' lang='lat' dir='ltr'>de</span> <span class='ocrx_word' id='word_1_991' title='bbox 1065 3618 1271 3663; x_wconf 84' lang='lat' dir='ltr'>ingrossabili</span> <span class='ocrx_word' id='word_1_992' title='bbox 1287 3626 1320 3651; x_wconf 90' lang='lat' dir='ltr'>et</span> <span class='ocrx_word' id='word_1_993' title='bbox 1374 3616 1451 3650; x_wconf 92' lang='lat' dir='ltr'>dicit</span> <span class='ocrx_word' id='word_1_994' title='bbox 1475 3614 1565 3660; x_wconf 92' lang='lat' dir='ltr'>quod</span> <span class='ocrx_word' id='word_1_995' title='bbox 1580 3627 1619 3648; x_wconf 88' lang='lat' dir='ltr'>ex</span> <span class='ocrx_word' id='word_1_996' title='bbox 1642 3614 1736 3647; x_wconf 90' lang='lat' dir='ltr'>dictis</span> <span class='ocrx_word' id='word_1_997' title='bbox 1758 3621 1807 3646; x_wconf 90' lang='lat' dir='ltr'>est</span> <span class='ocrx_word' id='word_1_998' title='bbox 1829 3611 2047 3652; x_wconf 88' lang='lat' dir='ltr'>manifestum,</span> <span class='ocrx_word' id='word_1_999' title='bbox 2073 3610 2163 3655; x_wconf 90' lang='lat' dir='ltr'>quod</span> <span class='ocrx_word' id='word_1_1000' title='bbox 2186 3621 2323 3654; x_wconf 89' lang='lat' dir='ltr'>corpora</span> <span class='ocrx_word' id='word_1_1001' title='bbox 2344 3608 2427 3641; x_wconf 91' lang='lat' dir='ltr'>scili-</span> 
     </span>
    </p>
   </div>
  </div>
 </body>
</html>
