2782 4134
1128 234 1240 270 CAP.
1269 234 1358 281 VII,
1389 234 1542 271 LECT.
1571 234 1662 271 XIV

2447 241 2492 287 57

50 327 265 355 mutereo-qur„
292 326 367 364 que
385 316 404 336 ³²⁴
418 322 598 352 movetur
617 327 640 352 a
658 315 694 352 D
714 314 754 351 in
772 321 947 362 tempore
968 314 1019 359 G;
1040 313 1091 350 ita
1110 313 1217 362 quod
1235 313 1367 351 intelli·
1421 320 1498 359 vet,
1529 317 1769 362 consequens
1807 321 1863 351 est
1895 315 2001 362 quod
2035 328 2174 364 corpus
2206 316 2357 354 finitum
2391 319 2495 366 quod

22 798 211 822 stuaoodd.

20 922 22 927 ,
51 906 267 928 ’Μανιῶν

44 932 244 962 ”matter-aer.

50 1384 268 1408 'muru-mr

48 1417 128 1441 ..-

26 1640 29 1641 ⁷
53 1636 242 1684 ‘pole-n».

50 1703 201 1728 uam».

26 2622 34 2625 -
75 2610 150 2634 Num.
159 2617 211 2640 neq.

291 380 428 417 gamus
457 380 596 417 corpus
615 369 649 405 E
671 379 755 404 esse
777 373 926 416 partem
953 366 1069 403 totius
1097 367 1232 404 infiniti
1260 366 1366 415 quod

292 429 350 459 est
362 423 409 459 A.
432 421 511 459 Sed
530 421 620 470 quia
634 428 714 458 tam
728 421 764 458 D
780 431 898 468 quam
914 420 945 456 Β
962 427 1017 456 est
1035 420 1198 467 finitum,
1216 428 1252 458 et
1271 433 1367 469 quo-

291 475 471 512 rumlibet
498 476 666 513 duorum
694 473 891 510 finitorum
921 485 1129 522 corporum
1160 481 1215 511 est
1242 474 1367 523 aliqua

290 528 489 578 proportio
504 528 554 565 ad
572 526 758 572 invicem3
787 526 1002 563 secundum
1025 526 1127 563 illam
1150 527 1367 576 proportio-

290 594 383 619 nem
412 593 530 631 quam
564 580 681 617 habet
707 580 743 616 D
773 579 822 616 ad
849 580 902 626 Β,
937 579 1139 628 accipiatur
1169 580 1367 629 proportio

293 635 466 684 corporis
494 635 528 671 E
557 633 608 671 ad
635 632 911 680 quodcumque
951 645 1091 682 corpus
1125 633 1249 670 maius
1281 633 1367 670 fini-

291 695 394 735 tum,
422 694 515 737 puta
542 687 650 736 quod
677 685 725 722 sit
752 685 794 723 F.

347 741 432 778 Hac
460 751 551 788 ergo
578 738 770 788 positione
799 739 909 786 facta,
933 739 1043 788 ponit
1071 740 1260 787 quasdam
1280 752 1367 788 sup-

291 793 514 844 positiones.
536 792 713 839 Quarum
731 791 857 841 prima
877 793 897 814 ²⁵²
918 800 986 840 est,
1002 793 1109 842 quod
1128 793 1291 830 alterans
1306 805 1368 830 ae-

291 847 406 896 quale
433 845 473 883 in
500 845 762 894 magnitudine
792 853 828 883 et
854 845 1003 893 virtute,
1025 846 1063 883 in
1093 846 1243 894 aequali
1274 853 1368 883 tem-

290 912 389 950 pore
409 899 610 937 alterabit*
621 899 781 947 aequale
803 912 954 949 corpus.
976 899 1156 937 Secunda
1176 907 1242 948 est,
1261 900 1368 948 quod

291 953 420 992 minus
448 965 588 1002 corpus
617 953 780 990 alterans
799 952 838 990 in
858 953 1007 1002 aequali
1031 961 1207 1003 tempore
1236 954 1369 991 altera-

292 1007 348 1046 bit
374 1006 525 1052 minus3
554 1006 606 1044 ita
633 1005 774 1043 scilicet
802 1006 910 1055 quod
942 1014 1091 1044 tantum
1127 1007 1196 1044 erit
1229 1020 1368 1056 corpus

292 1068 446 1099 motum
474 1059 604 1097 minus
632 1060 751 1097 altero
772 1072 934 1110 corpore
954 1069 1076 1109 moto,
1097 1066 1280 1110 quantum
1299 1062 1372 1098 erit

292 1113 505 1164 analogum
533 1113 797 1162 quodcumque
824 1114 948 1152 maius
975 1115 1028 1152 ad
1057 1115 1183 1152 minus
1201 1120 1230 1161 ⁸,
1259 1114 1368 1162 idest,

293 1175 437 1218 quanta
452 1167 540 1209 ,erit
567 1167 766 1216 proportio
799 1180 976 1205 excessus
1008 1167 1165 1206 maioris
1198 1168 1370 1217 corporis

272 1218 489 1259 “moventis
517 1220 567 1258 ad
595 1220 735 1259 minus.

348 1275 408 1312 Ex
435 1274 655 1324 praemissis
687 1275 797 1323 igitur
825 1274 1018 1312 concludit
1044 1274 1153 1323 quod
1179 1273 1370 1311 infinitum

294 1340 318 1366 a
336 1328 442 1366 nullo
461 1327 572 1366 finito
599 1335 727 1377 potest
745 1328 896 1366 moveri
916 1327 1130 1365 secundum
1154 1327 1370 1377 quodcum-

295 1393 372 1431 que
385 1382 406 1403 *
419 1389 584 1430 tempus.
611 1381 712 1429 Quia
731 1381 873 1431 aliquid
892 1381 1021 1418 minus
1040 1393 1159 1430 quam
1179 1380 1370 1418 infinitum

293 1434 514 1473 movebitur
533 1434 572 1472 in
591 1434 741 1484 aequali
760 1442 936 1483 ternpore
951 1435 1000 1472 ab
1015 1434 1080 1472 illo
1095 1434 1236 1472 minori
1251 1447 1369 1483 quam

295 1488 343 1526 sit
371 1500 512 1537 corpus
539 1500 705 1526 movens
732 1487 940 1534 infinitum3
961 1487 1103 1525 scilicet
1122 1489 1167 1536 E,
1189 1489 1295 1536 quod
1316 1495 1372 1525 est

295 1541 423 1580 minus
451 1553 571 1589 quam
599 1542 646 1588 A,
676 1541 895 1579 movebitur
913 1553 936 1579 a
954 1542 1005 1589 D,
1026 1542 1134 1590 quod
1162 1549 1219 1579 est
1243 1541 1371 1579 minus

294 1606 416 1644 quam
435 1595 485 1643 B,
505 1594 719 1632 secundum
738 1594 959 1644 praemissa.
982 1595 1023 1633 Id
1044 1602 1174 1632 autem
1193 1594 1299 1644 quod
1316 1602 1372 1632 est

294 1647 507 1699 analogum
522 1647 572 1686 ad
586 1649 632 1696 E,
649 1648 748 1686 idest
766 1649 903 1697 quod*
913 1648 953 1687 in
968 1648 1106 1686 eadem
1119 1649 1370 1698 proportione

294 1713 337 1740 se
363 1701 482 1739 habet
510 1702 530 1723 *²
559 1701 610 1740 ad
646 1702 680 1739 E
714 1701 810 1740 sicut
845 1703 877 1740 B
906 1702 956 1740 ad
983 1703 1037 1750 D,
1077 1710 1132 1740 est
1170 1702 1370 1751 quoddam

293 1754 469 1795 finitum:
498 1767 579 1793 non
608 1755 711 1792 enim
729 1763 856 1805 potest
884 1755 957 1793 dici
976 1755 1083 1804 quod
1102 1756 1229 1806 ipsum
1247 1756 1372 1794 infini-

293 1815 377 1847 tum
406 1808 515 1858 quod
534 1815 591 1846 est
610 1811 658 1857 A,
678 1821 720 1846 se
739 1809 880 1846 habeat
907 1809 958 1847 ad
977 1810 1010 1847 E
1029 1809 1125 1847 sicut
1143 1811 1175 1847 B
1195 1822 1236 1847 se
1255 1810 1372 1847 habet

294 1861 346 1900 ad
372 1863 422 1911 D,
452 1862 544 1911 quia
570 1861 764 1900 infinitum
784 1862 834 1900 ad
853 1862 1005 1900 finitum
1034 1864 1180 1901 nullam
1207 1875 1370 1912 propor-

294 1915 440 1969 tionem
469 1915 596 1953 habet.
628 1916 839 1966 Supposito
868 1923 998 1954 autem
1024 1917 1131 1966 quod
1151 1916 1306 1966 aliquod
1325 1917 1370 1954 fi-

293 1968 417 2007 nitum
446 1981 487 2006 se
514 1969 655 2007 habeat
683 1970 733 2008 ad
761 1970 795 2007 E
824 1969 919 2007 sicut
947 1971 979 2007 B
1009 1970 1059 2008 ad
1086 1971 1135 2018 D,
1166 1970 1235 2007 erit
1263 1983 1369 2008 com-

293 2022 473 2060 mutatim
501 2022 627 2060 dicere
656 2023 762 2071 quod
791 2023 887 2061 sicut
905 2024 941 2061 D
967 2036 1008 2061 se
1032 2024 1149 2061 habet
1177 2024 1225 2061 ad
1254 2025 1300 2071 E,
1321 2023 1371 2060 ita

292 2076 325 2114 B
354 2088 396 2114 se
424 2076 541 2115 habet
569 2075 618 2114 ad
645 2075 738 2114 illud
764 2076 929 2114 finitum.
960 2077 1039 2114 Sed
1058 2078 1093 2115 D
1123 2085 1258 2115 movet
1280 2078 1313 2114 E
1333 2077 1371 2115 in

293 2136 471 2178 tempore
486 2130 522 2168 G
537 2129 566 2166 ξε
589 2141 680 2178 ergo
699 2130 730 2166 B
751 2138 886 2168 movet
904 2129 1056 2168 finitum
1070 2130 1108 2167 in
1127 2139 1300 2180 tempore
1322 2131 1368 2168 G.

287 2182 374 2220 *Sed
401 2181 442 2220 in
475 2183 551 2220 hoc
587 2189 763 2231 tempore
799 2183 968 2232 positum
1003 2191 1059 2220 est
1095 2185 1200 2232 quod
1237 2191 1371 2222 movet

293 2243 420 2274 totum
447 2235 641 2273 infinitum
662 2236 768 2285 quod
788 2243 844 2274 est
870 2237 926 2274 A:
957 2248 1047 2285 ergo
1071 2237 1221 2274 finitum
1244 2237 1284 2285 in
1305 2249 1369 2274 eo-

294 2289 386 2328 dem
414 2296 590 2338 tempore
618 2289 792 2327 movebit
819 2289 970 2327 finitum
990 2297 1027 2327 et
1043 2289 1243 2327 infinitum.

347 2353 386 2390 4.
416 2342 567 2380 Deinde
596 2354 685 2380 cum
715 2342 820 2380 dicit:
851 2343 926 2380 Sed
951 2344 1076 2380 adhuc
1103 2355 1223 2392 neque
1247 2343 1370 2392 infini-

294 2401 374 2434 tum
403 2403 487 2444 etc„
516 2396 655 2445 probat
683 2396 790 2444 quod
818 2395 1009 2433 infinitum
1031 2409 1170 2445 corpus
1189 2409 1268 2434 non
1286 2409 1370 2433 mo—

292 2456 359 2487 vet
387 2461 526 2499 corpus
554 2449 707 2487 finitum
734 2449 774 2487 in
802 2449 930 2498 aliquo
959 2456 1158 2499 tempore:
1188 2457 1225 2486 et
1242 2450 1368 2499 primo

295 2502 461 2541 ostendit
489 2503 596 2552 quod
625 2515 706 2540 non
732 2511 866 2541 movet
892 2503 932 2541 in
958 2511 1135 2553 tempore
1162 2503 1291 2550 finito;
1312 2516 1371 2545 se<

295 2557 422 2595 cundo
452 2556 560 2605 quod
587 2569 668 2594 non
696 2564 831 2594 movet
858 2556 897 2594 in
922 2564 1098 2606 tempore
1117 2556 1279 2605 infinito,
1300 2557 1368 2594 ibi:

294 2609 372 2647 Sed
395 2610 521 2647 adhuc
548 2610 586 2648 in
615 2610 761 2659 infinito
783 2612 802 2632 *
823 2618 892 2648 etc.

348 2662 449 2701 Dicit
486 2675 576 2712 ergo
612 2663 737 2713 primo
775 2664 882 2713 quod
919 2676 1044 2713 neque
1083 2663 1197 2701 etiam
1232 2676 1371 2713 corpus

294 2716 485 2754 infinitum
513 2717 687 2755 movebit
716 2729 855 2766 corpus
888 2717 1040 2754 finitum
1068 2717 1107 2754 in
1135 2718 1239 2754 nullo
1274 2725 1369 2755 tem-

293 2783 402 2820 pore,
433 2769 571 2808 scilicet
598 2769 861 2808 determinato.
893 2771 933 2807 Si
962 2771 1066 2808 enim
1093 2771 1203 2808 detur
1223 2778 1369 2808 contra-

295 2823 407 2872 rium,
437 2824 483 2861 sit
511 2836 651 2873 corpus
679 2824 871 2861 infinitum
899 2823 939 2861 in
967 2836 1045 2872 quo
1076 2831 1131 2861 est
1154 2826 1200 2872 A,
1232 2837 1370 2873 corpus

295 2889 390 2915 vero
419 2877 572 2915 finitum
592 2877 696 2927 quod
725 2878 774 2915 ab
795 2890 842 2915 eo
862 2885 1042 2915 movetur
1061 2877 1106 2915 sit
1124 2879 1155 2914 B
1175 2879 1238 2915 vel
1258 2879 1320 2915 ΒΖ
1335 2883 1368 2925 ⁹¹,

294 2937 448 2980 tempus
481 2938 611 2968 autern
639 2931 679 2968 in
707 2943 785 2979 quo
814 2938 995 2969 movetur
1023 2931 1068 2968 sit
1096 2932 1142 2969 G.
1173 2933 1208 2968 D
1239 2939 1368 2968 autem

296 2982 341 3020 sit
369 2983 563 3032 quaedam
589 2997 679 3033 pars
706 2985 816 3022 finita
839 2984 1011 3034 corporis
1030 2984 1165 3022 infiniti
1186 2986 1294 3033 quod
1313 2992 1371 3022 est

295 3037 348 3073 A:
379 3043 415 3074 et
443 3037 532 3085 quia
551 3038 678 3075 minus
695 3038 736 3075 in
755 3038 905 3087 aequali
933 3046 1110 3088 tempore
1138 3038 1265 3076 minus
1284 3051 1368 3076 mo-

350 3186 372 3220 ε)
393 3186 480 3211 maius
497 3186 536 3211 ad
554 3186 650 3211 minus.
668 3200 687 3207 -
705 3187 792 3212 maius
813 3189 839 3212 G
856 3188 894 3213 ad
912 3189 1000 3214 minus
1017 3190 1096 3214 Pinna
1119 3194 1145 3214 et
1168 3190 1270 3215 codices
1296 3197 1369 3215 exce-

295 3227 341 3256 pto
359 3223 397 3254 A;
419 3223 445 3246 G
463 3222 608 3247 redundare
633 3227 703 3254 patet
721 3227 747 3247 et
765 3230 796 3248 ex
813 3228 897 3255 textu,
922 3229 948 3249 et
966 3232 997 3249 ex
1016 3232 1048 3249 eo
1066 3225 1138 3258 quod
1157 3225 1198 3250 hic
1222 3226 1370 3251 enuntiatur

295 3258 450 3292 principium
469 3258 575 3291 aliquod
593 3258 730 3290 generale,
749 3258 860 3283 scilicet:
880 3266 948 3292 quae
966 3265 1007 3285 est
1025 3261 1159 3294 proportio
1183 3261 1288 3286 maioris
1313 3269 1369 3286 cor-

294 3294 367 3326 poris
386 3294 515 3318 moventis
534 3294 566 3318 ad
585 3293 673 3318 minus
693 3301 789 3326 corpus
807 3301 933 3325 movens,
953 3296 1046 3320 eadem
1064 3300 1105 3321 est
1123 3298 1228 3322 maioris
1251 3298 1368 3330 corporis

295 3329 359 3354 moti
378 3329 411 3354 ad
429 3329 525 3354 minus.
538 3341 557 3348 —-
570 3329 622 3353 Pro
635 3332 738 3361 quanta
752 3329 816 3358 erit,
835 3332 938 3362 quanta
955 3333 996 3356 est
1013 3331 1043 3356 P.

349 3364 374 3397 ζ)
395 3367 514 3396 tempore
530 3366 563 3390 G.
582 3379 600 3384 -
621 3366 646 3389 G
664 3364 787 3390 omittunt
805 3365 956 3397 BDEFpGI.
975 3380 994 3384 —
1011 3366 1093 3392 Linea
1111 3369 1231 3400 sequenti
1249 3375 1298 3400 pro
1318 3375 1370 3400 po-

295 3400 377 3426 situm
395 3403 436 3426 est
453 3400 526 3432 quod
544 3403 632 3425 movet
650 3403 736 3426 totum
756 3400 889 3433 infinitum
908 3401 981 3433 quod
998 3404 1039 3427 est
1055 3403 1092 3432 A,
1118 3402 1234 3435 codices,
1257 3404 1370 3436 exceptis

294 3436 371 3466 AsG,
396 3435 493 3460 habent
511 3436 680 3461 solummodo
699 3436 820 3468 positum
839 3439 879 3461 est
896 3437 928 3466 A,
949 3437 1020 3470 quod
1038 3437 1058 3462 P
1078 3438 1183 3470 corrigit
1205 3439 1231 3463 in
1249 3439 1370 3471 positum

295 3474 336 3497 est
354 3471 379 3496 B
397 3478 503 3496 movere
519 3472 558 3501 A,·
577 3477 603 3497 et
621 3471 685 3497 haec
703 3472 780 3497 lectio
798 3471 934 3504 perspicue
952 3473 1066 3497 eundem
1091 3481 1200 3498 sensum
1219 3473 1322 3499 exhibet
1340 3482 1373 3499 ac

291 3505 372 3532 ‘lectio
391 3507 519 3539 adoptata.

349 3542 378 3575 η)
398 3542 423 3567 Β
440 3542 481 3567 vel
504 3542 560 3568 BZ.
577 3554 596 3563 ·-
614 3544 652 3568 lta
673 3543 696 3568 Α
703 3550 711 3574 ;
731 3543 756 3568 G
775 3542 853 3568 habet
875 3543 994 3568 lacunam
1001 3551 1008 3574 ;
1035 3543 1112 3568 ceteri
1135 3543 1256 3569 exhibent
1279 3545 1369 3570 lectio-

295 3585 357 3603 nem
375 3578 399 3602 A
418 3582 551 3610 corrupte,
575 3586 671 3612 nempe
690 3582 720 3604 ut
739 3579 790 3603 ΒΖ
809 3579 910 3604 codices
929 3579 1011 3609 BCD,
1031 3579 1056 3604 B
1074 3582 1104 3604 ut
1127 3587 1210 3612 neque
1235 3580 1315 3605 codex
1332 3580 1368 3611 E,

296 3613 322 3638 Β
340 3616 370 3638 ut
388 3613 439 3638 ΒΖ
453 3613 555 3638 codices
573 3614 662 3647 FHpI,
682 3614 733 3639 ΒΖ
747 3614 861 3639 secunda
879 3622 960 3639 manu
980 3615 989 3640 1
1008 3619 1034 3639 et
1052 3615 1093 3640 ed.
1115 3614 1195 3646 1516;
1214 3616 1235 3640 P
1253 3615 1332 3641 habet
1345 3616 1370 3641 Β

441 3668 510 3700 Opp.
531 3668 561 3693 D.
576 3667 691 3693 Tnomn
711 3668 742 3693 T.
763 3669 803 3694 111.

1423 374 1479 404 est
1499 367 1518 387 ’μ
1539 367 1588 414 D,
1608 367 1647 404 in
1673 367 1709 404 G
1737 374 1913 416 tempore
1942 376 2099 405 moveat
2125 369 2251 406 minus
2280 382 2419 418 corpus
2448 383 2494 407 eo

1422 421 1528 469 quod
1549 427 1605 457 est
1623 421 1655 457 B
1677 422 1714 467 *3
1745 427 1782 457 et
1801 421 1846 458 sit
1863 420 1902 458 id
1922 421 2048 458 minus
2067 422 2111 469 Z,
2142 422 2247 470 quod
2267 423 2309 443 ⁷²*
2330 430 2386 460 est
2408 436 2495 472 pars

1423 473 1514 511 eius.
1545 473 1647 521 Quia
1679 473 1788 522 igitur
1815 481 1939 511 totum
1967 475 2031 511 BZ
2061 475 2177 512 habet
2209 475 2373 524 aliquam
2406 489 2496 525 pro-

1420 526 1638 576 portionem
1659 527 1710 564 ad
1728 528 1778 574 Z,
1800 527 2005 576 accipiatur
2033 528 2139 576 quod
2167 528 2262 565 sicut
2288 536 2412 566 totum
2431 531 2494 566 BZ

1422 592 1463 616 se
1492 580 1608 617 habet
1636 580 1686 617 ad
1712 581 1761 628 Z,
1795 580 1846 618 ita
1874 582 1907 618 E
1936 593 1977 618 se
2005 581 2123 618 habet
2159 581 2208 618 ad
2236 582 2290 629 D,
2329 594 2496 630 quorum

1422 640 1583 681 uterque
1600 641 1656 670 est
1669 646 1758 682 pars
1778 634 1914 671 infiniti
1933 634 1965 671 *.
1987 635 2091 682 Ergo
2112 635 2377 672 commutatim
2398 648 2496 684 quae

1423 693 1480 722 est
1498 686 1695 735 proportio
1716 688 1751 723 D
1773 687 1822 724 ad
1850 688 1880 724 Z
1893 717 1902 735 ,
1935 689 2072 725 eadem
2101 695 2158 724 est
2175 688 2374 737 proportio
2395 690 2428 726 E
2449 689 2498 726 ad

1423 739 1500 775 BZ.
1532 739 1610 776 Sed
1628 740 1663 776 D
1685 748 1818 777 movet
1845 742 1874 777 Z
1905 740 1944 777 in
1965 741 2000 778 G
2019 748 2214 790 tempore:
2246 753 2335 790 ergo
2356 742 2389 778 E
2414 754 2497 780 mo-

1423 792 1530 829 vebit
1548 793 1611 829 BZ
1633 792 1672 829 in
1690 800 1863 842 tempore
1894 795 1940 831 G.
1972 795 2050 832 Sed
2069 794 2108 832 in
2126 795 2202 831 hoc
2227 802 2412 844 tempore,
2433 797 2496 832 BZ

1424 845 1656 882 movebatur
1675 858 1697 882 a
1717 858 1878 895 corpore
1907 847 2056 885 infinito
2085 848 2191 898 quod
2212 855 2268 885 est
2294 850 2345 885 A:
2376 849 2498 898 sequi-

1423 906 1484 936 tur
1511 898 1623 947 igitur
1650 899 1757 948 quod
1784 900 1973 938 infinitum
2007 909 2044 938 et
2071 901 2222 939 finitum
2251 902 2410 939 alterent
2435 903 2499 939 vel

1424 952 1753 1001 qualitercumque
1768 962 1953 990 moveant
1970 954 2008 991 in
2025 955 2164 1004 eodem
2180 962 2356 1004 ternpore
2374 968 2498 992 unum

1425 1014 1461 1043 et
1488 1006 1591 1043 idern
1621 1006 1776 1044 mobile.
1818 1007 1896 1044 Sed
1924 1008 1998 1044 hoc
2028 1016 2084 1045 est
2111 1008 2369 1057 impossibile:
2410 1021 2498 1058 sup-

1423 1060 1640 1109 ponebatur
1655 1059 1758 1097 enim
1773 1072 1888 1109 supra
1898 1061 1918 1081 ³*
1928 1061 2033 1109 quod
2047 1061 2172 1099 maius
2186 1074 2351 1099 movens
2366 1070 2500 1100 movet

1424 1113 1583 1161 aequale
1603 1113 1748 1150 mobile
1776 1113 1815 1150 in
1843 1114 1983 1151 minori
2010 1122 2196 1164 ternpore,
2218 1115 2307 1164 quia
2324 1116 2499 1154 velocius

1424 1174 1569 1203 movet.
1610 1166 1674 1203 Sic
1701 1166 1810 1214 igitur
1828 1164 1841 1187 ⁰
1860 1167 2094 1216 impossibile
2124 1176 2179 1206 est
2212 1169 2319 1217 quod
2347 1169 2498 1208 finitum

1425 1226 1630 1257 moveatur
1658 1220 1706 1257 ab
1720 1219 1875 1271 ⁸infinito
1904 1221 1942 1257 in
1961 1220 2136 1271 tempore
2157 1223 2213 1269 G;
2243 1229 2280 1259 et
2307 1223 2411 1260 idem
2441 1236 2498 1260 se-

1425 1273 1554 1321 quitur
1581 1273 1858 1322 quodcumque
1887 1274 1988 1312 aliud
2017 1282 2168 1324 tempus
2196 1276 2348 1313 finitum
2370 1289 2498 1313 suma-

1424 1333 1496 1364 tur.
1523 1327 1684 1364 Nullum
1705 1339 1795 1375 ergo
1819 1335 1972 1376 tempus
1992 1328 2143 1366 finitum
2164 1337 2220 1366 est
2238 1329 2340 1377 dare,
2361 1329 2400 1367 in
2419 1342 2497 1379 quo

1426 1379 1617 1418 infinitum
1646 1388 1804 1418 moveat
1831 1381 1995 1418 finitum.

1484 1434 1517 1471 5.
1538 1434 1689 1471 Deinde
1709 1447 1799 1471 eum
1820 1434 1928 1471 dicit:
1955 1435 2030 1472 Sed
2046 1436 2171 1472 adhuc
2190 1436 2227 1472 in
2248 1436 2392 1483 infinito
2413 1443 2497 1484 etc„

1426 1486 1591 1524 ostendit
1619 1487 1727 1536 quod
1754 1499 1883 1535 neque
1911 1488 1987 1524 hoc
2013 1496 2140 1537 potest
2163 1500 2246 1526 esse
2266 1488 2304 1525 in
2323 1496 2498 1538 tempore

1427 1540 1587 1578 infinito.
1618 1541 1711 1578 Non
1750 1541 1853 1577 enim
1893 1541 2075 1589 contingit
2109 1542 2215 1590 quod
2249 1541 2288 1578 in
2324 1549 2498 1591 tempore

1425 1593 1574 1631 infinito
1604 1594 1746 1643 aliquid
1777 1594 1942 1631 moverit
1960 1595 2023 1631 vel
2043 1602 2193 1632 motum
2213 1594 2278 1631 sit:
2299 1594 2390 1643 quia
2404 1602 2499 1632 tem-

1425 1659 1498 1697 pus
1527 1647 1719 1685 infinitum
1756 1659 1836 1684 non
1871 1647 1988 1684 habet
2023 1647 2165 1695 finem,
2205 1647 2331 1685 omnis
2369 1656 2499 1686 autem

1426 1701 1523 1738 actio
1541 1702 1560 1721 *²
1575 1701 1638 1739 vel
1656 1701 1784 1751 passio
1805 1701 1921 1738 habet
1939 1701 2078 1738 finem:
2108 1700 2199 1738 nihil
2221 1701 2322 1738 enim
2342 1702 2416 1750 agit
2433 1702 2496 1739 vel

1425 1754 1565 1804 patitur
1592 1754 1664 1792 nisi
1690 1762 1733 1791 ut
1759 1754 1960 1804 perveniat
1987 1754 2036 1792 ad
2065 1755 2234 1804 aliquem
2261 1755 2394 1792 finem.
2425 1756 2500 1792 Re-

1426 1807 1608 1857 linquitur
1641 1820 1732 1856 ergo
1766 1808 1872 1856 quod
1900 1807 2093 1845 infinitum
2121 1821 2201 1846 non
2229 1816 2387 1846 moveat
2413 1808 2499 1846 fini-

1426 1869 1508 1899 tum
1535 1862 1574 1899 in
1602 1869 1778 1911 tempore
1807 1861 1970 1899 infinito.

1481 1916 1517 1952 6.
1534 1915 1685 1952 Deinde
1701 1927 1789 1952 curn
1805 1914 1908 1952 dicit:
1924 1915 2061 1963 Neque
2075 1915 2262 1963 infinitum
2274 1915 2399 1963 utique
2414 1922 2499 1963 etc„

1424 1969 1563 2018 probat
1591 1968 1698 2018 quod
1723 1967 1915 2006 infinitum
1944 1980 2022 2005 non
2042 1975 2199 2006 moveat
2226 1968 2430 2005 infinitum.
2452 1969 2501 2005 Et

1427 2022 1516 2060 dicit
1543 2022 1649 2071 quod
1669 2021 1860 2059 infinitum
1889 2034 1970 2059 non
1990 2021 2169 2070 contingit
2198 2021 2336 2070 aliquid
2355 2021 2432 2071 pati
2451 2022 2499 2058 ab

1425 2075 1573 2113 infinito
1604 2075 1819 2113 secundum
1847 2087 2135 2124 quamcumque
2161 2075 2329 2124 speciem
2358 2082 2497 2112 motus.

1425 2129 1619 2178 Alioquin,
1645 2129 1691 2166 sit
1710 2141 1850 2178 corpus
1870 2128 2060 2166 infinitum
2081 2140 2196 2177 agens
2216 2129 2255 2166 in
2279 2140 2356 2177 quo
2377 2136 2433 2165 est
2450 2130 2498 2176 A,

1427 2190 1463 2219 et
1492 2195 1631 2232 corpus
1650 2182 1841 2220 infinitum
1859 2182 2007 2231 patiens
2035 2182 2076 2219 in
2095 2194 2172 2231 quo
2203 2190 2258 2219 est
2282 2183 2326 2229 B,
2346 2189 2500 2230 tempus

1426 2243 1556 2273 autem
1575 2236 1614 2272 in
1635 2248 1713 2285 quo
1732 2237 1763 2272 B
1783 2247 1942 2285 passum
1963 2242 2019 2272 est
2037 2236 2085 2272 ab
2101 2237 2136 2272 A
2151 2235 2197 2272 sit
2215 2235 2254 2272 in
2274 2247 2352 2284 quo
2369 2237 2388 2254 ⁴⁵
2404 2235 2497 2282 DG;

1426 2288 1477 2338 sit)
1492 2297 1621 2326 autem
1641 2290 1674 2326 E
1693 2301 1782 2338 pars
1803 2288 1939 2326 infiniti
1959 2288 2112 2326 mobilis
2131 2288 2237 2337 quod
2258 2295 2314 2326 est
2332 2289 2375 2325 B.
2398 2288 2500 2335 Quia

1427 2354 1516 2390 ergo
1544 2350 1667 2379 totum
1695 2343 1727 2379 B
1755 2354 1912 2391 passum
1941 2349 1997 2378 est
2017 2342 2065 2378 ab
2093 2342 2128 2378 A
2148 2342 2187 2379 in
2214 2349 2294 2378 toto
2324 2348 2498 2390 tempore

1426 2396 1532 2444 quod
1561 2403 1616 2432 est
1643 2396 1730 2443 DG,
1760 2395 2005 2432 manifestum
2035 2403 2090 2432 est
2115 2396 2221 2443 quod
2249 2396 2295 2442 E,
2316 2394 2422 2443 quod
2443 2402 2500 2432 est

1425 2461 1514 2498 pars
1543 2449 1644 2496 eius,
1673 2461 1753 2486 non
1781 2456 1961 2486 movetur
1997 2448 2036 2486 in
2071 2455 2151 2485 toto
2189 2449 2265 2486 hoc
2301 2455 2497 2497 tempore:

1426 2509 1578 2551 oportet
1598 2501 1701 2539 enim
1721 2514 1939 2551 supponere
1960 2501 2065 2551 quod
2085 2503 2133 2538 ab
2154 2502 2295 2538 eodem
2314 2508 2498 2538 movente

1426 2555 1552 2592 minus
1567 2555 1711 2592 mobile
1726 2563 1928 2593 moveatur
1942 2555 1980 2592 in
1993 2555 2132 2592 minori
2146 2562 2338 2604 tempore;
2355 2562 2498 2604 quanto

1427 2608 1530 2646 enim
1559 2609 1702 2646 mobile
1723 2609 1843 2657 magis
1862 2608 2027 2646 vincitur
2045 2621 2067 2645 a
2092 2616 2288 2655 movente,
2307 2615 2412 2645 tanto
2431 2621 2498 2645 ve-

1426 2662 1546 2700 locius
1575 2670 1754 2700 movetur
1781 2662 1830 2699 ab
1858 2662 1953 2711 ipso.
1981 2661 2036 2699 Sit
2064 2674 2153 2710 ergo
2183 2661 2288 2710 quod
2317 2662 2362 2709 E,
2393 2661 2499 2709 quod

1427 2724 1483 2753 est
1502 2716 1629 2753 minus
1649 2728 1767 2765 quam
1787 2717 1831 2762 B,
1851 2723 2054 2753 moveatur
2074 2716 2121 2752 ab
2142 2717 2176 2752 A
2197 2715 2236 2752 in
2254 2723 2429 2764 tempore
2449 2716 2496 2762 D,

1426 2770 1532 2818 quod
1561 2777 1618 2807 est
1644 2782 1732 2818 pars
1760 2769 1875 2806 totius
1903 2769 2088 2818 temporis
2113 2769 2197 2806 GD.
2227 2770 2262 2806 D
2292 2776 2419 2805 autem
2449 2768 2498 2805 ad

1426 2823 1498 2860 GD
1529 2830 1585 2860 est
1614 2823 1739 2873 aliqua
1765 2823 1976 2872 proportio,
1999 2835 2087 2859 cum
2115 2830 2319 2870 utrumque
2341 2821 2387 2858 sit
2414 2821 2496 2858 fini-

1425 2884 1525 2914 tum:
1547 2877 1776 2926 accipiamus
1793 2878 1812 2897 ’¹‘
1828 2884 1957 2913 autern
1974 2876 2078 2925 quod
2103 2875 2265 2912 eandem
2282 2874 2497 2924 proportio-

1424 2942 1515 2968 nem
1544 2932 1685 2968 habeat
1704 2931 1737 2967 E
1758 2930 1806 2967 ad
1835 2930 2003 2979 aliquam
2021 2937 2171 2978 partem
2200 2928 2316 2977 ipsius
2345 2927 2497 2964 mobilis

1423 2984 1559 3022 infiniti
1589 2984 1788 3031 maiorem,
1811 2996 1930 3032 quam
1959 2983 2098 3020 scilicet
2126 2983 2160 3019 D
2190 2982 2306 3018 habet
2333 2982 2382 3018 ad
2411 2981 2496 3018 GD.

1425 3038 1489 3076 Sic
1518 3050 1608 3087 ergo
1638 3037 1730 3075 illud
1757 3038 1907 3074 finitum
1935 3035 2058 3073 maius
2086 3047 2203 3084 quam
2234 3036 2266 3071 E
2286 3041 2310 3081 ¹,
2342 3046 2497 3071 necesse

1424 3193 1451 3214 et
1471 3190 1501 3214 Z.
1520 3190 1622 3222 Legere
1636 3189 1660 3213 B
1679 3181 1720 3213 ν’ἓι
1740 3188 1799 3218 BZ,
1820 3187 1930 3211 suadent
1948 3190 2047 3216 textus,
2067 3185 2092 3209 in
2111 3192 2164 3217 quo
2183 3184 2208 3208 B
2226 3188 2252 3208 et
2271 3184 2321 3208 ΒΖ
2335 3191 2383 3216 pro
2406 3183 2500 3208 eodem

1425 3230 1582 3293 pongptgtgo
1597 3260 1624 3284 Ε
1635 3258 1749 3284 movebit
1766 3258 1843 3282 ΒΖ..
1860 3257 1905 3282 Sic
1924 3256 2017 3290 igitur.
2030 3256 2098 3280 -Ita
2111 3255 2223 3286 AsEG1;
2243 3259 2291 3280 cet.
2306 3254 2428 3279 omittunt
2447 3254 2499 3278 duo

1424 3296 1616 3326 homoteleuta3
1642 3295 1755 3327 primum
1779 3293 1885 3325 quidem
1904 3299 1970 3325 ergo
1990 3292 2017 3316 E
2033 3291 2147 3316 movebit
2165 3291 2216 3315 ΒΖ
2231 3291 2257 3315 in
2280 3294 2414 3322 tempore;
2437 3290 2500 3314 alte-

1425 3339 1483 3356 rum
1502 3339 1566 3355 vero
1585 3330 1641 3355 Sed
1659 3330 1708 3355 hoc
1721 3333 1761 3354 est
1773 3327 1933 3360 impossibile
1983 3327 2094 3359 aequale
2106 3326 2209 3352 mobile.
2229 3326 2337 3358 Insuper
2351 3325 2429 3350 iidem
2443 3333 2499 3349 cor-

1425 3371 1550 3399 rumpunt
1566 3367 1591 3390 G
1604 3365 1652 3390 sed
1671 3365 1696 3389 in
1717 3365 1766 3390 hoc
1785 3364 1811 3388 in
1829 3371 1895 3396 ergo
1914 3363 1937 3388 si
1953 3363 1979 3388 in
1997 3363 2061 3391 hoc;
2080 3362 2172 3391 adhue,
2188 3370 2235 3394 pro
2249 3362 2371 3390 afferent,
2385 3360 2500 3390 abdent;

1426 3410 1505 3435 quam
1524 3406 1655 3434 patentem
1674 3399 1868 3432 corruptionem
1887 3399 1965 3423 habet
1984 3398 2061 3423 etiam
2077 3399 2108 3422 A.
2128 3398 2184 3422 Hos
2199 3405 2300 3422 errores
2311 3397 2331 3421 P
2346 3396 2449 3428 corrigit
2462 3396 2499 3420 le-

1425 3438 1523 3471 gendo:
1544 3437 1633 3469 Ergo,
1653 3436 1677 3461 si
1696 3436 1722 3460 in
1741 3435 1791 3460 hoc
1804 3438 1922 3466 tempore
1936 3435 1987 3459 ΒΖ
1996 3434 2151 3459 movebatur
2169 3433 2203 3458 ab
2215 3434 2239 3457 A
2253 3439 2366 3464 corpore
2384 3431 2497 3464 infinito,

1425 3473 1546 3506 sequitur
1558 3471 1630 3504 quod
1649 3471 1781 3504 infinitum
1801 3474 1827 3495 et
1838 3470 1949 3503 finitum
1969 3472 2093 3495 moveant
2116 3469 2142 3493 in
2166 3469 2258 3493 eodem
2278 3471 2396 3500 tempore
2416 3474 2498 3491 unum

1425 3513 1452 3535 et
1465 3509 1534 3534 idem
1546 3507 1648 3532 mobile.
1663 3507 1709 3532 Sic
1723 3506 1816 3539 igitur.
1831 3506 1873 3530 Sic
1888 3511 1974 3530 autem
1991 3505 2109 3538 legendo,
2123 3504 2310 3537 argumentatio
2325 3503 2411 3528 minus
2427 3510 2498 3526 com-

1425 3545 1493 3578 pleta
1513 3543 1654 3572 exhibetur,
1674 3550 1722 3567 nec
1741 3542 1848 3566 lacunae
1867 3541 1984 3566 codicum
2005 3541 2153 3574 implentur.

1480 3579 1498 3613 ι)
1520 3579 1564 3604 Sic
1583 3585 1649 3612 ergo
1664 3578 1732 3603 illud
1736 3577 1847 3611 finitum
1865 3577 1951 3602 maius
1965 3584 2044 3609 quam
2060 3576 2093 3601 E.
2106 3589 2125 3596 ·-·
2137 3575 2181 3600 Sit
2193 3582 2259 3609 ergo
2272 3574 2345 3600 istud
2364 3572 2496 3606 infinitum

1425 3616 1512 3649 magis
1532 3622 1611 3647 quam
1633 3613 1660 3638 Ε
1676 3614 1705 3638 Ρ.

2300 3662 2316 3687 8

2528 376 2536 384 ·
2547 375 2611 402 quod
2621 378 2658 398 est
2667 382 2714 399 om.
2722 383 2737 400 ι»

2523 429 2588 465 ;.ΒΖ
2598 437 2619 452 1².

2559 463 2620 484 quae
2633 465 2655 480 P.

2525 646 2534 655 '
2542 644 2611 672 finiti
2623 652 2636 667 Ρ
2651 647 2718 668 male.

2526 1071 2534 1080 ·
2548 1070 2613 1093 Lect.
2623 1076 2663 1098 xn,
2678 1077 2701 1092 n.
2713 1076 2740 1093 ιι.

2624 1170 2638 1196 θ

2527 1709 2536 1718 ·
2555 1707 2638 1735 factio
2656 1715 2685 1736 ⁴3
2709 1708 2739 1731 cf.

2527 1738 2623 1757 textum.

2528 2240 2536 2249 ·
2551 2239 2575 2260 in
2590 2245 2635 2267 quo
2645 2245 2693 2262 om.
2703 2246 2726 2261 Ρ.

2526 2883 2535 2891 ·’
2560 2882 2686 2909 accipimus
2709 2888 2739 2910 P,

2526 2908 2659 2936 αεείρὶαὴιν
2671 2914 2694 2930 Α.

2625 3046 2632 3062 t
