<?xml version="1.0" encoding="UTF-8"?>
<!DOCTYPE html PUBLIC "-//W3C//DTD XHTML 1.0 Transitional//EN"
    "http://www.w3.org/TR/xhtml1/DTD/xhtml1-transitional.dtd">
<html xmlns="http://www.w3.org/1999/xhtml" xml:lang="en" lang="en">
 <head>
  <title>
</title>
<meta http-equiv="Content-Type" content="text/html;charset=utf-8" />
  <meta name='ocr-system' content='tesseract 3.04.00' />
  <meta name='ocr-capabilities' content='ocr_page ocr_carea ocr_par ocr_line ocrx_word'/>
</head>
<body>
  <div class='ocr_page' id='page_1' title='image "./operaomniaiussui03thom/operaomniaiussui03thom_0641.png"; bbox 0 0 2690 4062; ppageno 0'>
   <div class='ocr_carea' id='block_1_1' title="bbox 0 0 170 4062">
    <p class='ocr_par' dir='ltr' id='par_1_1' title="bbox 0 0 170 4062">
     <span class='ocr_line' id='line_1_1' title="bbox 0 0 170 4062; baseline 0 0"><span class='ocrx_word' id='word_1_1' title='bbox 0 0 170 4062; x_wconf 95' lang='lat' dir='ltr'> </span> 
     </span>
    </p>
   </div>
   <div class='ocr_carea' id='block_1_2' title="bbox 1100 245 1598 318">
    <p class='ocr_par' dir='ltr' id='par_1_2' title="bbox 1100 245 1598 318">
     <span class='ocr_line' id='line_1_2' title="bbox 1100 245 1598 318; baseline 0.012 -13"><span class='ocrx_word' id='word_1_2' title='bbox 1100 269 1213 307; x_wconf 86' lang='lat' dir='ltr'>CAP.</span> <span class='ocrx_word' id='word_1_3' title='bbox 1244 271 1295 318; x_wconf 85' lang='lat' dir='ltr'>x,</span> <span class='ocrx_word' id='word_1_4' title='bbox 1327 245 1479 310; x_wconf 69' lang='lat' dir='ltr'>LECT.</span> <span class='ocrx_word' id='word_1_5' title='bbox 1509 274 1598 312; x_wconf 86' lang='lat' dir='ltr'>X1v</span> 
     </span>
    </p>
   </div>
   <div class='ocr_carea' id='block_1_3' title="bbox 277 336 1324 1469">
    <p class='ocr_par' dir='ltr' id='par_1_3' title="bbox 277 336 1324 1469">
     <span class='ocr_line' id='line_1_3' title="bbox 316 336 1318 392; baseline 0.008 -21"><span class='ocrx_word' id='word_1_6' title='bbox 316 350 442 382; x_wconf 88' lang='grc' dir='ltr'>στερα,</span> <span class='ocrx_word' id='word_1_7' title='bbox 471 340 544 372; x_wconf 79' lang='grc' dir='ltr'>ἔνια</span> <span class='ocrx_word' id='word_1_8' title='bbox 576 336 614 374; x_wconf 78' lang='grc' dir='ltr'>δέ</span> <span class='ocrx_word' id='word_1_9' title='bbox 645 344 704 374; x_wconf 74' lang='grc' dir='ltr'>καὶ</span> <span class='ocrx_word' id='word_1_10' title='bbox 733 343 854 383; x_wconf 82' lang='grc' dir='ltr'>κοινοὶ,</span> <span class='ocrx_word' id='word_1_11' title='bbox 881 344 950 375; x_wconf 85' lang='grc' dir='ltr'>οἷον</span> <span class='ocrx_word' id='word_1_12' title='bbox 975 344 1093 388; x_wconf 81' lang='grc' dir='ltr'>κηρός·</span> <span class='ocrx_word' id='word_1_13' title='bbox 1121 345 1185 378; x_wconf 83' lang='grc' dir='ltr'>ὅσα</span> <span class='ocrx_word' id='word_1_14' title='bbox 1209 342 1238 378; x_wconf 71' lang='grc' dir='ltr'>δ’</span> <span class='ocrx_word' id='word_1_15' title='bbox 1269 347 1318 392; x_wconf 83' lang='grc' dir='ltr'>ὑφ’</span> 
     </span>
     <span class='ocr_line' id='line_1_4' title="bbox 317 378 1321 436; baseline 0.009 -21"><span class='ocrx_word' id='word_1_16' title='bbox 317 378 464 436; x_wconf 52' lang='grc' dir='ltr'>ὕδατος,</span> <span class='ocrx_word' id='word_1_17' title='bbox 500 386 618 418; x_wconf 76' lang='grc' dir='ltr'>ταῦτα</span> <span class='ocrx_word' id='word_1_18' title='bbox 650 381 687 419; x_wconf 80' lang='grc' dir='ltr'>δὲ</span> <span class='ocrx_word' id='word_1_19' title='bbox 719 389 802 433; x_wconf 75' lang='grc' dir='ltr'>γῆς·</span> <span class='ocrx_word' id='word_1_20' title='bbox 829 386 894 420; x_wconf 82' lang='grc' dir='ltr'>ὅσα</span> <span class='ocrx_word' id='word_1_21' title='bbox 925 383 963 420; x_wconf 76' lang='grc' dir='ltr'>δὲ</span> <span class='ocrx_word' id='word_1_22' title='bbox 995 385 1071 432; x_wconf 76' lang='grc' dir='ltr'>μηδ’</span> <span class='ocrx_word' id='word_1_23' title='bbox 1102 391 1153 434; x_wconf 82' lang='grc' dir='ltr'>ὑφ’</span> <span class='ocrx_word' id='word_1_24' title='bbox 1183 391 1321 435; x_wconf 82' lang='grc' dir='ltr'>ἑτέρου,</span> 
     </span>
     <span class='ocr_line' id='line_1_5' title="bbox 317 427 1321 483; baseline 0.009 -23"><span class='ocrx_word' id='word_1_25' title='bbox 317 440 437 480; x_wconf 65' lang='grc' dir='ltr'>ταυτα</span> <span class='ocrx_word' id='word_1_26' title='bbox 458 427 479 466; x_wconf 74' lang='grc' dir='ltr'>ἦ</span> <span class='ocrx_word' id='word_1_27' title='bbox 500 430 578 477; x_wconf 77' lang='grc' dir='ltr'>γῆς,</span> <span class='ocrx_word' id='word_1_28' title='bbox 597 429 618 468; x_wconf 76' lang='grc' dir='ltr'><em>ἢ</em></span> <span class='ocrx_word' id='word_1_29' title='bbox 639 431 773 476; x_wconf 80' lang='grc' dir='ltr'>ἀμφοῖν.</span> <span class='ocrx_word' id='word_1_30' title='bbox 801 433 838 463; x_wconf 82' lang='grc' dir='ltr'>Εἰ</span> <span class='ocrx_word' id='word_1_31' title='bbox 858 430 914 465; x_wconf 71' lang='grc' dir='ltr'>οὖν</span> <span class='ocrx_word' id='word_1_32' title='bbox 942 431 1085 466; x_wconf 78' lang='grc' dir='ltr'>ἅπαντα</span> <span class='ocrx_word' id='word_1_33' title='bbox 1105 435 1164 479; x_wconf 76' lang='grc' dir='ltr'>μὲν</span> <span class='ocrx_word' id='word_1_34' title='bbox 1183 435 1203 472; x_wconf 81' lang='grc' dir='ltr'>ἦ</span> <span class='ocrx_word' id='word_1_35' title='bbox 1223 437 1321 483; x_wconf 76' lang='grc' dir='ltr'>ὑγροὶ,</span> 
     </span>
     <span class='ocr_line' id='line_1_6' title="bbox 317 471 1323 522; baseline 0.01 -18"><span class='ocrx_word' id='word_1_36' title='bbox 317 475 338 510; x_wconf 79' lang='grc' dir='ltr'>ἠ</span> <span class='ocrx_word' id='word_1_37' title='bbox 365 475 568 520; x_wconf 80' lang='grc' dir='ltr'>πεπηγότα,</span> <span class='ocrx_word' id='word_1_38' title='bbox 596 475 729 509; x_wconf 84' lang='grc' dir='ltr'>τούτων</span> <span class='ocrx_word' id='word_1_39' title='bbox 754 471 792 508; x_wconf 79' lang='grc' dir='ltr'>δὲ</span> <span class='ocrx_word' id='word_1_40' title='bbox 819 478 868 510; x_wconf 83' lang='grc' dir='ltr'>τοὶ</span> <span class='ocrx_word' id='word_1_41' title='bbox 891 474 925 508; x_wconf 80' lang='grc' dir='ltr'>ἐν</span> <span class='ocrx_word' id='word_1_42' title='bbox 951 482 1022 516; x_wconf 85' lang='grc' dir='ltr'>τοῖς</span> <span class='ocrx_word' id='word_1_43' title='bbox 1047 479 1230 522; x_wconf 73' lang='grc' dir='ltr'><strong>εἰρημένοις</strong></span> <span class='ocrx_word' id='word_1_44' title='bbox 1257 481 1323 514; x_wconf 81' lang='grc' dir='ltr'>παί-</span> 
     </span>
     <span class='ocr_line' id='line_1_7' title="bbox 316 517 1322 568; baseline 0.008 -18"><span class='ocrx_word' id='word_1_45' title='bbox 316 517 401 557; x_wconf 86' lang='grc' dir='ltr'>θεσι,</span> <span class='ocrx_word' id='word_1_46' title='bbox 427 522 485 552; x_wconf 79' lang='grc' dir='ltr'>καὶ</span> <span class='ocrx_word' id='word_1_47' title='bbox 511 517 571 552; x_wconf 78' lang='grc' dir='ltr'>οὐκ.</span> <span class='ocrx_word' id='word_1_48' title='bbox 595 520 670 552; x_wconf 84' lang='grc' dir='ltr'>ἔστι</span> <span class='ocrx_word' id='word_1_49' title='bbox 695 520 843 564; x_wconf 63' lang='grc' dir='ltr'>μεταξύ,</span> <span class='ocrx_word' id='word_1_50' title='bbox 872 520 999 555; x_wconf 79' lang='grc' dir='ltr'>ἅπαντ’</span> <span class='ocrx_word' id='word_1_51' title='bbox 1023 521 1061 555; x_wconf 77' lang='grc' dir='ltr'>ἂν</span> <span class='ocrx_word' id='word_1_52' title='bbox 1087 524 1136 560; x_wconf 82' lang='grc' dir='ltr'>εἴη</span> <span class='ocrx_word' id='word_1_53' title='bbox 1163 525 1322 568; x_wconf 79' lang='grc' dir='ltr'>εἰρημένα</span> 
     </span>
     <span class='ocr_line' id='line_1_8' title="bbox 307 559 1323 612; baseline 0.007 -17"><span class='ocrx_word' id='word_1_54' title='bbox 307 562 364 610; x_wconf 52' lang='grc' dir='ltr'>δ,οἷς</span> <span class='ocrx_word' id='word_1_55' title='bbox 390 559 665 610; x_wconf 78' lang='grc' dir='ltr'>διαγνωσόμεθα,</span> <span class='ocrx_word' id='word_1_56' title='bbox 694 564 839 609; x_wconf 86' lang='grc' dir='ltr'>πότερον</span> <span class='ocrx_word' id='word_1_57' title='bbox 864 566 941 612; x_wconf 76' lang='grc' dir='ltr'>γῆς,</span> <span class='ocrx_word' id='word_1_58' title='bbox 961 565 982 603; x_wconf 76' lang='grc' dir='ltr'>ἦ</span> <span class='ocrx_word' id='word_1_59' title='bbox 1005 562 1144 608; x_wconf 76' lang='grc' dir='ltr'>ὕδατος,</span> <span class='ocrx_word' id='word_1_60' title='bbox 1169 567 1189 605; x_wconf 77' lang='grc' dir='ltr'>ἦ</span> <span class='ocrx_word' id='word_1_61' title='bbox 1208 570 1323 602; x_wconf 81' lang='grc' dir='ltr'>πλειό-</span> 
     </span>
     <span class='ocr_line' id='line_1_9' title="bbox 316 608 1322 655; baseline 0.007 -16"><span class='ocrx_word' id='word_1_62' title='bbox 316 619 379 639; x_wconf 87' lang='grc' dir='ltr'>νων</span> <span class='ocrx_word' id='word_1_63' title='bbox 414 608 546 650; x_wconf 77' lang='grc' dir='ltr'>κοινόν,</span> <span class='ocrx_word' id='word_1_64' title='bbox 572 611 630 641; x_wconf 83' lang='grc' dir='ltr'>καὶ</span> <span class='ocrx_word' id='word_1_65' title='bbox 657 608 802 654; x_wconf 83' lang='grc' dir='ltr'>πότερον</span> <span class='ocrx_word' id='word_1_66' title='bbox 829 610 895 642; x_wconf 73' lang='grc' dir='ltr'>ὑπὸ</span> <span class='ocrx_word' id='word_1_67' title='bbox 921 611 1022 653; x_wconf 77' lang='grc' dir='ltr'>πυρὸς</span> <span class='ocrx_word' id='word_1_68' title='bbox 1047 611 1273 655; x_wconf 81' lang='grc' dir='ltr'>συνέστηκεν,</span> <span class='ocrx_word' id='word_1_69' title='bbox 1301 613 1322 651; x_wconf 74' lang='grc' dir='ltr'>ἦ</span> 
     </span>
     <span class='ocr_line' id='line_1_10' title="bbox 315 650 1322 702; baseline 0.006 -18"><span class='ocrx_word' id='word_1_70' title='bbox 315 651 463 697; x_wconf 78' lang='grc' dir='ltr'>ψυχροῦ,</span> <span class='ocrx_word' id='word_1_71' title='bbox 491 652 511 690; x_wconf 77' lang='grc' dir='ltr'>ἦ</span> <span class='ocrx_word' id='word_1_72' title='bbox 540 651 675 698; x_wconf 79' lang='grc' dir='ltr'>ἀμφοῖν.</span> <span class='ocrx_word' id='word_1_73' title='bbox 710 653 837 698; x_wconf 79' lang='grc' dir='ltr'>Χρυσός</span> <span class='ocrx_word' id='word_1_74' title='bbox 862 654 921 699; x_wconf 80' lang='grc' dir='ltr'>μὲν</span> <span class='ocrx_word' id='word_1_75' title='bbox 947 650 992 692; x_wconf 77' lang='grc' dir='ltr'>δη</span> <span class='ocrx_word' id='word_1_76' title='bbox 1015 658 1073 687; x_wconf 78' lang='grc' dir='ltr'>καὶ</span> <span class='ocrx_word' id='word_1_77' title='bbox 1101 657 1239 702; x_wconf 86' lang='grc' dir='ltr'>ἄργυρος</span> <span class='ocrx_word' id='word_1_78' title='bbox 1264 661 1322 690; x_wconf 84' lang='grc' dir='ltr'>καὶ</span> 
     </span>
     <span class='ocr_line' id='line_1_11' title="bbox 315 695 1322 743; baseline 0.004 -13"><span class='ocrx_word' id='word_1_79' title='bbox 315 697 444 742; x_wconf 76' lang='grc' dir='ltr'>χαλκός</span> <span class='ocrx_word' id='word_1_80' title='bbox 469 700 527 730; x_wconf 75' lang='grc' dir='ltr'>καὶ</span> <span class='ocrx_word' id='word_1_81' title='bbox 551 700 758 742; x_wconf 78' lang='grc' dir='ltr'>καττίτερος</span> <span class='ocrx_word' id='word_1_82' title='bbox 787 699 847 730; x_wconf 77' lang='grc' dir='ltr'>καὶ</span> <span class='ocrx_word' id='word_1_83' title='bbox 872 695 1037 743; x_wconf 75' lang='grc' dir='ltr'>μόλυβδος</span> <span class='ocrx_word' id='word_1_84' title='bbox 1062 703 1119 732; x_wconf 83' lang='grc' dir='ltr'>καὶ</span> <span class='ocrx_word' id='word_1_85' title='bbox 1146 702 1240 740; x_wconf 73' lang='grc' dir='ltr'>ὕελος</span> <span class='ocrx_word' id='word_1_86' title='bbox 1265 705 1322 734; x_wconf 81' lang='grc' dir='ltr'>καὶ</span> 
     </span>
     <span class='ocr_line' id='line_1_12' title="bbox 315 740 1323 792; baseline 0.005 -18"><span class='ocrx_word' id='word_1_87' title='bbox 315 740 402 774; x_wconf 80' lang='grc' dir='ltr'>λίθοι</span> <span class='ocrx_word' id='word_1_88' title='bbox 435 743 555 775; x_wconf 78' lang='grc' dir='ltr'>πολλοὶ</span> <span class='ocrx_word' id='word_1_89' title='bbox 591 742 760 786; x_wconf 80' lang='grc' dir='ltr'>ἀνώνυμοι</span> <span class='ocrx_word' id='word_1_90' title='bbox 792 741 939 782; x_wconf 80' lang='grc' dir='ltr'>ὕδατος·</span> <span class='ocrx_word' id='word_1_91' title='bbox 967 743 1085 777; x_wconf 73' lang='grc' dir='ltr'>πάντα</span> <span class='ocrx_word' id='word_1_92' title='bbox 1109 747 1175 792; x_wconf 83' lang='grc' dir='ltr'>γοίρ</span> <span class='ocrx_word' id='word_1_93' title='bbox 1205 747 1323 780; x_wconf 80' lang='grc' dir='ltr'>ταῦτα</span> 
     </span>
     <span class='ocr_line' id='line_1_13' title="bbox 315 784 1322 833; baseline 0.003 -13"><span class='ocrx_word' id='word_1_94' title='bbox 315 786 466 823; x_wconf 74' lang='grc' dir='ltr'>τήκεται</span> <span class='ocrx_word' id='word_1_95' title='bbox 491 786 611 830; x_wconf 80' lang='grc' dir='ltr'>θερμῷ.</span> <span class='ocrx_word' id='word_1_96' title='bbox 642 786 721 820; x_wconf 86' lang='grc' dir='ltr'>Ἔτι</span> <span class='ocrx_word' id='word_1_97' title='bbox 746 784 830 819; x_wconf 79' lang='grc' dir='ltr'>οἶνοι</span> <span class='ocrx_word' id='word_1_98' title='bbox 855 787 935 820; x_wconf 88' lang='grc' dir='ltr'>ἔνιοι</span> <span class='ocrx_word' id='word_1_99' title='bbox 959 791 1018 820; x_wconf 82' lang='grc' dir='ltr'>καὶ</span> <span class='ocrx_word' id='word_1_100' title='bbox 1044 787 1139 833; x_wconf 79' lang='grc' dir='ltr'>οὖρον</span> <span class='ocrx_word' id='word_1_101' title='bbox 1164 793 1221 823; x_wconf 81' lang='grc' dir='ltr'>καὶ</span> <span class='ocrx_word' id='word_1_102' title='bbox 1249 790 1322 832; x_wconf 84' lang='grc' dir='ltr'>ὅξος</span> 
     </span>
     <span class='ocr_line' id='line_1_14' title="bbox 315 828 1322 882; baseline 0.007 -20"><span class='ocrx_word' id='word_1_103' title='bbox 315 833 374 869; x_wconf 77' lang='grc' dir='ltr'>καὶ</span> <span class='ocrx_word' id='word_1_104' title='bbox 405 833 504 863; x_wconf 78' lang='grc' dir='ltr'>κονία</span> <span class='ocrx_word' id='word_1_105' title='bbox 532 833 591 863; x_wconf 74' lang='grc' dir='ltr'>καὶ</span> <span class='ocrx_word' id='word_1_106' title='bbox 619 829 709 877; x_wconf 77' lang='grc' dir='ltr'>ὀρρός</span> <span class='ocrx_word' id='word_1_107' title='bbox 738 834 796 864; x_wconf 77' lang='grc' dir='ltr'>καὶ</span> <span class='ocrx_word' id='word_1_108' title='bbox 820 832 902 877; x_wconf 72' lang='grc' dir='ltr'>ἰχώρ</span> <span class='ocrx_word' id='word_1_109' title='bbox 937 828 1081 871; x_wconf 54' lang='lat' dir='ltr'>(idota-tm·</span> <span class='ocrx_word' id='word_1_110' title='bbox 1109 835 1229 869; x_wconf 67' lang='grc' dir='ltr'>πάντα</span> <span class='ocrx_word' id='word_1_111' title='bbox 1257 835 1322 882; x_wconf 84' lang='grc' dir='ltr'>γοὶρ</span> 
     </span>
     <span class='ocr_line' id='line_1_15' title="bbox 316 872 1323 923; baseline 0.007 -18"><span class='ocrx_word' id='word_1_112' title='bbox 316 875 495 921; x_wconf 72' lang='grc' dir='ltr'>πήγνυται</span> <span class='ocrx_word' id='word_1_113' title='bbox 515 877 641 921; x_wconf 76' lang='grc' dir='ltr'>χυχρῷ.</span> <span class='ocrx_word' id='word_1_114' title='bbox 670 872 807 919; x_wconf 80' lang='grc' dir='ltr'>Σίδηρος</span> <span class='ocrx_word' id='word_1_115' title='bbox 825 877 863 910; x_wconf 81' lang='grc' dir='ltr'>δὲ</span> <span class='ocrx_word' id='word_1_116' title='bbox 887 879 945 909; x_wconf 83' lang='grc' dir='ltr'>καὶ</span> <span class='ocrx_word' id='word_1_117' title='bbox 969 877 1070 923; x_wconf 81' lang='grc' dir='ltr'>κέρας</span> <span class='ocrx_word' id='word_1_118' title='bbox 1087 881 1145 912; x_wconf 80' lang='grc' dir='ltr'>καὶ</span> <span class='ocrx_word' id='word_1_119' title='bbox 1164 879 1240 921; x_wconf 80' lang='grc' dir='ltr'>ὄνυξ</span> <span class='ocrx_word' id='word_1_120' title='bbox 1265 883 1323 912; x_wconf 81' lang='grc' dir='ltr'>καὶ</span> 
     </span>
     <span class='ocr_line' id='line_1_16' title="bbox 277 918 1323 969; baseline 0.003 -16"><span class='ocrx_word' id='word_1_121' title='bbox 277 926 284 931; x_wconf 80' lang='grc'><em>“</em></span> <span class='ocrx_word' id='word_1_122' title='bbox 316 918 442 955; x_wconf 77' lang='grc' dir='ltr'>ὀστοῦν</span> <span class='ocrx_word' id='word_1_123' title='bbox 470 923 529 953; x_wconf 83' lang='grc' dir='ltr'>καὶ</span> <span class='ocrx_word' id='word_1_124' title='bbox 554 921 669 965; x_wconf 75' lang='grc' dir='ltr'>’νεῦρον</span> <span class='ocrx_word' id='word_1_125' title='bbox 693 924 752 954; x_wconf 82' lang='grc' dir='ltr'>καὶ</span> <span class='ocrx_word' id='word_1_126' title='bbox 777 921 878 963; x_wconf 71' lang='grc' dir='ltr'>ξύλον</span> <span class='ocrx_word' id='word_1_127' title='bbox 902 924 960 954; x_wconf 82' lang='grc' dir='ltr'>καὶ</span> <span class='ocrx_word' id='word_1_128' title='bbox 987 925 1099 968; x_wconf 82' lang='grc' dir='ltr'>τρίχες</span> <span class='ocrx_word' id='word_1_129' title='bbox 1127 927 1186 957; x_wconf 79' lang='grc' dir='ltr'>καὶ</span> <span class='ocrx_word' id='word_1_130' title='bbox 1211 923 1323 969; x_wconf 81' lang='grc' dir='ltr'>φύλλα</span> 
     </span>
     <span class='ocr_line' id='line_1_17' title="bbox 314 965 1324 1014; baseline 0.002 -16"><span class='ocrx_word' id='word_1_131' title='bbox 314 966 376 999; x_wconf 77' lang='grc' dir='ltr'>καὶ</span> <span class='ocrx_word' id='word_1_132' title='bbox 400 965 515 1008; x_wconf 77' lang='grc' dir='ltr'>φλοιός</span> <span class='ocrx_word' id='word_1_133' title='bbox 547 965 611 1011; x_wconf 81' lang='grc' dir='ltr'>γῆς</span> <span class='ocrx_word' id='word_1_134' title='bbox 637 967 785 1008; x_wconf 83' lang='grc' dir='ltr'>μᾶλλον·</span> <span class='ocrx_word' id='word_1_135' title='bbox 813 966 866 999; x_wconf 83' lang='grc' dir='ltr'>ἔτι</span> <span class='ocrx_word' id='word_1_136' title='bbox 891 966 1076 1011; x_wconf 71' lang='grc' dir='ltr'>ἤλεκτρον,</span> <span class='ocrx_word' id='word_1_137' title='bbox 1103 969 1249 1014; x_wconf 76' lang='grc' dir='ltr'>σμύρνα,</span> <span class='ocrx_word' id='word_1_138' title='bbox 1274 971 1324 1000; x_wconf 85' lang='grc' dir='ltr'>λί-</span> 
     </span>
     <span class='ocr_line' id='line_1_18' title="bbox 291 1006 1320 1058; baseline 0.003 -15"><span class='ocrx_word' id='word_1_139' title='bbox 291 1024 292 1030; x_wconf 59' lang='grc'>’</span> <span class='ocrx_word' id='word_1_140' title='bbox 315 1011 420 1052; x_wconf 87' lang='grc' dir='ltr'>βανος</span> <span class='ocrx_word' id='word_1_141' title='bbox 443 1012 502 1043; x_wconf 77' lang='grc' dir='ltr'>καὶ</span> <span class='ocrx_word' id='word_1_142' title='bbox 527 1009 647 1042; x_wconf 69' lang='grc' dir='ltr'>πάντα</span> <span class='ocrx_word' id='word_1_143' title='bbox 673 1012 721 1044; x_wconf 76' lang='grc' dir='ltr'>τοὶ</span> <span class='ocrx_word' id='word_1_144' title='bbox 744 1006 876 1055; x_wconf 76' lang='grc' dir='ltr'>δάκρυα</span> <span class='ocrx_word' id='word_1_145' title='bbox 899 1011 1088 1058; x_wconf 86' lang='grc' dir='ltr'>λεγόμενα,</span> <span class='ocrx_word' id='word_1_146' title='bbox 1114 1016 1173 1046; x_wconf 81' lang='grc' dir='ltr'>καὶ</span> <span class='ocrx_word' id='word_1_147' title='bbox 1198 1014 1320 1056; x_wconf 84' lang='grc' dir='ltr'>πῶρος,</span> 
     </span>
     <span class='ocr_line' id='line_1_19' title="bbox 314 1054 1322 1102; baseline 0.001 -15"><span class='ocrx_word' id='word_1_148' title='bbox 314 1057 375 1088; x_wconf 81' lang='grc' dir='ltr'>καὶ</span> <span class='ocrx_word' id='word_1_149' title='bbox 401 1054 430 1087; x_wconf 87' lang='grc' dir='ltr'>οἱ</span> <span class='ocrx_word' id='word_1_150' title='bbox 453 1056 593 1099; x_wconf 80' lang='grc' dir='ltr'>καρποὶ,</span> <span class='ocrx_word' id='word_1_151' title='bbox 623 1055 690 1087; x_wconf 84' lang='grc' dir='ltr'>οἷον</span> <span class='ocrx_word' id='word_1_152' title='bbox 708 1055 757 1088; x_wconf 82' lang='grc' dir='ltr'>τοὶ</span> <span class='ocrx_word' id='word_1_153' title='bbox 780 1055 934 1102; x_wconf 79' lang='grc' dir='ltr'>χέδροπα</span> <span class='ocrx_word' id='word_1_154' title='bbox 959 1058 1016 1088; x_wconf 78' lang='grc' dir='ltr'>καὶ</span> <span class='ocrx_word' id='word_1_155' title='bbox 1041 1062 1152 1096; x_wconf 81' lang='grc' dir='ltr'>σῖτος·</span> <span class='ocrx_word' id='word_1_156' title='bbox 1179 1059 1227 1092; x_wconf 80' lang='grc' dir='ltr'>τοὶ</span> <span class='ocrx_word' id='word_1_157' title='bbox 1251 1069 1322 1090; x_wconf 82' lang='grc' dir='ltr'>τοι-</span> 
     </span>
     <span class='ocr_line' id='line_1_20' title="bbox 317 1096 1320 1155; baseline 0.002 -23"><span class='ocrx_word' id='word_1_158' title='bbox 317 1101 412 1132; x_wconf 82' lang='grc' dir='ltr'>αῦτα</span> <span class='ocrx_word' id='word_1_159' title='bbox 456 1100 494 1144; x_wconf 84' lang='grc' dir='ltr'>ἀρ</span> <span class='ocrx_word' id='word_1_160' title='bbox 521 1099 569 1131; x_wconf 81' lang='grc' dir='ltr'>τοὶ</span> <span class='ocrx_word' id='word_1_161' title='bbox 588 1099 647 1142; x_wconf 81' lang='grc' dir='ltr'>μὲν</span> <span class='ocrx_word' id='word_1_162' title='bbox 673 1096 816 1155; x_wconf 51' lang='grc' dir='ltr'>σφόδρα,</span> <span class='ocrx_word' id='word_1_163' title='bbox 836 1102 884 1133; x_wconf 75' lang='grc' dir='ltr'>τοὶ</span> <span class='ocrx_word' id='word_1_164' title='bbox 907 1096 935 1132; x_wconf 81' lang='grc' dir='ltr'>δ’</span> <span class='ocrx_word' id='word_1_165' title='bbox 957 1100 1066 1138; x_wconf 78' lang='grc' dir='ltr'>ἦττον</span> <span class='ocrx_word' id='word_1_166' title='bbox 1091 1103 1151 1146; x_wconf 80' lang='grc' dir='ltr'>μὲν</span> <span class='ocrx_word' id='word_1_167' title='bbox 1173 1101 1320 1142; x_wconf 81' lang='grc' dir='ltr'>τούτων,</span> 
     </span>
     <span class='ocr_line' id='line_1_21' title="bbox 314 1142 1323 1191; baseline 0.003 -15"><span class='ocrx_word' id='word_1_168' title='bbox 314 1144 405 1190; x_wconf 82' lang='grc' dir='ltr'>ὅμως</span> <span class='ocrx_word' id='word_1_169' title='bbox 452 1146 466 1178; x_wconf 79' lang='grc' dir='ltr'><em>ὲ</em></span> <span class='ocrx_word' id='word_1_170' title='bbox 491 1144 572 1191; x_wconf 73' lang='grc' dir='ltr'>γῆς·</span> <span class='ocrx_word' id='word_1_171' title='bbox 601 1145 649 1176; x_wconf 75' lang='grc' dir='ltr'>τοὶ</span> <span class='ocrx_word' id='word_1_172' title='bbox 669 1156 728 1188; x_wconf 87' lang='grc' dir='ltr'>μεν</span> <span class='ocrx_word' id='word_1_173' title='bbox 753 1145 818 1191; x_wconf 65' lang='grc' dir='ltr'>γάρ</span> <span class='ocrx_word' id='word_1_174' title='bbox 844 1146 1024 1190; x_wconf 82' lang='grc' dir='ltr'>μαλακτοὶ,</span> <span class='ocrx_word' id='word_1_175' title='bbox 1043 1148 1091 1179; x_wconf 79' lang='grc' dir='ltr'>τοὶ</span> <span class='ocrx_word' id='word_1_176' title='bbox 1107 1142 1145 1178; x_wconf 77' lang='grc' dir='ltr'>δὲ</span> <span class='ocrx_word' id='word_1_177' title='bbox 1170 1145 1323 1191; x_wconf 83' lang='grc' dir='ltr'>θυμιατοί</span> 
     </span>
     <span class='ocr_line' id='line_1_22' title="bbox 313 1189 1320 1242; baseline 0.001 -21"><span class='ocrx_word' id='word_1_178' title='bbox 313 1192 372 1222; x_wconf 78' lang='grc' dir='ltr'>καὶ</span> <span class='ocrx_word' id='word_1_179' title='bbox 396 1189 741 1237; x_wconf 16' lang='grc' dir='ltr'>ψύξειγγεγενημὲμα·</span> <span class='ocrx_word' id='word_1_180' title='bbox 768 1190 822 1222; x_wconf 89' lang='grc' dir='ltr'>ἔτι</span> <span class='ocrx_word' id='word_1_181' title='bbox 846 1192 971 1242; x_wconf 87' lang='grc' dir='ltr'>νίτρον,</span> <span class='ocrx_word' id='word_1_182' title='bbox 992 1190 1083 1232; x_wconf 77' lang='grc' dir='ltr'>ἅλες,</span> <span class='ocrx_word' id='word_1_183' title='bbox 1100 1192 1199 1222; x_wconf 80' lang='grc' dir='ltr'>λίθων</span> <span class='ocrx_word' id='word_1_184' title='bbox 1225 1191 1320 1238; x_wconf 82' lang='grc' dir='ltr'>γένη,</span> 
     </span>
     <span class='ocr_line' id='line_1_23' title="bbox 312 1231 1321 1292; baseline 0.003 -28"><span class='ocrx_word' id='word_1_185' title='bbox 312 1233 496 1292; x_wconf 61' lang='grc' dir='ltr'>ὄπ’μῆτε</span> <span class='ocrx_word' id='word_1_186' title='bbox 531 1231 645 1277; x_wconf 74' lang='grc' dir='ltr'>ψύξει,</span> <span class='ocrx_word' id='word_1_187' title='bbox 672 1233 762 1279; x_wconf 74' lang='grc' dir='ltr'>μήτε</span> <span class='ocrx_word' id='word_1_188' title='bbox 795 1246 922 1272; x_wconf 82' lang='grc' dir='ltr'>τηκτα.</span> <span class='ocrx_word' id='word_1_189' title='bbox 961 1235 1051 1279; x_wconf 79' lang='grc' dir='ltr'>Αἷμα</span> <span class='ocrx_word' id='word_1_190' title='bbox 1085 1234 1122 1267; x_wconf 80' lang='grc' dir='ltr'>δὲ</span> <span class='ocrx_word' id='word_1_191' title='bbox 1154 1237 1212 1267; x_wconf 79' lang='grc' dir='ltr'>καὶ</span> <span class='ocrx_word' id='word_1_192' title='bbox 1237 1235 1321 1282; x_wconf 74' lang='grc' dir='ltr'>γονή</span> 
     </span>
     <span class='ocr_line' id='line_1_24' title="bbox 313 1275 1321 1332; baseline 0.001 -21"><span class='ocrx_word' id='word_1_193' title='bbox 313 1290 414 1313; x_wconf 78' lang='grc' dir='ltr'>κοινσι</span> <span class='ocrx_word' id='word_1_194' title='bbox 436 1281 499 1327; x_wconf 73' lang='grc' dir='ltr'>γῆς</span> <span class='ocrx_word' id='word_1_195' title='bbox 523 1278 581 1311; x_wconf 80' lang='grc' dir='ltr'>καὶ</span> <span class='ocrx_word' id='word_1_196' title='bbox 608 1275 735 1317; x_wconf 75' lang='grc' dir='ltr'>ὕδατος</span> <span class='ocrx_word' id='word_1_197' title='bbox 761 1281 819 1311; x_wconf 82' lang='grc' dir='ltr'>καὶ</span> <span class='ocrx_word' id='word_1_198' title='bbox 848 1278 957 1332; x_wconf 77' lang='grc' dir='ltr'>ἀέρος,</span> <span class='ocrx_word' id='word_1_199' title='bbox 980 1280 1022 1312; x_wconf 77' lang='grc' dir='ltr'>τὸ</span> <span class='ocrx_word' id='word_1_200' title='bbox 1046 1279 1105 1324; x_wconf 81' lang='grc' dir='ltr'>μὲν</span> <span class='ocrx_word' id='word_1_201' title='bbox 1131 1279 1208 1325; x_wconf 74' lang='grc' dir='ltr'>ἔχον</span> <span class='ocrx_word' id='word_1_202' title='bbox 1235 1281 1321 1325; x_wconf 81' lang='grc' dir='ltr'>αἷμα</span> 
     </span>
     <span class='ocr_line' id='line_1_25' title="bbox 314 1320 1320 1370; baseline 0.001 -15"><span class='ocrx_word' id='word_1_203' title='bbox 314 1320 389 1363; x_wconf 77' lang='grc' dir='ltr'>ἶνας</span> <span class='ocrx_word' id='word_1_204' title='bbox 414 1327 544 1370; x_wconf 81' lang='grc' dir='ltr'>μᾶλλον</span> <span class='ocrx_word' id='word_1_205' title='bbox 570 1334 580 1344; x_wconf 82' lang='grc'><em>·</em></span> <span class='ocrx_word' id='word_1_206' title='bbox 595 1325 653 1363; x_wconf 83' lang='grc' dir='ltr'>ἧς·</span> <span class='ocrx_word' id='word_1_207' title='bbox 681 1320 734 1356; x_wconf 75' lang='grc' dir='ltr'>διὸ</span> <span class='ocrx_word' id='word_1_208' title='bbox 758 1326 816 1356; x_wconf 79' lang='grc' dir='ltr'>καὶ</span> <span class='ocrx_word' id='word_1_209' title='bbox 867 1324 936 1365; x_wconf 71' lang='grc' dir='ltr'>όξει</span> <span class='ocrx_word' id='word_1_210' title='bbox 958 1323 1134 1370; x_wconf 76' lang='grc' dir='ltr'>πήγνυται</span> <span class='ocrx_word' id='word_1_211' title='bbox 1154 1326 1211 1356; x_wconf 79' lang='grc' dir='ltr'>καὶ</span> <span class='ocrx_word' id='word_1_212' title='bbox 1234 1325 1320 1370; x_wconf 83' lang='grc' dir='ltr'>ύγρῷ</span> 
     </span>
     <span class='ocr_line' id='line_1_26' title="bbox 316 1334 1321 1414; baseline 0 -14"><span class='ocrx_word' id='word_1_213' title='bbox 316 1368 483 1405; x_wconf 78' lang='grc' dir='ltr'>τήκεται·</span> <span class='ocrx_word' id='word_1_214' title='bbox 511 1369 560 1401; x_wconf 80' lang='grc' dir='ltr'>τοὶ</span> <span class='ocrx_word' id='word_1_215' title='bbox 575 1334 614 1403; x_wconf 52' lang='grc' dir='ltr'>ἑὲ</span> <span class='ocrx_word' id='word_1_216' title='bbox 630 1369 678 1414; x_wconf 80' lang='grc' dir='ltr'>μη</span> <span class='ocrx_word' id='word_1_217' title='bbox 697 1369 826 1414; x_wconf 84' lang='grc' dir='ltr'>ἔχοντα</span> <span class='ocrx_word' id='word_1_218' title='bbox 851 1380 923 1406; x_wconf 86' lang='grc' dir='ltr'>ινας</span> <span class='ocrx_word' id='word_1_219' title='bbox 950 1363 1096 1406; x_wconf 67' lang='grc' dir='ltr'>ὕδατος·</span> <span class='ocrx_word' id='word_1_220' title='bbox 1122 1363 1174 1400; x_wconf 72' lang='grc' dir='ltr'>διδ</span> <span class='ocrx_word' id='word_1_221' title='bbox 1199 1370 1257 1400; x_wconf 84' lang='grc' dir='ltr'>καὶ</span> <span class='ocrx_word' id='word_1_222' title='bbox 1284 1369 1321 1400; x_wconf 83' lang='grc' dir='ltr'>οὗ</span> 
     </span>
     <span class='ocr_line' id='line_1_27' title="bbox 316 1410 1320 1469; baseline 0 -23"><span class='ocrx_word' id='word_1_223' title='bbox 316 1413 505 1469; x_wconf 65' lang='grc' dir='ltr'>πήγνυται.</span> <span class='ocrx_word' id='word_1_224' title='bbox 541 1414 626 1451; x_wconf 75' lang='grc' dir='ltr'>Γονῆ</span> <span class='ocrx_word' id='word_1_225' title='bbox 652 1410 690 1446; x_wconf 80' lang='grc' dir='ltr'>δὲ</span> <span class='ocrx_word' id='word_1_226' title='bbox 716 1412 893 1459; x_wconf 75' lang='grc' dir='ltr'>πήγνυται</span> <span class='ocrx_word' id='word_1_227' title='bbox 924 1411 1040 1456; x_wconf 79' lang='grc' dir='ltr'>ψύξει,</span> <span class='ocrx_word' id='word_1_228' title='bbox 1074 1412 1224 1453; x_wconf 82' lang='grc' dir='ltr'>ἐξιόντος</span> <span class='ocrx_word' id='word_1_229' title='bbox 1258 1414 1320 1446; x_wconf 75' lang='grc' dir='ltr'>τοῦ</span> 
     </span>
    </p>
   </div>
   <div class='ocr_carea' id='block_1_4' title="bbox 316 1458 784 1506">
    <p class='ocr_par' dir='ltr' id='par_1_4' title="bbox 316 1458 784 1506">
     <span class='ocr_line' id='line_1_28' title="bbox 316 1458 784 1506; baseline 0.002 -16"><span class='ocrx_word' id='word_1_230' title='bbox 316 1459 418 1506; x_wconf 82' lang='grc' dir='ltr'>ὖγρου</span> <span class='ocrx_word' id='word_1_231' title='bbox 441 1460 536 1504; x_wconf 59' lang='lat' dir='ltr'>,te-cd</span> <span class='ocrx_word' id='word_1_232' title='bbox 562 1460 624 1493; x_wconf 77' lang='grc' dir='ltr'>τοῦ</span> <span class='ocrx_word' id='word_1_233' title='bbox 649 1458 784 1503; x_wconf 81' lang='grc' dir='ltr'>θερμοῦ.</span> 
     </span>
    </p>
   </div>
   <div class='ocr_carea' id='block_1_5' title="bbox 306 1632 1320 1808">
    <p class='ocr_par' dir='ltr' id='par_1_5' title="bbox 306 1632 1320 1801">
     <span class='ocr_line' id='line_1_29' title="bbox 473 1632 1319 1678; baseline -0.002 -10"><span class='ocrx_word' id='word_1_234' title='bbox 473 1669 477 1677; x_wconf 65' lang='grc'>,</span> <span class='ocrx_word' id='word_1_235' title='bbox 507 1643 559 1668; x_wconf 92' lang='lat' dir='ltr'>ost</span> <span class='ocrx_word' id='word_1_236' title='bbox 584 1646 661 1667; x_wconf 91' lang='lat' dir='ltr'>uam</span> <span class='ocrx_word' id='word_1_237' title='bbox 674 1633 900 1678; x_wconf 88' lang='lat' dir='ltr'>Philosophus</span> <span class='ocrx_word' id='word_1_238' title='bbox 917 1633 1145 1667; x_wconf 87' lang='lat' dir='ltr'>determinavit</span> <span class='ocrx_word' id='word_1_239' title='bbox 1160 1633 1200 1667; x_wconf 92' lang='lat' dir='ltr'>de</span> <span class='ocrx_word' id='word_1_240' title='bbox 1218 1632 1319 1678; x_wconf 89' lang='lat' dir='ltr'>quali-</span> 
     </span>
     <span class='ocr_line' id='line_1_30' title="bbox 361 1677 1319 1730; baseline -0.003 -17"><span class='ocrx_word' id='word_1_241' title='bbox 361 1704 390 1721; x_wconf 45' lang='grc'>-,,,</span> <span class='ocrx_word' id='word_1_242' title='bbox 461 1700 481 1708; x_wconf 75' lang='lat'>‹—</span> <span class='ocrx_word' id='word_1_243' title='bbox 507 1680 564 1713; x_wconf 89' lang='lat' dir='ltr'>tati</span> <span class='ocrx_word' id='word_1_244' title='bbox 589 1690 627 1712; x_wconf 92' lang='lat' dir='ltr'>us</span> <span class='ocrx_word' id='word_1_245' title='bbox 647 1679 760 1712; x_wconf 88' lang='lat' dir='ltr'>activis</span> <span class='ocrx_word' id='word_1_246' title='bbox 781 1687 813 1712; x_wconf 92' lang='lat' dir='ltr'>et</span> <span class='ocrx_word' id='word_1_247' title='bbox 829 1679 967 1730; x_wconf 78' lang='lat' dir='ltr'>passivis</span> <span class='ocrx_word' id='word_1_248' title='bbox 983 1677 1166 1712; x_wconf 91' lang='lat' dir='ltr'>secundum</span> <span class='ocrx_word' id='word_1_249' title='bbox 1187 1690 1232 1718; x_wconf 92' lang='lat' dir='ltr'>se,</span> <span class='ocrx_word' id='word_1_250' title='bbox 1253 1686 1319 1711; x_wconf 91' lang='lat' dir='ltr'>tam</span> 
     </span>
     <span class='ocr_line' id='line_1_31' title="bbox 306 1721 1320 1801; baseline -0.004 -42"><span class='ocrx_word' id='word_1_251' title='bbox 306 1747 318 1759; x_wconf 51' lang='lat' dir='ltr'>t</span> <span class='ocrx_word' id='word_1_252' title='bbox 362 1729 367 1749; x_wconf 81' lang='grc'>-“</span> <span class='ocrx_word' id='word_1_253' title='bbox 390 1757 394 1761; x_wconf 87' lang='grc'>,</span> <span class='ocrx_word' id='word_1_254' title='bbox 449 1723 472 1766; x_wconf 94' lang='lat'>5</span> <span class='ocrx_word' id='word_1_255' title='bbox 483 1752 491 1772; x_wconf 38' lang='grc' dir='ltr'><strong><em>ἱ</em></strong></span> <span class='ocrx_word' id='word_1_256' title='bbox 507 1725 541 1757; x_wconf 92' lang='lat' dir='ltr'>in</span> <span class='ocrx_word' id='word_1_257' title='bbox 556 1723 698 1801; x_wconf 66' lang='lat' dir='ltr'>generali</span> <span class='ocrx_word' id='word_1_258' title='bbox 715 1735 814 1768; x_wconf 88' lang='lat' dir='ltr'>quam</span> <span class='ocrx_word' id='word_1_259' title='bbox 831 1735 865 1756; x_wconf 91' lang='lat'>111</span> <span class='ocrx_word' id='word_1_260' title='bbox 881 1722 1013 1767; x_wconf 90' lang='lat' dir='ltr'>speciali</span> <span class='ocrx_word' id='word_1_261' title='bbox 1035 1722 1075 1756; x_wconf 95' lang='lat' dir='ltr'>de</span> <span class='ocrx_word' id='word_1_262' title='bbox 1093 1721 1230 1766; x_wconf 87' lang='lat' dir='ltr'>singulis</span> <span class='ocrx_word' id='word_1_263' title='bbox 1248 1734 1320 1766; x_wconf 90' lang='lat' dir='ltr'>spe-</span> 
     </span>
    </p>

    <p class='ocr_par' dir='ltr' id='par_1_6' title="bbox 361 1766 1320 1808">
     <span class='ocr_line' id='line_1_32' title="bbox 361 1766 1320 1808; baseline -0.002 -7"><span class='ocrx_word' id='word_1_264' title='bbox 361 1767 370 1774; x_wconf 60' lang='lat'><em>*</em></span> <span class='ocrx_word' id='word_1_265' title='bbox 406 1778 410 1779; x_wconf 51' lang='lat'><em>⁷</em></span> <span class='ocrx_word' id='word_1_266' title='bbox 580 1780 619 1801; x_wconf 90' lang='lat' dir='ltr'>us</span> <span class='ocrx_word' id='word_1_267' title='bbox 643 1778 770 1808; x_wconf 88' lang='lat' dir='ltr'>eorum,</span> <span class='ocrx_word' id='word_1_268' title='bbox 795 1779 884 1800; x_wconf 92' lang='lat' dir='ltr'>nunc</span> <span class='ocrx_word' id='word_1_269' title='bbox 910 1767 1104 1801; x_wconf 86' lang='lat' dir='ltr'>determinat</span> <span class='ocrx_word' id='word_1_270' title='bbox 1128 1766 1167 1800; x_wconf 94' lang='lat' dir='ltr'>de</span> <span class='ocrx_word' id='word_1_271' title='bbox 1191 1767 1237 1800; x_wconf 86' lang='lat' dir='ltr'>eis</span> <span class='ocrx_word' id='word_1_272' title='bbox 1285 1778 1320 1800; x_wconf 93' lang='lat' dir='ltr'>er</span> 
     </span>
    </p>
   </div>
   <div class='ocr_carea' id='block_1_6' title="bbox 292 1647 506 1846">
    <p class='ocr_par' dir='ltr' id='par_1_7' title="bbox 292 1647 506 1846">
     <span class='ocr_line' id='line_1_33' title="bbox 292 1647 506 1846; baseline 0 0"><span class='ocrx_word' id='word_1_273' title='bbox 292 1647 506 1846; x_wconf 95' lang='lat' dir='ltr'>  </span> 
     </span>
    </p>
   </div>
   <div class='ocr_carea' id='block_1_7' title="bbox 246 1806 1328 3687">
    <p class='ocr_par' dir='ltr' id='par_1_8' title="bbox 246 1806 1328 3327">
     <span class='ocr_line' id='line_1_34' title="bbox 306 1806 1319 1857; baseline -0.002 -11"><span class='ocrx_word' id='word_1_274' title='bbox 306 1830 324 1834; x_wconf 82' lang='lat'>..</span> <span class='ocrx_word' id='word_1_275' title='bbox 396 1842 397 1845; x_wconf 72' lang='grc'>,</span> <span class='ocrx_word' id='word_1_276' title='bbox 453 1806 460 1830; x_wconf 84' lang='grc'><strong><em>”</em></strong></span> <span class='ocrx_word' id='word_1_277' title='bbox 508 1813 790 1857; x_wconf 85' lang='lat' dir='ltr'>comparationem</span> <span class='ocrx_word' id='word_1_278' title='bbox 806 1811 846 1846; x_wconf 91' lang='lat' dir='ltr'>ad</span> <span class='ocrx_word' id='word_1_279' title='bbox 860 1823 1008 1856; x_wconf 86' lang='lat' dir='ltr'>corpora.</span> <span class='ocrx_word' id='word_1_280' title='bbox 1023 1812 1065 1845; x_wconf 92' lang='lat' dir='ltr'>Et</span> <span class='ocrx_word' id='word_1_281' title='bbox 1077 1812 1161 1844; x_wconf 93' lang='lat' dir='ltr'>circa</span> <span class='ocrx_word' id='word_1_282' title='bbox 1174 1810 1238 1844; x_wconf 92' lang='lat' dir='ltr'>hoc</span> <span class='ocrx_word' id='word_1_283' title='bbox 1274 1823 1319 1844; x_wconf 94' lang='lat' dir='ltr'>uo</span> 
     </span>
     <span class='ocr_line' id='line_1_35' title="bbox 246 1854 1319 1903; baseline -0.004 -11"><span class='ocrx_word' id='word_1_284' title='bbox 246 1857 341 1893; x_wconf 88' lang='lat' dir='ltr'>facit:</span> <span class='ocrx_word' id='word_1_285' title='bbox 358 1859 467 1903; x_wconf 89' lang='lat' dir='ltr'>primo</span> <span class='ocrx_word' id='word_1_286' title='bbox 484 1857 680 1892; x_wconf 89' lang='lat' dir='ltr'>determinat</span> <span class='ocrx_word' id='word_1_287' title='bbox 699 1856 739 1890; x_wconf 94' lang='lat' dir='ltr'>de</span> <span class='ocrx_word' id='word_1_288' title='bbox 778 1854 966 1890; x_wconf 72' lang='lat' dir='ltr'>ualita‘tibus</span> <span class='ocrx_word' id='word_1_289' title='bbox 991 1857 1148 1900; x_wconf 89' lang='lat' dir='ltr'>passivis;</span> <span class='ocrx_word' id='word_1_290' title='bbox 1171 1855 1319 1889; x_wconf 91' lang='lat' dir='ltr'>secundo</span> 
     </span>
     <span class='ocr_line' id='line_1_36' title="bbox 248 1869 1319 1949; baseline -0.004 -12"><span class='ocrx_word' id='word_1_291' title='bbox 248 1902 290 1938; x_wconf 89' lang='lat' dir='ltr'>de</span> <span class='ocrx_word' id='word_1_292' title='bbox 303 1902 513 1949; x_wconf 87' lang='lat' dir='ltr'>qualitatibus</span> <span class='ocrx_word' id='word_1_293' title='bbox 530 1902 655 1942; x_wconf 88' lang='lat' dir='ltr'>activis,</span> <span class='ocrx_word' id='word_1_294' title='bbox 672 1901 731 1935; x_wconf 86' lang='lat' dir='ltr'>ibi:</span> <span class='ocrx_word' id='word_1_295' title='bbox 749 1869 868 1944; x_wconf 47' lang='lat' dir='ltr'>gualia</span> <span class='ocrx_word' id='word_1_296' title='bbox 883 1907 983 1934; x_wconf 78' lang='lat' dir='ltr'>autem</span> <span class='ocrx_word' id='word_1_297' title='bbox 999 1901 1099 1935; x_wconf 85' lang='lat' dir='ltr'>calida</span> <span class='ocrx_word' id='word_1_298' title='bbox 1110 1902 1127 1922; x_wconf 85' lang='grc'>*</span> <span class='ocrx_word' id='word_1_299' title='bbox 1143 1909 1204 1933; x_wconf 89' lang='lat' dir='ltr'>etc.</span> <span class='ocrx_word' id='word_1_300' title='bbox 1224 1901 1319 1934; x_wconf 90' lang='lat' dir='ltr'>Circa</span> 
     </span>
     <span class='ocr_line' id='line_1_37' title="bbox 247 1945 1320 1994; baseline -0.005 -12"><span class='ocrx_word' id='word_1_301' title='bbox 247 1948 395 1994; x_wconf 88' lang='lat' dir='ltr'>primum</span> <span class='ocrx_word' id='word_1_302' title='bbox 411 1947 479 1981; x_wconf 94' lang='lat' dir='ltr'>duo</span> <span class='ocrx_word' id='word_1_303' title='bbox 503 1946 595 1980; x_wconf 91' lang='lat' dir='ltr'>facit:</span> <span class='ocrx_word' id='word_1_304' title='bbox 621 1947 729 1990; x_wconf 92' lang='lat' dir='ltr'>primo</span> <span class='ocrx_word' id='word_1_305' title='bbox 777 1946 933 1979; x_wconf 83' lang='lat' dir='ltr'>raemittit</span> <span class='ocrx_word' id='word_1_306' title='bbox 976 1945 1114 1979; x_wconf 87' lang='lat' dir='ltr'>uaedam</span> <span class='ocrx_word' id='word_1_307' title='bbox 1138 1945 1320 1978; x_wconf 81' lang='lat' dir='ltr'>necessaria</span> 
     </span>
     <span class='ocr_line' id='line_1_38' title="bbox 247 1958 1319 2038; baseline -0.006 -10"><span class='ocrx_word' id='word_1_308' title='bbox 247 1992 290 2028; x_wconf 79' lang='lat' dir='ltr'>ad</span> <span class='ocrx_word' id='word_1_309' title='bbox 314 1993 542 2038; x_wconf 86' lang='lat' dir='ltr'>propositum3</span> <span class='ocrx_word' id='word_1_310' title='bbox 567 1990 715 2024; x_wconf 89' lang='lat' dir='ltr'>secundo</span> <span class='ocrx_word' id='word_1_311' title='bbox 740 1958 935 2024; x_wconf 61' lang='lat' dir='ltr'>determinat</span> <span class='ocrx_word' id='word_1_312' title='bbox 951 1958 990 2023; x_wconf 68' lang='lat' dir='ltr'>de</span> <span class='ocrx_word' id='word_1_313' title='bbox 1038 1988 1226 2023; x_wconf 90' lang='lat' dir='ltr'>ualitatibus</span> <span class='ocrx_word' id='word_1_314' title='bbox 1244 2001 1319 2033; x_wconf 87' lang='lat' dir='ltr'>pas-</span> 
     </span>
     <span class='ocr_line' id='line_1_39' title="bbox 248 2002 1320 2082; baseline -0.005 -10"><span class='ocrx_word' id='word_1_315' title='bbox 248 2038 328 2072; x_wconf 92' lang='lat' dir='ltr'>sivis</span> <span class='ocrx_word' id='word_1_316' title='bbox 351 2049 410 2082; x_wconf 83' lang='lat' dir='ltr'>per</span> <span class='ocrx_word' id='word_1_317' title='bbox 446 2036 729 2081; x_wconf 88' lang='lat' dir='ltr'>comparationem</span> <span class='ocrx_word' id='word_1_318' title='bbox 761 2034 802 2068; x_wconf 91' lang='lat' dir='ltr'>ad</span> <span class='ocrx_word' id='word_1_319' title='bbox 831 2046 987 2079; x_wconf 86' lang='lat' dir='ltr'>corpora,</span> <span class='ocrx_word' id='word_1_320' title='bbox 1015 2002 1075 2068; x_wconf 79' lang='lat' dir='ltr'>ibi:</span> <span class='ocrx_word' id='word_1_321' title='bbox 1111 2034 1320 2068; x_wconf 76' lang='lat' dir='ltr'>Humidorum</span> 
     </span>
     <span class='ocr_line' id='line_1_40' title="bbox 247 2079 1319 2128; baseline -0.006 -11"><span class='ocrx_word' id='word_1_322' title='bbox 247 2083 366 2128; x_wconf 77' lang='lat' dir='ltr'>quidem</span> <span class='ocrx_word' id='word_1_323' title='bbox 390 2082 485 2126; x_wconf 77' lang='lat' dir='ltr'>igitur</span> <span class='ocrx_word' id='word_1_324' title='bbox 499 2080 515 2098; x_wconf 84' lang='grc'><strong><em>*</em></strong></span> <span class='ocrx_word' id='word_1_325' title='bbox 531 2089 591 2114; x_wconf 92' lang='lat' dir='ltr'>etc.</span> <span class='ocrx_word' id='word_1_326' title='bbox 617 2080 793 2120; x_wconf 89' lang='lat' dir='ltr'>Quantum</span> <span class='ocrx_word' id='word_1_327' title='bbox 811 2079 851 2113; x_wconf 88' lang='lat' dir='ltr'>ad</span> <span class='ocrx_word' id='word_1_328' title='bbox 867 2080 1012 2124; x_wconf 87' lang='lat' dir='ltr'>primum</span> <span class='ocrx_word' id='word_1_329' title='bbox 1038 2079 1148 2123; x_wconf 86' lang='lat' dir='ltr'>igitur,</span> <span class='ocrx_word' id='word_1_330' title='bbox 1172 2079 1319 2122; x_wconf 92' lang='lat' dir='ltr'>primum</span> 
     </span>
     <span class='ocr_line' id='line_1_41' title="bbox 249 2123 1321 2173; baseline -0.005 -12"><span class='ocrx_word' id='word_1_331' title='bbox 249 2127 341 2173; x_wconf 90' lang='lat' dir='ltr'>quod</span> <span class='ocrx_word' id='word_1_332' title='bbox 363 2126 538 2160; x_wconf 88' lang='lat' dir='ltr'>reassumit</span> <span class='ocrx_word' id='word_1_333' title='bbox 561 2137 601 2159; x_wconf 84' lang='lat' dir='ltr'>ex</span> <span class='ocrx_word' id='word_1_334' title='bbox 624 2123 867 2169; x_wconf 90' lang='lat' dir='ltr'>superioribus,</span> <span class='ocrx_word' id='word_1_335' title='bbox 895 2133 944 2157; x_wconf 91' lang='lat' dir='ltr'>est</span> <span class='ocrx_word' id='word_1_336' title='bbox 966 2123 1057 2168; x_wconf 94' lang='lat' dir='ltr'>quod</span> <span class='ocrx_word' id='word_1_337' title='bbox 1081 2134 1220 2168; x_wconf 87' lang='lat' dir='ltr'>corpora</span> <span class='ocrx_word' id='word_1_338' title='bbox 1244 2131 1321 2156; x_wconf 91' lang='lat' dir='ltr'>sunt</span> 
     </span>
     <span class='ocr_line' id='line_1_42' title="bbox 247 2168 1321 2216; baseline -0.006 -10"><span class='ocrx_word' id='word_1_339' title='bbox 247 2172 284 2206; x_wconf 91' lang='lat' dir='ltr'>in</span> <span class='ocrx_word' id='word_1_340' title='bbox 307 2171 431 2216; x_wconf 89' lang='lat' dir='ltr'>duplici</span> <span class='ocrx_word' id='word_1_341' title='bbox 455 2170 648 2204; x_wconf 89' lang='lat' dir='ltr'>differentia.</span> <span class='ocrx_word' id='word_1_342' title='bbox 674 2168 850 2210; x_wconf 89' lang='lat' dir='ltr'>Quaedam</span> <span class='ocrx_word' id='word_1_343' title='bbox 874 2169 963 2202; x_wconf 90' lang='lat' dir='ltr'>enim</span> <span class='ocrx_word' id='word_1_344' title='bbox 987 2177 1065 2201; x_wconf 91' lang='lat' dir='ltr'>sunt</span> <span class='ocrx_word' id='word_1_345' title='bbox 1083 2168 1321 2201; x_wconf 88' lang='lat' dir='ltr'>homoeomera</span> 
     </span>
     <span class='ocr_line' id='line_1_43' title="bbox 248 2212 1320 2260; baseline -0.006 -9"><span class='ocrx_word' id='word_1_346' title='bbox 248 2217 318 2251; x_wconf 88' lang='lat' dir='ltr'>sive</span> <span class='ocrx_word' id='word_1_347' title='bbox 342 2216 569 2260; x_wconf 88' lang='lat' dir='ltr'>homogenea:</span> <span class='ocrx_word' id='word_1_348' title='bbox 587 2223 620 2248; x_wconf 90' lang='lat' dir='ltr'>et</span> <span class='ocrx_word' id='word_1_349' title='bbox 635 2213 711 2247; x_wconf 89' lang='lat' dir='ltr'>talia</span> <span class='ocrx_word' id='word_1_350' title='bbox 728 2222 805 2246; x_wconf 93' lang='lat' dir='ltr'>sunt</span> <span class='ocrx_word' id='word_1_351' title='bbox 828 2214 862 2246; x_wconf 93' lang='lat' dir='ltr'>in</span> <span class='ocrx_word' id='word_1_352' title='bbox 879 2212 998 2258; x_wconf 92' lang='lat' dir='ltr'>quibus</span> <span class='ocrx_word' id='word_1_353' title='bbox 1014 2221 1122 2257; x_wconf 89' lang='lat' dir='ltr'>partes</span> <span class='ocrx_word' id='word_1_354' title='bbox 1139 2221 1217 2246; x_wconf 90' lang='lat' dir='ltr'>sunt</span> <span class='ocrx_word' id='word_1_355' title='bbox 1236 2212 1320 2246; x_wconf 89' lang='lat' dir='ltr'>eius-</span> 
     </span>
     <span class='ocr_line' id='line_1_44' title="bbox 249 2255 1320 2301; baseline -0.007 -5"><span class='ocrx_word' id='word_1_356' title='bbox 249 2260 326 2296; x_wconf 88' lang='lat' dir='ltr'>dem</span> <span class='ocrx_word' id='word_1_357' title='bbox 349 2262 486 2294; x_wconf 89' lang='lat' dir='ltr'>rationis</span> <span class='ocrx_word' id='word_1_358' title='bbox 510 2268 542 2293; x_wconf 91' lang='lat' dir='ltr'>et</span> <span class='ocrx_word' id='word_1_359' title='bbox 565 2259 711 2292; x_wconf 91' lang='lat' dir='ltr'>nominis</span> <span class='ocrx_word' id='word_1_360' title='bbox 736 2269 812 2291; x_wconf 90' lang='lat' dir='ltr'>cum</span> <span class='ocrx_word' id='word_1_361' title='bbox 835 2266 919 2299; x_wconf 93' lang='lat' dir='ltr'>toto,</span> <span class='ocrx_word' id='word_1_362' title='bbox 944 2257 1029 2290; x_wconf 90' lang='lat' dir='ltr'>sicut</span> <span class='ocrx_word' id='word_1_363' title='bbox 1052 2268 1148 2301; x_wconf 87' lang='lat' dir='ltr'>aqua,</span> <span class='ocrx_word' id='word_1_364' title='bbox 1167 2265 1263 2297; x_wconf 90' lang='lat' dir='ltr'>terra,</span> <span class='ocrx_word' id='word_1_365' title='bbox 1284 2255 1320 2289; x_wconf 90' lang='lat' dir='ltr'>li—</span> 
     </span>
     <span class='ocr_line' id='line_1_45' title="bbox 248 2300 1322 2352; baseline -0.007 -12"><span class='ocrx_word' id='word_1_366' title='bbox 248 2317 366 2352; x_wconf 87' lang='lat' dir='ltr'>gnum,</span> <span class='ocrx_word' id='word_1_367' title='bbox 383 2305 477 2350; x_wconf 90' lang='lat' dir='ltr'>lapis,</span> <span class='ocrx_word' id='word_1_368' title='bbox 494 2313 527 2338; x_wconf 85' lang='lat' dir='ltr'>et</span> <span class='ocrx_word' id='word_1_369' title='bbox 543 2305 577 2337; x_wconf 92' lang='lat' dir='ltr'>in</span> <span class='ocrx_word' id='word_1_370' title='bbox 594 2302 789 2337; x_wconf 88' lang='lat' dir='ltr'>animalibus</span> <span class='ocrx_word' id='word_1_371' title='bbox 807 2314 894 2343; x_wconf 89' lang='lat' dir='ltr'>caro,</span> <span class='ocrx_word' id='word_1_372' title='bbox 912 2302 1045 2346; x_wconf 88' lang='lat' dir='ltr'>sanguis</span> <span class='ocrx_word' id='word_1_373' title='bbox 1063 2310 1096 2334; x_wconf 92' lang='lat' dir='ltr'>et</span> <span class='ocrx_word' id='word_1_374' title='bbox 1110 2300 1322 2341; x_wconf 82' lang='lat' dir='ltr'>huiusmodi3</span> 
     </span>
     <span class='ocr_line' id='line_1_46' title="bbox 249 2346 1320 2397; baseline -0.007 -12"><span class='ocrx_word' id='word_1_375' title='bbox 249 2351 312 2386; x_wconf 87' lang='lat' dir='ltr'>alia</span> <span class='ocrx_word' id='word_1_376' title='bbox 336 2359 446 2384; x_wconf 90' lang='lat' dir='ltr'>autem</span> <span class='ocrx_word' id='word_1_377' title='bbox 470 2358 548 2382; x_wconf 93' lang='lat' dir='ltr'>sunt</span> <span class='ocrx_word' id='word_1_378' title='bbox 579 2357 837 2382; x_wconf 89' lang='lat' dir='ltr'>anomoeomera</span> <span class='ocrx_word' id='word_1_379' title='bbox 868 2348 936 2380; x_wconf 92' lang='lat' dir='ltr'>sive</span> <span class='ocrx_word' id='word_1_380' title='bbox 968 2346 1207 2390; x_wconf 89' lang='lat' dir='ltr'>heterogenea,</span> <span class='ocrx_word' id='word_1_381' title='bbox 1237 2357 1320 2397; x_wconf 79' lang='lat' dir='ltr'>quae</span> 
     </span>
     <span class='ocr_line' id='line_1_47' title="bbox 249 2389 1322 2435; baseline -0.007 -5"><span class='ocrx_word' id='word_1_382' title='bbox 249 2403 328 2430; x_wconf 86' lang='lat' dir='ltr'>sunt</span> <span class='ocrx_word' id='word_1_383' title='bbox 351 2395 554 2428; x_wconf 86' lang='lat' dir='ltr'>diversarum</span> <span class='ocrx_word' id='word_1_384' title='bbox 585 2393 753 2426; x_wconf 87' lang='lat' dir='ltr'>rationum</span> <span class='ocrx_word' id='word_1_385' title='bbox 777 2392 812 2425; x_wconf 90' lang='lat' dir='ltr'>in</span> <span class='ocrx_word' id='word_1_386' title='bbox 835 2401 908 2425; x_wconf 93' lang='lat' dir='ltr'>toto</span> <span class='ocrx_word' id='word_1_387' title='bbox 936 2400 969 2424; x_wconf 92' lang='lat' dir='ltr'>et</span> <span class='ocrx_word' id='word_1_388' title='bbox 993 2392 1026 2424; x_wconf 91' lang='lat' dir='ltr'>in</span> <span class='ocrx_word' id='word_1_389' title='bbox 1050 2389 1216 2435; x_wconf 90' lang='lat' dir='ltr'>partibus,</span> <span class='ocrx_word' id='word_1_390' title='bbox 1237 2398 1322 2423; x_wconf 86' lang='lat' dir='ltr'>Slcut</span> 
     </span>
     <span class='ocr_line' id='line_1_48' title="bbox 249 2433 1322 2481; baseline -0.007 -7"><span class='ocrx_word' id='word_1_391' title='bbox 249 2439 382 2481; x_wconf 85' lang='lat' dir='ltr'>animal,</span> <span class='ocrx_word' id='word_1_392' title='bbox 398 2439 515 2478; x_wconf 88' lang='lat' dir='ltr'>homo,</span> <span class='ocrx_word' id='word_1_393' title='bbox 531 2437 641 2478; x_wconf 89' lang='lat' dir='ltr'>facies,</span> <span class='ocrx_word' id='word_1_394' title='bbox 658 2447 776 2470; x_wconf 89' lang='lat' dir='ltr'>manus</span> <span class='ocrx_word' id='word_1_395' title='bbox 800 2445 833 2469; x_wconf 93' lang='lat' dir='ltr'>et</span> <span class='ocrx_word' id='word_1_396' title='bbox 856 2435 990 2469; x_wconf 88' lang='lat' dir='ltr'>similia:</span> <span class='ocrx_word' id='word_1_397' title='bbox 1015 2444 1123 2480; x_wconf 89' lang='lat' dir='ltr'>partes</span> <span class='ocrx_word' id='word_1_398' title='bbox 1148 2435 1236 2467; x_wconf 88' lang='lat' dir='ltr'>enirn</span> <span class='ocrx_word' id='word_1_399' title='bbox 1261 2433 1322 2467; x_wconf 94' lang='lat' dir='ltr'>ho-</span> 
     </span>
     <span class='ocr_line' id='line_1_49' title="bbox 249 2480 1322 2519; baseline -0.007 0"><span class='ocrx_word' id='word_1_400' title='bbox 249 2485 349 2519; x_wconf 89' lang='lat' dir='ltr'>minis</span> <span class='ocrx_word' id='word_1_401' title='bbox 373 2493 431 2517; x_wconf 88' lang='lat' dir='ltr'>aut</span> <span class='ocrx_word' id='word_1_402' title='bbox 453 2495 571 2516; x_wconf 90' lang='lat' dir='ltr'>manus</span> <span class='ocrx_word' id='word_1_403' title='bbox 599 2493 668 2515; x_wconf 92' lang='lat' dir='ltr'>non</span> <span class='ocrx_word' id='word_1_404' title='bbox 692 2489 769 2514; x_wconf 90' lang='lat' dir='ltr'>sunt</span> <span class='ocrx_word' id='word_1_405' title='bbox 791 2481 896 2514; x_wconf 91' lang='lat' dir='ltr'>homo</span> <span class='ocrx_word' id='word_1_406' title='bbox 921 2489 978 2513; x_wconf 89' lang='lat' dir='ltr'>aut</span> <span class='ocrx_word' id='word_1_407' title='bbox 996 2491 1124 2513; x_wconf 89' lang='lat' dir='ltr'>manus.</span> <span class='ocrx_word' id='word_1_408' title='bbox 1145 2480 1187 2512; x_wconf 89' lang='lat' dir='ltr'>Et</span> <span class='ocrx_word' id='word_1_409' title='bbox 1210 2480 1322 2512; x_wconf 90' lang='lat' dir='ltr'>omnia</span> 
     </span>
     <span class='ocr_line' id='line_1_50' title="bbox 249 2524 1321 2570; baseline -0.008 -6"><span class='ocrx_word' id='word_1_410' title='bbox 249 2529 327 2564; x_wconf 83' lang='lat' dir='ltr'>talia</span> <span class='ocrx_word' id='word_1_411' title='bbox 346 2527 502 2563; x_wconf 88' lang='lat' dir='ltr'>differunt</span> <span class='ocrx_word' id='word_1_412' title='bbox 532 2526 717 2560; x_wconf 89' lang='lat' dir='ltr'>abinvicem</span> <span class='ocrx_word' id='word_1_413' title='bbox 737 2524 948 2570; x_wconf 91' lang='lat' dir='ltr'>qualitatibus</span> <span class='ocrx_word' id='word_1_414' title='bbox 965 2525 1114 2568; x_wconf 88' lang='lat' dir='ltr'>passivis,</span> <span class='ocrx_word' id='word_1_415' title='bbox 1132 2532 1164 2556; x_wconf 92' lang='lat' dir='ltr'>et</span> <span class='ocrx_word' id='word_1_416' title='bbox 1179 2524 1321 2556; x_wconf 83' lang='lat' dir='ltr'>maxime</span> 
     </span>
     <span class='ocr_line' id='line_1_51' title="bbox 250 2567 1322 2618; baseline -0.007 -10"><span class='ocrx_word' id='word_1_417' title='bbox 250 2572 478 2618; x_wconf 86' lang='lat' dir='ltr'>tangibilibus;</span> <span class='ocrx_word' id='word_1_418' title='bbox 503 2571 660 2606; x_wconf 87' lang='lat' dir='ltr'>differunt</span> <span class='ocrx_word' id='word_1_419' title='bbox 676 2571 775 2604; x_wconf 89' lang='lat' dir='ltr'>etiam</span> <span class='ocrx_word' id='word_1_420' title='bbox 791 2569 960 2609; x_wconf 89' lang='lat' dir='ltr'>odoribus,</span> <span class='ocrx_word' id='word_1_421' title='bbox 978 2568 1150 2612; x_wconf 91' lang='lat' dir='ltr'>saporibus</span> <span class='ocrx_word' id='word_1_422' title='bbox 1175 2577 1207 2601; x_wconf 89' lang='lat' dir='ltr'>et</span> <span class='ocrx_word' id='word_1_423' title='bbox 1230 2567 1322 2600; x_wconf 90' lang='lat' dir='ltr'>colo-</span> 
     </span>
     <span class='ocr_line' id='line_1_52' title="bbox 249 2611 1325 2661; baseline -0.007 -9"><span class='ocrx_word' id='word_1_424' title='bbox 249 2617 340 2652; x_wconf 88' lang='lat' dir='ltr'>ribus</span> <span class='ocrx_word' id='word_1_425' title='bbox 364 2627 398 2652; x_wconf 91' lang='lat' dir='ltr'>et</span> <span class='ocrx_word' id='word_1_426' title='bbox 417 2616 596 2651; x_wconf 88' lang='lat' dir='ltr'>similibus:</span> <span class='ocrx_word' id='word_1_427' title='bbox 618 2616 769 2661; x_wconf 92' lang='lat' dir='ltr'>quamvis</span> <span class='ocrx_word' id='word_1_428' title='bbox 794 2615 864 2647; x_wconf 90' lang='lat' dir='ltr'>istis</span> <span class='ocrx_word' id='word_1_429' title='bbox 887 2612 1097 2658; x_wconf 90' lang='lat' dir='ltr'>qualitatibus</span> <span class='ocrx_word' id='word_1_430' title='bbox 1113 2613 1218 2656; x_wconf 90' lang='lat' dir='ltr'>magis</span> <span class='ocrx_word' id='word_1_431' title='bbox 1235 2611 1325 2645; x_wconf 84' lang='lat' dir='ltr'>diffe-</span> 
     </span>
     <span class='ocr_line' id='line_1_53' title="bbox 250 2657 1323 2706; baseline -0.007 -9"><span class='ocrx_word' id='word_1_432' title='bbox 250 2672 324 2697; x_wconf 86' lang='lat' dir='ltr'>rant</span> <span class='ocrx_word' id='word_1_433' title='bbox 347 2673 487 2706; x_wconf 88' lang='lat' dir='ltr'>corpora</span> <span class='ocrx_word' id='word_1_434' title='bbox 502 2661 742 2694; x_wconf 90' lang='lat' dir='ltr'>homoeomera</span> <span class='ocrx_word' id='word_1_435' title='bbox 761 2671 861 2704; x_wconf 90' lang='lat' dir='ltr'>quam</span> <span class='ocrx_word' id='word_1_436' title='bbox 881 2669 1149 2691; x_wconf 88' lang='lat' dir='ltr'>anomoeomera.</span> <span class='ocrx_word' id='word_1_437' title='bbox 1161 2677 1180 2682; x_wconf 96' lang='lat'><em>-</em></span> <span class='ocrx_word' id='word_1_438' title='bbox 1199 2657 1323 2690; x_wconf 91' lang='lat' dir='ltr'>Secun-</span> 
     </span>
     <span class='ocr_line' id='line_1_54' title="bbox 251 2702 1323 2752; baseline -0.007 -11"><span class='ocrx_word' id='word_1_439' title='bbox 251 2707 333 2742; x_wconf 89' lang='lat' dir='ltr'>dum</span> <span class='ocrx_word' id='word_1_440' title='bbox 357 2706 448 2752; x_wconf 92' lang='lat' dir='ltr'>quod</span> <span class='ocrx_word' id='word_1_441' title='bbox 471 2706 666 2745; x_wconf 82' lang='lat' dir='ltr'>reassumit,</span> <span class='ocrx_word' id='word_1_442' title='bbox 690 2713 740 2737; x_wconf 90' lang='lat' dir='ltr'>est</span> <span class='ocrx_word' id='word_1_443' title='bbox 767 2703 858 2748; x_wconf 92' lang='lat' dir='ltr'>quod</span> <span class='ocrx_word' id='word_1_444' title='bbox 883 2714 980 2736; x_wconf 91' lang='lat' dir='ltr'>causa</span> <span class='ocrx_word' id='word_1_445' title='bbox 1005 2702 1120 2735; x_wconf 88' lang='lat' dir='ltr'>talium</span> <span class='ocrx_word' id='word_1_446' title='bbox 1145 2712 1323 2745; x_wconf 89' lang='lat' dir='ltr'>corporum</span> 
     </span>
     <span class='ocr_line' id='line_1_55' title="bbox 250 2745 1325 2793; baseline -0.007 -7"><span class='ocrx_word' id='word_1_447' title='bbox 250 2750 511 2786; x_wconf 84' lang='lat' dir='ltr'>instrumentalis</span> <span class='ocrx_word' id='word_1_448' title='bbox 535 2759 585 2783; x_wconf 90' lang='lat' dir='ltr'>est</span> <span class='ocrx_word' id='word_1_449' title='bbox 609 2748 740 2793; x_wconf 87' lang='lat' dir='ltr'>duplex.</span> <span class='ocrx_word' id='word_1_450' title='bbox 760 2749 870 2782; x_wconf 90' lang='lat' dir='ltr'>Causa</span> <span class='ocrx_word' id='word_1_451' title='bbox 893 2748 983 2780; x_wconf 89' lang='lat' dir='ltr'>enim</span> <span class='ocrx_word' id='word_1_452' title='bbox 1007 2745 1263 2779; x_wconf 87' lang='lat' dir='ltr'>instrumentalis</span> <span class='ocrx_word' id='word_1_453' title='bbox 1285 2757 1325 2778; x_wconf 84' lang='lat' dir='ltr'>ex</span> 
     </span>
     <span class='ocr_line' id='line_1_56' title="bbox 250 2791 1323 2842; baseline -0.007 -12"><span class='ocrx_word' id='word_1_454' title='bbox 250 2805 343 2842; x_wconf 89' lang='lat' dir='ltr'>parte</span> <span class='ocrx_word' id='word_1_455' title='bbox 359 2796 514 2829; x_wconf 90' lang='lat' dir='ltr'>materiae</span> <span class='ocrx_word' id='word_1_456' title='bbox 531 2803 581 2828; x_wconf 93' lang='lat' dir='ltr'>est</span> <span class='ocrx_word' id='word_1_457' title='bbox 596 2793 773 2827; x_wconf 89' lang='lat' dir='ltr'>humidum</span> <span class='ocrx_word' id='word_1_458' title='bbox 790 2801 822 2826; x_wconf 92' lang='lat' dir='ltr'>et</span> <span class='ocrx_word' id='word_1_459' title='bbox 838 2793 980 2825; x_wconf 88' lang='lat' dir='ltr'>siccum:</span> <span class='ocrx_word' id='word_1_460' title='bbox 1005 2800 1038 2824; x_wconf 91' lang='lat' dir='ltr'>et</span> <span class='ocrx_word' id='word_1_461' title='bbox 1052 2803 1092 2824; x_wconf 83' lang='lat' dir='ltr'>ex</span> <span class='ocrx_word' id='word_1_462' title='bbox 1108 2791 1323 2835; x_wconf 90' lang='lat' dir='ltr'>consequenti</span> 
     </span>
     <span class='ocr_line' id='line_1_57' title="bbox 251 2836 1325 2882; baseline -0.007 -7"><span class='ocrx_word' id='word_1_463' title='bbox 251 2853 350 2875; x_wconf 87' lang='lat' dir='ltr'>causa</span> <span class='ocrx_word' id='word_1_464' title='bbox 373 2839 549 2874; x_wconf 89' lang='lat' dir='ltr'>materialis</span> <span class='ocrx_word' id='word_1_465' title='bbox 566 2839 707 2872; x_wconf 90' lang='lat' dir='ltr'>istorum</span> <span class='ocrx_word' id='word_1_466' title='bbox 724 2846 773 2871; x_wconf 92' lang='lat' dir='ltr'>est</span> <span class='ocrx_word' id='word_1_467' title='bbox 797 2849 882 2882; x_wconf 87' lang='lat' dir='ltr'>aqua</span> <span class='ocrx_word' id='word_1_468' title='bbox 905 2845 938 2869; x_wconf 93' lang='lat' dir='ltr'>et</span> <span class='ocrx_word' id='word_1_469' title='bbox 962 2845 1056 2877; x_wconf 90' lang='lat' dir='ltr'>terra,</span> <span class='ocrx_word' id='word_1_470' title='bbox 1074 2836 1151 2880; x_wconf 90' lang='lat' dir='ltr'>quia</span> <span class='ocrx_word' id='word_1_471' title='bbox 1175 2846 1259 2879; x_wconf 91' lang='lat' dir='ltr'>aqua</span> <span class='ocrx_word' id='word_1_472' title='bbox 1276 2843 1325 2868; x_wconf 89' lang='lat' dir='ltr'>est</span> 
     </span>
     <span class='ocr_line' id='line_1_58' title="bbox 251 2881 1325 2932; baseline -0.008 -12"><span class='ocrx_word' id='word_1_473' title='bbox 251 2887 361 2932; x_wconf 87' lang='lat' dir='ltr'>primo</span> <span class='ocrx_word' id='word_1_474' title='bbox 385 2884 533 2925; x_wconf 89' lang='lat' dir='ltr'>humida,</span> <span class='ocrx_word' id='word_1_475' title='bbox 554 2892 586 2917; x_wconf 93' lang='lat' dir='ltr'>et</span> <span class='ocrx_word' id='word_1_476' title='bbox 609 2892 694 2917; x_wconf 89' lang='lat' dir='ltr'>terra</span> <span class='ocrx_word' id='word_1_477' title='bbox 718 2891 767 2916; x_wconf 93' lang='lat' dir='ltr'>est</span> <span class='ocrx_word' id='word_1_478' title='bbox 786 2883 896 2926; x_wconf 90' lang='lat' dir='ltr'>primo</span> <span class='ocrx_word' id='word_1_479' title='bbox 921 2881 1015 2914; x_wconf 88' lang='lat' dir='ltr'>sicca.</span> <span class='ocrx_word' id='word_1_480' title='bbox 1034 2881 1161 2914; x_wconf 88' lang='lat' dir='ltr'>Causae</span> <span class='ocrx_word' id='word_1_481' title='bbox 1186 2891 1265 2912; x_wconf 90' lang='lat' dir='ltr'>vero</span> <span class='ocrx_word' id='word_1_482' title='bbox 1286 2891 1325 2912; x_wconf 86' lang='lat' dir='ltr'>ex</span> 
     </span>
     <span class='ocr_line' id='line_1_59' title="bbox 251 2923 1325 2976; baseline -0.008 -11"><span class='ocrx_word' id='word_1_483' title='bbox 251 2939 342 2976; x_wconf 87' lang='lat' dir='ltr'>parte</span> <span class='ocrx_word' id='word_1_484' title='bbox 367 2930 493 2974; x_wconf 90' lang='lat' dir='ltr'>agentis</span> <span class='ocrx_word' id='word_1_485' title='bbox 510 2937 589 2962; x_wconf 91' lang='lat' dir='ltr'>sunt</span> <span class='ocrx_word' id='word_1_486' title='bbox 613 2927 756 2961; x_wconf 89' lang='lat' dir='ltr'>calidum</span> <span class='ocrx_word' id='word_1_487' title='bbox 773 2935 805 2960; x_wconf 91' lang='lat' dir='ltr'>et</span> <span class='ocrx_word' id='word_1_488' title='bbox 821 2925 993 2970; x_wconf 87' lang='lat' dir='ltr'>frigidum:</span> <span class='ocrx_word' id='word_1_489' title='bbox 1017 2926 1093 2969; x_wconf 90' lang='lat' dir='ltr'>quia</span> <span class='ocrx_word' id='word_1_490' title='bbox 1110 2924 1185 2957; x_wconf 87' lang='lat' dir='ltr'>talia</span> <span class='ocrx_word' id='word_1_491' title='bbox 1201 2923 1325 2957; x_wconf 89' lang='lat' dir='ltr'>faciunt</span> 
     </span>
     <span class='ocr_line' id='line_1_60' title="bbox 253 2969 1326 3018; baseline -0.008 -9"><span class='ocrx_word' id='word_1_492' title='bbox 253 2984 404 3010; x_wconf 89' lang='lat' dir='ltr'>constare</span> <span class='ocrx_word' id='word_1_493' title='bbox 418 2983 450 3008; x_wconf 92' lang='lat' dir='ltr'>et</span> <span class='ocrx_word' id='word_1_494' title='bbox 467 2973 643 3018; x_wconf 88' lang='lat' dir='ltr'>coagulant</span> <span class='ocrx_word' id='word_1_495' title='bbox 659 2972 735 3006; x_wconf 88' lang='lat' dir='ltr'>talia</span> <span class='ocrx_word' id='word_1_496' title='bbox 752 2982 901 3016; x_wconf 89' lang='lat' dir='ltr'>corpora,</span> <span class='ocrx_word' id='word_1_497' title='bbox 915 2979 947 3004; x_wconf 92' lang='lat' dir='ltr'>et</span> <span class='ocrx_word' id='word_1_498' title='bbox 963 2982 1003 3003; x_wconf 87' lang='lat' dir='ltr'>ex</span> <span class='ocrx_word' id='word_1_499' title='bbox 1016 2969 1231 3014; x_wconf 78' lang='lat' dir='ltr'>consequenti</span> <span class='ocrx_word' id='word_1_500' title='bbox 1249 2977 1326 3001; x_wconf 90' lang='lat' dir='ltr'>sunt</span> 
     </span>
     <span class='ocr_line' id='line_1_61' title="bbox 251 3014 1326 3059; baseline -0.008 -5"><span class='ocrx_word' id='word_1_501' title='bbox 251 3021 367 3054; x_wconf 85' lang='lat' dir='ltr'>activa.</span> <span class='ocrx_word' id='word_1_502' title='bbox 399 3020 441 3053; x_wconf 92' lang='lat' dir='ltr'>Et</span> <span class='ocrx_word' id='word_1_503' title='bbox 465 3018 540 3052; x_wconf 90' lang='lat' dir='ltr'>ideo</span> <span class='ocrx_word' id='word_1_504' title='bbox 565 3015 843 3051; x_wconf 86' lang='lat' dir='ltr'>considerandum</span> <span class='ocrx_word' id='word_1_505' title='bbox 868 3024 917 3049; x_wconf 92' lang='lat' dir='ltr'>est</span> <span class='ocrx_word' id='word_1_506' title='bbox 947 3014 1055 3059; x_wconf 87' lang='lat' dir='ltr'>qualia</span> <span class='ocrx_word' id='word_1_507' title='bbox 1079 3022 1157 3047; x_wconf 90' lang='lat' dir='ltr'>sunt</span> <span class='ocrx_word' id='word_1_508' title='bbox 1187 3024 1326 3057; x_wconf 89' lang='lat' dir='ltr'>corpora</span> 
     </span>
     <span class='ocr_line' id='line_1_62' title="bbox 251 3062 1326 3104; baseline -0.008 -5"><span class='ocrx_word' id='word_1_509' title='bbox 251 3064 502 3104; x_wconf 89' lang='lat' dir='ltr'>homoeomera,</span> <span class='ocrx_word' id='word_1_510' title='bbox 515 3062 640 3096; x_wconf 89' lang='lat' dir='ltr'>scilicet</span> <span class='ocrx_word' id='word_1_511' title='bbox 656 3073 671 3095; x_wconf 94' lang='lat' dir='ltr'>s</span> <span class='ocrx_word' id='word_1_512' title='bbox 697 3062 782 3095; x_wconf 92' lang='lat' dir='ltr'>ecies</span> <span class='ocrx_word' id='word_1_513' title='bbox 795 3070 899 3094; x_wconf 89' lang='lat' dir='ltr'>terrae</span> <span class='ocrx_word' id='word_1_514' title='bbox 916 3068 948 3093; x_wconf 92' lang='lat' dir='ltr'>et</span> <span class='ocrx_word' id='word_1_515' title='bbox 964 3071 1067 3104; x_wconf 92' lang='lat' dir='ltr'>aquae</span> <span class='ocrx_word' id='word_1_516' title='bbox 1084 3067 1116 3092; x_wconf 92' lang='lat' dir='ltr'>et</span> <span class='ocrx_word' id='word_1_517' title='bbox 1131 3069 1326 3091; x_wconf 90' lang='lat' dir='ltr'>communes</span> 
     </span>
     <span class='ocr_line' id='line_1_63' title="bbox 252 3102 1325 3154; baseline -0.008 -11"><span class='ocrx_word' id='word_1_518' title='bbox 252 3110 396 3154; x_wconf 90' lang='lat' dir='ltr'>utrique,</span> <span class='ocrx_word' id='word_1_519' title='bbox 412 3110 611 3154; x_wconf 89' lang='lat' dir='ltr'>inquantum</span> <span class='ocrx_word' id='word_1_520' title='bbox 635 3119 673 3140; x_wconf 92' lang='lat' dir='ltr'>su</span> <span class='ocrx_word' id='word_1_521' title='bbox 698 3115 785 3139; x_wconf 93' lang='lat' dir='ltr'>stant</span> <span class='ocrx_word' id='word_1_522' title='bbox 812 3104 930 3138; x_wconf 90' lang='lat' dir='ltr'>talibus</span> <span class='ocrx_word' id='word_1_523' title='bbox 957 3103 1176 3148; x_wconf 66' lang='lat' dir='ltr'>qualitatibus</span> <span class='ocrx_word' id='word_1_524' title='bbox 1198 3122 1216 3127; x_wconf 96' lang='lat'>-</span> <span class='ocrx_word' id='word_1_525' title='bbox 1242 3102 1325 3135; x_wconf 87' lang='lat' dir='ltr'>Ter-</span> 
     </span>
     <span class='ocr_line' id='line_1_64' title="bbox 252 3146 1328 3197; baseline -0.008 -9"><span class='ocrx_word' id='word_1_526' title='bbox 252 3155 338 3188; x_wconf 90' lang='lat' dir='ltr'>tium</span> <span class='ocrx_word' id='word_1_527' title='bbox 361 3165 441 3187; x_wconf 86' lang='lat' dir='ltr'>vero</span> <span class='ocrx_word' id='word_1_528' title='bbox 466 3161 537 3194; x_wconf 89' lang='lat' dir='ltr'>est,</span> <span class='ocrx_word' id='word_1_529' title='bbox 562 3151 653 3197; x_wconf 91' lang='lat' dir='ltr'>quod</span> <span class='ocrx_word' id='word_1_530' title='bbox 689 3161 869 3195; x_wconf 89' lang='lat' dir='ltr'>corporum</span> <span class='ocrx_word' id='word_1_531' title='bbox 905 3149 1129 3182; x_wconf 89' lang='lat' dir='ltr'>constantium</span> <span class='ocrx_word' id='word_1_532' title='bbox 1165 3146 1227 3180; x_wconf 90' lang='lat' dir='ltr'>alia</span> <span class='ocrx_word' id='word_1_533' title='bbox 1251 3155 1328 3179; x_wconf 92' lang='lat' dir='ltr'>sunt</span> 
     </span>
     <span class='ocr_line' id='line_1_65' title="bbox 252 3191 1326 3239; baseline -0.008 -7"><span class='ocrx_word' id='word_1_534' title='bbox 252 3198 401 3239; x_wconf 89' lang='lat' dir='ltr'>humida,</span> <span class='ocrx_word' id='word_1_535' title='bbox 418 3197 480 3231; x_wconf 90' lang='lat' dir='ltr'>alia</span> <span class='ocrx_word' id='word_1_536' title='bbox 504 3206 582 3230; x_wconf 90' lang='lat' dir='ltr'>sunt</span> <span class='ocrx_word' id='word_1_537' title='bbox 597 3196 688 3236; x_wconf 91' lang='lat' dir='ltr'>dura,</span> <span class='ocrx_word' id='word_1_538' title='bbox 709 3195 770 3228; x_wconf 91' lang='lat' dir='ltr'>alia</span> <span class='ocrx_word' id='word_1_539' title='bbox 787 3194 910 3228; x_wconf 88' lang='lat' dir='ltr'>mollia.</span> <span class='ocrx_word' id='word_1_540' title='bbox 930 3193 995 3227; x_wconf 91' lang='lat' dir='ltr'>Sed</span> <span class='ocrx_word' id='word_1_541' title='bbox 1019 3193 1059 3226; x_wconf 91' lang='lat' dir='ltr'>de</span> <span class='ocrx_word' id='word_1_542' title='bbox 1076 3192 1160 3226; x_wconf 89' lang='lat' dir='ltr'>duro</span> <span class='ocrx_word' id='word_1_543' title='bbox 1180 3201 1212 3224; x_wconf 93' lang='lat' dir='ltr'>et</span> <span class='ocrx_word' id='word_1_544' title='bbox 1232 3191 1326 3224; x_wconf 91' lang='lat' dir='ltr'>molli</span> 
     </span>
     <span class='ocr_line' id='line_1_66' title="bbox 253 3235 1326 3288; baseline -0.008 -11"><span class='ocrx_word' id='word_1_545' title='bbox 253 3244 406 3288; x_wconf 90' lang='lat' dir='ltr'>superius</span> <span class='ocrx_word' id='word_1_546' title='bbox 430 3242 507 3276; x_wconf 87' lang='lat' dir='ltr'>satis</span> <span class='ocrx_word' id='word_1_547' title='bbox 525 3241 651 3275; x_wconf 91' lang='lat' dir='ltr'>dictum</span> <span class='ocrx_word' id='word_1_548' title='bbox 675 3249 735 3279; x_wconf 90' lang='lat' dir='ltr'>est,</span> <span class='ocrx_word' id='word_1_549' title='bbox 753 3238 926 3284; x_wconf 92' lang='lat' dir='ltr'>quomodo</span> <span class='ocrx_word' id='word_1_550' title='bbox 947 3238 1070 3271; x_wconf 90' lang='lat' dir='ltr'>scilicet</span> <span class='ocrx_word' id='word_1_551' title='bbox 1094 3235 1326 3280; x_wconf 86' lang='lat' dir='ltr'>coagulentur:</span> 
     </span>
     <span class='ocr_line' id='line_1_67' title="bbox 253 3282 1038 3327; baseline -0.009 -6"><span class='ocrx_word' id='word_1_552' title='bbox 253 3299 343 3322; x_wconf 91' lang='lat' dir='ltr'>nunc</span> <span class='ocrx_word' id='word_1_553' title='bbox 368 3296 479 3320; x_wconf 90' lang='lat' dir='ltr'>autem</span> <span class='ocrx_word' id='word_1_554' title='bbox 502 3294 602 3319; x_wconf 90' lang='lat' dir='ltr'>restat</span> <span class='ocrx_word' id='word_1_555' title='bbox 626 3284 805 3318; x_wconf 91' lang='lat' dir='ltr'>dicendum</span> <span class='ocrx_word' id='word_1_556' title='bbox 830 3283 869 3316; x_wconf 91' lang='lat' dir='ltr'>de</span> <span class='ocrx_word' id='word_1_557' title='bbox 893 3282 1038 3327; x_wconf 91' lang='lat' dir='ltr'>reliquis.</span> 
     </span>
    </p>

    <p class='ocr_par' dir='ltr' id='par_1_9' title="bbox 254 3325 1327 3687">
     <span class='ocr_line' id='line_1_68' title="bbox 311 3325 1327 3371; baseline -0.008 -6"><span class='ocrx_word' id='word_1_558' title='bbox 311 3342 342 3366; x_wconf 88' lang='lat'>2.</span> <span class='ocrx_word' id='word_1_559' title='bbox 358 3330 488 3365; x_wconf 92' lang='lat' dir='ltr'>Deinde</span> <span class='ocrx_word' id='word_1_560' title='bbox 513 3341 591 3363; x_wconf 91' lang='lat' dir='ltr'>cum</span> <span class='ocrx_word' id='word_1_561' title='bbox 624 3329 719 3362; x_wconf 86' lang='lat' dir='ltr'>dicit:</span> <span class='ocrx_word' id='word_1_562' title='bbox 744 3327 955 3362; x_wconf 84' lang='lat' dir='ltr'>Humidorum</span> <span class='ocrx_word' id='word_1_563' title='bbox 978 3326 1097 3371; x_wconf 78' lang='lat' dir='ltr'>quidem</span> <span class='ocrx_word' id='word_1_564' title='bbox 1126 3325 1220 3368; x_wconf 82' lang='lat' dir='ltr'>igitur</span> <span class='ocrx_word' id='word_1_565' title='bbox 1243 3333 1302 3357; x_wconf 92' lang='lat' dir='ltr'>etc.</span> <span class='ocrx_word' id='word_1_566' title='bbox 1319 3350 1327 3364; x_wconf 91' lang='lat'>‚</span> 
     </span>
     <span class='ocr_line' id='line_1_69' title="bbox 254 3368 1327 3422; baseline -0.008 -12"><span class='ocrx_word' id='word_1_567' title='bbox 254 3377 467 3422; x_wconf 89' lang='lat' dir='ltr'>prosequitur</span> <span class='ocrx_word' id='word_1_568' title='bbox 482 3376 648 3408; x_wconf 91' lang='lat' dir='ltr'>intentum</span> <span class='ocrx_word' id='word_1_569' title='bbox 664 3385 774 3413; x_wconf 88' lang='lat' dir='ltr'>suum,</span> <span class='ocrx_word' id='word_1_570' title='bbox 791 3381 822 3406; x_wconf 91' lang='lat' dir='ltr'>et</span> <span class='ocrx_word' id='word_1_571' title='bbox 846 3371 1041 3405; x_wconf 89' lang='lat' dir='ltr'>determinat</span> <span class='ocrx_word' id='word_1_572' title='bbox 1061 3370 1100 3403; x_wconf 93' lang='lat' dir='ltr'>de</span> <span class='ocrx_word' id='word_1_573' title='bbox 1118 3368 1327 3414; x_wconf 89' lang='lat' dir='ltr'>qualitatibus</span> 
     </span>
     <span class='ocr_line' id='line_1_70' title="bbox 255 3413 1326 3466; baseline -0.009 -11"><span class='ocrx_word' id='word_1_574' title='bbox 255 3432 435 3466; x_wconf 89' lang='lat' dir='ltr'>corporum</span> <span class='ocrx_word' id='word_1_575' title='bbox 451 3420 632 3452; x_wconf 90' lang='lat' dir='ltr'>mixtorum</span> <span class='ocrx_word' id='word_1_576' title='bbox 649 3429 708 3462; x_wconf 91' lang='lat' dir='ltr'>per</span> <span class='ocrx_word' id='word_1_577' title='bbox 725 3417 1007 3461; x_wconf 88' lang='lat' dir='ltr'>comparationem</span> <span class='ocrx_word' id='word_1_578' title='bbox 1023 3414 1064 3448; x_wconf 87' lang='lat' dir='ltr'>ad</span> <span class='ocrx_word' id='word_1_579' title='bbox 1084 3413 1160 3447; x_wconf 88' lang='lat' dir='ltr'>talia</span> <span class='ocrx_word' id='word_1_580' title='bbox 1177 3424 1326 3457; x_wconf 87' lang='lat' dir='ltr'>corpora.</span> 
     </span>
     <span class='ocr_line' id='line_1_71' title="bbox 254 3459 1327 3508; baseline -0.009 -9"><span class='ocrx_word' id='word_1_581' title='bbox 254 3466 369 3499; x_wconf 89' lang='lat' dir='ltr'>Primo</span> <span class='ocrx_word' id='word_1_582' title='bbox 394 3474 473 3508; x_wconf 88' lang='lat' dir='ltr'>ergo</span> <span class='ocrx_word' id='word_1_583' title='bbox 509 3463 703 3497; x_wconf 89' lang='lat' dir='ltr'>determinat</span> <span class='ocrx_word' id='word_1_584' title='bbox 727 3461 767 3495; x_wconf 90' lang='lat' dir='ltr'>de</span> <span class='ocrx_word' id='word_1_585' title='bbox 792 3459 1002 3506; x_wconf 89' lang='lat' dir='ltr'>qualitatibus</span> <span class='ocrx_word' id='word_1_586' title='bbox 1033 3459 1190 3503; x_wconf 85' lang='lat' dir='ltr'>passivis,</span> <span class='ocrx_word' id='word_1_587' title='bbox 1219 3466 1327 3491; x_wconf 89' lang='lat' dir='ltr'>osten-</span> 
     </span>
     <span class='ocr_line' id='line_1_72' title="bbox 255 3503 1326 3554; baseline -0.009 -10"><span class='ocrx_word' id='word_1_588' title='bbox 255 3510 365 3544; x_wconf 90' lang='lat' dir='ltr'>dendo</span> <span class='ocrx_word' id='word_1_589' title='bbox 390 3520 474 3554; x_wconf 89' lang='lat' dir='ltr'>quae</span> <span class='ocrx_word' id='word_1_590' title='bbox 499 3519 638 3552; x_wconf 91' lang='lat' dir='ltr'>corpora</span> <span class='ocrx_word' id='word_1_591' title='bbox 663 3515 740 3540; x_wconf 91' lang='lat' dir='ltr'>sunt</span> <span class='ocrx_word' id='word_1_592' title='bbox 763 3506 868 3549; x_wconf 88' lang='lat' dir='ltr'>magis</span> <span class='ocrx_word' id='word_1_593' title='bbox 892 3504 1039 3544; x_wconf 85' lang='lat' dir='ltr'>humida,</span> <span class='ocrx_word' id='word_1_594' title='bbox 1059 3512 1092 3536; x_wconf 92' lang='lat' dir='ltr'>et</span> <span class='ocrx_word' id='word_1_595' title='bbox 1115 3514 1198 3547; x_wconf 88' lang='lat' dir='ltr'>quae</span> <span class='ocrx_word' id='word_1_596' title='bbox 1222 3503 1326 3545; x_wconf 87' lang='lat' dir='ltr'>magis</span> 
     </span>
     <span class='ocr_line' id='line_1_73' title="bbox 254 3548 1326 3598; baseline -0.009 -10"><span class='ocrx_word' id='word_1_597' title='bbox 254 3555 341 3588; x_wconf 88' lang='lat' dir='ltr'>sicca</span> <span class='ocrx_word' id='word_1_598' title='bbox 365 3566 383 3587; x_wconf 92' lang='lat' dir='ltr'>a</span> <span class='ocrx_word' id='word_1_599' title='bbox 407 3552 647 3598; x_wconf 88' lang='lat' dir='ltr'>praedominio.</span> <span class='ocrx_word' id='word_1_600' title='bbox 673 3552 715 3585; x_wconf 89' lang='lat' dir='ltr'>Et</span> <span class='ocrx_word' id='word_1_601' title='bbox 738 3550 817 3584; x_wconf 90' lang='lat' dir='ltr'>dicit</span> <span class='ocrx_word' id='word_1_602' title='bbox 848 3548 939 3594; x_wconf 92' lang='lat' dir='ltr'>quod</span> <span class='ocrx_word' id='word_1_603' title='bbox 964 3548 1115 3581; x_wconf 90' lang='lat' dir='ltr'>omnium</span> <span class='ocrx_word' id='word_1_604' title='bbox 1148 3557 1326 3590; x_wconf 88' lang='lat' dir='ltr'>corporum</span> 
     </span>
     <span class='ocr_line' id='line_1_74' title="bbox 255 3590 1327 3641; baseline -0.009 -9"><span class='ocrx_word' id='word_1_605' title='bbox 255 3600 437 3632; x_wconf 89' lang='lat' dir='ltr'>mixtorum</span> <span class='ocrx_word' id='word_1_606' title='bbox 462 3606 510 3631; x_wconf 90' lang='lat' dir='ltr'>est</span> <span class='ocrx_word' id='word_1_607' title='bbox 534 3596 652 3641; x_wconf 87' lang='lat' dir='ltr'>triplex</span> <span class='ocrx_word' id='word_1_608' title='bbox 676 3595 862 3629; x_wconf 89' lang='lat' dir='ltr'>diversitas:</span> <span class='ocrx_word' id='word_1_609' title='bbox 884 3605 961 3626; x_wconf 90' lang='lat' dir='ltr'>nam</span> <span class='ocrx_word' id='word_1_610' title='bbox 981 3592 1142 3637; x_wconf 90' lang='lat' dir='ltr'>quaedam</span> <span class='ocrx_word' id='word_1_611' title='bbox 1167 3599 1244 3623; x_wconf 92' lang='lat' dir='ltr'>sunt</span> <span class='ocrx_word' id='word_1_612' title='bbox 1267 3590 1327 3623; x_wconf 93' lang='lat' dir='ltr'>hu-</span> 
     </span>
     <span class='ocr_line' id='line_1_75' title="bbox 254 3636 1327 3687; baseline -0.01 -10"><span class='ocrx_word' id='word_1_613' title='bbox 254 3643 355 3684; x_wconf 86' lang='lat' dir='ltr'>mida,</span> <span class='ocrx_word' id='word_1_614' title='bbox 371 3653 409 3676; x_wconf 94' lang='lat' dir='ltr'>ut</span> <span class='ocrx_word' id='word_1_615' title='bbox 432 3643 558 3687; x_wconf 92' lang='lat' dir='ltr'>species</span> <span class='ocrx_word' id='word_1_616' title='bbox 583 3652 703 3686; x_wconf 88' lang='lat' dir='ltr'>aquae:</span> <span class='ocrx_word' id='word_1_617' title='bbox 726 3639 835 3684; x_wconf 89' lang='lat' dir='ltr'>aliqua</span> <span class='ocrx_word' id='word_1_618' title='bbox 852 3646 929 3671; x_wconf 90' lang='lat' dir='ltr'>sunt</span> <span class='ocrx_word' id='word_1_619' title='bbox 952 3636 1075 3677; x_wconf 90' lang='lat' dir='ltr'>mollia,</span> <span class='ocrx_word' id='word_1_620' title='bbox 1092 3636 1177 3668; x_wconf 88' lang='lat' dir='ltr'>sicut</span> <span class='ocrx_word' id='word_1_621' title='bbox 1201 3646 1276 3668; x_wconf 92' lang='lat' dir='ltr'>caro</span> <span class='ocrx_word' id='word_1_622' title='bbox 1295 3643 1327 3667; x_wconf 90' lang='lat' dir='ltr'>et</span> 
     </span>
    </p>
   </div>
   <div class='ocr_carea' id='block_1_8' title="bbox 2360 292 2441 318">
    <p class='ocr_par' dir='ltr' id='par_1_10' title="bbox 2360 292 2441 318">
     <span class='ocr_line' id='line_1_76' title="bbox 2360 292 2441 318; baseline 0.012 -1"><span class='ocrx_word' id='word_1_623' title='bbox 2360 292 2441 318; x_wconf 89' lang='lat' dir='ltr'><strong>CXLI</strong></span> 
     </span>
    </p>
   </div>
   <div class='ocr_carea' id='block_1_9' title="bbox 1442 354 2443 1588">
    <p class='ocr_par' dir='ltr' id='par_1_11' title="bbox 1442 354 2443 1588">
     <span class='ocr_line' id='line_1_77' title="bbox 1443 354 2443 404; baseline 0.007 -21"><span class='ocrx_word' id='word_1_624' title='bbox 1443 354 1586 404; x_wconf 69' lang='lat' dir='ltr'>nendum</span> <span class='ocrx_word' id='word_1_625' title='bbox 1598 361 1655 393; x_wconf 88' lang='lat' dir='ltr'>est,</span> <span class='ocrx_word' id='word_1_626' title='bbox 1672 361 1702 385; x_wconf 90' lang='lat' dir='ltr'>et</span> <span class='ocrx_word' id='word_1_627' title='bbox 1714 365 1935 396; x_wconf 88' lang='lat' dir='ltr'>quaecumque</span> <span class='ocrx_word' id='word_1_628' title='bbox 1949 356 2117 397; x_wconf 88' lang='lat' dir='ltr'>liquefiunt</span> <span class='ocrx_word' id='word_1_629' title='bbox 2129 358 2167 388; x_wconf 83' lang='lat' dir='ltr'>ab</span> <span class='ocrx_word' id='word_1_630' title='bbox 2180 358 2262 398; x_wconf 88' lang='lat' dir='ltr'>igne,</span> <span class='ocrx_word' id='word_1_631' title='bbox 2276 359 2352 390; x_wconf 89' lang='lat' dir='ltr'>haec</span> <span class='ocrx_word' id='word_1_632' title='bbox 2368 365 2443 391; x_wconf 89' lang='lat' dir='ltr'>sunt</span> 
     </span>
     <span class='ocr_line' id='line_1_78' title="bbox 1442 399 2438 441; baseline 0.006 -13"><span class='ocrx_word' id='word_1_633' title='bbox 1442 406 1629 438; x_wconf 71' lang='lat' dir='ltr'>aquosrora:</span> <span class='ocrx_word' id='word_1_634' title='bbox 1654 399 1812 440; x_wconf 81' lang='lat' dir='ltr'>quaedam</span> <span class='ocrx_word' id='word_1_635' title='bbox 1835 407 1942 430; x_wconf 87' lang='lat' dir='ltr'>autem</span> <span class='ocrx_word' id='word_1_636' title='bbox 1966 407 1997 431; x_wconf 91' lang='lat' dir='ltr'>et</span> <span class='ocrx_word' id='word_1_637' title='bbox 2020 402 2218 441; x_wconf 89' lang='lat' dir='ltr'>communia,</span> <span class='ocrx_word' id='word_1_638' title='bbox 2242 403 2329 434; x_wconf 90' lang='lat' dir='ltr'>velut</span> <span class='ocrx_word' id='word_1_639' title='bbox 2352 411 2438 434; x_wconf 85' lang='lat' dir='ltr'>cera:</span> 
     </span>
     <span class='ocr_line' id='line_1_79' title="bbox 1443 444 2441 488; baseline 0.006 -16"><span class='ocrx_word' id='word_1_640' title='bbox 1443 452 1665 484; x_wconf 84' lang='lat' dir='ltr'>quaecumque</span> <span class='ocrx_word' id='word_1_641' title='bbox 1688 450 1796 474; x_wconf 87' lang='lat' dir='ltr'>autern</span> <span class='ocrx_word' id='word_1_642' title='bbox 1813 445 1851 475; x_wconf 91' lang='lat' dir='ltr'>ab</span> <span class='ocrx_word' id='word_1_643' title='bbox 1868 454 1961 485; x_wconf 88' lang='lat' dir='ltr'>aqua,</span> <span class='ocrx_word' id='word_1_644' title='bbox 1985 444 2062 475; x_wconf 85' lang='lat' dir='ltr'>haec</span> <span class='ocrx_word' id='word_1_645' title='bbox 2081 452 2195 476; x_wconf 87' lang='lat' dir='ltr'>terrae:</span> <span class='ocrx_word' id='word_1_646' title='bbox 2220 457 2441 488; x_wconf 86' lang='lat' dir='ltr'>quaecumque</span> 
     </span>
     <span class='ocr_line' id='line_1_80' title="bbox 1443 487 2441 528; baseline 0.006 -12"><span class='ocrx_word' id='word_1_647' title='bbox 1443 493 1552 517; x_wconf 89' lang='lat' dir='ltr'>autem</span> <span class='ocrx_word' id='word_1_648' title='bbox 1575 488 1613 518; x_wconf 90' lang='lat' dir='ltr'>ab</span> <span class='ocrx_word' id='word_1_649' title='bbox 1637 487 1753 526; x_wconf 83' lang='lat' dir='ltr'>altero,</span> <span class='ocrx_word' id='word_1_650' title='bbox 1784 488 1861 519; x_wconf 83' lang='lat' dir='ltr'>haec</span> <span class='ocrx_word' id='word_1_651' title='bbox 1892 495 1947 520; x_wconf 88' lang='lat' dir='ltr'>aut</span> <span class='ocrx_word' id='word_1_652' title='bbox 1976 495 2092 528; x_wconf 87' lang='lat' dir='ltr'>terrae,</span> <span class='ocrx_word' id='word_1_653' title='bbox 2123 497 2178 520; x_wconf 90' lang='lat' dir='ltr'>aut</span> <span class='ocrx_word' id='word_1_654' title='bbox 2204 491 2383 522; x_wconf 88' lang='lat' dir='ltr'>amborum.</span> <span class='ocrx_word' id='word_1_655' title='bbox 2408 491 2441 522; x_wconf 87' lang='lat' dir='ltr'>Si</span> 
     </span>
     <span class='ocr_line' id='line_1_81' title="bbox 1442 530 2440 573; baseline 0.006 -13"><span class='ocrx_word' id='word_1_656' title='bbox 1442 530 1538 570; x_wconf 87' lang='lat' dir='ltr'>igitur</span> <span class='ocrx_word' id='word_1_657' title='bbox 1553 531 1663 562; x_wconf 86' lang='lat' dir='ltr'>omnia</span> <span class='ocrx_word' id='word_1_658' title='bbox 1685 532 1817 573; x_wconf 88' lang='lat' dir='ltr'>quidem</span> <span class='ocrx_word' id='word_1_659' title='bbox 1832 539 1887 564; x_wconf 88' lang='lat' dir='ltr'>aut</span> <span class='ocrx_word' id='word_1_660' title='bbox 1901 533 2034 563; x_wconf 89' lang='lat' dir='ltr'>humida</span> <span class='ocrx_word' id='word_1_661' title='bbox 2057 540 2112 564; x_wconf 87' lang='lat' dir='ltr'>aut</span> <span class='ocrx_word' id='word_1_662' title='bbox 2133 535 2306 573; x_wconf 84' lang='lat' dir='ltr'>coagulata,</span> <span class='ocrx_word' id='word_1_663' title='bbox 2323 535 2440 566; x_wconf 86' lang='lat' dir='ltr'>horum</span> 
     </span>
     <span class='ocr_line' id='line_1_82' title="bbox 1444 576 2439 617; baseline 0.005 -12"><span class='ocrx_word' id='word_1_664' title='bbox 1444 582 1552 605; x_wconf 89' lang='lat' dir='ltr'>autem</span> <span class='ocrx_word' id='word_1_665' title='bbox 1576 576 1652 606; x_wconf 91' lang='lat' dir='ltr'>haec</span> <span class='ocrx_word' id='word_1_666' title='bbox 1675 576 1708 606; x_wconf 93' lang='lat' dir='ltr'>in</span> <span class='ocrx_word' id='word_1_667' title='bbox 1732 576 1822 607; x_wconf 91' lang='lat' dir='ltr'>dictis</span> <span class='ocrx_word' id='word_1_668' title='bbox 1845 577 2058 617; x_wconf 85' lang='lat' dir='ltr'>passionibus,</span> <span class='ocrx_word' id='word_1_669' title='bbox 2083 584 2113 608; x_wconf 89' lang='lat' dir='ltr'>et</span> <span class='ocrx_word' id='word_1_670' title='bbox 2136 588 2202 608; x_wconf 91' lang='lat' dir='ltr'>non</span> <span class='ocrx_word' id='word_1_671' title='bbox 2226 586 2272 608; x_wconf 89' lang='lat' dir='ltr'>est</span> <span class='ocrx_word' id='word_1_672' title='bbox 2294 579 2439 610; x_wconf 87' lang='lat' dir='ltr'>interme-</span> 
     </span>
     <span class='ocr_line' id='line_1_83' title="bbox 1444 619 2440 662; baseline 0.005 -14"><span class='ocrx_word' id='word_1_673' title='bbox 1444 619 1554 658; x_wconf 90' lang='lat' dir='ltr'>dium,</span> <span class='ocrx_word' id='word_1_674' title='bbox 1579 630 1691 651; x_wconf 89' lang='lat' dir='ltr'>omnes</span> <span class='ocrx_word' id='word_1_675' title='bbox 1715 621 1825 662; x_wconf 87' lang='lat' dir='ltr'>utique</span> <span class='ocrx_word' id='word_1_676' title='bbox 1849 628 1941 652; x_wconf 90' lang='lat' dir='ltr'>erunt</span> <span class='ocrx_word' id='word_1_677' title='bbox 1963 621 2064 652; x_wconf 88' lang='lat' dir='ltr'>dictae</span> <span class='ocrx_word' id='word_1_678' title='bbox 2087 622 2203 662; x_wconf 91' lang='lat' dir='ltr'>quibus</span> <span class='ocrx_word' id='word_1_679' title='bbox 2228 622 2440 654; x_wconf 87' lang='lat' dir='ltr'>discernemus</span> 
     </span>
     <span class='ocr_line' id='line_1_84' title="bbox 1444 665 2440 713; baseline 0.004 -20"><span class='ocrx_word' id='word_1_680' title='bbox 1444 670 1553 713; x_wconf 81' lang='lat' dir='ltr'>utrum</span> <span class='ocrx_word' id='word_1_681' title='bbox 1565 670 1673 703; x_wconf 85' lang='lat' dir='ltr'>terrae,</span> <span class='ocrx_word' id='word_1_682' title='bbox 1683 672 1738 696; x_wconf 90' lang='lat' dir='ltr'>aut</span> <span class='ocrx_word' id='word_1_683' title='bbox 1749 675 1861 706; x_wconf 88' lang='lat' dir='ltr'>aquae,</span> <span class='ocrx_word' id='word_1_684' title='bbox 1872 672 1927 696; x_wconf 86' lang='lat' dir='ltr'>aut</span> <span class='ocrx_word' id='word_1_685' title='bbox 1938 665 2080 706; x_wconf 87' lang='lat' dir='ltr'>plurium</span> <span class='ocrx_word' id='word_1_686' title='bbox 2091 673 2277 704; x_wconf 81' lang='lat' dir='ltr'>commune3</span> <span class='ocrx_word' id='word_1_687' title='bbox 2291 674 2321 697; x_wconf 88' lang='lat' dir='ltr'>et</span> <span class='ocrx_word' id='word_1_688' title='bbox 2332 674 2440 698; x_wconf 88' lang='lat' dir='ltr'>utrum</span> 
     </span>
     <span class='ocr_line' id='line_1_85' title="bbox 1444 708 2440 758; baseline 0.004 -21"><span class='ocrx_word' id='word_1_689' title='bbox 1444 708 1482 737; x_wconf 86' lang='lat' dir='ltr'>ab</span> <span class='ocrx_word' id='word_1_690' title='bbox 1490 717 1570 758; x_wconf 49' lang='lat' dir='ltr'>agne</span> <span class='ocrx_word' id='word_1_691' title='bbox 1587 715 1719 746; x_wconf 85' lang='lat' dir='ltr'>constat,</span> <span class='ocrx_word' id='word_1_692' title='bbox 1732 716 1788 740; x_wconf 88' lang='lat' dir='ltr'>aut</span> <span class='ocrx_word' id='word_1_693' title='bbox 1803 709 1927 750; x_wconf 82' lang='lat' dir='ltr'>frigido,</span> <span class='ocrx_word' id='word_1_694' title='bbox 1941 717 1996 741; x_wconf 86' lang='lat' dir='ltr'>aut</span> <span class='ocrx_word' id='word_1_695' title='bbox 2011 710 2178 741; x_wconf 88' lang='lat' dir='ltr'>ambobus.</span> <span class='ocrx_word' id='word_1_696' title='bbox 2195 712 2321 741; x_wconf 89' lang='lat' dir='ltr'>Aurum</span> <span class='ocrx_word' id='word_1_697' title='bbox 2335 711 2440 752; x_wconf 84' lang='lat' dir='ltr'>itaque</span> 
     </span>
     <span class='ocr_line' id='line_1_86' title="bbox 1443 752 2440 801; baseline 0.005 -20"><span class='ocrx_word' id='word_1_698' title='bbox 1443 752 1585 801; x_wconf 67' lang='lat' dir='ltr'>quidem,</span> <span class='ocrx_word' id='word_1_699' title='bbox 1601 759 1631 784; x_wconf 88' lang='lat' dir='ltr'>et</span> <span class='ocrx_word' id='word_1_700' title='bbox 1654 760 1830 793; x_wconf 90' lang='lat' dir='ltr'>argentum,</span> <span class='ocrx_word' id='word_1_701' title='bbox 1846 761 1877 785; x_wconf 90' lang='lat' dir='ltr'>et</span> <span class='ocrx_word' id='word_1_702' title='bbox 1892 764 1955 792; x_wconf 88' lang='lat' dir='ltr'>aes,</span> <span class='ocrx_word' id='word_1_703' title='bbox 1972 761 2003 785; x_wconf 93' lang='lat' dir='ltr'>et</span> <span class='ocrx_word' id='word_1_704' title='bbox 2026 760 2186 793; x_wconf 87' lang='lat' dir='ltr'>stannum,</span> <span class='ocrx_word' id='word_1_705' title='bbox 2204 761 2235 785; x_wconf 91' lang='lat' dir='ltr'>et</span> <span class='ocrx_word' id='word_1_706' title='bbox 2257 755 2440 795; x_wconf 87' lang='lat' dir='ltr'>plumbum,</span> 
     </span>
     <span class='ocr_line' id='line_1_87' title="bbox 1445 798 2440 845; baseline 0.004 -20"><span class='ocrx_word' id='word_1_707' title='bbox 1445 802 1626 845; x_wconf 46' lang='lat' dir='ltr'>et·V1trum,</span> <span class='ocrx_word' id='word_1_708' title='bbox 1651 804 1682 828; x_wconf 92' lang='lat' dir='ltr'>et</span> <span class='ocrx_word' id='word_1_709' title='bbox 1703 798 1823 838; x_wconf 88' lang='lat' dir='ltr'>lapides</span> <span class='ocrx_word' id='word_1_710' title='bbox 1846 798 1940 829; x_wconf 90' lang='lat' dir='ltr'>multi</span> <span class='ocrx_word' id='word_1_711' title='bbox 1962 798 2168 836; x_wconf 82' lang='lat' dir='ltr'>innominati,</span> <span class='ocrx_word' id='word_1_712' title='bbox 2191 806 2307 840; x_wconf 84' lang='lat' dir='ltr'>aquae:</span> <span class='ocrx_word' id='word_1_713' title='bbox 2332 799 2440 830; x_wconf 88' lang='lat' dir='ltr'>omnia</span> 
     </span>
     <span class='ocr_line' id='line_1_88' title="bbox 1445 840 2441 884; baseline 0.005 -15"><span class='ocrx_word' id='word_1_714' title='bbox 1445 849 1531 870; x_wconf 88' lang='lat' dir='ltr'>emm</span> <span class='ocrx_word' id='word_1_715' title='bbox 1556 840 1632 871; x_wconf 80' lang='lat' dir='ltr'>haec</span> <span class='ocrx_word' id='word_1_716' title='bbox 1655 841 1824 882; x_wconf 88' lang='lat' dir='ltr'>liquefiunt</span> <span class='ocrx_word' id='word_1_717' title='bbox 1847 842 1959 873; x_wconf 81' lang='lat' dir='ltr'>calido.</span> <span class='ocrx_word' id='word_1_718' title='bbox 1983 843 2099 873; x_wconf 90' lang='lat' dir='ltr'>Adhuc</span> <span class='ocrx_word' id='word_1_719' title='bbox 2121 843 2195 873; x_wconf 88' lang='lat' dir='ltr'>vina</span> <span class='ocrx_word' id='word_1_720' title='bbox 2217 843 2386 884; x_wconf 79' lang='lat' dir='ltr'>quaedam,</span> <span class='ocrx_word' id='word_1_721' title='bbox 2410 850 2441 874; x_wconf 89' lang='lat' dir='ltr'>et</span> 
     </span>
     <span class='ocr_line' id='line_1_89' title="bbox 1444 884 2439 935; baseline 0.004 -21"><span class='ocrx_word' id='word_1_722' title='bbox 1444 884 1546 935; x_wconf 80' lang='lat' dir='ltr'>urina,</span> <span class='ocrx_word' id='word_1_723' title='bbox 1564 891 1594 915; x_wconf 90' lang='lat' dir='ltr'>et</span> <span class='ocrx_word' id='word_1_724' title='bbox 1610 892 1744 924; x_wconf 88' lang='lat' dir='ltr'>acetum,</span> <span class='ocrx_word' id='word_1_725' title='bbox 1762 893 1792 917; x_wconf 89' lang='lat' dir='ltr'>et</span> <span class='ocrx_word' id='word_1_726' title='bbox 1806 886 1961 924; x_wconf 84' lang='lat' dir='ltr'>lixivium,</span> <span class='ocrx_word' id='word_1_727' title='bbox 1979 893 2009 917; x_wconf 90' lang='lat' dir='ltr'>et</span> <span class='ocrx_word' id='word_1_728' title='bbox 2024 897 2141 925; x_wconf 90' lang='lat' dir='ltr'>serum,</span> <span class='ocrx_word' id='word_1_729' title='bbox 2159 893 2190 918; x_wconf 91' lang='lat' dir='ltr'>et</span> <span class='ocrx_word' id='word_1_730' title='bbox 2204 887 2304 925; x_wconf 83' lang='lat' dir='ltr'>ichor,</span> <span class='ocrx_word' id='word_1_731' title='bbox 2320 895 2439 928; x_wconf 85' lang='lat' dir='ltr'>aquae:</span> 
     </span>
     <span class='ocr_line' id='line_1_90' title="bbox 1444 929 2441 971; baseline 0.004 -13"><span class='ocrx_word' id='word_1_732' title='bbox 1444 938 1554 959; x_wconf 88' lang='lat' dir='ltr'>omma</span> <span class='ocrx_word' id='word_1_733' title='bbox 1584 929 1669 960; x_wconf 91' lang='lat' dir='ltr'>enim</span> <span class='ocrx_word' id='word_1_734' title='bbox 1700 931 1907 970; x_wconf 86' lang='lat' dir='ltr'>coagulantur</span> <span class='ocrx_word' id='word_1_735' title='bbox 1936 931 2061 971; x_wconf 85' lang='lat' dir='ltr'>frigido.</span> <span class='ocrx_word' id='word_1_736' title='bbox 2093 931 2226 962; x_wconf 88' lang='lat' dir='ltr'>Ferrum</span> <span class='ocrx_word' id='word_1_737' title='bbox 2249 938 2355 962; x_wconf 85' lang='lat' dir='ltr'>autern</span> <span class='ocrx_word' id='word_1_738' title='bbox 2370 954 2379 969; x_wconf 90' lang='lat'>,</span> <span class='ocrx_word' id='word_1_739' title='bbox 2411 938 2441 963; x_wconf 91' lang='lat' dir='ltr'>et</span> 
     </span>
     <span class='ocr_line' id='line_1_91' title="bbox 1444 975 2440 1016; baseline 0.003 -13"><span class='ocrx_word' id='word_1_740' title='bbox 1444 983 1556 1011; x_wconf 92' lang='lat' dir='ltr'>cornu,</span> <span class='ocrx_word' id='word_1_741' title='bbox 1581 980 1611 1004; x_wconf 91' lang='lat' dir='ltr'>et</span> <span class='ocrx_word' id='word_1_742' title='bbox 1634 975 1760 1014; x_wconf 90' lang='lat' dir='ltr'>unguis,</span> <span class='ocrx_word' id='word_1_743' title='bbox 1785 982 1815 1006; x_wconf 88' lang='lat' dir='ltr'>et</span> <span class='ocrx_word' id='word_1_744' title='bbox 1838 985 1884 1013; x_wconf 90' lang='lat' dir='ltr'>os,</span> <span class='ocrx_word' id='word_1_745' title='bbox 1909 982 1940 1006; x_wconf 92' lang='lat' dir='ltr'>et</span> <span class='ocrx_word' id='word_1_746' title='bbox 1962 985 2087 1014; x_wconf 88' lang='lat' dir='ltr'>nervus,</span> <span class='ocrx_word' id='word_1_747' title='bbox 2108 982 2139 1006; x_wconf 91' lang='lat' dir='ltr'>et</span> <span class='ocrx_word' id='word_1_748' title='bbox 2159 975 2294 1015; x_wconf 84' lang='lat' dir='ltr'>lignum,</span> <span class='ocrx_word' id='word_1_749' title='bbox 2319 982 2350 1006; x_wconf 88' lang='lat' dir='ltr'>et</span> <span class='ocrx_word' id='word_1_750' title='bbox 2372 975 2440 1016; x_wconf 88' lang='lat' dir='ltr'>pili,</span> 
     </span>
     <span class='ocr_line' id='line_1_92' title="bbox 1444 1017 2440 1061; baseline 0.003 -14"><span class='ocrx_word' id='word_1_751' title='bbox 1444 1024 1475 1048; x_wconf 92' lang='lat' dir='ltr'>et</span> <span class='ocrx_word' id='word_1_752' title='bbox 1490 1017 1577 1055; x_wconf 85' lang='lat' dir='ltr'>folia,</span> <span class='ocrx_word' id='word_1_753' title='bbox 1600 1024 1631 1048; x_wconf 91' lang='lat' dir='ltr'>et</span> <span class='ocrx_word' id='word_1_754' title='bbox 1654 1026 1768 1056; x_wconf 81' lang='lat' dir='ltr'>cortex,</span> <span class='ocrx_word' id='word_1_755' title='bbox 1789 1026 1887 1050; x_wconf 87' lang='lat' dir='ltr'>terrae</span> <span class='ocrx_word' id='word_1_756' title='bbox 1911 1019 2020 1059; x_wconf 84' lang='lat' dir='ltr'>magis.</span> <span class='ocrx_word' id='word_1_757' title='bbox 2045 1019 2160 1050; x_wconf 90' lang='lat' dir='ltr'>Adhuc</span> <span class='ocrx_word' id='word_1_758' title='bbox 2176 1020 2337 1057; x_wconf 89' lang='lat' dir='ltr'>electrum,</span> <span class='ocrx_word' id='word_1_759' title='bbox 2354 1030 2440 1061; x_wconf 87' lang='lat' dir='ltr'>myr-</span> 
     </span>
     <span class='ocr_line' id='line_1_93' title="bbox 1443 1061 2440 1104; baseline 0.003 -12"><span class='ocrx_word' id='word_1_760' title='bbox 1443 1061 1510 1098; x_wconf 85' lang='lat' dir='ltr'>rha,</span> <span class='ocrx_word' id='word_1_761' title='bbox 1527 1062 1612 1100; x_wconf 87' lang='lat' dir='ltr'>thus,</span> <span class='ocrx_word' id='word_1_762' title='bbox 1632 1069 1663 1094; x_wconf 85' lang='lat' dir='ltr'>et</span> <span class='ocrx_word' id='word_1_763' title='bbox 1681 1063 1789 1093; x_wconf 88' lang='lat' dir='ltr'>omnia</span> <span class='ocrx_word' id='word_1_764' title='bbox 1808 1063 1889 1094; x_wconf 85' lang='lat' dir='ltr'>dicta</span> <span class='ocrx_word' id='word_1_765' title='bbox 1904 1064 2060 1102; x_wconf 82' lang='lat' dir='ltr'>lacrimae,</span> <span class='ocrx_word' id='word_1_766' title='bbox 2077 1070 2107 1094; x_wconf 91' lang='lat' dir='ltr'>et</span> <span class='ocrx_word' id='word_1_767' title='bbox 2130 1074 2238 1104; x_wconf 90' lang='lat' dir='ltr'>porus,</span> <span class='ocrx_word' id='word_1_768' title='bbox 2256 1070 2286 1095; x_wconf 94' lang='lat' dir='ltr'>et</span> <span class='ocrx_word' id='word_1_769' title='bbox 2308 1063 2440 1103; x_wconf 83' lang='lat' dir='ltr'>fructus,</span> 
     </span>
     <span class='ocr_line' id='line_1_94' title="bbox 1442 1106 2440 1148; baseline 0.003 -13"><span class='ocrx_word' id='word_1_770' title='bbox 1442 1106 1530 1136; x_wconf 89' lang='lat' dir='ltr'>velut</span> <span class='ocrx_word' id='word_1_771' title='bbox 1552 1106 1714 1146; x_wconf 87' lang='lat' dir='ltr'>legumina</span> <span class='ocrx_word' id='word_1_772' title='bbox 1737 1114 1767 1138; x_wconf 92' lang='lat' dir='ltr'>et</span> <span class='ocrx_word' id='word_1_773' title='bbox 1791 1107 2006 1146; x_wconf 80' lang='lat' dir='ltr'>frumentum3</span> <span class='ocrx_word' id='word_1_774' title='bbox 2035 1118 2117 1148; x_wconf 86' lang='lat' dir='ltr'>quae</span> <span class='ocrx_word' id='word_1_775' title='bbox 2141 1108 2213 1138; x_wconf 89' lang='lat' dir='ltr'>talia</span> <span class='ocrx_word' id='word_1_776' title='bbox 2237 1108 2338 1145; x_wconf 91' lang='lat' dir='ltr'>enim,</span> <span class='ocrx_word' id='word_1_777' title='bbox 2363 1108 2440 1139; x_wconf 90' lang='lat' dir='ltr'>haec</span> 
     </span>
     <span class='ocr_line' id='line_1_95' title="bbox 1442 1150 2440 1191; baseline 0.003 -11"><span class='ocrx_word' id='word_1_778' title='bbox 1442 1150 1572 1191; x_wconf 90' lang='lat' dir='ltr'>quidem</span> <span class='ocrx_word' id='word_1_779' title='bbox 1595 1151 1696 1189; x_wconf 84' lang='lat' dir='ltr'>valde,</span> <span class='ocrx_word' id='word_1_780' title='bbox 1716 1151 1792 1181; x_wconf 87' lang='lat' dir='ltr'>haec</span> <span class='ocrx_word' id='word_1_781' title='bbox 1815 1159 1920 1182; x_wconf 90' lang='lat' dir='ltr'>autem</span> <span class='ocrx_word' id='word_1_782' title='bbox 1944 1152 2050 1182; x_wconf 91' lang='lat' dir='ltr'>minus</span> <span class='ocrx_word' id='word_1_783' title='bbox 2073 1152 2201 1190; x_wconf 91' lang='lat' dir='ltr'>horum,</span> <span class='ocrx_word' id='word_1_784' title='bbox 2218 1159 2355 1182; x_wconf 82' lang='lat' dir='ltr'>attamen</span> <span class='ocrx_word' id='word_1_785' title='bbox 2378 1159 2440 1183; x_wconf 92' lang='lat' dir='ltr'>ter-</span> 
     </span>
     <span class='ocr_line' id='line_1_96' title="bbox 1443 1195 2439 1235; baseline 0.002 -11"><span class='ocrx_word' id='word_1_786' title='bbox 1443 1202 1511 1224; x_wconf 88' lang='lat' dir='ltr'>rae:</span> <span class='ocrx_word' id='word_1_787' title='bbox 1537 1195 1613 1225; x_wconf 88' lang='lat' dir='ltr'>haec</span> <span class='ocrx_word' id='word_1_788' title='bbox 1629 1195 1760 1235; x_wconf 92' lang='lat' dir='ltr'>quidem</span> <span class='ocrx_word' id='word_1_789' title='bbox 1777 1195 1862 1226; x_wconf 89' lang='lat' dir='ltr'>enirn</span> <span class='ocrx_word' id='word_1_790' title='bbox 1878 1196 2113 1234; x_wconf 84' lang='lat' dir='ltr'>mollificabilia,</span> <span class='ocrx_word' id='word_1_791' title='bbox 2130 1196 2206 1227; x_wconf 90' lang='lat' dir='ltr'>haec</span> <span class='ocrx_word' id='word_1_792' title='bbox 2221 1203 2328 1226; x_wconf 87' lang='lat' dir='ltr'>autern</span> <span class='ocrx_word' id='word_1_793' title='bbox 2347 1196 2439 1227; x_wconf 86' lang='lat' dir='ltr'>exha-</span> 
     </span>
     <span class='ocr_line' id='line_1_97' title="bbox 1442 1238 2438 1280; baseline 0.003 -12"><span class='ocrx_word' id='word_1_794' title='bbox 1442 1238 1548 1269; x_wconf 86' lang='lat' dir='ltr'>labilia</span> <span class='ocrx_word' id='word_1_795' title='bbox 1581 1245 1611 1269; x_wconf 93' lang='lat' dir='ltr'>et</span> <span class='ocrx_word' id='word_1_796' title='bbox 1641 1239 1873 1280; x_wconf 85' lang='lat' dir='ltr'>infrigidatione</span> <span class='ocrx_word' id='word_1_797' title='bbox 1904 1240 1993 1271; x_wconf 87' lang='lat' dir='ltr'>facta.</span> <span class='ocrx_word' id='word_1_798' title='bbox 2029 1241 2144 1271; x_wconf 88' lang='lat' dir='ltr'>Adhuc</span> <span class='ocrx_word' id='word_1_799' title='bbox 2175 1240 2309 1278; x_wconf 89' lang='lat' dir='ltr'>nitrum,</span> <span class='ocrx_word' id='word_1_800' title='bbox 2342 1241 2438 1279; x_wconf 87' lang='lat' dir='ltr'>sales,</span> 
     </span>
     <span class='ocr_line' id='line_1_98' title="bbox 1442 1282 2439 1325; baseline 0.002 -13"><span class='ocrx_word' id='word_1_801' title='bbox 1442 1282 1587 1322; x_wconf 83' lang='lat' dir='ltr'>lapidum</span> <span class='ocrx_word' id='word_1_802' title='bbox 1610 1293 1734 1323; x_wconf 89' lang='lat' dir='ltr'>genera,</span> <span class='ocrx_word' id='word_1_803' title='bbox 1759 1294 1978 1325; x_wconf 88' lang='lat' dir='ltr'>quaecumque</span> <span class='ocrx_word' id='word_1_804' title='bbox 2002 1294 2105 1325; x_wconf 89' lang='lat' dir='ltr'>neque</span> <span class='ocrx_word' id='word_1_805' title='bbox 2128 1284 2361 1324; x_wconf 87' lang='lat' dir='ltr'>infrigidatione</span> <span class='ocrx_word' id='word_1_806' title='bbox 2385 1295 2439 1315; x_wconf 90' lang='lat' dir='ltr'>ne-</span> 
     </span>
     <span class='ocr_line' id='line_1_99' title="bbox 1443 1323 2439 1368; baseline 0.001 -11"><span class='ocrx_word' id='word_1_807' title='bbox 1443 1337 1505 1368; x_wconf 90' lang='lat' dir='ltr'>que</span> <span class='ocrx_word' id='word_1_808' title='bbox 1522 1327 1738 1367; x_wconf 89' lang='lat' dir='ltr'>coagulabilia.</span> <span class='ocrx_word' id='word_1_809' title='bbox 1759 1328 1893 1368; x_wconf 82' lang='lat' dir='ltr'>Sanguis</span> <span class='ocrx_word' id='word_1_810' title='bbox 1916 1336 2023 1359; x_wconf 86' lang='lat' dir='ltr'>autern</span> <span class='ocrx_word' id='word_1_811' title='bbox 2040 1336 2070 1359; x_wconf 92' lang='lat' dir='ltr'>et</span> <span class='ocrx_word' id='word_1_812' title='bbox 2085 1328 2238 1368; x_wconf 86' lang='lat' dir='ltr'>genitura,</span> <span class='ocrx_word' id='word_1_813' title='bbox 2255 1323 2439 1359; x_wconf 77' lang='lat' dir='ltr'>communia</span> 
     </span>
     <span class='ocr_line' id='line_1_100' title="bbox 1442 1372 2438 1413; baseline 0.002 -12"><span class='ocrx_word' id='word_1_814' title='bbox 1442 1377 1540 1401; x_wconf 86' lang='lat' dir='ltr'>terrae</span> <span class='ocrx_word' id='word_1_815' title='bbox 1560 1378 1591 1402; x_wconf 90' lang='lat' dir='ltr'>et</span> <span class='ocrx_word' id='word_1_816' title='bbox 1614 1381 1714 1412; x_wconf 90' lang='lat' dir='ltr'>aquae</span> <span class='ocrx_word' id='word_1_817' title='bbox 1737 1379 1768 1402; x_wconf 89' lang='lat' dir='ltr'>et</span> <span class='ocrx_word' id='word_1_818' title='bbox 1790 1372 1878 1403; x_wconf 85' lang='lat' dir='ltr'>aeris.</span> <span class='ocrx_word' id='word_1_819' title='bbox 1904 1373 2037 1412; x_wconf 87' lang='lat' dir='ltr'>Sanguis</span> <span class='ocrx_word' id='word_1_820' title='bbox 2060 1373 2191 1413; x_wconf 88' lang='lat' dir='ltr'>quidem</span> <span class='ocrx_word' id='word_1_821' title='bbox 2214 1373 2331 1403; x_wconf 87' lang='lat' dir='ltr'>habens</span> <span class='ocrx_word' id='word_1_822' title='bbox 2355 1373 2438 1412; x_wconf 84' lang='lat' dir='ltr'>inas,</span> 
     </span>
     <span class='ocr_line' id='line_1_101' title="bbox 1443 1415 2438 1457; baseline 0.002 -12"><span class='ocrx_word' id='word_1_823' title='bbox 1443 1415 1544 1454; x_wconf 85' lang='lat' dir='ltr'>magis</span> <span class='ocrx_word' id='word_1_824' title='bbox 1567 1422 1682 1446; x_wconf 87' lang='lat' dir='ltr'>terrae:</span> <span class='ocrx_word' id='word_1_825' title='bbox 1707 1423 1836 1456; x_wconf 88' lang='lat' dir='ltr'>propter</span> <span class='ocrx_word' id='word_1_826' title='bbox 1859 1417 1947 1457; x_wconf 92' lang='lat' dir='ltr'>quod</span> <span class='ocrx_word' id='word_1_827' title='bbox 1971 1417 2085 1456; x_wconf 88' lang='lat' dir='ltr'>frigore</span> <span class='ocrx_word' id='word_1_828' title='bbox 2108 1417 2302 1457; x_wconf 86' lang='lat' dir='ltr'>coagulatur,</span> <span class='ocrx_word' id='word_1_829' title='bbox 2327 1423 2357 1447; x_wconf 91' lang='lat' dir='ltr'>et</span> <span class='ocrx_word' id='word_1_830' title='bbox 2379 1417 2438 1447; x_wconf 91' lang='lat' dir='ltr'>hu-</span> 
     </span>
     <span class='ocr_line' id='line_1_102' title="bbox 1443 1459 2440 1501; baseline 0.003 -13"><span class='ocrx_word' id='word_1_831' title='bbox 1443 1459 1532 1489; x_wconf 89' lang='lat' dir='ltr'>mido</span> <span class='ocrx_word' id='word_1_832' title='bbox 1549 1459 1702 1500; x_wconf 90' lang='lat' dir='ltr'>liquescit.</span> <span class='ocrx_word' id='word_1_833' title='bbox 1715 1461 1789 1490; x_wconf 91' lang='lat' dir='ltr'>Non</span> <span class='ocrx_word' id='word_1_834' title='bbox 1802 1460 1950 1491; x_wconf 87' lang='lat' dir='ltr'>habentes</span> <span class='ocrx_word' id='word_1_835' title='bbox 1967 1467 2074 1491; x_wconf 85' lang='lat' dir='ltr'>autem</span> <span class='ocrx_word' id='word_1_836' title='bbox 2089 1460 2166 1499; x_wconf 92' lang='lat' dir='ltr'>inas,</span> <span class='ocrx_word' id='word_1_837' title='bbox 2183 1468 2297 1501; x_wconf 89' lang='lat' dir='ltr'>aquae:</span> <span class='ocrx_word' id='word_1_838' title='bbox 2310 1468 2440 1501; x_wconf 88' lang='lat' dir='ltr'>propter</span> 
     </span>
     <span class='ocr_line' id='line_1_103' title="bbox 1444 1503 2437 1545; baseline 0.002 -12"><span class='ocrx_word' id='word_1_839' title='bbox 1444 1503 1533 1544; x_wconf 92' lang='lat' dir='ltr'>quod</span> <span class='ocrx_word' id='word_1_840' title='bbox 1557 1510 1587 1534; x_wconf 89' lang='lat' dir='ltr'>et</span> <span class='ocrx_word' id='word_1_841' title='bbox 1610 1514 1675 1534; x_wconf 91' lang='lat' dir='ltr'>non</span> <span class='ocrx_word' id='word_1_842' title='bbox 1701 1505 1917 1544; x_wconf 86' lang='lat' dir='ltr'>coagulantur.</span> <span class='ocrx_word' id='word_1_843' title='bbox 1948 1505 2101 1536; x_wconf 90' lang='lat' dir='ltr'>Genitura</span> <span class='ocrx_word' id='word_1_844' title='bbox 2123 1512 2231 1535; x_wconf 90' lang='lat' dir='ltr'>autem</span> <span class='ocrx_word' id='word_1_845' title='bbox 2254 1505 2437 1545; x_wconf 87' lang='lat' dir='ltr'>coagulatur</span> 
     </span>
     <span class='ocr_line' id='line_1_104' title="bbox 1442 1547 2232 1588; baseline 0.003 -11"><span class='ocrx_word' id='word_1_846' title='bbox 1442 1547 1687 1588; x_wconf 88' lang='lat' dir='ltr'>infrigidatione,</span> <span class='ocrx_word' id='word_1_847' title='bbox 1711 1555 1843 1579; x_wconf 84' lang='lat' dir='ltr'>exeunte</span> <span class='ocrx_word' id='word_1_848' title='bbox 1866 1549 1999 1579; x_wconf 90' lang='lat' dir='ltr'>humido</span> <span class='ocrx_word' id='word_1_849' title='bbox 2024 1559 2097 1580; x_wconf 91' lang='lat' dir='ltr'>cum</span> <span class='ocrx_word' id='word_1_850' title='bbox 2120 1549 2232 1580; x_wconf 83' lang='lat' dir='ltr'>calido.</span> 
     </span>
    </p>
   </div>
   <div class='ocr_carea' id='block_1_10' title="bbox 1375 1635 2441 3415">
    <p class='ocr_par' dir='ltr' id='par_1_12' title="bbox 1375 1635 2441 3415">
     <span class='ocr_line' id='line_1_105' title="bbox 1375 1635 2439 1686; baseline 0.002 -19"><span class='ocrx_word' id='word_1_851' title='bbox 1375 1645 1513 1686; x_wconf 75' lang='lat' dir='ltr'>nervus:</span> <span class='ocrx_word' id='word_1_852' title='bbox 1543 1635 1650 1680; x_wconf 91' lang='lat' dir='ltr'>aliqua</span> <span class='ocrx_word' id='word_1_853' title='bbox 1674 1644 1783 1668; x_wconf 91' lang='lat' dir='ltr'>autem</span> <span class='ocrx_word' id='word_1_854' title='bbox 1815 1645 1891 1668; x_wconf 91' lang='lat' dir='ltr'>sunt</span> <span class='ocrx_word' id='word_1_855' title='bbox 1922 1637 2006 1669; x_wconf 88' lang='lat' dir='ltr'>sicca</span> <span class='ocrx_word' id='word_1_856' title='bbox 2028 1636 2081 1669; x_wconf 90' lang='lat' dir='ltr'>vel</span> <span class='ocrx_word' id='word_1_857' title='bbox 2105 1636 2198 1676; x_wconf 90' lang='lat' dir='ltr'>dura,</span> <span class='ocrx_word' id='word_1_858' title='bbox 2223 1644 2259 1669; x_wconf 91' lang='lat' dir='ltr'>ut</span> <span class='ocrx_word' id='word_1_859' title='bbox 2286 1647 2368 1669; x_wconf 91' lang='lat' dir='ltr'>ossa.</span> <span class='ocrx_word' id='word_1_860' title='bbox 2397 1636 2439 1669; x_wconf 92' lang='lat' dir='ltr'>Et</span> 
     </span>
     <span class='ocr_line' id='line_1_106' title="bbox 1376 1679 2437 1724; baseline 0.002 -13"><span class='ocrx_word' id='word_1_861' title='bbox 1376 1688 1516 1712; x_wconf 77' lang='lat' dir='ltr'>istorum</span> <span class='ocrx_word' id='word_1_862' title='bbox 1547 1691 1585 1712; x_wconf 92' lang='lat' dir='ltr'>ea</span> <span class='ocrx_word' id='word_1_863' title='bbox 1609 1692 1692 1724; x_wconf 92' lang='lat' dir='ltr'>quae</span> <span class='ocrx_word' id='word_1_864' title='bbox 1717 1679 1930 1723; x_wconf 84' lang='lat' dir='ltr'>coagulantur</span> <span class='ocrx_word' id='word_1_865' title='bbox 1952 1680 2004 1713; x_wconf 90' lang='lat' dir='ltr'>vel</span> <span class='ocrx_word' id='word_1_866' title='bbox 2027 1681 2262 1723; x_wconf 86' lang='lat' dir='ltr'>ingrossantur‚</span> <span class='ocrx_word' id='word_1_867' title='bbox 2282 1689 2338 1713; x_wconf 91' lang='lat' dir='ltr'>aut</span> <span class='ocrx_word' id='word_1_868' title='bbox 2362 1691 2437 1713; x_wconf 90' lang='lat' dir='ltr'>coa-</span> 
     </span>
     <span class='ocr_line' id='line_1_107' title="bbox 1375 1723 2438 1768; baseline 0.001 -12"><span class='ocrx_word' id='word_1_869' title='bbox 1375 1723 1529 1767; x_wconf 91' lang='lat' dir='ltr'>gulantur</span> <span class='ocrx_word' id='word_1_870' title='bbox 1551 1725 1619 1757; x_wconf 93' lang='lat' dir='ltr'>sive</span> <span class='ocrx_word' id='word_1_871' title='bbox 1643 1725 1869 1768; x_wconf 88' lang='lat' dir='ltr'>ingrossantur</span> <span class='ocrx_word' id='word_1_872' title='bbox 1885 1736 1902 1757; x_wconf 89' lang='lat' dir='ltr'>a</span> <span class='ocrx_word' id='word_1_873' title='bbox 1920 1724 2035 1765; x_wconf 90' lang='lat' dir='ltr'>calido,</span> <span class='ocrx_word' id='word_1_874' title='bbox 2055 1733 2110 1757; x_wconf 92' lang='lat' dir='ltr'>aut</span> <span class='ocrx_word' id='word_1_875' title='bbox 2133 1735 2150 1756; x_wconf 89' lang='lat' dir='ltr'>a</span> <span class='ocrx_word' id='word_1_876' title='bbox 2173 1724 2302 1768; x_wconf 90' lang='lat' dir='ltr'>frigido,</span> <span class='ocrx_word' id='word_1_877' title='bbox 2325 1733 2381 1757; x_wconf 91' lang='lat' dir='ltr'>aut</span> <span class='ocrx_word' id='word_1_878' title='bbox 2400 1723 2438 1757; x_wconf 91' lang='lat' dir='ltr'>ab</span> 
     </span>
     <span class='ocr_line' id='line_1_108' title="bbox 1377 1767 2440 1812; baseline 0.001 -12"><span class='ocrx_word' id='word_1_879' title='bbox 1377 1777 1527 1812; x_wconf 91' lang='lat' dir='ltr'>utroque.</span> <span class='ocrx_word' id='word_1_880' title='bbox 1547 1768 1703 1802; x_wconf 89' lang='lat' dir='ltr'>Similiter</span> <span class='ocrx_word' id='word_1_881' title='bbox 1727 1769 1825 1802; x_wconf 90' lang='lat' dir='ltr'>etiam</span> <span class='ocrx_word' id='word_1_882' title='bbox 1849 1768 2024 1802; x_wconf 90' lang='lat' dir='ltr'>dicendum</span> <span class='ocrx_word' id='word_1_883' title='bbox 2048 1778 2096 1801; x_wconf 90' lang='lat' dir='ltr'>est</span> <span class='ocrx_word' id='word_1_884' title='bbox 2120 1768 2159 1801; x_wconf 89' lang='lat' dir='ltr'>de</span> <span class='ocrx_word' id='word_1_885' title='bbox 2183 1767 2364 1812; x_wconf 88' lang='lat' dir='ltr'>liquefactis</span> <span class='ocrx_word' id='word_1_886' title='bbox 2381 1768 2440 1801; x_wconf 89' lang='lat' dir='ltr'>hu-</span> 
     </span>
     <span class='ocr_line' id='line_1_109' title="bbox 1376 1812 2440 1858; baseline 0 -13"><span class='ocrx_word' id='word_1_887' title='bbox 1376 1812 1554 1845; x_wconf 87' lang='lat' dir='ltr'>midorum.</span> <span class='ocrx_word' id='word_1_888' title='bbox 1572 1813 1676 1857; x_wconf 90' lang='lat' dir='ltr'>Igitur</span> <span class='ocrx_word' id='word_1_889' title='bbox 1699 1812 1860 1858; x_wconf 89' lang='lat' dir='ltr'>quaedam</span> <span class='ocrx_word' id='word_1_890' title='bbox 1879 1822 1955 1845; x_wconf 92' lang='lat' dir='ltr'>sunt</span> <span class='ocrx_word' id='word_1_891' title='bbox 1978 1813 2188 1856; x_wconf 83' lang='lat' dir='ltr'>vaporantia:</span> <span class='ocrx_word' id='word_1_892' title='bbox 2212 1821 2245 1845; x_wconf 88' lang='lat' dir='ltr'>et</span> <span class='ocrx_word' id='word_1_893' title='bbox 2263 1812 2338 1845; x_wconf 89' lang='lat' dir='ltr'>talia</span> <span class='ocrx_word' id='word_1_894' title='bbox 2362 1821 2440 1852; x_wconf 82' lang='lat' dir='ltr'>sunt</span> 
     </span>
     <span class='ocr_line' id='line_1_110' title="bbox 1376 1856 2439 1901; baseline -0.001 -11"><span class='ocrx_word' id='word_1_895' title='bbox 1376 1868 1479 1901; x_wconf 86' lang='lat' dir='ltr'>aquea</span> <span class='ocrx_word' id='word_1_896' title='bbox 1504 1868 1521 1890; x_wconf 89' lang='lat' dir='ltr'>a</span> <span class='ocrx_word' id='word_1_897' title='bbox 1545 1858 1791 1901; x_wconf 90' lang='lat' dir='ltr'>praedominio,</span> <span class='ocrx_word' id='word_1_898' title='bbox 1810 1869 1886 1890; x_wconf 91' lang='lat' dir='ltr'>nam</span> <span class='ocrx_word' id='word_1_899' title='bbox 1910 1868 2013 1901; x_wconf 89' lang='lat' dir='ltr'>vapor</span> <span class='ocrx_word' id='word_1_900' title='bbox 2029 1866 2078 1890; x_wconf 91' lang='lat' dir='ltr'>est</span> <span class='ocrx_word' id='word_1_901' title='bbox 2102 1856 2222 1890; x_wconf 89' lang='lat' dir='ltr'>humor</span> <span class='ocrx_word' id='word_1_902' title='bbox 2245 1868 2369 1900; x_wconf 85' lang='lat' dir='ltr'>aqueus</span> <span class='ocrx_word' id='word_1_903' title='bbox 2389 1868 2439 1889; x_wconf 93' lang='lat' dir='ltr'>re-</span> 
     </span>
     <span class='ocr_line' id='line_1_111' title="bbox 1376 1900 2438 1945; baseline -0.001 -11"><span class='ocrx_word' id='word_1_904' title='bbox 1376 1901 1504 1934; x_wconf 91' lang='lat' dir='ltr'>solutus</span> <span class='ocrx_word' id='word_1_905' title='bbox 1529 1913 1547 1934; x_wconf 93' lang='lat' dir='ltr'>a</span> <span class='ocrx_word' id='word_1_906' title='bbox 1564 1901 1685 1943; x_wconf 90' lang='lat' dir='ltr'>calido;</span> <span class='ocrx_word' id='word_1_907' title='bbox 1709 1911 1766 1935; x_wconf 89' lang='lat' dir='ltr'>aut</span> <span class='ocrx_word' id='word_1_908' title='bbox 1782 1913 1851 1935; x_wconf 92' lang='lat' dir='ltr'>non</span> <span class='ocrx_word' id='word_1_909' title='bbox 1867 1902 2075 1945; x_wconf 89' lang='lat' dir='ltr'>vaporantia:</span> <span class='ocrx_word' id='word_1_910' title='bbox 2096 1910 2128 1934; x_wconf 94' lang='lat' dir='ltr'>et</span> <span class='ocrx_word' id='word_1_911' title='bbox 2150 1900 2226 1933; x_wconf 88' lang='lat' dir='ltr'>talia</span> <span class='ocrx_word' id='word_1_912' title='bbox 2249 1909 2326 1933; x_wconf 90' lang='lat' dir='ltr'>sunt</span> <span class='ocrx_word' id='word_1_913' title='bbox 2350 1912 2438 1933; x_wconf 89' lang='lat' dir='ltr'>corn-</span> 
     </span>
     <span class='ocr_line' id='line_1_112' title="bbox 1376 1946 2439 1991; baseline -0.002 -12"><span class='ocrx_word' id='word_1_914' title='bbox 1376 1947 1489 1979; x_wconf 89' lang='lat' dir='ltr'>munia</span> <span class='ocrx_word' id='word_1_915' title='bbox 1512 1955 1615 1979; x_wconf 91' lang='lat' dir='ltr'>terrae</span> <span class='ocrx_word' id='word_1_916' title='bbox 1632 1955 1664 1979; x_wconf 91' lang='lat' dir='ltr'>et</span> <span class='ocrx_word' id='word_1_917' title='bbox 1688 1958 1801 1991; x_wconf 90' lang='lat' dir='ltr'>aquae,</span> <span class='ocrx_word' id='word_1_918' title='bbox 1818 1955 1855 1979; x_wconf 90' lang='lat' dir='ltr'>ut</span> <span class='ocrx_word' id='word_1_919' title='bbox 1878 1946 1937 1986; x_wconf 86' lang='lat' dir='ltr'>lac,</span> <span class='ocrx_word' id='word_1_920' title='bbox 1953 1954 2008 1978; x_wconf 92' lang='lat' dir='ltr'>aut</span> <span class='ocrx_word' id='word_1_921' title='bbox 2031 1954 2108 1978; x_wconf 90' lang='lat' dir='ltr'>sunt</span> <span class='ocrx_word' id='word_1_922' title='bbox 2125 1946 2314 1978; x_wconf 89' lang='lat' dir='ltr'>communia</span> <span class='ocrx_word' id='word_1_923' title='bbox 2337 1954 2439 1978; x_wconf 86' lang='lat' dir='ltr'>terrae</span> 
     </span>
     <span class='ocr_line' id='line_1_113' title="bbox 1376 1989 2438 2034; baseline -0.003 -10"><span class='ocrx_word' id='word_1_924' title='bbox 1376 2000 1408 2024; x_wconf 92' lang='lat' dir='ltr'>et</span> <span class='ocrx_word' id='word_1_925' title='bbox 1432 1991 1508 2031; x_wconf 91' lang='lat' dir='ltr'>aeri,</span> <span class='ocrx_word' id='word_1_926' title='bbox 1523 1992 1608 2024; x_wconf 92' lang='lat' dir='ltr'>sicut</span> <span class='ocrx_word' id='word_1_927' title='bbox 1623 1990 1729 2034; x_wconf 89' lang='lat' dir='ltr'>ligna,</span> <span class='ocrx_word' id='word_1_928' title='bbox 1754 1999 1810 2024; x_wconf 92' lang='lat' dir='ltr'>aut</span> <span class='ocrx_word' id='word_1_929' title='bbox 1826 2003 1843 2023; x_wconf 96' lang='lat' dir='ltr'>a</span> <span class='ocrx_word' id='word_1_930' title='bbox 1867 2002 1928 2023; x_wconf 91' lang='lat' dir='ltr'>uae</span> <span class='ocrx_word' id='word_1_931' title='bbox 1948 1998 1981 2023; x_wconf 93' lang='lat' dir='ltr'>et</span> <span class='ocrx_word' id='word_1_932' title='bbox 2004 1990 2079 2029; x_wconf 90' lang='lat' dir='ltr'>aeri,</span> <span class='ocrx_word' id='word_1_933' title='bbox 2099 1990 2183 2022; x_wconf 88' lang='lat' dir='ltr'>sicut</span> <span class='ocrx_word' id='word_1_934' title='bbox 2203 1989 2323 2022; x_wconf 91' lang='lat' dir='ltr'>oleum.</span> <span class='ocrx_word' id='word_1_935' title='bbox 2342 1989 2438 2029; x_wconf 89' lang='lat' dir='ltr'>Quae</span> 
     </span>
     <span class='ocr_line' id='line_1_114' title="bbox 1376 2034 2440 2080; baseline -0.003 -11"><span class='ocrx_word' id='word_1_936' title='bbox 1376 2045 1487 2069; x_wconf 86' lang='lat' dir='ltr'>autem</span> <span class='ocrx_word' id='word_1_937' title='bbox 1516 2037 1742 2080; x_wconf 88' lang='lat' dir='ltr'>ingrossantur</span> <span class='ocrx_word' id='word_1_938' title='bbox 1772 2047 1790 2068; x_wconf 92' lang='lat' dir='ltr'>a</span> <span class='ocrx_word' id='word_1_939' title='bbox 1814 2046 1850 2068; x_wconf 88' lang='lat' dir='ltr'>ca</span> <span class='ocrx_word' id='word_1_940' title='bbox 1865 2034 1937 2074; x_wconf 88' lang='lat' dir='ltr'>ido,</span> <span class='ocrx_word' id='word_1_941' title='bbox 1962 2042 2039 2067; x_wconf 91' lang='lat' dir='ltr'>sunt</span> <span class='ocrx_word' id='word_1_942' title='bbox 2071 2034 2260 2067; x_wconf 91' lang='lat' dir='ltr'>communia</span> <span class='ocrx_word' id='word_1_943' title='bbox 2276 2039 2384 2066; x_wconf 81' lang='lat' dir='ltr'>terrae</span> <span class='ocrx_word' id='word_1_944' title='bbox 2408 2042 2440 2066; x_wconf 94' lang='lat' dir='ltr'>et</span> 
     </span>
     <span class='ocr_line' id='line_1_115' title="bbox 1376 2077 2438 2124; baseline -0.004 -11"><span class='ocrx_word' id='word_1_945' title='bbox 1376 2091 1497 2124; x_wconf 89' lang='lat' dir='ltr'>aquae:</span> <span class='ocrx_word' id='word_1_946' title='bbox 1518 2092 1594 2113; x_wconf 89' lang='lat' dir='ltr'>narn</span> <span class='ocrx_word' id='word_1_947' title='bbox 1619 2080 1816 2124; x_wconf 82' lang='lat' dir='ltr'>ingrossatio</span> <span class='ocrx_word' id='word_1_948' title='bbox 1846 2078 1929 2112; x_wconf 90' lang='lat' dir='ltr'>facta</span> <span class='ocrx_word' id='word_1_949' title='bbox 1953 2090 1970 2111; x_wconf 91' lang='lat' dir='ltr'>a</span> <span class='ocrx_word' id='word_1_950' title='bbox 1994 2077 2098 2111; x_wconf 89' lang='lat' dir='ltr'>calido</span> <span class='ocrx_word' id='word_1_951' title='bbox 2119 2087 2168 2110; x_wconf 90' lang='lat' dir='ltr'>est</span> <span class='ocrx_word' id='word_1_952' title='bbox 2191 2078 2352 2122; x_wconf 83' lang='lat' dir='ltr'>separatio</span> <span class='ocrx_word' id='word_1_953' title='bbox 2377 2077 2438 2110; x_wconf 94' lang='lat' dir='ltr'>hu-</span> 
     </span>
     <span class='ocr_line' id='line_1_116' title="bbox 1376 2121 2438 2169; baseline -0.005 -11"><span class='ocrx_word' id='word_1_954' title='bbox 1376 2124 1457 2158; x_wconf 88' lang='lat' dir='ltr'>midi</span> <span class='ocrx_word' id='word_1_955' title='bbox 1481 2124 1650 2169; x_wconf 89' lang='lat' dir='ltr'>superflui,</span> <span class='ocrx_word' id='word_1_956' title='bbox 1667 2133 1700 2157; x_wconf 93' lang='lat' dir='ltr'>et</span> <span class='ocrx_word' id='word_1_957' title='bbox 1722 2124 1909 2157; x_wconf 88' lang='lat' dir='ltr'>terminatio</span> <span class='ocrx_word' id='word_1_958' title='bbox 1933 2122 2061 2155; x_wconf 91' lang='lat' dir='ltr'>humidi</span> <span class='ocrx_word' id='word_1_959' title='bbox 2085 2121 2227 2155; x_wconf 87' lang='lat' dir='ltr'>derelicti</span> <span class='ocrx_word' id='word_1_960' title='bbox 2252 2133 2327 2154; x_wconf 91' lang='lat' dir='ltr'>cum</span> <span class='ocrx_word' id='word_1_961' title='bbox 2351 2122 2438 2154; x_wconf 89' lang='lat' dir='ltr'>sicco</span> 
     </span>
     <span class='ocr_line' id='line_1_117' title="bbox 1376 2165 2438 2213; baseline -0.005 -11"><span class='ocrx_word' id='word_1_962' title='bbox 1376 2170 1528 2203; x_wconf 87' lang='lat' dir='ltr'>terrestri.</span> <span class='ocrx_word' id='word_1_963' title='bbox 1546 2170 1732 2213; x_wconf 89' lang='lat' dir='ltr'>Ingrossata</span> <span class='ocrx_word' id='word_1_964' title='bbox 1748 2180 1828 2201; x_wconf 87' lang='lat' dir='ltr'>vero</span> <span class='ocrx_word' id='word_1_965' title='bbox 1852 2180 1870 2200; x_wconf 94' lang='lat' dir='ltr'>a</span> <span class='ocrx_word' id='word_1_966' title='bbox 1893 2167 2012 2211; x_wconf 90' lang='lat' dir='ltr'>frigido</span> <span class='ocrx_word' id='word_1_967' title='bbox 2043 2175 2120 2199; x_wconf 89' lang='lat' dir='ltr'>sunt</span> <span class='ocrx_word' id='word_1_968' title='bbox 2136 2175 2237 2199; x_wconf 90' lang='lat' dir='ltr'>terrea</span> <span class='ocrx_word' id='word_1_969' title='bbox 2260 2178 2278 2198; x_wconf 89' lang='lat' dir='ltr'>a</span> <span class='ocrx_word' id='word_1_970' title='bbox 2301 2165 2438 2209; x_wconf 88' lang='lat' dir='ltr'>praedo-</span> 
     </span>
     <span class='ocr_line' id='line_1_118' title="bbox 1375 2210 2440 2255; baseline -0.005 -8"><span class='ocrx_word' id='word_1_971' title='bbox 1375 2215 1496 2247; x_wconf 90' lang='lat' dir='ltr'>minio:</span> <span class='ocrx_word' id='word_1_972' title='bbox 1525 2214 1659 2247; x_wconf 90' lang='lat' dir='ltr'>namin</span> <span class='ocrx_word' id='word_1_973' title='bbox 1689 2212 1806 2246; x_wconf 90' lang='lat' dir='ltr'>talibus</span> <span class='ocrx_word' id='word_1_974' title='bbox 1837 2221 1886 2245; x_wconf 93' lang='lat' dir='ltr'>est</span> <span class='ocrx_word' id='word_1_975' title='bbox 1916 2223 2014 2255; x_wconf 89' lang='lat' dir='ltr'>parva</span> <span class='ocrx_word' id='word_1_976' title='bbox 2049 2210 2224 2243; x_wconf 85' lang='lat' dir='ltr'>humiditas</span> <span class='ocrx_word' id='word_1_977' title='bbox 2253 2221 2440 2253; x_wconf 89' lang='lat' dir='ltr'>compressa</span> 
     </span>
     <span class='ocr_line' id='line_1_119' title="bbox 1377 2253 2437 2298; baseline -0.005 -7"><span class='ocrx_word' id='word_1_978' title='bbox 1377 2270 1454 2292; x_wconf 90' lang='lat' dir='ltr'>curn</span> <span class='ocrx_word' id='word_1_979' title='bbox 1477 2257 1583 2291; x_wconf 89' lang='lat' dir='ltr'>multo</span> <span class='ocrx_word' id='word_1_980' title='bbox 1608 2258 1696 2290; x_wconf 89' lang='lat' dir='ltr'>sicco</span> <span class='ocrx_word' id='word_1_981' title='bbox 1720 2257 1871 2290; x_wconf 90' lang='lat' dir='ltr'>terrestri.</span> <span class='ocrx_word' id='word_1_982' title='bbox 1895 2256 1992 2296; x_wconf 90' lang='lat' dir='ltr'>Quae</span> <span class='ocrx_word' id='word_1_983' title='bbox 2017 2264 2127 2288; x_wconf 89' lang='lat' dir='ltr'>autem</span> <span class='ocrx_word' id='word_1_984' title='bbox 2151 2255 2376 2298; x_wconf 89' lang='lat' dir='ltr'>ingrossantur</span> <span class='ocrx_word' id='word_1_985' title='bbox 2399 2253 2437 2286; x_wconf 90' lang='lat' dir='ltr'>ab</span> 
     </span>
     <span class='ocr_line' id='line_1_120' title="bbox 1376 2301 2439 2347; baseline -0.006 -11"><span class='ocrx_word' id='word_1_986' title='bbox 1376 2311 1530 2347; x_wconf 84' lang='lat' dir='ltr'>utroque,</span> <span class='ocrx_word' id='word_1_987' title='bbox 1547 2310 1603 2336; x_wconf 86' lang='lat' dir='ltr'>aut</span> <span class='ocrx_word' id='word_1_988' title='bbox 1626 2310 1704 2335; x_wconf 92' lang='lat' dir='ltr'>sunt</span> <span class='ocrx_word' id='word_1_989' title='bbox 1727 2301 1917 2334; x_wconf 86' lang='lat' dir='ltr'>communia</span> <span class='ocrx_word' id='word_1_990' title='bbox 1941 2309 2043 2333; x_wconf 89' lang='lat' dir='ltr'>terrae</span> <span class='ocrx_word' id='word_1_991' title='bbox 2067 2307 2099 2332; x_wconf 91' lang='lat' dir='ltr'>et</span> <span class='ocrx_word' id='word_1_992' title='bbox 2122 2310 2235 2343; x_wconf 85' lang='lat' dir='ltr'>aquae,</span> <span class='ocrx_word' id='word_1_993' title='bbox 2257 2307 2313 2331; x_wconf 89' lang='lat' dir='ltr'>aut</span> <span class='ocrx_word' id='word_1_994' title='bbox 2335 2307 2439 2331; x_wconf 89' lang='lat' dir='ltr'>terrae</span> 
     </span>
     <span class='ocr_line' id='line_1_121' title="bbox 1377 2341 2439 2390; baseline -0.007 -9"><span class='ocrx_word' id='word_1_995' title='bbox 1377 2356 1410 2380; x_wconf 93' lang='lat' dir='ltr'>et</span> <span class='ocrx_word' id='word_1_996' title='bbox 1433 2348 1526 2388; x_wconf 89' lang='lat' dir='ltr'>aeris,</span> <span class='ocrx_word' id='word_1_997' title='bbox 1542 2348 1627 2380; x_wconf 92' lang='lat' dir='ltr'>sicut</span> <span class='ocrx_word' id='word_1_998' title='bbox 1651 2358 1690 2390; x_wconf 91' lang='lat' dir='ltr'>ap</span> <span class='ocrx_word' id='word_1_999' title='bbox 1717 2354 1784 2379; x_wconf 91' lang='lat' dir='ltr'>aret</span> <span class='ocrx_word' id='word_1_1000' title='bbox 1808 2345 1847 2378; x_wconf 92' lang='lat' dir='ltr'>de</span> <span class='ocrx_word' id='word_1_1001' title='bbox 1872 2344 1958 2385; x_wconf 90' lang='lat' dir='ltr'>oleo,</span> <span class='ocrx_word' id='word_1_1002' title='bbox 1978 2343 2074 2376; x_wconf 91' lang='lat' dir='ltr'>melle</span> <span class='ocrx_word' id='word_1_1003' title='bbox 2098 2352 2130 2376; x_wconf 89' lang='lat' dir='ltr'>et</span> <span class='ocrx_word' id='word_1_1004' title='bbox 2154 2342 2240 2376; x_wconf 91' lang='lat' dir='ltr'>dulci</span> <span class='ocrx_word' id='word_1_1005' title='bbox 2263 2343 2352 2375; x_wconf 90' lang='lat' dir='ltr'>vino.</span> <span class='ocrx_word' id='word_1_1006' title='bbox 2374 2341 2439 2375; x_wconf 90' lang='lat' dir='ltr'>Sed</span> 
     </span>
     <span class='ocr_line' id='line_1_122' title="bbox 1377 2390 2438 2433; baseline -0.007 -8"><span class='ocrx_word' id='word_1_1007' title='bbox 1377 2391 1538 2433; x_wconf 88' lang='lat' dir='ltr'>dubitatio</span> <span class='ocrx_word' id='word_1_1008' title='bbox 1563 2391 1667 2424; x_wconf 89' lang='lat' dir='ltr'>oritur</span> <span class='ocrx_word' id='word_1_1009' title='bbox 1707 2403 1723 2423; x_wconf 92' lang='lat' dir='ltr'>e</span> <span class='ocrx_word' id='word_1_1010' title='bbox 1747 2391 1836 2423; x_wconf 88' lang='lat' dir='ltr'>vino.</span> <span class='ocrx_word' id='word_1_1011' title='bbox 1851 2390 1940 2423; x_wconf 91' lang='lat' dir='ltr'>Nam</span> <span class='ocrx_word' id='word_1_1012' title='bbox 1956 2400 1996 2421; x_wconf 86' lang='lat' dir='ltr'>ex</span> <span class='ocrx_word' id='word_1_1013' title='bbox 2018 2399 2055 2421; x_wconf 93' lang='lat' dir='ltr'>ea</span> <span class='ocrx_word' id='word_1_1014' title='bbox 2079 2396 2169 2431; x_wconf 91' lang='lat' dir='ltr'>parte</span> <span class='ocrx_word' id='word_1_1015' title='bbox 2186 2399 2250 2431; x_wconf 90' lang='lat' dir='ltr'>qua</span> <span class='ocrx_word' id='word_1_1016' title='bbox 2273 2395 2438 2430; x_wconf 90' lang='lat' dir='ltr'>evaporat,</span> 
     </span>
     <span class='ocr_line' id='line_1_123' title="bbox 1377 2433 2438 2480; baseline -0.008 -10"><span class='ocrx_word' id='word_1_1017' title='bbox 1377 2436 1507 2470; x_wconf 90' lang='lat' dir='ltr'>videtur</span> <span class='ocrx_word' id='word_1_1018' title='bbox 1530 2447 1673 2480; x_wconf 90' lang='lat' dir='ltr'>aqueum</span> <span class='ocrx_word' id='word_1_1019' title='bbox 1698 2446 1716 2467; x_wconf 96' lang='lat' dir='ltr'>a</span> <span class='ocrx_word' id='word_1_1020' title='bbox 1747 2433 1991 2479; x_wconf 89' lang='lat' dir='ltr'>praedominio:</span> <span class='ocrx_word' id='word_1_1021' title='bbox 2017 2444 2056 2465; x_wconf 87' lang='lat' dir='ltr'>ex</span> <span class='ocrx_word' id='word_1_1022' title='bbox 2079 2443 2116 2464; x_wconf 88' lang='lat' dir='ltr'>ea</span> <span class='ocrx_word' id='word_1_1023' title='bbox 2145 2434 2224 2464; x_wconf 85' lang='lat' dir='ltr'>vero</span> <span class='ocrx_word' id='word_1_1024' title='bbox 2254 2440 2342 2475; x_wconf 88' lang='lat' dir='ltr'>parte</span> <span class='ocrx_word' id='word_1_1025' title='bbox 2374 2442 2438 2474; x_wconf 92' lang='lat' dir='ltr'>qua</span> 
     </span>
     <span class='ocr_line' id='line_1_124' title="bbox 1378 2474 2439 2524; baseline -0.007 -10"><span class='ocrx_word' id='word_1_1026' title='bbox 1378 2482 1580 2524; x_wconf 88' lang='lat' dir='ltr'>ingrossatur</span> <span class='ocrx_word' id='word_1_1027' title='bbox 1599 2491 1617 2512; x_wconf 88' lang='lat' dir='ltr'>a</span> <span class='ocrx_word' id='word_1_1028' title='bbox 1641 2479 1758 2520; x_wconf 87' lang='lat' dir='ltr'>calido,</span> <span class='ocrx_word' id='word_1_1029' title='bbox 1773 2478 1903 2512; x_wconf 90' lang='lat' dir='ltr'>videtur</span> <span class='ocrx_word' id='word_1_1030' title='bbox 1926 2486 2067 2510; x_wconf 89' lang='lat' dir='ltr'>terreum</span> <span class='ocrx_word' id='word_1_1031' title='bbox 2084 2488 2101 2509; x_wconf 91' lang='lat' dir='ltr'>a</span> <span class='ocrx_word' id='word_1_1032' title='bbox 2118 2475 2355 2520; x_wconf 89' lang='lat' dir='ltr'>praedominio.</span> <span class='ocrx_word' id='word_1_1033' title='bbox 2374 2474 2439 2508; x_wconf 90' lang='lat' dir='ltr'>Sed</span> 
     </span>
     <span class='ocr_line' id='line_1_125' title="bbox 1379 2518 2438 2569; baseline -0.006 -11"><span class='ocrx_word' id='word_1_1034' title='bbox 1379 2525 1555 2558; x_wconf 90' lang='lat' dir='ltr'>dicendum</span> <span class='ocrx_word' id='word_1_1035' title='bbox 1585 2523 1675 2569; x_wconf 92' lang='lat' dir='ltr'>quod</span> <span class='ocrx_word' id='word_1_1036' title='bbox 1692 2523 1732 2557; x_wconf 93' lang='lat' dir='ltr'>de</span> <span class='ocrx_word' id='word_1_1037' title='bbox 1747 2524 1826 2556; x_wconf 90' lang='lat' dir='ltr'>vino</span> <span class='ocrx_word' id='word_1_1038' title='bbox 1842 2522 2011 2566; x_wconf 90' lang='lat' dir='ltr'>tripliciter</span> <span class='ocrx_word' id='word_1_1039' title='bbox 2026 2521 2203 2565; x_wconf 89' lang='lat' dir='ltr'>loquimur.</span> <span class='ocrx_word' id='word_1_1040' title='bbox 2219 2520 2308 2554; x_wconf 90' lang='lat' dir='ltr'>Nam</span> <span class='ocrx_word' id='word_1_1041' title='bbox 2331 2518 2438 2563; x_wconf 92' lang='lat' dir='ltr'>quod-</span> 
     </span>
     <span class='ocr_line' id='line_1_126' title="bbox 1379 2564 2439 2612; baseline -0.008 -9"><span class='ocrx_word' id='word_1_1042' title='bbox 1379 2570 1454 2603; x_wconf 88' lang='lat' dir='ltr'>dam</span> <span class='ocrx_word' id='word_1_1043' title='bbox 1478 2570 1595 2602; x_wconf 88' lang='lat' dir='ltr'>vinum</span> <span class='ocrx_word' id='word_1_1044' title='bbox 1619 2577 1668 2602; x_wconf 92' lang='lat' dir='ltr'>est</span> <span class='ocrx_word' id='word_1_1045' title='bbox 1690 2579 1843 2612; x_wconf 91' lang='lat' dir='ltr'>grossum</span> <span class='ocrx_word' id='word_1_1046' title='bbox 1859 2575 2026 2606; x_wconf 86' lang='lat' dir='ltr'>terrestre,</span> <span class='ocrx_word' id='word_1_1047' title='bbox 2050 2566 2175 2598; x_wconf 90' lang='lat' dir='ltr'>ratione</span> <span class='ocrx_word' id='word_1_1048' title='bbox 2200 2565 2291 2597; x_wconf 89' lang='lat' dir='ltr'>cuius</span> <span class='ocrx_word' id='word_1_1049' title='bbox 2317 2564 2439 2607; x_wconf 87' lang='lat' dir='ltr'>ingros-</span> 
     </span>
     <span class='ocr_line' id='line_1_127' title="bbox 1379 2606 2440 2656; baseline -0.008 -9"><span class='ocrx_word' id='word_1_1050' title='bbox 1379 2623 1469 2647; x_wconf 92' lang='lat' dir='ltr'>satur</span> <span class='ocrx_word' id='word_1_1051' title='bbox 1493 2622 1524 2646; x_wconf 89' lang='lat' dir='ltr'>et</span> <span class='ocrx_word' id='word_1_1052' title='bbox 1548 2614 1646 2646; x_wconf 91' lang='lat' dir='ltr'>etiam</span> <span class='ocrx_word' id='word_1_1053' title='bbox 1670 2612 1861 2656; x_wconf 87' lang='lat' dir='ltr'>coagulatur</span> <span class='ocrx_word' id='word_1_1054' title='bbox 1884 2622 1902 2644; x_wconf 92' lang='lat' dir='ltr'>a</span> <span class='ocrx_word' id='word_1_1055' title='bbox 1926 2609 2047 2643; x_wconf 90' lang='lat' dir='ltr'>calido:</span> <span class='ocrx_word' id='word_1_1056' title='bbox 2072 2608 2158 2642; x_wconf 90' lang='lat' dir='ltr'>unde</span> <span class='ocrx_word' id='word_1_1057' title='bbox 2183 2609 2210 2641; x_wconf 92' lang='lat' dir='ltr'>si</span> <span class='ocrx_word' id='word_1_1058' title='bbox 2234 2617 2374 2652; x_wconf 86' lang='lat' dir='ltr'>ponatur</span> <span class='ocrx_word' id='word_1_1059' title='bbox 2400 2606 2440 2640; x_wconf 91' lang='lat' dir='ltr'>ad</span> 
     </span>
     <span class='ocr_line' id='line_1_128' title="bbox 1379 2651 2440 2697; baseline -0.008 -6"><span class='ocrx_word' id='word_1_1060' title='bbox 1379 2658 1508 2691; x_wconf 87' lang='lat' dir='ltr'>fumum</span> <span class='ocrx_word' id='word_1_1061' title='bbox 1523 2657 1576 2691; x_wconf 89' lang='lat' dir='ltr'>vel</span> <span class='ocrx_word' id='word_1_1062' title='bbox 1595 2656 1711 2697; x_wconf 91' lang='lat' dir='ltr'>solem,</span> <span class='ocrx_word' id='word_1_1063' title='bbox 1728 2655 1865 2689; x_wconf 89' lang='lat' dir='ltr'>humido</span> <span class='ocrx_word' id='word_1_1064' title='bbox 1885 2654 2030 2688; x_wconf 91' lang='lat' dir='ltr'>resoluto</span> <span class='ocrx_word' id='word_1_1065' title='bbox 2051 2653 2230 2686; x_wconf 90' lang='lat' dir='ltr'>desiccatur</span> <span class='ocrx_word' id='word_1_1066' title='bbox 2246 2652 2286 2686; x_wconf 89' lang='lat' dir='ltr'>ad</span> <span class='ocrx_word' id='word_1_1067' title='bbox 2302 2651 2440 2684; x_wconf 87' lang='lat' dir='ltr'>modurn</span> 
     </span>
     <span class='ocr_line' id='line_1_129' title="bbox 1380 2696 2439 2744; baseline -0.008 -8"><span class='ocrx_word' id='word_1_1068' title='bbox 1380 2703 1455 2736; x_wconf 87' lang='lat' dir='ltr'>salis</span> <span class='ocrx_word' id='word_1_1069' title='bbox 1464 2716 1473 2744; x_wconf 90' lang='lat'>;</span> <span class='ocrx_word' id='word_1_1070' title='bbox 1498 2711 1548 2736; x_wconf 90' lang='lat' dir='ltr'>est</span> <span class='ocrx_word' id='word_1_1071' title='bbox 1571 2702 1670 2735; x_wconf 89' lang='lat' dir='ltr'>etiam</span> <span class='ocrx_word' id='word_1_1072' title='bbox 1694 2700 1846 2740; x_wconf 84' lang='lat' dir='ltr'>calidum,</span> <span class='ocrx_word' id='word_1_1073' title='bbox 1871 2700 1995 2732; x_wconf 90' lang='lat' dir='ltr'>ratione</span> <span class='ocrx_word' id='word_1_1074' title='bbox 2020 2698 2112 2731; x_wconf 92' lang='lat' dir='ltr'>cuius</span> <span class='ocrx_word' id='word_1_1075' title='bbox 2136 2709 2154 2730; x_wconf 87' lang='lat' dir='ltr'>a</span> <span class='ocrx_word' id='word_1_1076' title='bbox 2176 2696 2294 2740; x_wconf 87' lang='lat' dir='ltr'>frigido</span> <span class='ocrx_word' id='word_1_1077' title='bbox 2319 2707 2439 2739; x_wconf 92' lang='lat' dir='ltr'>coagu-</span> 
     </span>
     <span class='ocr_line' id='line_1_130' title="bbox 1379 2740 2441 2791; baseline -0.008 -10"><span class='ocrx_word' id='word_1_1078' title='bbox 1379 2748 1437 2781; x_wconf 91' lang='lat' dir='ltr'>lari</span> <span class='ocrx_word' id='word_1_1079' title='bbox 1461 2759 1530 2780; x_wconf 91' lang='lat' dir='ltr'>non</span> <span class='ocrx_word' id='word_1_1080' title='bbox 1554 2755 1673 2791; x_wconf 91' lang='lat' dir='ltr'>potest.</span> <span class='ocrx_word' id='word_1_1081' title='bbox 1689 2746 1731 2779; x_wconf 91' lang='lat' dir='ltr'>Et</span> <span class='ocrx_word' id='word_1_1082' title='bbox 1753 2744 1815 2778; x_wconf 89' lang='lat' dir='ltr'>tale</span> <span class='ocrx_word' id='word_1_1083' title='bbox 1840 2753 1888 2777; x_wconf 90' lang='lat' dir='ltr'>est</span> <span class='ocrx_word' id='word_1_1084' title='bbox 1910 2744 2026 2776; x_wconf 89' lang='lat' dir='ltr'>vinum</span> <span class='ocrx_word' id='word_1_1085' title='bbox 2046 2741 2135 2787; x_wconf 92' lang='lat' dir='ltr'>quod</span> <span class='ocrx_word' id='word_1_1086' title='bbox 2151 2741 2294 2774; x_wconf 88' lang='lat' dir='ltr'>nascitur</span> <span class='ocrx_word' id='word_1_1087' title='bbox 2317 2741 2351 2773; x_wconf 92' lang='lat' dir='ltr'>in</span> <span class='ocrx_word' id='word_1_1088' title='bbox 2376 2740 2441 2773; x_wconf 93' lang='lat' dir='ltr'>Co—</span> 
     </span>
     <span class='ocr_line' id='line_1_131' title="bbox 1379 2784 2439 2835; baseline -0.009 -9"><span class='ocrx_word' id='word_1_1089' title='bbox 1379 2792 1500 2826; x_wconf 91' lang='lat' dir='ltr'>rinthio</span> <span class='ocrx_word' id='word_1_1090' title='bbox 1521 2800 1554 2824; x_wconf 92' lang='lat' dir='ltr'>et</span> <span class='ocrx_word' id='word_1_1091' title='bbox 1577 2790 1664 2835; x_wconf 91' lang='lat' dir='ltr'>apud</span> <span class='ocrx_word' id='word_1_1092' title='bbox 1688 2789 1847 2829; x_wconf 87' lang='lat' dir='ltr'>Arcadas,</span> <span class='ocrx_word' id='word_1_1093' title='bbox 1871 2797 1903 2821; x_wconf 92' lang='lat' dir='ltr'>et</span> <span class='ocrx_word' id='word_1_1094' title='bbox 1926 2797 1974 2821; x_wconf 92' lang='lat' dir='ltr'>est</span> <span class='ocrx_word' id='word_1_1095' title='bbox 1997 2796 2138 2820; x_wconf 88' lang='lat' dir='ltr'>terreum</span> <span class='ocrx_word' id='word_1_1096' title='bbox 2163 2797 2180 2818; x_wconf 91' lang='lat' dir='ltr'>a</span> <span class='ocrx_word' id='word_1_1097' title='bbox 2203 2784 2439 2829; x_wconf 90' lang='lat' dir='ltr'>praedominio.</span> 
     </span>
     <span class='ocr_line' id='line_1_132' title="bbox 1381 2828 2441 2877; baseline -0.009 -7"><span class='ocrx_word' id='word_1_1098' title='bbox 1381 2836 1563 2877; x_wconf 90' lang='lat' dir='ltr'>Quoddam</span> <span class='ocrx_word' id='word_1_1099' title='bbox 1587 2846 1667 2868; x_wconf 90' lang='lat' dir='ltr'>vero</span> <span class='ocrx_word' id='word_1_1100' title='bbox 1691 2843 1740 2867; x_wconf 91' lang='lat' dir='ltr'>est</span> <span class='ocrx_word' id='word_1_1101' title='bbox 1763 2834 1878 2867; x_wconf 90' lang='lat' dir='ltr'>vinum</span> <span class='ocrx_word' id='word_1_1102' title='bbox 1895 2832 2005 2865; x_wconf 87' lang='lat' dir='ltr'>album</span> <span class='ocrx_word' id='word_1_1103' title='bbox 2029 2840 2062 2864; x_wconf 92' lang='lat' dir='ltr'>et</span> <span class='ocrx_word' id='word_1_1104' title='bbox 2085 2829 2205 2863; x_wconf 90' lang='lat' dir='ltr'>debile:</span> <span class='ocrx_word' id='word_1_1105' title='bbox 2228 2838 2259 2862; x_wconf 93' lang='lat' dir='ltr'>et</span> <span class='ocrx_word' id='word_1_1106' title='bbox 2283 2828 2369 2861; x_wconf 90' lang='lat' dir='ltr'>istud</span> <span class='ocrx_word' id='word_1_1107' title='bbox 2393 2837 2441 2861; x_wconf 90' lang='lat' dir='ltr'>est</span> 
     </span>
     <span class='ocr_line' id='line_1_133' title="bbox 1381 2874 2439 2926; baseline -0.01 -11"><span class='ocrx_word' id='word_1_1108' title='bbox 1381 2893 1484 2926; x_wconf 87' lang='lat' dir='ltr'>aquae</span> <span class='ocrx_word' id='word_1_1109' title='bbox 1509 2881 1623 2924; x_wconf 91' lang='lat' dir='ltr'>magis.</span> <span class='ocrx_word' id='word_1_1110' title='bbox 1648 2879 1735 2912; x_wconf 89' lang='lat' dir='ltr'>Vina</span> <span class='ocrx_word' id='word_1_1111' title='bbox 1757 2889 1837 2911; x_wconf 93' lang='lat' dir='ltr'>vero</span> <span class='ocrx_word' id='word_1_1112' title='bbox 1861 2888 1946 2910; x_wconf 89' lang='lat' dir='ltr'>nova</span> <span class='ocrx_word' id='word_1_1113' title='bbox 1970 2884 2043 2909; x_wconf 89' lang='lat' dir='ltr'>ante</span> <span class='ocrx_word' id='word_1_1114' title='bbox 2067 2874 2339 2919; x_wconf 90' lang='lat' dir='ltr'>purificationem,</span> <span class='ocrx_word' id='word_1_1115' title='bbox 2379 2884 2439 2905; x_wconf 91' lang='lat' dir='ltr'>uae</span> 
     </span>
     <span class='ocr_line' id='line_1_134' title="bbox 1381 2922 2440 2964; baseline -0.01 -5"><span class='ocrx_word' id='word_1_1116' title='bbox 1381 2926 1504 2959; x_wconf 90' lang='lat' dir='ltr'>faciunt</span> <span class='ocrx_word' id='word_1_1117' title='bbox 1527 2925 1643 2964; x_wconf 89' lang='lat' dir='ltr'>faeces,</span> <span class='ocrx_word' id='word_1_1118' title='bbox 1660 2932 1737 2956; x_wconf 89' lang='lat' dir='ltr'>sunt</span> <span class='ocrx_word' id='word_1_1119' title='bbox 1754 2922 1942 2956; x_wconf 90' lang='lat' dir='ltr'>communia</span> <span class='ocrx_word' id='word_1_1120' title='bbox 1966 2929 2067 2953; x_wconf 89' lang='lat' dir='ltr'>terrae</span> <span class='ocrx_word' id='word_1_1121' title='bbox 2091 2927 2123 2951; x_wconf 89' lang='lat' dir='ltr'>et</span> <span class='ocrx_word' id='word_1_1122' title='bbox 2140 2930 2241 2963; x_wconf 88' lang='lat' dir='ltr'>aquae</span> <span class='ocrx_word' id='word_1_1123' title='bbox 2259 2929 2358 2950; x_wconf 89' lang='lat' dir='ltr'>secun</span> <span class='ocrx_word' id='word_1_1124' title='bbox 2383 2928 2440 2949; x_wconf 92' lang='lat' dir='ltr'>um</span> 
     </span>
     <span class='ocr_line' id='line_1_135' title="bbox 1381 2963 2439 3014; baseline -0.01 -10"><span class='ocrx_word' id='word_1_1125' title='bbox 1381 2971 1485 3014; x_wconf 92' lang='lat' dir='ltr'>magis</span> <span class='ocrx_word' id='word_1_1126' title='bbox 1502 2979 1534 3003; x_wconf 92' lang='lat' dir='ltr'>et</span> <span class='ocrx_word' id='word_1_1127' title='bbox 1557 2970 1678 3009; x_wconf 91' lang='lat' dir='ltr'>minus,</span> <span class='ocrx_word' id='word_1_1128' title='bbox 1694 2969 1778 3000; x_wconf 92' lang='lat' dir='ltr'>sicut</span> <span class='ocrx_word' id='word_1_1129' title='bbox 1794 2963 2111 3008; x_wconf 80' lang='lat' dir='ltr'>musta.·Coagulata</span> <span class='ocrx_word' id='word_1_1130' title='bbox 2134 2974 2223 3002; x_wconf 91' lang='lat' dir='ltr'>vero,</span> <span class='ocrx_word' id='word_1_1131' title='bbox 2240 2970 2295 2995; x_wconf 87' lang='lat' dir='ltr'>aut</span> <span class='ocrx_word' id='word_1_1132' title='bbox 2319 2973 2439 3004; x_wconf 92' lang='lat' dir='ltr'>coagu-</span> 
     </span>
     <span class='ocr_line' id='line_1_136' title="bbox 1381 3006 2440 3057; baseline -0.01 -9"><span class='ocrx_word' id='word_1_1133' title='bbox 1381 3015 1490 3048; x_wconf 90' lang='lat' dir='ltr'>lantur</span> <span class='ocrx_word' id='word_1_1134' title='bbox 1513 3026 1530 3047; x_wconf 88' lang='lat' dir='ltr'>a</span> <span class='ocrx_word' id='word_1_1135' title='bbox 1554 3013 1684 3057; x_wconf 88' lang='lat' dir='ltr'>frigido,</span> <span class='ocrx_word' id='word_1_1136' title='bbox 1701 3021 1733 3045; x_wconf 94' lang='lat' dir='ltr'>et</span> <span class='ocrx_word' id='word_1_1137' title='bbox 1757 3020 1834 3044; x_wconf 92' lang='lat' dir='ltr'>sunt</span> <span class='ocrx_word' id='word_1_1138' title='bbox 1856 3021 1959 3054; x_wconf 90' lang='lat' dir='ltr'>aquea</span> <span class='ocrx_word' id='word_1_1139' title='bbox 1976 3021 1993 3042; x_wconf 88' lang='lat' dir='ltr'>a</span> <span class='ocrx_word' id='word_1_1140' title='bbox 2018 3007 2254 3052; x_wconf 90' lang='lat' dir='ltr'>praedominio,</span> <span class='ocrx_word' id='word_1_1141' title='bbox 2271 3006 2355 3038; x_wconf 91' lang='lat' dir='ltr'>sicut</span> <span class='ocrx_word' id='word_1_1142' title='bbox 2375 3006 2440 3045; x_wconf 89' lang='lat' dir='ltr'>nix,</span> 
     </span>
     <span class='ocr_line' id='line_1_137' title="bbox 1382 3051 2440 3104; baseline -0.011 -11"><span class='ocrx_word' id='word_1_1143' title='bbox 1382 3060 1501 3104; x_wconf 85' lang='lat' dir='ltr'>glacies</span> <span class='ocrx_word' id='word_1_1144' title='bbox 1526 3067 1558 3091; x_wconf 91' lang='lat' dir='ltr'>et</span> <span class='ocrx_word' id='word_1_1145' title='bbox 1581 3057 1720 3101; x_wconf 86' lang='lat' dir='ltr'>grando:</span> <span class='ocrx_word' id='word_1_1146' title='bbox 1746 3055 1915 3099; x_wconf 87' lang='lat' dir='ltr'>coagulata</span> <span class='ocrx_word' id='word_1_1147' title='bbox 1938 3065 2017 3086; x_wconf 87' lang='lat' dir='ltr'>vero</span> <span class='ocrx_word' id='word_1_1148' title='bbox 2041 3064 2059 3084; x_wconf 88' lang='lat' dir='ltr'>a</span> <span class='ocrx_word' id='word_1_1149' title='bbox 2087 3051 2190 3084; x_wconf 87' lang='lat' dir='ltr'>calido</span> <span class='ocrx_word' id='word_1_1150' title='bbox 2220 3059 2295 3083; x_wconf 93' lang='lat' dir='ltr'>sunt</span> <span class='ocrx_word' id='word_1_1151' title='bbox 2318 3059 2440 3089; x_wconf 91' lang='lat' dir='ltr'>terrea,</span> 
     </span>
     <span class='ocr_line' id='line_1_138' title="bbox 1383 3093 2440 3143; baseline -0.011 -6"><span class='ocrx_word' id='word_1_1152' title='bbox 1383 3105 1468 3137; x_wconf 93' lang='lat' dir='ltr'>sicut</span> <span class='ocrx_word' id='word_1_1153' title='bbox 1490 3103 1580 3143; x_wconf 91' lang='lat' dir='ltr'>later,</span> <span class='ocrx_word' id='word_1_1154' title='bbox 1605 3113 1717 3134; x_wconf 90' lang='lat' dir='ltr'>caseus</span> <span class='ocrx_word' id='word_1_1155' title='bbox 1737 3109 1769 3133; x_wconf 90' lang='lat' dir='ltr'>et</span> <span class='ocrx_word' id='word_1_1156' title='bbox 1792 3099 1923 3132; x_wconf 90' lang='lat' dir='ltr'>similia:</span> <span class='ocrx_word' id='word_1_1157' title='bbox 1949 3096 2117 3140; x_wconf 88' lang='lat' dir='ltr'>coagulata</span> <span class='ocrx_word' id='word_1_1158' title='bbox 2137 3104 2245 3128; x_wconf 91' lang='lat' dir='ltr'>autem</span> <span class='ocrx_word' id='word_1_1159' title='bbox 2267 3094 2305 3127; x_wconf 93' lang='lat' dir='ltr'>ab</span> <span class='ocrx_word' id='word_1_1160' title='bbox 2330 3093 2440 3126; x_wconf 92' lang='lat' dir='ltr'>ambo-</span> 
     </span>
     <span class='ocr_line' id='line_1_139' title="bbox 1383 3137 2441 3189; baseline -0.012 -7"><span class='ocrx_word' id='word_1_1161' title='bbox 1383 3149 1461 3189; x_wconf 93' lang='lat' dir='ltr'>bus,</span> <span class='ocrx_word' id='word_1_1162' title='bbox 1485 3156 1561 3180; x_wconf 92' lang='lat' dir='ltr'>sunt</span> <span class='ocrx_word' id='word_1_1163' title='bbox 1585 3145 1774 3179; x_wconf 89' lang='lat' dir='ltr'>communia</span> <span class='ocrx_word' id='word_1_1164' title='bbox 1798 3153 1899 3177; x_wconf 90' lang='lat' dir='ltr'>terrae</span> <span class='ocrx_word' id='word_1_1165' title='bbox 1931 3151 1963 3175; x_wconf 92' lang='lat' dir='ltr'>et</span> <span class='ocrx_word' id='word_1_1166' title='bbox 1987 3153 2088 3185; x_wconf 91' lang='lat' dir='ltr'>aquae</span> <span class='ocrx_word' id='word_1_1167' title='bbox 2097 3153 2106 3181; x_wconf 87' lang='lat'>;</span> <span class='ocrx_word' id='word_1_1168' title='bbox 2132 3141 2206 3184; x_wconf 90' lang='lat' dir='ltr'>quia</span> <span class='ocrx_word' id='word_1_1169' title='bbox 2231 3137 2399 3182; x_wconf 87' lang='lat' dir='ltr'>coagulata</span> <span class='ocrx_word' id='word_1_1170' title='bbox 2423 3149 2441 3170; x_wconf 92' lang='lat' dir='ltr'>a</span> 
     </span>
     <span class='ocr_line' id='line_1_140' title="bbox 1383 3181 2441 3237; baseline -0.012 -11"><span class='ocrx_word' id='word_1_1171' title='bbox 1383 3192 1501 3237; x_wconf 86' lang='lat' dir='ltr'>frigido</span> <span class='ocrx_word' id='word_1_1172' title='bbox 1519 3190 1733 3234; x_wconf 91' lang='lat' dir='ltr'>coagulantur</span> <span class='ocrx_word' id='word_1_1173' title='bbox 1749 3200 1806 3233; x_wconf 88' lang='lat' dir='ltr'>per</span> <span class='ocrx_word' id='word_1_1174' title='bbox 1829 3187 1933 3220; x_wconf 91' lang='lat' dir='ltr'>solam</span> <span class='ocrx_word' id='word_1_1175' title='bbox 1956 3186 2173 3229; x_wconf 89' lang='lat' dir='ltr'>privationem</span> <span class='ocrx_word' id='word_1_1176' title='bbox 2197 3182 2302 3222; x_wconf 86' lang='lat' dir='ltr'>calidi,</span> <span class='ocrx_word' id='word_1_1177' title='bbox 2319 3191 2350 3215; x_wconf 92' lang='lat' dir='ltr'>et</span> <span class='ocrx_word' id='word_1_1178' title='bbox 2366 3181 2441 3214; x_wconf 89' lang='lat' dir='ltr'>talia</span> 
     </span>
     <span class='ocr_line' id='line_1_141' title="bbox 1384 3224 2440 3281; baseline -0.013 -10"><span class='ocrx_word' id='word_1_1179' title='bbox 1384 3246 1460 3271; x_wconf 93' lang='lat' dir='ltr'>sunt</span> <span class='ocrx_word' id='word_1_1180' title='bbox 1476 3248 1595 3281; x_wconf 87' lang='lat' dir='ltr'>aquea:</span> <span class='ocrx_word' id='word_1_1181' title='bbox 1612 3234 1717 3267; x_wconf 91' lang='lat' dir='ltr'>calido</span> <span class='ocrx_word' id='word_1_1182' title='bbox 1730 3233 1745 3250; x_wconf 89' lang='lat'>*</span> <span class='ocrx_word' id='word_1_1183' title='bbox 1769 3231 1983 3276; x_wconf 88' lang='lat' dir='ltr'>coagulantur</span> <span class='ocrx_word' id='word_1_1184' title='bbox 1996 3241 2054 3274; x_wconf 91' lang='lat' dir='ltr'>per</span> <span class='ocrx_word' id='word_1_1185' title='bbox 2070 3229 2285 3273; x_wconf 87' lang='lat' dir='ltr'>privationem</span> <span class='ocrx_word' id='word_1_1186' title='bbox 2302 3224 2440 3266; x_wconf 90' lang='lat' dir='ltr'>humidi,</span> 
     </span>
     <span class='ocr_line' id='line_1_142' title="bbox 1383 3270 2441 3317; baseline -0.012 -2"><span class='ocrx_word' id='word_1_1187' title='bbox 1383 3291 1415 3316; x_wconf 89' lang='lat' dir='ltr'>et</span> <span class='ocrx_word' id='word_1_1188' title='bbox 1431 3290 1508 3315; x_wconf 90' lang='lat' dir='ltr'>sunt</span> <span class='ocrx_word' id='word_1_1189' title='bbox 1524 3289 1643 3313; x_wconf 89' lang='lat' dir='ltr'>terrea:</span> <span class='ocrx_word' id='word_1_1190' title='bbox 1669 3278 1707 3311; x_wconf 90' lang='lat' dir='ltr'>ab</span> <span class='ocrx_word' id='word_1_1191' title='bbox 1725 3276 1882 3310; x_wconf 91' lang='lat' dir='ltr'>ambobus</span> <span class='ocrx_word' id='word_1_1192' title='bbox 1900 3284 2009 3308; x_wconf 89' lang='lat' dir='ltr'>autem</span> <span class='ocrx_word' id='word_1_1193' title='bbox 2031 3273 2200 3317; x_wconf 87' lang='lat' dir='ltr'>coagulata</span> <span class='ocrx_word' id='word_1_1194' title='bbox 2228 3270 2441 3314; x_wconf 86' lang='lat' dir='ltr'>coagulantur</span> 
     </span>
     <span class='ocr_line' id='line_1_143' title="bbox 1383 3316 2440 3371; baseline -0.013 -11"><span class='ocrx_word' id='word_1_1195' title='bbox 1383 3338 1441 3371; x_wconf 91' lang='lat' dir='ltr'>per</span> <span class='ocrx_word' id='word_1_1196' title='bbox 1457 3325 1673 3370; x_wconf 90' lang='lat' dir='ltr'>privationem</span> <span class='ocrx_word' id='word_1_1197' title='bbox 1690 3323 1870 3365; x_wconf 80' lang='lat' dir='ltr'>utrIusque,</span> <span class='ocrx_word' id='word_1_1198' title='bbox 1886 3329 1918 3353; x_wconf 92' lang='lat' dir='ltr'>et</span> <span class='ocrx_word' id='word_1_1199' title='bbox 1934 3319 2007 3352; x_wconf 93' lang='lat' dir='ltr'>ideo</span> <span class='ocrx_word' id='word_1_1200' title='bbox 2027 3326 2103 3350; x_wconf 93' lang='lat' dir='ltr'>sunt</span> <span class='ocrx_word' id='word_1_1201' title='bbox 2123 3316 2311 3349; x_wconf 89' lang='lat' dir='ltr'>communia</span> <span class='ocrx_word' id='word_1_1202' title='bbox 2338 3323 2440 3347; x_wconf 90' lang='lat' dir='ltr'>terrae</span> 
     </span>
     <span class='ocr_line' id='line_1_144' title="bbox 1383 3360 2439 3415; baseline -0.013 -11"><span class='ocrx_word' id='word_1_1203' title='bbox 1383 3380 1414 3404; x_wconf 92' lang='lat' dir='ltr'>et</span> <span class='ocrx_word' id='word_1_1204' title='bbox 1439 3381 1552 3415; x_wconf 88' lang='lat' dir='ltr'>aquae.</span> <span class='ocrx_word' id='word_1_1205' title='bbox 1581 3367 1645 3401; x_wconf 92' lang='lat' dir='ltr'>Sed</span> <span class='ocrx_word' id='word_1_1206' title='bbox 1670 3365 1838 3410; x_wconf 87' lang='lat' dir='ltr'>coagulata</span> <span class='ocrx_word' id='word_1_1207' title='bbox 1863 3364 1901 3397; x_wconf 90' lang='lat' dir='ltr'>ab</span> <span class='ocrx_word' id='word_1_1208' title='bbox 1925 3372 2065 3407; x_wconf 87' lang='lat' dir='ltr'>utroque</span> <span class='ocrx_word' id='word_1_1209' title='bbox 2101 3360 2254 3394; x_wconf 88' lang='lat' dir='ltr'>differunt</span> <span class='ocrx_word' id='word_1_1210' title='bbox 2277 3360 2360 3392; x_wconf 90' lang='lat' dir='ltr'>inter</span> <span class='ocrx_word' id='word_1_1211' title='bbox 2384 3369 2439 3390; x_wconf 89' lang='lat' dir='ltr'>se:</span> 
     </span>
    </p>
   </div>
   <div class='ocr_carea' id='block_1_11' title="bbox 1369 3402 2442 3460">
    <p class='ocr_par' dir='ltr' id='par_1_13' title="bbox 1369 3402 2442 3460">
     <span class='ocr_line' id='line_1_145' title="bbox 1369 3402 2442 3460; baseline -0.014 -11"><span class='ocrx_word' id='word_1_1212' title='bbox 1369 3416 1459 3460; x_wconf 38' lang='lat' dir='ltr'>*quia</span> <span class='ocrx_word' id='word_1_1213' title='bbox 1475 3412 1636 3459; x_wconf 88' lang='lat' dir='ltr'>quaedam</span> <span class='ocrx_word' id='word_1_1214' title='bbox 1654 3420 1730 3444; x_wconf 92' lang='lat' dir='ltr'>sunt</span> <span class='ocrx_word' id='word_1_1215' title='bbox 1749 3411 1782 3443; x_wconf 91' lang='lat' dir='ltr'>in</span> <span class='ocrx_word' id='word_1_1216' title='bbox 1802 3408 1919 3454; x_wconf 90' lang='lat' dir='ltr'>quibus</span> <span class='ocrx_word' id='word_1_1217' title='bbox 1937 3416 2044 3440; x_wconf 91' lang='lat' dir='ltr'>totum</span> <span class='ocrx_word' id='word_1_1218' title='bbox 2061 3405 2234 3438; x_wconf 89' lang='lat' dir='ltr'>humidum</span> <span class='ocrx_word' id='word_1_1219' title='bbox 2249 3404 2264 3420; x_wconf 84' lang='grc'><em>*</em></span> <span class='ocrx_word' id='word_1_1220' title='bbox 2281 3402 2442 3436; x_wconf 85' lang='lat' dir='ltr'>exhalavit</span> 
     </span>
    </p>
   </div>
   <div class='ocr_carea' id='block_1_12' title="bbox 1382 3446 2445 3678">
    <p class='ocr_par' dir='ltr' id='par_1_14' title="bbox 1382 3446 2445 3678">
     <span class='ocr_line' id='line_1_146' title="bbox 1382 3446 2441 3494; baseline -0.014 -1"><span class='ocrx_word' id='word_1_1221' title='bbox 1382 3460 1496 3494; x_wconf 89' lang='lat' dir='ltr'>relicto</span> <span class='ocrx_word' id='word_1_1222' title='bbox 1521 3458 1593 3491; x_wconf 94' lang='lat' dir='ltr'>solo</span> <span class='ocrx_word' id='word_1_1223' title='bbox 1626 3454 1763 3490; x_wconf 92' lang='lat' dir='ltr'>humido</span> <span class='ocrx_word' id='word_1_1224' title='bbox 1788 3454 2008 3491; x_wconf 91' lang='lat' dir='ltr'>continuante,</span> <span class='ocrx_word' id='word_1_1225' title='bbox 2036 3451 2119 3483; x_wconf 90' lang='lat' dir='ltr'>sicut</span> <span class='ocrx_word' id='word_1_1226' title='bbox 2143 3450 2176 3482; x_wconf 91' lang='lat' dir='ltr'>in</span> <span class='ocrx_word' id='word_1_1227' title='bbox 2204 3447 2375 3492; x_wconf 89' lang='lat' dir='ltr'>lapidibus.</span> <span class='ocrx_word' id='word_1_1228' title='bbox 2400 3446 2441 3479; x_wconf 91' lang='lat' dir='ltr'>Et</span> 
     </span>
     <span class='ocr_line' id='line_1_147' title="bbox 1382 3491 2441 3545; baseline -0.015 -7"><span class='ocrx_word' id='word_1_1229' title='bbox 1382 3507 1442 3538; x_wconf 91' lang='lat' dir='ltr'>ista</span> <span class='ocrx_word' id='word_1_1230' title='bbox 1466 3512 1543 3542; x_wconf 90' lang='lat' dir='ltr'>sunt</span> <span class='ocrx_word' id='word_1_1231' title='bbox 1567 3502 1670 3545; x_wconf 89' lang='lat' dir='ltr'>magis</span> <span class='ocrx_word' id='word_1_1232' title='bbox 1695 3509 1796 3533; x_wconf 88' lang='lat' dir='ltr'>terrea</span> <span class='ocrx_word' id='word_1_1233' title='bbox 1819 3507 1851 3531; x_wconf 93' lang='lat' dir='ltr'>et</span> <span class='ocrx_word' id='word_1_1234' title='bbox 1874 3495 2055 3530; x_wconf 81' lang='lat' dir='ltr'>mollificati</span> <span class='ocrx_word' id='word_1_1235' title='bbox 2079 3505 2147 3527; x_wconf 91' lang='lat' dir='ltr'>non</span> <span class='ocrx_word' id='word_1_1236' title='bbox 2172 3501 2333 3537; x_wconf 90' lang='lat' dir='ltr'>possunt,</span> <span class='ocrx_word' id='word_1_1237' title='bbox 2358 3491 2441 3523; x_wconf 91' lang='lat' dir='ltr'>sicut</span> 
     </span>
     <span class='ocr_line' id='line_1_148' title="bbox 1382 3535 2445 3593; baseline -0.015 -11"><span class='ocrx_word' id='word_1_1238' title='bbox 1382 3548 1506 3593; x_wconf 90' lang='lat' dir='ltr'>lapides</span> <span class='ocrx_word' id='word_1_1239' title='bbox 1531 3555 1563 3580; x_wconf 93' lang='lat' dir='ltr'>et</span> <span class='ocrx_word' id='word_1_1240' title='bbox 1587 3546 1760 3579; x_wconf 88' lang='lat' dir='ltr'>electrum:</span> <span class='ocrx_word' id='word_1_1241' title='bbox 1778 3554 1854 3576; x_wconf 84' lang='lat' dir='ltr'>narn</span> <span class='ocrx_word' id='word_1_1242' title='bbox 1879 3550 1910 3574; x_wconf 91' lang='lat' dir='ltr'>et</span> <span class='ocrx_word' id='word_1_1243' title='bbox 1926 3541 2081 3573; x_wconf 90' lang='lat' dir='ltr'>electrum</span> <span class='ocrx_word' id='word_1_1244' title='bbox 2101 3537 2230 3571; x_wconf 90' lang='lat' dir='ltr'>videtur</span> <span class='ocrx_word' id='word_1_1245' title='bbox 2249 3548 2319 3570; x_wconf 92' lang='lat' dir='ltr'>esse</span> <span class='ocrx_word' id='word_1_1246' title='bbox 2343 3535 2445 3575; x_wconf 43' lang='lat' dir='ltr'>huius,</span> 
     </span>
     <span class='ocr_line' id='line_1_149' title="bbox 1382 3578 2440 3638; baseline -0.016 -11"><span class='ocrx_word' id='word_1_1247' title='bbox 1382 3593 1510 3638; x_wconf 88' lang='lat' dir='ltr'>generis</span> <span class='ocrx_word' id='word_1_1248' title='bbox 1543 3589 1790 3633; x_wconf 85' lang='lat' dir='ltr'>coagulatorum</span> <span class='ocrx_word' id='word_1_1249' title='bbox 1822 3586 1860 3619; x_wconf 90' lang='lat' dir='ltr'>ab</span> <span class='ocrx_word' id='word_1_1250' title='bbox 1885 3594 2042 3629; x_wconf 88' lang='lat' dir='ltr'>utroque;</span> <span class='ocrx_word' id='word_1_1251' title='bbox 2067 3582 2124 3616; x_wconf 92' lang='lat' dir='ltr'>sed</span> <span class='ocrx_word' id='word_1_1252' title='bbox 2151 3581 2318 3620; x_wconf 89' lang='lat' dir='ltr'>lacrimae,</span> <span class='ocrx_word' id='word_1_1253' title='bbox 2345 3588 2376 3611; x_wconf 91' lang='lat' dir='ltr'>et</span> <span class='ocrx_word' id='word_1_1254' title='bbox 2400 3578 2440 3628; x_wconf 69' lang='lat' dir='ltr'>si3</span> 
     </span>
     <span class='ocr_line' id='line_1_150' title="bbox 1382 3627 2440 3678; baseline -0.016 -7"><span class='ocrx_word' id='word_1_1255' title='bbox 1382 3638 1481 3678; x_wconf 88' lang='lat' dir='ltr'>milia,</span> <span class='ocrx_word' id='word_1_1256' title='bbox 1501 3637 1586 3669; x_wconf 88' lang='lat' dir='ltr'>sicut</span> <span class='ocrx_word' id='word_1_1257' title='bbox 1602 3633 1744 3678; x_wconf 89' lang='lat' dir='ltr'>myrrha,</span> <span class='ocrx_word' id='word_1_1258' title='bbox 1761 3631 1847 3671; x_wconf 89' lang='lat' dir='ltr'>thus,</span> <span class='ocrx_word' id='word_1_1259' title='bbox 1864 3641 1998 3674; x_wconf 89' lang='lat' dir='ltr'>gumma</span> <span class='ocrx_word' id='word_1_1260' title='bbox 2015 3637 2046 3662; x_wconf 91' lang='lat' dir='ltr'>et</span> <span class='ocrx_word' id='word_1_1261' title='bbox 2069 3627 2152 3672; x_wconf 92' lang='lat' dir='ltr'>pori,</span> <span class='ocrx_word' id='word_1_1262' title='bbox 2170 3627 2225 3670; x_wconf 89' lang='lat' dir='ltr'>qui</span> <span class='ocrx_word' id='word_1_1263' title='bbox 2249 3632 2325 3657; x_wconf 92' lang='lat' dir='ltr'>sunt</span> <span class='ocrx_word' id='word_1_1264' title='bbox 2349 3633 2440 3666; x_wconf 72' lang='lat' dir='ltr'>quasr</span> 
     </span>
    </p>
   </div>
   <div class='ocr_carea' id='block_1_13' title="bbox 2465 3227 2674 3283">
    <p class='ocr_par' dir='ltr' id='par_1_15' title="bbox 2465 3227 2674 3283">
     <span class='ocr_line' id='line_1_151' title="bbox 2468 3227 2674 3250; baseline -0.01 0"><span class='ocrx_word' id='word_1_1265' title='bbox 2468 3230 2476 3238; x_wconf 84' lang='lat'><strong>·</strong></span> <span class='ocrx_word' id='word_1_1266' title='bbox 2491 3234 2506 3250; x_wconf 82' lang='grc' dir='ltr'>α</span> <span class='ocrx_word' id='word_1_1267' title='bbox 2521 3227 2599 3249; x_wconf 78' lang='lat' dir='ltr'>calido</span> <span class='ocrx_word' id='word_1_1268' title='bbox 2618 3233 2674 3249; x_wconf 82' lang='lat' dir='ltr'>coa-</span> 
     </span>
     <span class='ocr_line' id='line_1_152' title="bbox 2465 3255 2573 3283; baseline 0 -7"><span class='ocrx_word' id='word_1_1269' title='bbox 2465 3255 2551 3283; x_wconf 81' lang='lat' dir='ltr'>gulata</span> <span class='ocrx_word' id='word_1_1270' title='bbox 2559 3255 2573 3276; x_wconf 71' lang='grc'>,9</span> 
     </span>
    </p>
   </div>
   <div class='ocr_carea' id='block_1_14' title="bbox 2467 3408 2679 3456">
    <p class='ocr_par' dir='ltr' id='par_1_16' title="bbox 2467 3408 2679 3456">
     <span class='ocr_line' id='line_1_153' title="bbox 2467 3408 2679 3429; baseline -0.005 0"><span class='ocrx_word' id='word_1_1271' title='bbox 2467 3409 2479 3419; x_wconf 75' lang='lat'>⁸</span> <span class='ocrx_word' id='word_1_1272' title='bbox 2498 3408 2611 3429; x_wconf 73' lang='lat' dir='ltr'>humidum</span> <span class='ocrx_word' id='word_1_1273' title='bbox 2632 3413 2679 3429; x_wconf 83' lang='lat' dir='ltr'>non</span> 
     </span>
     <span class='ocr_line' id='line_1_154' title="bbox 2468 3434 2627 3456; baseline -0.013 0"><span class='ocrx_word' id='word_1_1274' title='bbox 2468 3435 2606 3456; x_wconf 79' lang='lat' dir='ltr'>continuans</span> <span class='ocrx_word' id='word_1_1275' title='bbox 2613 3434 2627 3454; x_wconf 59' lang='grc' dir='ltr'><strong>β</strong></span> 
     </span>
    </p>
   </div>
  </div>
 </body>
</html>
