2782 4134
103 474 113 483 '¹
127 473 195 494 Immo
210 478 231 493 P.

99 894 108 903 “
123 893 243 920 regularis
259 899 281 914 P.

92 1424 102 1432 ⁶
115 1422 211 1444 duarum
227 1421 278 1443 add.
287 1427 300 1442 Ρ

91 1449 186 1470 etcodd.
195 1454 300 1470 exeant.

89 1681 101 1691 *
115 1680 170 1702 Cao.
186 1685 218 1705 ιι,
238 1686 261 1701 ιι.
277 1686 298 1706 ι;

90 1706 114 1728 S.
129 1706 174 1728 Th.
190 1706 241 1727 lect.
257 1712 299 1733 111,

89 1739 112 1754 n.
126 1738 146 1760 5.

87 2006 150 2032 ‘tqu
143 2005 233 2025 iescant
246 2011 259 2026 r
276 2008 298 2026 et

85 2031 195 2079 coliiffctfv
184 2037 265 2085 zenz-

347 280 419 327 164

1036 278 1106 314 DE
1137 276 1312 313 CAELO
1341 275 1412 311 ET
1441 272 1636 310 MUNDO
1666 272 1760 308 LIB.
1793 273 1825 308 II

341 366 410 395 tro.
440 357 550 395 Unde
579 365 748 394 centrum
778 364 814 394 et
841 357 952 406 polus
981 363 1068 393 sunt
1096 354 1336 392 indivisibilia
1365 360 1402 389 et
1456 352 1560 410 quod
1580 358 1703 387 totum
1724 350 1873 387 caelum
1903 357 1960 387 est
1987 349 2224 397 continuum,
2240 349 2292 387 ita
2310 350 2418 399 quod
2436 349 2530 388 infe-

340 411 489 461 penitus
517 411 738 447 immobilia.

395 465 484 502 Ideo
516 465 535 485 ²¹⁸
564 471 691 500 autem
719 464 793 500 hoc
822 462 911 500 dixit
939 474 1020 498 esse
1050 459 1279 505 rationabile,
1310 458 1399 506 quia

342 516 453 553 etiam
467 517 505 553 in
525 516 605 554 aliis
621 516 852 565 corporibus,
875 526 971 564 quae
990 520 1194 550 moventur
1212 518 1321 548 motu
1340 523 1397 547 re-

341 577 413 617 ct0,
425 578 565 618 quanto
581 569 735 619 aliquod
746 580 882 617 corpus
898 575 951 604 est
965 567 1098 612 maius,
1111 572 1213 602 tanto
1228 564 1398 601 velocius

340 630 518 660 movetur
534 623 689 672 proprio
718 628 825 658 motu
853 619 1022 666 naturali,
1052 619 1146 655 sicut
1167 617 1290 654 maior
1307 629 1396 665 pars

340 682 460 712 terrae
492 675 660 713 velocius
693 681 869 711 movetur
901 669 1112 710 deorsum⁰
1136 673 1180 717 (e
1209 669 1395 707 contrario

339 735 466 765 autern
495 740 534 765 se
562 728 676 764 habet
703 727 741 763 in
759 733 866 763 motu
884 725 1063 771 violento,
1084 723 1123 760 in
1150 735 1228 772 quo
1258 735 1396 772 corpus

337 789 479 828 quanto
500 788 554 818 est
572 781 705 826 maius,
721 786 823 816 tanto
843 777 984 815 tardius
1003 779 1207 823 movetur).
1229 776 1340 813 Unde
1360 783 1397 812 et

336 833 375 870 in
390 834 610 882 corporibus
626 845 722 882 quae
747 838 951 869 moventur
970 837 1078 867 motu
1105 829 1284 876 circulari,
1306 841 1394 866 eum

336 893 462 923 motus
485 898 616 922 eorum
644 885 689 922 sit
716 884 891 921 naturalis
910 885 944 931 *,
976 883 1195 920 rationabile
1216 889 1271 919 est
1290 883 1394 931 quod

335 946 475 988 quanto
505 939 661 976 circulus
689 937 797 974 fuerit
821 937 954 985 maior,
980 944 1083 974 tanto
1111 935 1282 973 velocius
1310 947 1394 972 mo-

333 999 476 1028 veatur.

386 1045 435 1080 Et
451 1043 556 1092 quod
575 1050 701 1080 motus
721 1043 874 1080 maioris
903 1042 1029 1079 circuli
1058 1042 1103 1079 sit
1129 1042 1310 1090 velocior,
1325 1054 1392 1090 pa-

332 1104 384 1133 tet
403 1109 447 1133 ex
466 1097 540 1133 hoc
559 1096 674 1145 quod,
696 1096 726 1132 si
746 1108 768 1132 a
789 1103 917 1133 centro
948 1096 1134 1132 ducantur
1154 1095 1252 1132 duae
1271 1095 1393 1132 lineae

331 1156 453 1186 rectae
480 1161 549 1197 per
576 1161 711 1185 omnes
742 1149 899 1186 circulos
926 1161 1048 1198 usque
1078 1149 1126 1186 ad
1154 1161 1390 1197 supremum,

329 1202 452 1251 portio
471 1202 531 1238 illa
559 1214 656 1250 quae
683 1202 913 1239 abscinditur
940 1203 988 1239 ab
1017 1202 1074 1239 his
1104 1202 1252 1239 duabus
1271 1202 1390 1249 lineis,

331 1254 397 1291 erit
424 1255 546 1291 maior
568 1254 606 1292 in
627 1254 764 1291 circulo
791 1254 937 1302 maiori,
959 1262 996 1292 et
1023 1255 1150 1292 minor
1169 1256 1209 1292 in
1241 1255 1390 1293 minori.

328 1307 377 1343 Et
405 1308 538 1344 eadem
571 1308 664 1344 ratio
693 1315 749 1344 est
776 1309 806 1345 si
835 1310 1020 1346 ducantur
1048 1309 1145 1346 duae
1174 1309 1296 1346 lineae
1325 1309 1392 1346 cir-

329 1360 471 1397 culares
491 1373 513 1397 a
531 1361 622 1410 polo
650 1373 720 1410 per
743 1374 879 1399 omnes
909 1361 1067 1398 circulos
1085 1374 1208 1411 usque
1242 1363 1291 1400 ad
1311 1375 1392 1399 ma-

326 1413 470 1450 ximum
499 1426 642 1451 eorum.
674 1415 774 1451 Cum
803 1427 892 1463 ergo
920 1427 997 1452 una
1026 1415 1211 1452 dictarum
1237 1415 1256 1436 ’¹‘
1276 1415 1391 1453 linea-

327 1478 411 1503 rum
441 1466 678 1504 circularium
706 1475 784 1505 tota
817 1468 928 1506 simul
957 1468 1155 1517 perveniat
1183 1469 1232 1506 ad
1260 1470 1389 1506 locum

327 1519 365 1555 in
392 1531 469 1568 quo
495 1527 573 1557 erat
593 1521 676 1568 alia,
706 1521 949 1559 manifestum
979 1530 1034 1560 est
1054 1522 1159 1572 quod
1187 1522 1225 1559 in
1254 1522 1389 1560 maiori

328 1572 465 1609 circulo
484 1574 723 1622 pertransibit
741 1575 928 1612 maiorem
948 1576 1165 1625 portionem
1190 1575 1228 1612 in
1249 1575 1388 1614 eodem

326 1632 517 1674 tempore·
543 1634 580 1663 et
597 1628 671 1664 hoc
692 1635 747 1664 est
765 1629 935 1665 velocius
955 1629 1114 1676 moveri,
1142 1628 1237 1666 sicut
1257 1629 1391 1667 dicitur

327 1677 365 1715 in
378 1678 429 1714 VI
448 1680 642 1728 Physicw
613 1681 632 1701 *
660 1681 819 1718 scilicet‘
834 1683 1061 1730 pertransire
1081 1682 1204 1720 maius
1224 1683 1387 1732 spatium

326 1731 364 1767 in
384 1732 531 1790 aequali
550 1740 734 1782 tempore.
762 1735 824 1771 Sic
845 1747 933 1783 ergo
954 1736 1174 1773 rationabile
1195 1735 1263 1773 erit
1282 1738 1388 1785 quod

326 1784 448 1822 maior
476 1785 635 1823 circulus
654 1788 893 1835 pertransibit
920 1789 1044 1826 maius
1073 1789 1235 1838 spatium
1265 1789 1303 1827 in
1328 1802 1389 1827 ae-

326 1837 426 1886 quali
453 1845 643 1888 tempore3
673 1848 710 1877 et
736 1841 787 1878 ita
815 1849 942 1879 motus
971 1843 1039 1879 erit
1066 1843 1247 1879 velocior.

378 1903 414 1939 7.
445 1892 623 1930 Secundo
653 1901 781 1931 autem
814 1907 892 1932 non
928 1896 1072 1934 accidet
1099 1897 1173 1933 hoc
1207 1896 1388 1934 inconve-

325 1943 446 1992 niens,
477 1946 581 1994 quod
614 1947 761 1984 caelum
798 1949 1014 1995 divellatur,
1044 1949 1140 1986 idest
1178 1950 1388 1997 scindatur;

324 1997 429 2045 quod
449 1999 637 2046 oportebit
656 2000 779 2037 dicere
799 2001 829 2038 si
849 2003 976 2039 stellae
997 2010 1202 2039 moventur
1222 2011 1257 2040 et
1277 2004 1390 2040 orbes

324 2049 522 2098 quiescunt
551 2053 591 2098 *;
623 2061 659 2090 et
685 2054 888 2103 praecipue
923 2056 1010 2105 quia
1038 2063 1235 2093 ostensum
1266 2064 1320 2093 est
1348 2057 1390 2078 ²¹³*

376 2207 400 2241 θ)
420 2212 495 2234 tanto
514 2209 660 2235 velocius...
679 2211 792 2237 velocius
811 2215 932 2237 movetur
950 2213 1084 2238 deorsum.
1102 2228 1121 2233 -
1139 2214 1174 2239 Ita
1192 2215 1227 2244 Α,
1247 2214 1296 2239 nisi
1316 2216 1386 2248 quod

324 2245 487 2269 amanuensis
508 2245 623 2277 proprio
646 2247 784 2271 oscitanter
808 2248 947 2280 corrumpit
966 2249 991 2273 in
1011 2250 1163 2281 proportio.
1184 2250 1203 2274 P
1223 2256 1248 2275 et
1267 2256 1314 2275 cet.
1333 2259 1386 2276 om.

323 2279 516 2304 homoteleuton
530 2281 644 2312 proprio
664 2285 770 2307 motu...
790 2287 918 2309 movetur.
944 2284 1032 2309 Lectio
1051 2285 1171 2318 adoptata
1190 2286 1266 2318 plana
1285 2291 1337 2315 est.
1358 2294 1387 2311 ac

322 2314 408 2346 textui,
422 2315 535 2340 velocius
547 2316 640 2349 fertur
653 2318 768 2349 propria
781 2318 887 2348 latione,
903 2319 978 2352 plene
989 2321 1138 2354 respondet.
1153 2321 1192 2346 Cf.
1203 2321 1280 2346 etiam
1295 2323 1387 2348 imme-

323 2350 389 2375 diate
407 2357 421 2375 e
439 2351 575 2376 contrario
595 2357 642 2377 etc.

376 2385 394 2418 ι)
413 2386 482 2411 sicut
505 2386 603 2412 dicitur
626 2388 652 2412 in
682 2388 719 2413 VI
733 2389 848 2423 Phys-ic..
870 2390 1005 2416 scilicetoe
1018 2392 1096 2417 Solus
1112 2392 1139 2421 Ρ,
1154 2392 1254 2417 omisso
1273 2393 1386 2422 scilicet,

323 2421 394 2453 quod
404 2420 498 2446 habent
511 2430 603 2448 omnes
617 2424 726 2455 codices,
742 2425 803 2458 legit
811 2425 879 2451 sicut
893 2426 992 2452 dicitur
1009 2427 1034 2452 in
1055 2427 1205 2461 VIPhysic.
1217 2428 1284 2458 Quia
1297 2433 1385 2454 tamen

1455 404 1531 440 rior
1552 404 1720 463 sphaera
1743 403 1860 452 tangit
1888 403 2128 452 superiorem
2156 402 2370 440 secundum
2389 410 2527 442 totum.

1456 457 1530 493 Si*
1550 456 1660 504 igitur
1679 457 1792 493 orbes
1807 457 2047 505 quiescerent
2066 463 2102 493 et
2121 456 2248 493 stellae
2267 464 2567 505 moverentur‚·

1453 509 1484 546 si
1499 509 1656 558 quidem
1677 510 1805 546 stellae
1826 517 1951 547 essent
1967 508 2251 558 profundatae'
2242 521 2282 546 m
2302 509 2528 558 corporibus

1453 563 1714 611 sphaerarum,
1732 570 1954 612 sequeretur
1974 563 2080 612 quod
2095 575 2165 600 suo
2181 569 2291 599 motu
2307 562 2529 601 divellerent

1452 614 1533 653 sive
1563 616 1826 665 dirumperent
1854 618 1874 638 *
1906 617 2031 666 ipsam
2070 617 2322 665 sphaerarum
2355 616 2528 654 substan·
2554 629 2565 638 ·

1451 669 1555 706 tiam.
1577 669 1618 706 Si
1637 677 1766 706 autem
1786 677 2036 708 moverentur
2054 669 2094 706 in
2113 669 2316 719 superficie
2340 669 2527 718 sphaerae

1450 722 1680 771 superioris,
1720 730 1912 772 oporteret
1944 723 2050 772 quod
2077 724 2140 760 vel
2172 723 2329 760 inferior
2364 723 2529 772 sphaera

1450 775 1685 813 scinderetur
1703 788 1726 813 a
1745 783 1855 814 motu
1874 777 2015 825 stellae,
2035 777 2099 814 vel
2119 776 2225 826 quod
2249 783 2349 814 esset
2372 776 2528 825 aliquod

1450 829 1615 877 spatium
1644 829 1818 866 medium
1841 830 1939 867 inter
1967 830 2063 868 duas
2091 831 2284 879 sphaeras,
2311 829 2526 867 secundum

1449 882 1698 930 quantitatem
1726 883 1873 919 stellae:
1897 890 1934 920 et
1960 883 2037 920 hoc
2056 883 2221 932 spatium
2241 890 2435 933 oporteret
2461 883 2526 920 vel

1450 946 1532 971 esse
1563 947 1754 984 vacuum,
1783 937 1846 973 vel
1885 948 1967 974 esse
2000 937 2160 986 plenum
2197 937 2325 986 aliquo
2363 949 2525 986 corpore

1447 988 1632 1036 passibili,
1662 989 1771 1037 quod
1798 989 2080 1038 dirumperetur
2109 991 2129 1012 *
2158 989 2208 1027 ad
2235 990 2400 1027 modum
2428 989 2525 1027 aeris
2551 997 2562 1006 '

1447 1041 1509 1078 vel
1525 1053 1660 1089 aquae,
1672 1054 1742 1090 per
1757 1049 1908 1079 motum
1929 1043 2100 1092 corporis
2115 1043 2362 1090 transeuntis3
2378 1050 2525 1080 utrum-

1448 1106 1523 1143 que
1539 1101 1668 1131 autem
1682 1095 1823 1132 horum
1835 1103 1891 1132 est
1903 1095 2272 1145 impossibile.-Sed
2281 1097 2378 1133 haec
2393 1096 2525 1134 omnia

1447 1147 1756 1185 inconvenientia
1775 1147 1981 1196 evitantur,
2011 1149 2043 1186 si
2069 1161 2263 1199 ponamus
2291 1150 2416 1187 stellas
2443 1161 2524 1187 non

1448 1200 1597 1239 moveri
1624 1214 1694 1250 per
1724 1202 1744 1223 ’²‘
1772 1213 1834 1249 se,
1864 1202 1932 1240 sed
1951 1203 2078 1239 solum
2096 1214 2166 1251 per
2183 1210 2335 1240 motum
2355 1202 2522 1240 orbium.
2551 1215 2562 1225 ·

1502 1255 1609 1292 Haec
1635 1262 1765 1292 autem
1790 1255 1975 1304 expositio
2005 1267 2104 1305 quae
2133 1255 2233 1293 dicta
2257 1263 2323 1303 est,
2345 1255 2526 1293 convenit

1446 1314 1524 1345 tam
1555 1315 1743 1356 quantum
1771 1308 1820 1346 ad
1840 1309 1966 1346 stellas
1993 1309 2100 1357 fixas,
2121 1321 2240 1358 quam
2269 1309 2384 1346 etiam
2405 1320 2524 1358 quan-

1446 1359 1528 1399 tum
1558 1361 1607 1399 ad
1634 1362 1818 1411 planetas.
1839 1363 1971 1399 Potest
1998 1370 2127 1400 autem
2155 1362 2263 1400 aliter
2290 1361 2442 1411 exponi,
2466 1373 2524 1400 se—

1447 1415 1617 1453 cundum
1637 1415 1744 1465 quod
1764 1415 1923 1453 refertur
1938 1416 2065 1453 solum
2085 1416 2135 1454 ad
2153 1416 2278 1453 stellas
2296 1416 2404 1453 fixas.
2422 1414 2524 1463 Quia

1447 1468 1548 1506 enim
1567 1469 1799 1518 probaverat
1820 1470 1840 1491 *
1860 1470 1966 1519 quod
1985 1477 2115 1507 motus
2134 1469 2290 1507 maioris
2311 1468 2439 1506 circuli
2466 1475 2524 1506 eet

1444 1522 1627 1570 velocior,
1638 1534 1707 1572 per
1717 1522 1965 1572 quantitatem
1975 1523 2225 1572 portionum*
2233 1523 2522 1560 intersecmmm

1445 1589 1467 1613 a
1487 1576 1638 1613 duabus
1657 1576 1766 1613 lineis
1784 1576 2082 1626 procedentibus
2097 1589 2120 1614 a
2140 1585 2272 1615 centro
2289 1576 2354 1614 vel
2373 1589 2397 1613 a
2414 1575 2520 1625 polo,

1443 1630 1582 1679 probat
1608 1630 1685 1667 hoc
1712 1628 1850 1667 iterum
1879 1629 1951 1667 alia
1981 1630 2147 1668 ratione·
2177 1630 2269 1680 quia
2295 1629 2368 1667 nisi
2396 1628 2523 1667 maior

1445 1683 1606 1720 circulus
1643 1682 1682 1720 in
1715 1683 1879 1732 sphaera
1915 1684 2109 1722 stellarum
2145 1684 2311 1722 fixarum
2347 1682 2521 1722 velocius

1444 1744 1687 1784 moveretur,
1723 1744 1946 1796 sequeretur
1986 1738 2092 1786 quod
2129 1737 2293 1787 sphaera
2327 1737 2520 1776 stellarum

1444 1802 1523 1827 non
1552 1797 1651 1827 esset
1670 1797 1749 1827 tota
1778 1790 1971 1838 continua,
1991 1791 2059 1828 sed
2087 1790 2329 1829 divelleretur
2347 1801 2418 1840 per
2433 1801 2520 1851 par-

1444 1851 1520 1890 tes;
1552 1856 1641 1881 cum
1672 1844 1692 1864 *
1721 1844 1827 1881 stella
1855 1855 1955 1893 quae
1985 1851 2042 1881 est
2068 1844 2108 1882 in
2136 1843 2277 1882 minori
2306 1844 2460 1892 circulo,
2483 1843 2523 1881 si

1444 1897 1603 1934 haberet
1617 1904 1768 1934 motum
1791 1909 1914 1947 aeque
1933 1898 2123 1945 velocem,
2142 1905 2340 1948 oporteret
2357 1895 2491 1947 quod
2473 1908 2521 1934 ιιι

1445 1950 1585 1987 minori
1617 1958 1793 2000 tempore
1830 1963 1946 1988 suum
1976 1951 2159 1989 circulum
2196 1959 2416 2001 perageret;

1446 2003 1549 2040 enim
1579 2011 1634 2041 est
1663 2004 1710 2041 de
1739 2003 1886 2042 ratione
1915 2017 2038 2054 aeque
2063 2004 2220 2053 velocis,
2247 2004 2354 2055 quod
2382 2003 2421 2042 in
2447 2002 2520 2041 mi*

1446 2057 1529 2094 nori
1554 2065 1730 2108 tempore
1751 2059 1771 2080 *
1792 2058 1919 2095 minus
1945 2058 2111 2108 spatium
2129 2065 2376 2108 pertranseat.

1442 2215 1466 2240 id
1485 2216 1557 2248 quod
1575 2216 1723 2242 immediate
1742 2217 1869 2259 sequitur,
1885 2218 2020 2250 explicatio
2039 2223 2080 2243 est
2098 2218 2154 2243 eius
2169 2218 2243 2251 quod
2261 2217 2359 2243 dixer-t
2371 2220 2399 2243 et
2410 2217 2516 2255 λοι-σι(

1442 2251 1555 2276 velocius
1575 2252 1684 2283 moveri,
1703 2260 1734 2277 ex
1747 2253 1822 2278 codd.
1836 2254 1862 2278 in
1876 2258 1974 2279 textum
1993 2253 2155 2279 restituimus
2173 2253 2281 2284 scilicet,
2296 2254 2359 2279 dum
2376 2250 2520 2280 retinemus

1441 2286 1510 2312 sicut
1529 2287 1629 2312 dicitur
1643 2288 1669 2312 in
1688 2287 1727 2312 VI
1737 2288 1852 2322 Physic„
1867 2290 1989 2322 quamvis
2008 2290 2034 2314 in
2049 2289 2124 2314 codd.
2144 2286 2312 2319 desideretur.
2332 2288 2394 2322 quin
2412 2289 2465 2316 loe.¹
2476 2289 2519 2316 dt.

1441 2323 1594 2348 Aristoteles
1614 2330 1735 2355 expresse
1757 2324 1911 2349 determinat
1935 2325 1997 2357 quid
2023 2325 2057 2350 nit
2082 2324 2197 2350 velocius
2221 2324 2340 2355 moveri,
2361 2329 2388 2350 et
2407 2330 2520 2355 mouent

1442 2365 1464 2383 s.
1477 2358 1596 2383 ‘rhomae
1615 2359 1647 2383 ad
1666 2358 1816 2384 huiusmodi
1841 2360 1898 2384 loca
1917 2359 2069 2392 Philosophi
2095 2368 2124 2385 se
2143 2359 2249 2385 referre.
2268 2359 2307 2385 Cf.
2323 2367 2403 2394 supra
2420 2368 2447 2387 n.
2463 2359 2488 2386 3.
2499 2375 2519 2381 -

1442 2393 1506 2418 Post
1524 2394 1619 2429 lineam
1638 2401 1687 2427 pro
1700 2395 1893 2426 pertransibit,
1914 2395 1986 2428 quod
2009 2395 2069 2420 hab.
2088 2403 2160 2420 omn.
2179 2395 2270 2426 codd.‚
2285 2397 2462 2428 per-tramae
2480 2392 2517 2428 1³3

1443 2429 1528 2454 maius
1547 2429 1664 2461 spatium
1684 2437 1738 2455 om.
1753 2430 1828 2455 codd.
1843 2437 1897 2455 exc.
1912 2430 1959 2456 sG.

2581 468 2622 490 Sic
2635 474 2660 491 Α.

2550 1477 2606 1500 'cn
2612 1483 2678 1501 num.
2687 1484 2764 1508 praec.

2548 1531 2775 1580 00me

2548 1850 2558 1860 '
2573 1849 2710 1874 duam

2740 2391 2759 2436 5.

2774 2351 2782 2445 η-Α
