2782 4134
49 533 55 539 ε
80 523 132 547 lect.
142 529 158 550 1,
172 529 196 545 n.
205 529 222 545 1.

111 634 161 651 om.
169 634 208 650 M.

56 736 145 767 „vm

101 898 135 916 π.

76 1025 81 1031 ,
148 1005 179 1022 ΑΒ

107 1107 145 1129 12-

112 1157 125 1173 u

92 1372 143 1426 νῦν

132 1481 183 1503 *bn

91 1574 95 1578 .
113 1596 116 1597 γ
142 1586 222 1612 m-

124 1640 212 1660 ”aa

120 1802 222 1823 ...Μ

87 1991 89 1993 .
111 1971 158 1987 ‚5:¹3
177 1970 179 1973 ¹

103 2010 105 2012 ’
141 2016 182 2035 κ.

76 2060 91 2066 ”
129 2069 221 2088 orn-u-

107 1921 120 1926 -⁴
147 1912 177 1931 'lt-¹
223 1915 227 1919 '

1102 222 1214 259 CAP.
1245 222 1314 269 IV,
1344 222 1497 259 LECT.
1526 222 1596 259 VII

457 304 501 343 ·,
517 307 696 349 ostquam
711 299 970 348 Philosophus
987 300 1254 338 determinavit
1274 300 1320 338 de

371 397 403 403 U
517 353 630 399 mari,
661 353 768 390 cuius
796 352 946 389 salsedo
977 361 1155 390 causatur
1183 366 1228 390 ex
1258 354 1322 391 ad-

318 430 343 446 „
371 410 424 433 -ὲ
517 405 699 442 mixtione
720 405 968 442 exhalationis
988 406 1111 443 siccae
1126 407 1322 454 terrestris,

316 482 337 487 ψ
403 487 405 489 »
456 452 499 489 ἓν(
517 465 798 507 consequenter
831 458 1059 495 determinat
1096 459 1143 496 de
1176 460 1322 506 ventis,

250 511 316 561 qui
344 511 392 548 ab
423 511 559 548 eadem
590 511 827 548 exhalatione
856 510 956 548 sicca
990 520 1192 549 causantur
1213 512 1244 549 ²¹⁶.
1275 514 1324 549 Et

252 563 432 603 dividitur
448 563 488 600 in
510 571 638 612 partes
667 564 780 601 duas:
810 563 849 600 in
876 564 1001 612 prima
1030 564 1256 602 determinat
1276 565 1322 602 de

249 618 340 668 ipsis
357 616 379 640 *
395 616 538 663 ventis3
567 616 606 653 in
625 617 795 654 secunda
814 617 861 654 de
886 616 1115 665 quibusdam
1139 618 1324 666 passioni-

250 672 322 708 bus
342 682 388 707 ex
406 670 531 707 ventis
547 669 720 716 causatis,
741 670 811 706 ibi:
831 670 892 706 De
909 670 1118 719 agitatione
1144 676 1270 707 autem
1290 677 1327 707 et

250 730 354 762 motu
381 723 402 745 ⁸
430 731 500 760 etc.
530 723 661 760 Prima
694 723 834 760 iterum
864 722 1045 760 dividitur
1072 723 1110 760 in
1139 723 1256 760 duas:
1285 723 1324 760 in

249 777 374 827 prima
401 776 630 814 determinat
657 775 704 818 de
732 776 859 813 ventis
887 776 926 813 in
956 776 1173 822 communi;
1199 776 1237 813 in
1266 789 1323 813 se-
1361 814 1363 817 ,

251 829 378 868 cunda
406 829 454 867 de
483 829 684 878 speciebus
717 837 925 867 ventorum
942 858 951 875 ,
986 829 1056 867 ibi:
1085 831 1146 867 De
1167 829 1322 878 positio-

250 895 299 921 ne
323 882 345 905 ⁸
363 890 434 920 etc.
454 882 585 923 Prima
614 882 793 920 dividitur
811 882 850 920 in
877 890 953 919 tres
977 890 1119 932 partes:
1140 883 1180 920 in
1198 883 1325 932 prima

251 935 480 974 determinat
504 935 551 972 de
571 936 817 984 generatione
836 943 1062 982 ventorum;
1091 936 1130 973 in
1155 936 1324 974 secunda

249 989 301 1028 de¹
325 996 436 1026 motu
463 989 575 1026 locali
604 1001 740 1026 eorum
767 989 803 1036 ³⁸,
831 988 904 1026 ibi:
933 990 1044 1026 Latio
1072 995 1198 1027 autem
1227 990 1322 1038 ipso-

250 1054 338 1080 rum
355 1041 376 1064 '⁸
400 1049 489 1087 etc.;
518 1041 558 1079 in
576 1042 685 1079 tertia
712 1043 760 1079 de
789 1050 997 1090 augmento
1026 1050 1064 1080 et
1090 1042 1322 1091 quietatione

250 1095 440 1146 ipsorum,
470 1094 540 1132 ibi:
569 1095 636 1132 Sol
670 1101 796 1133 autem
826 1101 863 1132 et
887 1107 1036 1133 cessare
1062 1095 1083 1118 *
1111 1103 1180 1134 etc.
1211 1096 1323 1133 Circa

249 1148 420 1199 primum
448 1148 519 1185 tria
541 1148 646 1187 facit:
676 1149 802 1198 primo
821 1148 1029 1198 praemittit
1055 1148 1240 1198 principia
1259 1162 1322 1197 ge-

250 1201 457 1240 nerationis
468 1201 696 1248 ventorum;
717 1202 887 1240 secundo
902 1202 1011 1251 ponit
1029 1202 1194 1239 modum
1208 1214 1322 1250 gene-

250 1254 406 1293 rnionis
426 1267 572 1302 eorum,
588 1255 658 1293 ibi:
678 1253 942 1292 Exhalatione‘
952 1261 1078 1293 autem
1092 1255 1188 1292 sicut
1201 1254 1221 1277 ’¹‘
1237 1263 1320 1300 etc.;

248 1307 361 1347 butio
387 1307 604 1346 manifestat
631 1309 739 1358 quod
767 1308 910 1346 dictum
938 1315 1010 1356 est,
1039 1307 1108 1346 ibi:
1136 1309 1228 1345 Hoc
1254 1321 1322 1346 au-

249 1365 337 1400 oem*
351 1361 455 1411 quod
481 1362 548 1399 isto
577 1362 690 1399 modo
716 1361 738 1384 *
765 1369 836 1399 etc.

262 1447 267 1450 .
303 1426 342 1453 Β.
357 1414 470 1453 Circa
487 1414 656 1464 primum
677 1415 756 1452 duo
771 1415 869 1452 facit.
891 1414 1023 1452 Primo
1038 1414 1204 1463 assignat
1221 1415 1322 1464 prin-

185 1483 203 1495 Η
223 1484 226 1487 ·
251 1467 395 1518 dpium
414 1468 610 1506 materiale
629 1475 848 1506 ventorum.
878 1468 928 1505 Et
947 1467 1036 1505 dicit
1055 1468 1172 1517 quod,
1195 1481 1283 1506 cum
1302 1469 1323 1491 '¹‘

251 1521 459 1560 dicendum
477 1529 535 1559 est
554 1521 600 1558 de
627 1521 830 1569 spiritibus,
850 1521 947 1559 idest
975 1521 1023 1558 de
1051 1521 1187 1568 ventis,
1209 1534 1323 1571 opor-

249 1581 305 1613 tet
328 1583 524 1613 rosumere
552 1575 627 1611 hoc
659 1574 908 1624 principium,
938 1575 1044 1624 quod
1072 1575 1150 1612 iam
1178 1575 1284 1624 prius
1302 1575 1323 1598 *

214 1651 222 1658 ·
250 1627 396 1667 dietum
421 1635 490 1675 est,
510 1627 650 1665 scilicet
667 1627 688 1650 *
706 1629 813 1677 quod
841 1635 928 1665 sunt
957 1628 1055 1666 duae
1084 1628 1230 1677 species
1260 1641 1322 1666 ex-

249 1681 470 1720 hdutionis:
499 1693 577 1718 una
615 1681 772 1730 quidem
813 1681 1000 1729 humida,
1030 1693 1129 1730 quae
1161 1690 1324 1719 vocatur

248 1746 394 1784 vapor3
422 1734 496 1772 alia
524 1741 652 1771 autem
681 1734 801 1782 sicca,
831 1747 952 1784 quae,
981 1734 1072 1783 quia
1100 1747 1180 1772 non
1207 1736 1324 1773 habet

249 1791 397 1827 minen
413 1787 434 1810 ⁸²
454 1800 682 1835 commune,
712 1800 735 1825 a
762 1788 930 1837 quadarn
951 1788 1008 1826 sui
1029 1796 1134 1837 parte
1162 1797 1324 1826 vocetur

235 1842 398 1891 filma&
425 1853 518 1878 nam
538 1842 667 1878 fumus
686 1841 840 1891 proprie
860 1841 996 1879 dicitur
1016 1841 1202 1879 exhalatio
1223 1842 1323 1879 sicca

248 1893 440 1944 lignorum
473 1894 692 1943 ignitorum.
718 1895 829 1932 Duae
857 1903 987 1932 autem
1015 1895 1089 1932 hae
1119 1896 1322 1933 exhalatio-

249 1960 318 1987 nes
340 1960 425 1986 non
444 1947 499 1985 sic
527 1947 710 1986 discretae
731 1956 819 1985 sunt
838 1948 886 1986 ad
910 1948 1089 1995 invicem,
1119 1949 1224 1997 quod
1252 1950 1323 1986 hu-

249 2001 400 2040 midum
419 2001 440 2024 *
467 2001 514 2038 sit
540 2001 622 2039 sine
655 2001 769 2048 sicco,
791 2009 828 2039 et
855 2002 998 2039 siccum
1027 2002 1108 2039 sine
1137 2002 1322 2040 humido:

248 2055 319 2094 sed
345 2056 395 2092 ab
424 2067 471 2092 eo
500 2055 606 2104 quod
635 2055 793 2103 excedit,
822 2063 981 2104 utraque
1001 2055 1022 2077 ²¹⁶
1040 2055 1320 2093 denominatur.

221 2121 228 2128 ·
259 2123 282 2143 -:
303 2109 340 2146 3.
357 2109 540 2146 Secundo
555 2108 626 2146 ibi:
645 2109 743 2146 Lato
759 2114 885 2146 autem
899 2109 979 2146 sole
997 2116 1080 2155 etc.,
1096 2109 1205 2158 ponit
1218 2110 1320 2158 prin-

163 2179 202 2192 ·r>·
222 2175 226 2179 ’
249 2161 392 2212 eipium
421 2162 611 2210 efficiens,
641 2162 747 2211 quod
775 2169 832 2199 est
860 2170 988 2199 motus
1022 2162 1124 2199 solis.
1155 2163 1205 2199 Et
1233 2163 1322 2200 dicit

249 2215 363 2264 quod
376 2226 467 2252 cum
486 2216 543 2252 sol
561 2228 633 2252 suo
654 2222 763 2252 motu
778 2215 1063 2265 appropinquat
1082 2215 1132 2252 ad
1152 2215 1320 2264 aliquam

247 2275 397 2318 partem
425 2276 559 2315 terrae,
580 2281 650 2306 sua
670 2268 855 2306 caliditate
885 2270 1010 2306 elevat
1027 2268 1251 2307 humidum:
1274 2282 1320 2306 eo

249 2329 379 2360 autem
399 2322 588 2370 elongato,
607 2334 733 2371 vapor
761 2323 942 2369 elevatus,
962 2330 1120 2371 propter
1142 2322 1320 2370 frigidita-

247 2382 340 2423 tem,
361 2375 619 2412 condensatur
637 2375 677 2412 in
700 2387 854 2423 aquam.
886 2376 935 2412 Et
962 2375 1052 2413 inde
1073 2383 1129 2412 est
1155 2375 1262 2424 quod
1280 2376 1320 2413 in

247 2427 376 2467 hieme
405 2428 526 2477 magis
554 2429 650 2478 pluit
676 2441 794 2478 quam
822 2429 862 2466 in
890 2436 1044 2476 aestate,
1075 2436 1112 2466 et
1140 2428 1179 2466 in
1207 2437 1319 2466 nocte

248 2493 368 2532 quarn
396 2482 434 2519 in
463 2482 536 2529 die,
556 2482 642 2520 licet
670 2494 793 2531 aquae
821 2490 1032 2519 nocturnae
1065 2483 1206 2519 lateant
1232 2495 1320 2531 pro-

246 2542 333 2585 pter
359 2547 554 2573 somnum.
575 2538 690 2584 Aqua
709 2543 838 2573 autern
858 2536 995 2585 pluens
1014 2535 1196 2574 dividitur
1213 2542 1231 2556 ‘²
1250 2548 1320 2586 per

247 2595 402 2636 terram,
424 2596 460 2626 et
488 2589 627 2627 bibitur
647 2590 695 2626 ab
725 2601 782 2626 ea.
804 2591 847 2626 In
869 2596 969 2626 terra
989 2596 1118 2626 autern
1148 2596 1204 2626 est
1221 2590 1319 2626 mul-

247 2646 330 2679 tum
359 2641 408 2679 de
437 2643 575 2690 calore,
601 2655 647 2680 ex
675 2642 823 2680 actione
861 2642 951 2679 solis
979 2650 1017 2679 et
1044 2642 1207 2679 aliorum
1238 2655 1320 2680 cor-

247 2707 389 2745 porum
410 2695 646 2742 caelestium3
668 2703 704 2732 et
719 2697 775 2733 sol
796 2696 962 2745 desuper
976 2708 1063 2733 eam
1079 2695 1315 2744 calefaciens,

247 2761 328 2786 non
353 2749 479 2786 solum
499 2749 744 2798 attrahit.per
773 2749 1087 2798 evaporationem
1116 2749 1319 2786 humidum

248 2802 353 2851 quod
381 2809 599 2851 supernatat
625 2810 748 2839 terrae
765 2832 774 2849 ,
807 2810 850 2839 ut
876 2810 968 2852 puta
1006 2814 1147 2851 aquam
1174 2803 1291 2839 maris
1308 2833 1317 2850 ,

246 2854 458 2893 fluviorum
478 2863 516 2892 et
543 2863 777 2904 stagnorum,
798 2856 866 2893 sed
897 2856 1011 2893 etiam
1030 2856 1154 2904 ipsam
1177 2863 1318 2892 terram

248 2907 424 2955 desiccat,
445 2910 637 2946 attrahens
656 2910 861 2946 humorem
881 2909 1099 2947 imbibitum
1121 2909 1159 2945 in
1174 2916 1273 2946 terra
1287 2907 1316 2946 β.

247 2961 366 3009 Quod
393 2974 484 3010 ergo
513 2963 663 3000 exhalat
689 2963 739 2999 ab
767 2962 929 3000 humido
959 2969 1240 3011 supernatante,
1262 2962 1318 2999 di-

247 3014 342 3052 citur
366 3027 511 3064 vapor:
542 3016 648 3064 quod
671 3023 801 3052 autern
830 3016 980 3052 exhalat
998 3028 1068 3064 per
1096 3015 1316 3052 desiccatio-

245 3079 338 3105 nem
365 3074 498 3115 terrae,
520 3068 655 3106 dicitur
682 3069 831 3114 fumus;
862 3069 958 3105 sicut
984 3069 1024 3105 in
1043 3068 1155 3105 simili
1183 3069 1318 3106 dicitur

245 3121 387 3169 fumus,
411 3121 518 3171 quod
547 3122 696 3159 exhalat
723 3134 746 3159 a
773 3121 881 3170 lignis
910 3121 1109 3158 calefactis.

300 3252 327 3284 α)
347 3252 487 3277 dividitur.
505 3265 525 3270 -
543 3252 652 3277 ducitur
669 3252 716 3276 Pa.
734 3265 754 3270 -
771 3252 822 3276 Pro
841 3255 868 3277 et
885 3252 993 3280 bibitur,
1008 3252 1128 3277 imbibita
1143 3253 1175 3283 Α,
1189 3252 1271 3277 bibita
1285 3253 1315 3277 Β.

300 3286 326 3320 β)
337 3287 364 3312 in
379 3289 462 3312 terra.
471 3301 490 3306 —
498 3294 516 3311 a
529 3290 605 3312 terra
614 3287 672 3318 AB;
688 3287 721 3311 ad
730 3287 810 3311 verba
822 3292 907 3312 textus
916 3287 1033 3312 desiccat
1044 3287 1212 3320 calefaciens,
1225 3295 1316 3320 margo

244 3323 303 3348 Vat.
318 3329 385 3355 2072
406 3327 491 3347 notat:
513 3331 525 3344 α
538 3322 669 3347 attrahens
688 3321 827 3346 humorem
846 3322 992 3347 imbibitum
1007 3330 1023 3347 a
1035 3328 1111 3351 terra,
1130 3327 1156 3347 et
1174 3327 1235 3354 post
1247 3322 1316 3347 hunc

245 3358 384 3383 humorem
409 3357 511 3382 atu-ahit
535 3356 723 3382 exhalationem
747 3358 842 3382 siccam
865 3362 1030 3387 terrestrem,
1055 3365 1122 3389 quae
1147 3363 1187 3382 est
1210 3358 1316 3382 materia

245 3393 325 3418 venti.
337 3402 349 3415 ι
369 3406 388 3411 -
405 3392 609 3417 Homoteleuton
624 3399 676 3424 per
695 3392 896 3417 desiccationem
947 3392 1061 3418 exhalat
1078 3400 1131 3417 om.
1145 3393 1199 3417 AB.

298 3428 326 3461 γ)
345 3435 405 3453 cum
423 3427 467 3452 sit.
479 3441 498 3446 -
511 3435 571 3453 cum
583 3431 638 3452 om:
649 3428 704 3452 ΑΒ.
715 3441 735 3446 -
746 3427 811 3452 Post
828 3435 907 3452 unam
926 3428 970 3452 lin.
989 3435 1037 3460 pro
1053 3431 1154 3452 terram
1168 3430 1195 3452 et
1207 3434 1314 3460 aquam,

247 3466 322 3488 terra
340 3466 367 3488 et
384 3470 455 3495 aqua
475 3463 528 3491 Pa,
548 3465 624 3487 terra
641 3463 676 3493 B;
695 3470 744 3494 pro
763 3462 904 3494 possibile,
930 3465 956 3487 et
976 3462 1103 3495 possibile
1119 3463 1156 3494 A,
1182 3466 1208 3488 et
1231 3463 1315 3487 ratio-

247 3498 334 3524 nabile
351 3499 382 3523 B.

300 3532 325 3567 ὃ)
344 3537 371 3559 et
388 3533 438 3559 hoc
449 3533 572 3559 convenit
614 3532 746 3567 frigidus.
760 3546 779 3551 —
791 3536 817 3558 et
836 3533 862 3558 in
882 3533 953 3566 (cum
967 3532 1001 3565 A)
1016 3533 1065 3558 hoc
1077 3533 1256 3558 communicat
1267 3540 1316 3557 aer

246 3575 306 3594 cum
325 3569 492 3598 humiditate,
511 3569 575 3601 quia
594 3576 678 3600 vapor
696 3570 816 3593 elevatur
829 3568 862 3593 ab
876 3574 948 3601 aqua
966 3571 993 3593 et
1004 3568 1127 3602 frigidus
1145 3569 1198 3592 AB.
1216 3581 1234 3586 —-
1252 3568 1316 3593 Post

390 3623 459 3655 Opp.
479 3622 510 3646 D.
525 3622 640 3646 Tuomst:
659 3622 691 3646 Τ.
706 3622 746 3647 Ιῐῐ.

2372 238 2452 275 409

1432 313 1470 348 4.
1480 301 1630 338 Deinde
1642 313 1731 338 cum
1747 301 1851 338 dicit:
1867 302 2122 339 Exhalatione
2131 309 2256 340 autem
2267 305 2451 353 sicutetc„

1381 354 1607 391 determinat
1621 354 1909 402 generationem
1924 362 2143 392 ventorum.
2165 357 2215 392 Et
2230 357 2318 394 dicit
2332 359 2450 406 quod,

1381 419 1469 444 cum
1491 407 1678 444 exhalatio
1705 407 1844 457 duplex
1864 408 1922 454 sit,
1942 415 1984 444 ut
2004 408 2146 445 dictum
2168 417 2223 446 est
2237 410 2268 457 ²¹⁴,
2289 423 2367 447 una
2386 424 2451 448 va-

1378 473 1520 509 porosa
1549 469 1586 498 et
1605 461 1679 498 alia
1702 461 1866 508 fumosa,
1888 474 2047 498 necesse
2067 470 2123 498 est
2151 463 2256 510 quod
2276 475 2321 500 ex
2341 472 2451 501 motu

1380 513 1470 550 solis
1497 514 1564 550 fiat
1592 521 1764 563 utraque.
1786 515 1845 552 Ea
1871 522 1998 552 autem
2027 527 2126 563 quae
2155 516 2240 564 plus
2268 516 2383 553 habet
2402 517 2449 554 de

1379 566 1552 613 humido,
1574 574 1630 604 est
1648 567 1878 616 principium
1898 568 2061 617 pluentis
2081 581 2217 616 aquae,
2238 577 2279 606 ut
2298 582 2413 618 supra
2430 570 2451 592 ’¹‘

1381 618 1524 655 dictum
1546 627 1602 656 est
1616 621 1737 667 (quod
1757 621 1846 658 dicit
1859 620 1879 642 ’¹‘
1897 629 2055 670 propter
2069 622 2156 668 hoc,
2173 622 2262 670 quia
2281 635 2396 671 supra
2410 623 2451 645 ἦ*

1381 671 1524 708 dixerat
1544 672 1577 708 ei
1605 674 1806 710 admisceri
1827 674 1968 722 aliquid
1989 675 2036 712 de
2057 675 2294 712 exhalatione
2315 676 2447 723 sicca):

1380 723 1481 760 sicca
1509 732 1638 762 autem
1668 727 1854 763 exhalatio
1883 735 1940 764 est
1967 727 2196 776 principium
2228 737 2447 767 ventorum.

1439 778 1471 814 5.
1502 777 1651 815 Deinde
1689 792 1777 816 cum
1817 780 1921 817 dicit:
1958 782 2049 818 Hoc
2085 787 2210 818 autem
2245 783 2348 831 quod
2380 783 2447 820 isto

1379 830 1492 867 modo
1522 838 1609 878 etc.,
1630 832 1846 870 manifestat
1874 834 1979 881 quod
2009 835 2149 871 dictum
2180 843 2235 872 est
2260 835 2308 873 de
2335 848 2449 884 gene-.-

1379 883 1525 928 ratione
1553 891 1769 922 ventorum.
1792 887 1840 922 Et
1869 887 1967 924 circa
1994 888 2069 924 hoc
2093 888 2163 925 tria
2190 888 2293 926 facit:
2321 889 2447 938 primo

1378 938 1453 974 hoc
1471 936 1492 958 ³¹⁶
1519 937 1735 975 manifestat
1761 951 1831 988 per
1865 940 2068 986 rationem;
2099 943 2268 980 secundo
2299 954 2344 979 ex
2372 943 2448 980 hoc

1379 989 1486 1038 quod
1506 990 1649 1027 dictum
1671 998 1738 1038 est,
1756 992 1919 1030 excludit
1938 994 2049 1031 falsas
2065 995 2266 1043 opiniones
2286 995 2334 1032 de
2353 1008 2446 1033 ven—

1378 1043 1435 1089 tis,
1452 1043 1522 1080 ibi:
1547 1044 1734 1085 Quoniam
1755 1051 1879 1082 autem
1900 1046 2019 1083 altera
2040 1047 2060 1069 '¹‘
2076 1056 2164 1093 etc.;
2189 1048 2296 1086 tertio
2318 1049 2393 1086 hoc
2407 1048 2448 1071 ἢ*

1378 1096 1594 1134 manifestat
1611 1109 1682 1146 per
1710 1097 1828 1146 signa,
1849 1099 1916 1136 ibi:
1936 1100 2168 1137 Attestantur
2195 1107 2320 1138 autem
2349 1114 2447 1151 quae

1366 1151 1473 1198 fiunt
1489 1149 1510 1171 *
1530 1157 1598 1187 etc.

1431 1202 1532 1240 Dicit
1560 1215 1650 1251 ergo
1679 1203 1805 1252 primo
1832 1205 1952 1253 quod,
1984 1218 2069 1242 cum
2099 1206 2145 1243 sit
2172 1212 2186 1233 ⁷
2216 1207 2355 1257 duplex
2384 1221 2446 1245 ex-

1376 1255 1527 1303 halati0,
1548 1264 1706 1305 propter
1734 1256 1810 1294 duo
1841 1270 1887 1294 ex
1915 1258 2053 1306 quibus
2084 1261 2285 1308 consurgit,
2307 1261 2446 1299 scilicet

1376 1317 1518 1346 terram
1534 1317 1570 1346 et
1588 1322 1740 1359 aquam,
1757 1311 1935 1359 possibile
1957 1320 2022 1357 est,
2035 1313 2154 1349 immo
2175 1314 2446 1363 necessarium,

1378 1363 1482 1412 quod
1502 1363 1559 1399 sol
1588 1371 1625 1399 et
1653 1363 1821 1400 caliditas
1840 1377 1939 1412 quae
1960 1373 2015 1402 est
2039 1366 2137 1402 circa
2156 1374 2308 1414 terram,
2328 1368 2447 1416 possit

1378 1428 1534 1453 causare
1559 1416 1832 1454 resolutionem
1859 1418 2055 1467 utriusque
2081 1420 2337 1458 exhalationis.

1433 1471 1468 1506 6.
1481 1469 1636 1507 ⁴Deinde
1652 1482 1741 1507 cum
1757 1470 1861 1507 dicit:
1882 1471 2070 1513 Quoniam
2085 1478 2210 1510 autem
2225 1474 2345 1510 altera
2362 1482 2445 1521 etc.,

1378 1523 1544 1560 excludit
1580 1523 1692 1560 falsas
1733 1523 1933 1572 opiniones
1973 1525 2019 1562 de
2056 1526 2191 1563 ventis.
2235 1527 2284 1563 Et
2319 1526 2445 1575 primo

1378 1584 1564 1625 quantum
1584 1577 1632 1613 ad
1653 1577 1740 1623 hoc,
1761 1577 1866 1625 quod
1888 1577 2064 1614 dicebant
2083 1580 2189 1626 quod
2214 1580 2351 1617 eadem
2379 1592 2446 1617 na-

1377 1637 1463 1666 tura
1491 1637 1547 1666 est
1573 1629 1676 1666 venti
1697 1637 1734 1666 et
1757 1630 1921 1678 pluviae.
1953 1631 2069 1678 Quod
2099 1632 2254 1680 quidem
2285 1633 2447 1670 excludit

1377 1695 1448 1732 per
1475 1683 1562 1730 hoc,
1592 1683 1698 1731 quod
1718 1683 1958 1721 diversorum
1989 1685 2128 1721 diversi
2155 1693 2242 1722 sunt
2270 1686 2444 1723 effectus:

1377 1736 1494 1783 unde,
1525 1748 1612 1773 cum
1641 1736 1898 1774 exhalationes
1928 1737 2103 1774 differant
2131 1739 2345 1776 secundum
2373 1739 2444 1776 sic-

1379 1802 1469 1827 cum
1489 1797 1526 1826 et
1544 1789 1762 1833 humidum,
1778 1802 1934 1828 necesse
1951 1799 2006 1828 est
2021 1792 2127 1838 quod
2146 1804 2225 1829 non
2244 1792 2289 1829 sit
2309 1792 2446 1829 eadem

1379 1851 1513 1880 natura
1531 1842 1637 1880 venti
1666 1850 1703 1880 et
1730 1850 1863 1880 natura
1891 1856 2014 1892 aquae
2037 1845 2210 1893 pluentis,
2230 1852 2272 1882 ut
2291 1845 2448 1893 quidam

1378 1904 1600 1945 posuerunt,
1622 1895 1789 1933 dicentes
1809 1897 1913 1945 quod
1941 1897 2045 1935 idem
2060 1897 2080 1919 '³‘
2099 1910 2164 1935 aer
2188 1899 2343 1946 quando
2364 1911 2448 1936 mo-

1377 1958 1499 1997 vetur,
1530 1957 1586 1987 est
1612 1957 1767 1996 ventus,
1799 1950 1954 1998 quando
1983 1958 2111 1987 autem
2131 1950 2151 1972 ’¹‘
2180 1952 2446 2000 condensatur,

1379 2004 1422 2040 fit
1449 2016 1561 2051 aqua.
1584 2003 1674 2050 Sed,
1695 2003 1790 2040 sioet
1810 2003 1954 2040 dictum
1983 2012 2039 2041 est
2066 2004 2104 2040 in
2131 2004 2227 2041 libro
2255 2005 2301 2041 de
2330 2006 2448 2042 Gene-

1379 2057 1526 2094 ratione
1552 2056 1593 2102 *,
1623 2069 1688 2093 aer
1724 2057 1841 2093 habet
1878 2057 2019 2105 aliquid
2055 2058 2210 2106 vaporis
2243 2065 2279 2094 et
2307 2058 2447 2108 aliquid

1378 2110 1483 2147 fumi.
1514 2110 1645 2158 Vapor
1673 2109 1753 2147 eius
1774 2118 1829 2146 est
1852 2109 2006 2158 frigidus
2026 2118 2062 2146 et
2080 2111 2272 2158 humidus,
2294 2119 2330 2148 et
2349 2112 2447 2149 bene

1377 2162 1636 2209 terminabilis,
1657 2170 1814 2211 propter
1841 2163 2071 2211 grossitiem:
2103 2172 2138 2200 et
2165 2164 2241 2200 hoe
2269 2165 2449 2202 convenit

1378 2216 1455 2253 aeri
1474 2216 1702 2265 inquantum
1723 2223 1779 2252 est
1797 2216 1989 2254 humidus.
2020 2217 2082 2253 Sic
2103 2216 2216 2254 etiam
2231 2229 2366 2266 vapor,
2382 2219 2448 2267 qui

1379 2270 1549 2306 elevatur
1576 2270 1624 2306 ab
1653 2281 1765 2318 aqua,
1788 2277 1844 2306 est
1871 2269 2026 2317 frigidus
2055 2268 2069 2292 ὅ
2097 2271 2310 2308 secundum
2335 2283 2447 2308 suam

1377 2330 1566 2369 naturam,
1586 2322 1682 2359 sicut
1701 2329 1738 2359 et
1765 2335 1864 2371 aqua
1884 2335 1963 2360 non
1983 2324 2183 2360 calefacta:
2204 2324 2299 2360 sicut
2318 2332 2446 2362 autem

1377 2387 1478 2424 aqua
1506 2376 1687 2412 calefacta
1719 2384 1891 2413 remanet
1928 2376 2061 2424 frigida
2096 2377 2308 2414 secundum
2326 2385 2446 2415 *natu-

1377 2441 1481 2476 ram,
1520 2429 1571 2466 ita
1600 2436 1637 2465 et
1658 2428 1679 2450 ⁸
1706 2441 1840 2477 vapor.
1881 2429 1958 2466 Sed
1987 2430 2115 2466 fumus
2145 2437 2202 2466 est
2238 2430 2381 2468 calidus
2411 2438 2447 2468 et
2474 2444 2482 2452 ·

1377 2482 1519 2519 siccus:
1558 2482 1680 2518 siccus
1717 2482 1872 2530 quidem
1909 2490 2066 2531 propter
2101 2490 2263 2529 terram,
2303 2484 2445 2521 calidus

1376 2543 1506 2572 autem
1524 2534 1545 2556 '¹‘
1571 2543 1729 2584 propter
1755 2535 1896 2583 ignem.
1935 2536 2047 2573 Unde
2076 2536 2274 2573 manifeste
2302 2545 2406 2585 patet
2434 2543 2446 2558 ‘
2473 2549 2483 2560 ·

1376 2590 1483 2637 quod
1511 2588 1684 2637 superior
1711 2600 1796 2636 aer,
1827 2589 1892 2638 qui
1921 2597 1977 2626 est
2011 2589 2154 2626 calidus
2187 2598 2224 2626 et
2249 2590 2443 2638 humidus,

1375 2643 1491 2679 habet
1519 2641 1802 2679 similitudinem
1831 2654 1921 2679 cum
1949 2650 2124 2690 utroque.

1430 2708 1466 2744 7.
1485 2695 1664 2732 Secundo
1681 2695 1750 2732 ibi:
1769 2696 1918 2732 Etenim
1940 2696 2205 2733 inconveniens
2219 2703 2302 2743 etc.,
2320 2697 2443 2733 exclu-

1376 2748 1430 2785 dit
1447 2749 1582 2786 falsam
1603 2748 1825 2797 opinionem
1846 2756 2031 2797 quantum
2052 2750 2099 2786 ad
2113 2750 2200 2796 hoc,
2218 2749 2322 2798 quod
2342 2749 2441 2786 dice-

1375 2803 1467 2839 bant
1485 2802 1591 2850 quod
1619 2809 1756 2839 ventus
1775 2802 1866 2838 nihil
1885 2802 1986 2839 aliud
2007 2809 2062 2839 est
2080 2815 2197 2850 quam
2217 2814 2283 2838 aer
2301 2810 2440 2839 motus.

1374 2856 1424 2892 Et
1452 2855 1542 2892 dicit
1568 2856 1675 2903 quod
1699 2855 1975 2892 inconveniens
2005 2862 2072 2902 est,
2092 2855 2123 2891 si
2144 2855 2228 2902 quis
2257 2855 2442 2892 existimet

1374 2909 1480 2956 quod
1508 2908 1576 2945 iste
1606 2920 1671 2945 aer
1696 2908 1761 2956 qui
1782 2908 1998 2945 circumstat
2024 2919 2342 2955 unumquemque
2371 2920 2440 2945 no-

1373 2970 1514 3008 strum,
1554 2962 1710 3010 quando
1748 2968 1928 2998 movetur
1965 2968 2022 2997 est
2047 2968 2205 3006 ventus3
2234 2962 2297 2997 vel
2335 2961 2440 3009 quod

1372 3015 1632 3063 unusquisque
1653 3021 1780 3050 motus
1795 3014 1859 3061 qui
1875 3013 2010 3050 accidit
2023 3014 2062 3050 in
2081 3026 2180 3060 aere,
2197 3013 2243 3050 sit
2255 3021 2392 3051 ventus
2408 3013 2438 3058 ξς

1373 3068 1468 3104 sicut
1488 3068 1601 3104 etiam
1621 3079 1700 3104 non
1719 3067 1979 3103 existimamus
2003 3066 2165 3103 fluvium
2187 3079 2269 3102 esse
2297 3078 2439 3115 aquam

1373 3121 1701 3169 qualitercumque
1730 3120 1927 3167 fluentem,
1950 3119 2062 3156 etiarn
2087 3119 2118 3155 si
2146 3120 2266 3155 multa
2293 3119 2350 3167 sit,
2371 3119 2440 3156 sed

1371 3260 1450 3276 unam
1470 3253 1577 3280 lineam,
1597 3255 1656 3275 ante
1674 3251 1805 3283 calefacta
1827 3253 1959 3279 remanet,
1979 3249 2018 3274 Pa
2037 3249 2095 3273 add.
2115 3256 2182 3278 non,
2202 3249 2273 3282 quod
2291 3249 2440 3281 omisimus,

1370 3292 1427 3311 tum
1447 3287 1507 3319 quia
1526 3294 1601 3311 secus
1620 3285 1758 3310 haberetur
1770 3285 1888 3318 repetitio
1907 3284 2055 3309 immediate
2071 3284 2288 3316 praecedentium.
2303 3290 2359 3309 tum
2379 3286 2440 3318 quia

1371 3330 1438 3354 quae
1457 3322 1499 3347 hic
1518 3321 1643 3350 dicuntur,
1663 3321 1828 3353 intelligenda
1847 3325 1908 3344 sunt
1926 3321 1958 3345 de
1977 3320 2100 3352 qualitate
2118 3327 2186 3352 quae
2204 3327 2286 3352 aquae
2305 3325 2330 3345 et
2348 3321 2439 3353 vapori

1371 3365 1400 3382 ex
1420 3365 1487 3389 aqua
1506 3357 1614 3385 elevato,
1634 3357 1778 3381 secundum
1798 3356 1948 3388 exigentiam
1968 3355 2087 3388 propriae
2105 3360 2212 3380 naturae
2230 3355 2363 3388 competit.

1424 3393 1446 3424 ε)
1466 3392 1606 3425 manifeste
1620 3395 1706 3423 patet.
1717 3405 1737 3411 —
1751 3391 1921 3425 manifestum
1935 3394 1975 3416 est
1988 3391 2042 3415 AB.
2055 3405 2074 3409 —
2086 3390 2114 3415 ln
2127 3390 2252 3423 principio
2266 3398 2323 3423 seq.
2337 3391 2438 3416 numeri

1370 3428 1408 3451 Pa
1427 3428 1516 3459 legunt
1534 3427 1657 3452 Secundo
1676 3426 1806 3452 excludit.

1423 3461 1448 3494 ζ)
1463 3462 1571 3494 quando
1585 3465 1706 3487 mouetur
1718 3465 1758 3486 est
1807 3462 1844 3486 sit
1856 3464 1957 3486 ventus.
1966 3474 1985 3481 —·
1998 3461 2105 3493 quando
2120 3463 2242 3486 movetur
2254 3461 2334 3486 simul
2348 3461 2397 3494 (sic
2406 3461 2437 3494 B)

1370 3498 1411 3522 vel
1429 3497 1509 3522 etiam
1529 3498 1600 3530 quod
1619 3497 1702 3530 (quod
1720 3505 1774 3522 om.
1787 3497 1819 3529 B)
1839 3497 2043 3529 unumquodque
2061 3496 2168 3521 accidat
2185 3500 2272 3522 motus
2287 3497 2313 3521 in
2328 3504 2390 3521 aere
2403 3497 2440 3521 sit

1370 3536 1463 3557 ventus
1475 3533 1530 3558 AB.
1540 3547 1559 3551 -
1573 3533 1624 3557 Pro
1642 3533 1869 3566 qualitercumque
1881 3533 1919 3557 Pa
1938 3532 2028 3564 legunt
2047 3532 2204 3563 quamlibet;
2221 3532 2267 3556 AB
2286 3540 2338 3556 om.
2352 3533 2437 3557 solum

1371 3572 1429 3592 ante
1448 3568 1555 3600 quando
1561 3575 1571 3597 ;
1590 3568 1628 3593 Pa
1648 3573 1708 3601 post
1726 3575 1763 3593 ex
1782 3571 1856 3592 terra
1874 3575 1927 3592 om.
1942 3567 2098 3593 scaturiens.

2227 3620 2257 3644 52

2479 426 2486 433 ·
2505 424 2576 447 Num.
2591 431 2612 447 2.

2475 584 2486 594 ⁸
2504 584 2575 605 Num.
2587 591 2663 612 praee.

2478 637 2486 645 '
2497 637 2561 664 quod
2574 637 2632 658 dicit
2641 644 2690 660 om.

2476 669 2504 683 ΑΒ

2477 691 2496 698 ··
2513 689 2584 711 Num.
2598 696 2619 712 2.

2474 954 2485 965 ⁴¹
2501 953 2544 975 hoc
2559 960 2608 976 om.
2624 961 2661 976 ΑΒ.

2474 1058 2484 1069 “
2499 1059 2570 1081 Num.
2584 1065 2635 1087 seq.

2473 1085 2494 1096 '¹
2510 1085 2554 1107 hoc
2569 1092 2618 1108 om.
2631 1092 2669 1108 ΑΒ.

2473 1169 2483 1178 '¹
2497 1168 2568 1191 Num.
2584 1170 2606 1191 8.

2474 1916 2485 1927 ⁸
2500 1916 2540 1937 ille
2554 1922 2591 1937 ra.

2474 1969 2485 1980 ⁸
2500 1971 2577 1991 autem
2590 1975 2638 1991 om.
2649 1976 2687 1992 ra.

2476 2072 2483 2079 ¹
2496 2070 2574 2092 Cf.1ib.
2586 2071 2619 2096 11,
2635 2076 2686 2098 cap.

2475 2103 2508 2121 ιιι,
2519 2103 2541 2118 n.
2552 2103 2575 2122 2;
2592 2103 2644 2124 cap.
2655 2103 2686 2124 xv,

2475 2129 2499 2144 n.
2513 2130 2533 2152 3,
2549 2123 2572 2145 6.

2499 2445 2522 2464 et
2535 2450 2583 2465 om.
2595 2450 2634 2466 Pa.

2499 2551 2578 2571 autem
2593 2556 2640 2572 om.
2651 2556 2688 2572 ra.

2573 2587 2584 2603 ε
