2690 4062
150 1394 153 1401 ,

144 1413 364 1451 0uctum.

162 2611 167 2621 ’
192 2637 200 2646 .
223 2621 263 2647 ιε
281 2612 494 2658 positionem,
509 2621 543 2646 et
565 2624 708 2658 quorum
733 2612 848 2646 ultima
871 2621 949 2645 sunt
972 2611 1080 2645 simul.

170 2683 174 2694 .
225 2657 371 2693 munda
393 2657 556 2697 conditio,
579 2657 702 2691 scilicet
723 2656 843 2690 habere
867 2656 983 2690 ultima
1005 2655 1113 2689 simul.

1051 281 1163 317 CAP.
1192 280 1263 327 VI,
1293 279 1446 317 LECT.
1476 279 1600 316 XVIII
2380 295 2414 319 111

230 366 264 388 se
284 362 430 398 tangant,
454 354 512 388 sed
535 365 605 388 non
629 356 840 389 convertitur.
867 356 955 390 Cum
979 368 1058 401 ergo
1082 358 1227 401 primum
1243 358 1295 397 sit,

230 410 249 432 a
272 409 340 443 quo
363 409 432 431 non
456 399 659 432 convertitur
678 401 933 444 consequentia,
961 401 1106 444 primum
1130 402 1214 435 inter
1236 402 1296 434 tria

230 441 407 477 dicendum
430 441 470 475 de
494 451 594 475 tactu.

297 497 326 529 3.
351 485 480 519 Deinde
505 497 582 519 cum
605 485 701 520 dicit:
725 487 800 521 Fere
822 488 942 532 quidem
964 489 1058 532 igitur
1080 497 1157 529 etc.,
1181 500 1295 533 prose-

251 531 341 564 uitur
356 531 531 563 intentum.
556 530 598 563 Et
621 531 706 564 circa
728 531 793 564 hoc
816 532 877 564 tria
895 531 983 572 facit,
1006 532 1190 566 secundum
1206 533 1298 577 quod

251 586 269 608 e
285 573 388 607 tribus
405 573 608 607 determinat.
625 574 738 608 Primo
754 575 949 608 determinat
970 576 1009 609 de
1026 585 1133 617 tactu;
1150 577 1297 610 secundo

229 618 270 653 de
293 617 399 652 facere
421 626 455 652 et
477 619 562 662 pati,
585 617 647 651 ibi:
671 618 720 652 De
741 619 843 663 facere
865 626 893 653 et
909 620 977 664 pati
994 620 1010 637 '¹
1035 629 1114 661 etc.;
1138 622 1233 654 tertio
1257 620 1297 654 de

229 662 404 703 mixtione,
435 661 497 695 ibi:
521 662 683 713 Reliquum
705 669 806 696 autem
823 663 986 697 videndum
1001 663 1017 681 *
1033 673 1094 697 etc.
1112 665 1208 698 Circa
1230 666 1297 709 pri-

229 717 324 740 mum
347 705 415 740 duo
438 705 532 740 facit:
555 717 665 750 primo
689 706 862 751 distinguit
877 707 942 740 hoc
957 719 1082 741 nomen
1098 717 1222 748 tactus;
1246 720 1297 742 se-

229 750 340 784 cundo
370 751 487 795 incipit
515 762 612 794 agere
635 749 675 783 de
699 751 773 795 ipso
787 776 796 792 ‚
828 750 890 784 ibi:
915 751 972 785 Sed
994 758 1094 786 tamen
1119 752 1297 797 principali-

145 817 187 833 ·.
229 796 382 829 ter*etc.

296 839 387 872 Dicit
413 849 493 882 ergo
521 838 642 882 primo,
661 839 752 883 quod
780 847 886 872 tactus
913 839 1032 873 dicitur
1056 839 1298 884 multipliciter,

229 883 315 916 sicut
340 881 407 916 fere
437 881 702 927 unumquodque
735 883 876 916 aliorum
906 885 1103 917 nominum:
1137 884 1298 929 quaedam

229 927 319 963 enim
334 926 489 960 dicuntur
503 938 541 960 ae
566 927 696 967 uivoce,
719 927 881 972 quaedam
900 928 1069 972 analogice
1085 937 1119 962 et
1133 937 1297 962 transum-

173 975 181 988 ‘
229 971 332 1016 ptive,
354 971 424 1004 sive
447 979 558 1015 metap
584 971 691 1011 orice;
714 973 760 1005 ita
783 973 882 1005 etiam
906 981 1011 1006 tactus
1031 972 1150 1006 dicitur
1164 973 1297 1017 proprie

229 1023 264 1049 et
277 1015 526 1059 transumptive.
550 1015 641 1049 Dicit
663 1025 775 1049 autem
790 1016 868 1061 sere,
893 1018 970 1061 quia
993 1016 1076 1050 forte
1099 1028 1169 1050 non
1185 1018 1298 1050 omnia

228 1058 385 1094 dicuntur
407 1058 632 1104 multipliciter
646 1059 672 1093 *.

250 1137 255 1141 ,
297 1114 328 1147 4.
352 1103 482 1138 Deinde
506 1115 583 1137 cum
607 1103 704 1138 dicit:
730 1104 786 1138 Sed
805 1110 905 1138 tamen
927 1113 1000 1146 etc.‚
1024 1105 1235 1149 prosequitur
1258 1104 1298 1138 de

124 1143 136 1206 θ’
176 1148 179 1151 ’
229 1155 339 1183 tactu:
358 1156 392 1182 et
414 1148 523 1192 primo
540 1147 580 1182 de
603 1157 692 1182 tactu
709 1149 842 1193 proprie
858 1158 1012 1193 sumpt03
1035 1149 1183 1182 secundo
1199 1148 1239 1182 de
1255 1158 1300 1182 ta-

229 1194 287 1227 ct'u'
301 1200 438 1236 sumpto
453 1193 704 1236 transumptive,
721 1192 781 1226 ibi:
797 1193 853 1227 Est
866 1199 966 1227 autem
978 1193 1188 1238 utaliquando
1204 1193 1220 1210 *
1236 1202 1297 1226 etc.

228 1235 329 1284 Circa
351 1235 709 1281 prignimduofacit:
739 1238 848 1281 primo
876 1238 1050 1281 investigat
1073 1237 1299 1271 definitionem

132 1275 148 1308 g:
179 1309 180 1312 ,
227 1279 528 1321 Μεῖὲεευιιᾱο
549 1281 780 1325 investigatam
804 1281 982 1322 concludit,
1006 1281 1065 1315 ibi:
1091 1281 1147 1316 sed
1164 1282 1298 1316 determi-

223 1324 313 1362 natio
335 1323 351 1342 ⁸
374 1333 436 1359 etc.

159 1384 162 1393 Δ
297 1368 394 1404 Circa
433 1369 556 1402 timum
571 1370 668 1414 ponit
691 1369 898 1404 conditiones
921 1382 1005 1414 quae
1024 1370 1237 1415 requiruntur
1257 1369 1298 1403 ad

417 1421 448 1447 st
470 1422 582 1448 autem
604 1422 722 1455 tactuS,
745 1423 783 1448 ut
805 1414 888 1448 infra
910 1423 1023 1459 ponet,
1047 1415 1080 1447 in
1104 1413 1298 1447 habentibus

175 1455 181 1466 ¹
227 1457 454 1503 positionem,
477 1469 622 1503 quorum
645 1458 761 1492 ultima
783 1467 862 1492 sunt
884 1458 1004 1499 simul,
1032 1458 1242 1492 moventibus
1266 1467 1299 1491 et

227 1501 349 1544 notis,
371 1502 486 1536 activis
509 1511 542 1536 et
564 1504 703 1548 passivis
726 1503 920 1537 adinvicem.
951 1503 1064 1536 Primo
1088 1514 1168 1547 ergo
1191 1503 1297 1536 mani-

224 1544 351 1583 ,θοοῦ-ἰω
371 1547 532 1591 supponit
555 1547 756 1582 concludens
772 1549 914 1592 primam
933 1546 1170 1587 conditionem,
1187 1546 1298 1580 dicens

165 1616 173 1641 ‚²
228 1589 323 1642 quod
344 1599 451 1625 tactus
473 1593 607 1636 proprie
630 1601 663 1626 et
685 1591 909 1637 principaliter
931 1591 1038 1625 dictus
1062 1600 1112 1625 est
1127 1592 1162 1624 in
1177 1590 1298 1624 haben-

228 1633 318 1671 tibus
332 1636 546 1680 positionem.
570 1636 697 1670 Positio
721 1645 832 1670 autem
854 1647 925 1670 non
947 1645 998 1670 est
1018 1636 1082 1669 nisi
1098 1636 1133 1669 in
1149 1635 1297 1670 habenti-

228 1678 292 1713 bus
314 1677 436 1714 locum.
461 1680 504 1714 Et
530 1679 606 1714 ideo
635 1692 712 1715 cum
741 1680 972 1714 mathematica
995 1679 1136 1714 habeant
1158 1681 1296 1724 positio-

131 1722 145 1734 *
182 1738 195 1747 ··
226 1733 323 1765 um,
345 1724 415 1758 sive
445 1725 512 1758 sint
541 1736 576 1758 se
602 1734 689 1759 arata
712 1725 896 1759 secundum
925 1736 996 1758 rem
1019 1725 1089 1758 sive
1113 1724 1296 1758 secundum

212 1767 390 1805 'ationem
413 1777 560 1810 tantum,
607 1769 705 1804 abent
727 1771 826 1803 etiam
848 1769 972 1803 locum.
996 1769 1085 1803 Nam
1108 1770 1193 1802 sicut
1219 1768 1299 1803 dicit

226 1811 482 1849 commentator
504 1825 604 1858 super
625 1813 702 1848 loco
725 1815 807 1855 isto,
829 1813 906 1847 licet
928 1812 1159 1847 mathematica
1176 1813 1298 1847 abstra-

225 1855 348 1894 huntur
370 1857 410 1892 ab
433 1857 504 1891 aliis
527 1857 766 1899 accidentibus,
790 1857 914 1892 scilicet
935 1870 954 1891 a
977 1865 1071 1891 motu
1095 1867 1128 1891 et
1146 1858 1296 1899 materia,

225 1900 432 1947 inpossibile
448 1910 498 1936 est
513 1910 624 1936 tamen
639 1914 678 1936 ea
693 1903 865 1946 imaginari
887 1903 958 1935 sine
978 1902 1066 1942 loco,
1082 1913 1159 1935 cum
1175 1913 1295 1946 corpus

225 1945 374 1981 nami-ale
396 1957 466 1980 non
489 1946 532 1980 sit
553 1947 589 1980 in
611 1946 688 1980 loco
710 1948 775 1981 nisi
798 1946 981 1981 secundum
1010 1957 1086 1979 suas
1115 1946 1294 1980 dimensio-

207 1994 298 2032 ἀπε,
312 1998 346 2029 et
361 2002 431 2025 non
453 2002 513 2035 per
535 1990 599 2024 alia
621 1990 810 2025 accidentia.
833 1991 945 2025 Locus
968 2002 1048 2034 ergo
1071 1990 1295 2035 inseparabilis

226 2043 278 2069 est
292 2046 312 2068 a
326 2034 566 2069 mathematicis
590 2036 795 2080 corporibus.
819 2036 905 2080 Ipsis
921 2044 1033 2069 tamen
1055 2046 1124 2069 non
1140 2036 1296 2069 convenit

225 2078 321 2114 locus
344 2088 378 2113 et
399 2087 505 2113 tactus
535 2080 599 2113 nisi
622 2091 682 2124 per
705 2079 870 2125 quandam
898 2080 1148 2114 similitudinem
1171 2079 1213 2113 ad
1235 2092 1294 2113 na-

140 2117 142 2122 ’
168 2144 195 2170 7-
211 2123 353 2161 maiia.
369 2123 471 2159 Nulla
493 2124 583 2158 enim
605 2136 682 2158 vere
702 2125 830 2158 suntin
846 2124 922 2158 loco
937 2124 964 2165 ³,
979 2125 1043 2158 nisi
1065 2124 1224 2158 naturalia
1245 2136 1294 2158 se-

213 2166 376 2206 'mindum
390 2179 462 2202 esse
485 2177 634 2213 accepta;
649 2169 684 2202 in
700 2168 819 2214 quibus
835 2177 912 2202 sunt
929 2169 1161 2203 mathematica
1176 2180 1292 2202 secun-

163 2231 174 2264 ;
223 2210 396 2248 ‹himesse
419 2224 534 2249 suum:
558 2221 590 2246 et
613 2212 689 2247 ideo
713 2214 812 2247 etiam
834 2213 895 2246 ini
921 2214 966 2246 sis
989 2212 1110 2247 habent
1132 2212 1246 2246 locum
1262 2222 1295 2246 et

225 2264 361 2295 tactum.
383 2257 457 2292 Nec
472 2258 680 2302 accipiuntur
702 2257 757 2291 hic
779 2269 880 2291 secun
904 2269 963 2290 um
985 2257 1237 2291 abstractionem
1253 2257 1293 2290 ab

222 2312 310 2343 usse,-
325 2302 404 2347 quia
417 2301 490 2335 talis
514 2301 733 2336 consideratio
751 2313 822 2335 non
840 2311 891 2336 est
908 2302 1076 2342 naturalis,
1095 2301 1153 2335 sed
1166 2301 1294 2335 mathe-

144 2341 155 2396 ἴ
225 2346 366 2387 Νικίας
384 2354 418 2380 et
435 2345 516 2380 ideo
539 2345 634 2380 locus
657 2355 692 2380 et
712 2355 818 2380 tactus
843 2347 998 2380 convenit
1020 2347 1086 2386 eis,
1109 2345 1293 2379 secundum

226 2389 319 2436 quod
341 2389 428 2431 talia,
450 2402 510 2435 per
533 2391 708 2435 posterius.

174 2447 191 2484 ,j
238 2450 250 2467 2.
294 2444 324 2478 5.
342 2434 498 2469 Secundo
514 2434 576 2468 ibi:
601 2435 634 2469 Si
648 2436 742 2480 igitur
759 2442 801 2469 est
815 2441 850 2469 ut
864 2435 1095 2469 determinatum
1109 2443 1183 2474 etc.,
1197 2434 1292 2478 ponit

225 2477 407 2514 mindam
429 2478 666 2520 conditionem,
690 2479 802 2513 dicens
819 2479 911 2524 quod
934 2480 961 2512 si
981 2480 1025 2512 ita
1040 2487 1100 2519 est,
1117 2487 1154 2512 ut
1169 2478 1293 2512 dictum

223 2532 279 2559 eut
301 2524 339 2558 ln
361 2523 394 2558 V
407 2523 543 2570 Physic„
567 2523 658 2568 quod
681 2533 815 2568 tangere
838 2532 888 2557 est
910 2523 1030 2556 habere
1051 2523 1167 2557 ultima
1183 2522 1293 2563 simul,

224 2566 282 2603 illa
303 2579 340 2603 se
361 2576 503 2612 tangunt
531 2579 616 2613 quae
639 2567 761 2602 habent
789 2567 1020 2602 determinatas
1050 2566 1293 2645 magnitudines

1134 2620 1147 2644 t
1170 2620 1255 2644 mest

145 2721 169 2746 .·‹
293 2702 325 2735 6.
347 2701 465 2736 Tertio
492 2701 557 2735 ibi:
677 2703 741 2735 iam
765 2707 867 2736 autem
888 2702 996 2746 positio
1022 2709 1095 2741 etc„
1119 2700 1295 2743 investigat

151 2747 160 2786 J,
179 2775 187 2792 ³
204 2746 355 2795 mam
377 2745 616 2786 conditionem,
640 2746 764 2779 scilicet
787 2745 878 2790 quod
901 2754 1006 2779 tactus
1025 2754 1075 2778 est
1098 2745 1132 2777 in
1155 2755 1293 2777 moven-

158 2787 176 2815 *5'
191 2786 313 2824 “dhus
336 2798 370 2824 et
387 2791 513 2832 motis,
544 2790 656 2824 dicens
707 2789 776 2823 uod
805 2790 928 2834 positio
959 2798 1008 2822 est
1037 2790 1072 2823 in
1096 2787 1292 2822 habentibus

148 2845 152 2856 ¹
225 2832 358 2875 locum}
388 2843 422 2868 et
444 2835 521 2880 quia
544 2835 669 2879 primae
715 2834 893 2868 ifferentiae
916 2833 982 2867 loci
1005 2842 1082 2867 sunt
1104 2844 1236 2866 sursum
1260 2841 1293 2865 et

224 2877 382 2914 &orsum
405 2887 443 2913 ut
466 2878 585 2913 dicitur
611 2879 646 2912 in
670 2879 703 2913 II
726 2879 761 2913 de
778 2879 886 2919 Caelo,
910 2889 1044 2911 necesse
1075 2886 1123 2911 est
1147 2886 1184 2910 ut
1207 2888 1292 2921 quae

224 2923 264 2957 ἕω
279 2931 430 2968 ungunt,
453 2924 520 2957 sint
542 2934 675 2957 sursum
698 2932 755 2957 aut
777 2922 944 2957 deorsum.
968 2922 1048 2956 Ideo
1071 2933 1155 2966 quae
1172 2933 1207 2954 se
1223 2929 1292 2955 tan-

224 2975 328 3013 fflnt.
349 2976 429 3002 sunt
449 2969 562 3012 gravia
584 2977 641 3002 aut
663 2967 765 3002 levia:
793 2976 850 3000 aut
872 2966 992 3007 ambo,
1023 2967 1108 3000 sicut
1131 2965 1292 2999 elementa

225 3010 346 3052 media,
369 3023 456 3058 quae
476 3021 555 3046 sunt
578 3012 690 3056 gravia
712 3021 746 3046 et
767 3011 852 3046 levia
875 3010 1058 3045 secundum
1082 3010 1230 3044 diversos
1245 3021 1294 3043 re-

285 3064 357 3090 ctus
380 3065 419 3090 ut
440 3056 560 3091 dicitur
581 3057 616 3090 in
639 3056 688 3091 IV
716 3056 752 3090 de
776 3056 888 3096 Caelo,
912 3064 970 3089 aut
991 3055 1130 3089 alterum
1158 3065 1293 3094 eorum,

224 3102 321 3134 sicut?
332 3109 488 3141 extrema,
512 3112 656 3153 quorum
680 3100 819 3135 alterum
843 3109 893 3134 est
912 3099 1105 3144 simpliciter
1126 3110 1237 3143 grave,
1261 3106 1294 3131 et

226 3143 366 3179 aiterum
387 3145 580 3190 simpliciter
601 3145 684 3179 leve.
715 3144 842 3179 Omnia
865 3153 976 3178 autem
1006 3143 1083 3177 talia
1111 3143 1192 3177 dum
1219 3151 1291 3176 tan-

224 3197 310 3233 gunt
331 3200 378 3230 se,
397 3198 500 3234 agunt
514 3198 548 3223 et
562 3190 734 3234 patiuntur
758 3189 951 3223 adinvicem.
978 3188 1192 3232 Quapropter
1215 3197 1292 3220 con-

134 3225 148 3255 ¹3
181 3233 184 3234 ⁷
226 3232 330 3267 chidit
357 3233 570 3268 manifestum
600 3246 672 3267 esse
703 3233 794 3278 quod
825 3232 879 3266 illa
905 3233 1038 3283 proprie
1068 3244 1103 3266 se
1129 3239 1291 3274 tangunt,

227 3288 370 3329 quorum
393 3277 539 3312 diversae
562 3287 641 3312 sunt
663 3277 918 3322 magnitudines,
942 3286 974 3310 et
989 3276 1088 3309 simul
1103 3275 1225 3326 habent
1239 3274 1291 3308 ul-

226 3329 317 3362 tima,
341 3333 423 3367 quae
439 3331 576 3356 movent
599 3331 632 3356 et
655 3331 832 3356 moventur
854 3321 1037 3355 adinvicem
1060 3331 1119 3364 per
1136 3327 1291 3352 Virtutem

110 3367 127 3386 ¹³·
180 3375 193 3414 j,
219 3363 359 3407 ,illorum
381 3364 586 3401 ultimorum.

1419 366 1448 398 7.
1471 356 1601 396 Quarto
1625 355 1683 389 ibi:
1712 356 1867 399 Quoniam
1890 362 1990 390 autem
2013 369 2132 390 movens
2155 366 2226 398 etc.,
2243 359 2418 403 investigat

1352 409 1499 445 quartam
1525 400 1761 441 conditionem,
1786 412 1868 444 quae
1886 409 1935 433 est
1958 401 2048 445 quod
2069 410 2173 434 tactus
2190 411 2238 435 est
2255 403 2288 435 in
2304 404 2416 436 activis

1352 453 1385 477 et
1407 445 1555 489 passivis.
1582 445 1623 478 Et
1646 444 1743 485 dicit,
1767 445 1844 489 quia
1867 456 1936 478 non
1960 457 2059 478 omne
2082 457 2220 479 movens
2243 456 2416 486 movetur,

1352 488 1410 522 sed
1433 488 1601 533 quoddam
1625 497 1674 522 est
1696 499 1834 522 movens
1857 498 1998 530 motum,
2023 489 2191 534 quoddam
2215 500 2325 524 autem
2346 503 2416 524 mo-

1351 544 1432 565 vens
1449 532 1618 566 immobile
1630 532 1680 578 (et
1695 533 1760 566 hoc
1779 532 1968 577 dupliciter:
1986 533 2108 578 aliquid
2119 535 2212 568 enim
2225 535 2417 579 simpliciter

1352 576 1444 610 nullo
1461 577 1563 610 modo
1579 586 1743 618 movetur,
1760 578 1844 610 sicut
1866 589 2005 611 movens
2029 578 2190 622 primum,
2214 578 2347 624 aliquod
2363 591 2418 612 au-

1352 629 1420 653 tem
1443 632 1581 654 movens
1597 633 1666 654 non
1688 630 1840 655 movetur
1857 633 1875 655 a
1890 631 1994 663 moto,
2010 621 2086 655 licet
2108 632 2281 656 moveatur
2303 623 2343 656 ab
2360 623 2418 656 ali-

1353 664 1447 708 quo),
1463 665 1646 698 secundum
1670 665 1878 710 quorundam
1900 667 2174 700 existimationem
2194 679 2293 712 agens
2318 669 2416 700 etiam

1353 709 1519 741 invenitur
1541 709 1576 741 in
1598 710 1669 742 istis
1701 709 1831 743 duobus
1864 710 1994 744 modis:
2050 711 2105 744 uia
2137 711 2270 756 quidam
2303 711 2418 745 dicunt

1354 751 1445 796 quod
1461 761 1551 785 actus
1575 755 1739 786 moventis
1763 763 1812 787 est
1835 754 2001 799 quoddam
2037 766 2140 796 acere,
2165 764 2198 789 et
2217 767 2235 789 e
2255 767 2416 789 converso

1353 795 1445 872 quod
1468 805 1558 829 actus
1582 796 1728 830 facientis
1753 807 1802 831 est
1825 798 1991 842 quoddam
2015 810 2158 833 movere.
2177 799 2282 840 Quod
2305 809 2416 834 tamen

1366 839 1472 872 alsum
1496 849 1561 873 est:
1587 840 1740 875 differunt
1763 843 1851 875 enim
1881 854 2019 876 movens
2048 852 2080 876 et
2107 843 2248 886 faciens;
2273 856 2416 890 quorum

1354 883 1570 917 differentiam
1594 894 1725 929 oportet
1746 897 1808 918 nos
1832 886 2055 920 determinare.
2081 887 2116 921 Si
2140 889 2228 921 enim
2252 900 2314 922 nos
2338 888 2416 922 dici-

1353 939 1428 960 mus
1452 927 1542 972 quod
1569 927 1691 962 faciens
1722 931 1903 974 opponitur
1937 931 2120 964 secundum
2147 944 2240 966 suam
2271 933 2416 977 speciem

1353 973 1500 1016 patienti,
1523 981 1617 1014 tunc,
1641 985 1718 1006 cum
1741 975 1902 1007 contraria
1925 983 2000 1008 nata
2023 975 2089 1008 sint
2110 975 2180 1010 fieri
2204 977 2289 1010 circa
2311 977 2416 1018 idem,

1354 1025 1485 1060 oportet
1509 1016 1599 1060 quod
1622 1016 1744 1050 faciens
1767 1019 1907 1061 patiatur
1930 1030 2006 1052 cum
2029 1028 2140 1063 tangat
2166 1021 2288 1065 ipsum.
2325 1022 2416 1055 Haec

1353 1069 1463 1093 autem
1487 1069 1564 1093 sunt
1585 1061 1694 1105 quibus
1715 1068 1812 1095 motus
1836 1069 1877 1095 est
1893 1063 2012 1107 passio,
2036 1063 2120 1097 idest
2142 1076 2225 1109 quae
2248 1065 2415 1099 movendo

1353 1105 1523 1148 patiuntur
1552 1105 1735 1139 secundum
1770 1105 1995 1140 alterationem
2027 1107 2170 1152 aliquam
2198 1108 2225 1142 ¹⁸¹.
2256 1109 2433 1143 Alteratio‘

1353 1157 1464 1181 autem
1496 1148 1567 1182 sola
1599 1158 1649 1182 est
1685 1149 1868 1183 secundum
1926 1152 2092 1192 assiones,
2124 1152 2209 1186 idest
2245 1153 2415 1198 passibiles

1354 1192 1545 1237 qualitates,
1581 1200 1618 1226 ut
1649 1193 1831 1227 secundum
1865 1162 2006 1228 calidum
2037 1196 2090 1229 vel
2123 1196 2289 1240 frigidum.
2325 1198 2413 1232 Cum

1354 1248 1434 1280 ergo
1462 1236 1604 1270 calidum
1632 1239 1846 1271 contrarietur
1875 1238 2012 1282 frigido,
2044 1249 2076 1274 et
2104 1240 2214 1274 album
2241 1242 2355 1286 nigro,
2383 1250 2416 1275 et

1353 1282 1400 1314 sic
1424 1281 1458 1313 in
1485 1280 1576 1321 aliis,
1605 1281 1672 1314 duo
1700 1291 1840 1326 possunt
1868 1282 2038 1317 concludi:
2068 1285 2212 1328 primum
2235 1285 2250 1303 ’⁶‘
2273 1286 2415 1326 scilicet,

1354 1324 1445 1370 quod
1468 1336 1568 1368 agens
1592 1334 1624 1358 et
1647 1327 1773 1370 patiens
1801 1326 1922 1360 habent
1949 1329 2125 1361 contrarias
2149 1329 2336 1373 qualitates;
2367 1342 2415 1364 se-

1354 1368 1500 1402 cundum
1519 1378 1568 1402 est
1587 1369 1688 1414 quod,
1712 1381 1788 1403 cum
1811 1382 1881 1404 non
1905 1383 2003 1405 omne
2026 1383 2164 1406 movens
2188 1375 2229 1407 sit
2249 1373 2323 1414 tale,
2346 1385 2415 1407 non

1354 1425 1453 1446 omne
1476 1424 1616 1447 movens
1635 1423 1684 1447 est
1706 1426 1816 1459 agens.
1842 1416 1880 1449 In
1896 1415 1971 1459 plus
1990 1427 2070 1460 ergo
2086 1417 2147 1450 erit
2162 1429 2294 1451 movere
2314 1430 2414 1463 quam

1394 1469 1458 1490 ere.

1352 1469 1394 1502 ag
1419 1502 1469 1535 Ex
1491 1500 1542 1534 his
1573 1513 1653 1546 ergo
1684 1514 1767 1547 quae
1796 1502 1881 1536 dicta
1908 1511 1986 1536 sunt
2016 1503 2183 1538 concludit
2206 1505 2415 1540 corollarium

1353 1545 1532 1591 quoddam,
1557 1545 1668 1579 dicens
1692 1546 1782 1591 quod
1805 1548 1973 1580 moventia
1995 1548 2175 1582 immobilia
2192 1558 2329 1593 tangunt
2344 1551 2415 1594 ipsa

1353 1589 1506 1630 mobilia;
1539 1599 1588 1623 est
1611 1599 1721 1624 autem
1746 1600 1782 1624 ut
1806 1591 1872 1631 sic,
1895 1600 1945 1624 est
1967 1600 2077 1625 autem
2100 1601 2138 1625 ut
2159 1605 2227 1626 non
2251 1595 2314 1627 sic:
2339 1595 2415 1639 quia

1352 1643 1493 1679 tangunt
1522 1646 1597 1679 per..
1617 1634 1771 1668 ultimum
1801 1636 1929 1668 virtutis
1967 1636 2160 1679 egredientis
2191 1637 2230 1670 ab
2259 1649 2330 1672 esse
2360 1650 2415 1671 eo-

1352 1690 1438 1720 rum,
1462 1678 1520 1712 sed
1542 1690 1612 1712 non
1636 1687 1774 1723 tangunt
1789 1690 1847 1723 per
1862 1679 2017 1713 ultimum
2038 1691 2115 1714 suae
2139 1683 2326 1726 quantitatis
2342 1691 2414 1716 tan-

1352 1732 1435 1757 tum.
1460 1724 1551 1764 Quia
1574 1724 1601 1756 si
1624 1732 1701 1756 sunt
1723 1723 1905 1756 immobilia
1927 1724 2133 1768 simpliciter,
2159 1734 2195 1758 ut
2218 1726 2414 1760 substantiae

1351 1777 1528 1812 separatae,
1543 1778 1613 1800 non
1629 1767 1750 1801 habent
1768 1767 1939 1808 ultimum;
1963 1769 1991 1801 si
2014 1781 2092 1802 vero
2111 1770 2176 1802 sint
2198 1770 2236 1803 ab
2260 1770 2310 1803 his
2331 1782 2414 1815 quae

1351 1821 1509 1853 movent,
1541 1812 1745 1853 immobilia,
1777 1813 1862 1845 sicut
1886 1821 1970 1846 astra
1993 1824 2061 1847 non
2084 1823 2261 1847 moventur
2290 1827 2308 1848 a
2331 1824 2414 1848 terra

1351 1868 1450 1901 quam
1474 1865 1633 1896 movent,
1664 1865 1696 1890 et
1719 1865 1798 1889 tunc
1829 1867 1898 1889 non
1921 1856 2042 1890 habent
2072 1858 2186 1891 ultima
2216 1859 2314 1892 simul
2338 1871 2414 1893 cum

1350 1900 1476 1934 ultimis
1499 1900 1632 1934 illorum
1651 1912 1735 1945 quae
1754 1910 1940 1934 moventur.
1958 1920 1976 1926 -
1993 1901 2046 1935 Ad
2069 1902 2264 1935 evidentiam
2281 1903 2413 1936 illorum

1373 1957 1435 1978 uae
1458 1945 1511 1978 hic
1535 1944 1688 1979 dicuntur
1712 1944 1986 1979 considerandum
2010 1954 2080 1986 est,
2131 1946 2199 1980 uod
2222 1958 2320 1990 agens
2344 1948 2413 1981 sive

1363 1990 1471 2023 aciens
1491 1998 1600 2034 potest
1621 1990 1707 2022 sumi
1731 1988 1912 2033 dupliciter.
1940 1989 2018 2023 Uno
2045 2002 2101 2023 mo
2126 2001 2147 2024 0
2169 1991 2389 2025 communiter
2403 2019 2413 2033 ,

1350 2042 1450 2078 prout
1469 2034 1593 2067 scilicet
1618 2035 1721 2067 virtus
1745 2033 1882 2067 alicuius
1907 2034 2054 2078 procedit
2077 2046 2288 2080 quocumque
2310 2036 2413 2070 modo

1349 2079 1384 2111 in
1402 2078 1437 2111 id
1460 2077 1551 2122 quod
1567 2077 1737 2111 subiicitur
1760 2077 1838 2111 sibi:
1863 2086 1896 2111 et
1918 2077 1982 2112 hoc
2005 2079 2107 2112 modo
2131 2081 2282 2123 superius
2305 2089 2353 2113 est
2372 2080 2413 2114 ad

1349 2134 1498 2156 movens.
1519 2122 1595 2155 Alio
1611 2122 1715 2156 modo
1731 2131 1840 2166 potest
1864 2123 1951 2155 sumi
1974 2123 2163 2156 naturaliter
2178 2124 2246 2157 sive
2261 2124 2411 2168 physice:

1349 2175 1382 2200 et
1404 2166 1469 2200 hoc
1492 2165 1595 2200 modo
1618 2168 1653 2199 in
1676 2167 1786 2199 minus
1810 2175 1859 2199 est
1882 2178 1981 2211 quam
2004 2178 2153 2208 movens,
2178 2176 2210 2200 et
2233 2169 2413 2212 opponitur

1348 2210 1532 2245 secundum
1555 2222 1649 2244 suam
1673 2211 1816 2254 speciem
1840 2211 1986 2254 patienti.

1416 2255 1446 2288 8.
1470 2254 1599 2288 Deinde
1616 2266 1692 2288 cum
1708 2254 1803 2288 dicit:
1821 2254 1877 2288 Sed
1891 2254 2094 2289 determinatio
2110 2261 2228 2299 tangere
2243 2264 2315 2297 etc.,
2332 2267 2411 2290 con-

1349 2299 1451 2332 cludit
1473 2300 1592 2332 investi
1615 2307 1703 2332 atam
1726 2298 1952 2332 definitionem
1975 2308 2092 2340 tactus,
2116 2299 2228 2333 dicens
2252 2300 2342 2345 quod
2359 2300 2411 2334 de-

1348 2344 1541 2377 terminatur
1556 2310 1615 2376 ve?
1624 2343 1777 2377 definitur
1795 2344 1906 2387 ipsum
1921 2352 2053 2387 tangere
2069 2343 2303 2384 universaliter,
2320 2345 2411 2389 quod

1348 2396 1398 2421 est
1412 2388 1448 2421 in
1471 2387 1665 2421 habentibus
1688 2388 1900 2431 positionem,
1924 2387 2134 2421 moventibus
2157 2397 2190 2421 et
2212 2389 2321 2429 motis,
2338 2400 2356 2422 a
2377 2400 2411 2422 se

1348 2433 1490 2466 invicem
1513 2433 1626 2465 activis
1650 2440 1683 2465 et
1704 2432 1853 2476 passivis.
1874 2432 1915 2465 Et
1938 2444 1977 2465 ex
2000 2432 2064 2465 hoc
2088 2431 2255 2466 concludit
2272 2433 2410 2466 ulterius

1349 2476 1517 2521 quoddam
1540 2475 1761 2516 corollarium,
1778 2475 1869 2520 quod
1891 2475 2093 2521 frequentius
2113 2485 2146 2509 et
2160 2475 2277 2510 fortius
2294 2477 2412 2510 dicitur

1348 2533 1420 2554 esse
1433 2529 1557 2554 tactum
1569 2531 1784 2564 omneagens
1796 2520 1942 2553 naturale
1961 2520 2052 2565 quod
2073 2520 2238 2564 tangendo
2254 2522 2409 2565 tangitur:

1349 2566 1426 2610 quia
1449 2564 1515 2598 fere
1543 2565 1655 2598 omnia
1689 2577 1772 2609 quae
1805 2573 1882 2598 sunt
1905 2565 1939 2597 in
1972 2574 2150 2608 conspectu
2180 2574 2294 2598 nostro
2328 2566 2412 2598 circa

1348 2609 1461 2643 locum
1484 2610 1667 2642 activorum
1683 2618 1716 2642 et
1731 2610 1950 2653 passivorum,
1966 2618 2103 2642 movent
2124 2617 2225 2650 mota,
2241 2609 2275 2642 in
2291 2609 2410 2654 quibus

1348 2654 1532 2687 necessario
1556 2653 1685 2687 videtur
1708 2665 1778 2687 esse
1803 2661 1917 2686 tactus.

1415 2709 1446 2741 9.
1471 2697 1600 2732 Deinde
1624 2709 1700 2731 cum
1724 2697 1820 2731 dicit:
1843 2697 1900 2731 Est
1922 2703 2022 2730 autem
2045 2706 2125 2737 etc.‚
2155 2696 2348 2730 determinat
2371 2697 2410 2731 de

1348 2751 1436 2776 tactu
1460 2743 1641 2786 improprie
1664 2741 1764 2782 dicto,
1787 2741 1898 2775 dicens
1922 2741 2012 2785 quod
2035 2742 2119 2774 sicut
2137 2741 2302 2785 inquimus,
2327 2741 2412 2775 idest

1348 2786 1488 2820 dicimus
1501 2813 1510 2827 ,
1542 2785 1709 2831 quoddam
1740 2792 1790 2819 est
1817 2797 1957 2819 movens
1989 2785 2078 2830 quod
2108 2785 2218 2818 solum
2245 2786 2347 2829 tangit
2376 2785 2410 2818 id

1348 2831 1440 2876 quod
1461 2839 1624 2871 movetur,
1648 2829 1706 2864 sed
1722 2829 1755 2863 id
1772 2829 1862 2874 quod
1885 2830 2039 2873 tangitur,
2062 2829 2186 2862 scilicet
2208 2830 2318 2873 ipsum
2337 2840 2409 2862 mo-

1348 2884 1438 2916 tum,
1466 2886 1536 2911 non
1564 2875 1668 2918 tangit
1698 2881 1839 2918 tangens,
1871 2874 1954 2907 idest
1981 2880 2129 2907 movens.
2160 2873 2202 2906 Et
2230 2873 2264 2906 in
2291 2873 2408 2906 talibus

1348 2928 1397 2953 est
1419 2928 1531 2952 >tactus
1561 2919 1741 2963 improprie
1771 2927 1946 2962 sumptus;
1977 2926 2010 2950 et
2039 2918 2100 2950 ista
2122 2925 2200 2950 sunt
2229 2928 2312 2960 quae
2339 2928 2408 2949 non

1347 2972 1425 2997 sunt
1447 2964 1547 2996 unius
1570 2964 1698 3007 generis
1722 2962 1861 3006 physici.
1887 2961 1951 2995 Sed
1973 2961 2028 2994 illa
2054 2972 2138 3005 quae
2165 2969 2242 2993 sunt
2273 2961 2407 3004 homoge-

1347 3019 1422 3049 nea,
1446 3007 1531 3041 idest
1557 3008 1656 3041 unius
1678 3007 1807 3050 generis
1830 3005 2119 3045 naturaIiS„mota
2140 3013 2294 3043 movent;
2318 3014 2350 3037 et
2374 3005 2407 3037 in

1347 3052 1465 3086 talibus
1480 3063 1614 3085 necesse
1630 3059 1680 3084 est
1695 3049 1785 3095 quod
1809 3059 1932 3083 tactum
1955 3058 2009 3082 tan
2033 3057 2065 3082 at
2088 3057 2234 3092 tangens.
2259 3049 2300 3082 Et
2315 3049 2343 3081 si
2359 3057 2408 3081 est

1347 3096 1482 3141 aliquod
1505 3107 1643 3129 movens
1667 3093 1848 3134 immobile,
1870 3094 1974 3136 tangit
1996 3094 2007 3126 i
2053 3092 2142 3136 quod
2165 3101 2326 3132 movetur,
2349 3092 2407 3126 sed

1346 3152 1416 3174 non
1439 3141 1581 3184 tangitur
1604 3139 1644 3173 ab
1666 3150 1717 3172 eo.
1743 3138 1783 3171 Et
1806 3146 1855 3171 est
1877 3137 1983 3170 simile
2006 3137 2091 3169 sicut
2116 3137 2291 3180 inquimus,
2323 3135 2408 3169 idest

1347 3185 1501 3224 dicimus,
1525 3182 1715 3228 aliquande,
1732 3181 1821 3226 quod
1846 3182 2040 3214 contristans
2064 3181 2121 3213 teti
2145 3181 2170 3213 it
2192 3191 2272 3220 1:108,
2289 3188 2322 3213 et
2343 3191 2406 3213 nos

1346 3240 1415 3262 non
1431 3229 1597 3271 tetigimus
1613 3227 1877 3260 contristantem:
1903 3234 1939 3258 ut
1955 3224 2087 3269 quando
2143 3225 2225 3268 ‘quis
2242 3223 2320 3257 dicit
2334 3235 2406 3257 ver-

1346 3273 1426 3306 bum
1445 3273 1651 3311 iniuriosum,
1675 3270 1762 3304 unde
1786 3270 2026 3309 contristamur,
2050 3267 2108 3302 sed
2130 3279 2192 3301 nos
2215 3279 2284 3301 non
2300 3268 2406 3311 tetigi-

1346 3328 1420 3350 mus
1445 3316 1701 3349 contristantem.
1725 3333 1743 3347 ς-
1765 3313 1910 3347 Ulterius
1934 3312 2092 3390 epilogat,
2116 3311 2227 3345 dicens
2251 3311 2341 3356 quod
2365 3311 2405 3345 de

1346 3369 1433 3394 tactu
1457 3361 1491 3393 in
1513 3358 1714 3393 naturalibus
1738 3358 1862 3391 dictum
1885 3366 1934 3390 est
1980 3368 2020 3390 oc
2044 3355 2156 3390 modo.

2476 1111 2581 1139 aliquam
2604 1117 2655 1134 orn.

2442 1291 2579 1340 :marimum
2606 1297 2654 1314 om.
