<?xml version="1.0" encoding="UTF-8"?>
<!DOCTYPE html PUBLIC "-//W3C//DTD XHTML 1.0 Transitional//EN"
    "http://www.w3.org/TR/xhtml1/DTD/xhtml1-transitional.dtd">
<html xmlns="http://www.w3.org/1999/xhtml" xml:lang="en" lang="en">
 <head>
  <title>
</title>
<meta http-equiv="Content-Type" content="text/html;charset=utf-8" />
  <meta name='ocr-system' content='tesseract 3.04.00' />
  <meta name='ocr-capabilities' content='ocr_page ocr_carea ocr_par ocr_line ocrx_word'/>
</head>
<body>
  <div class='ocr_page' id='page_1' title='image "./operaomniaiussui03thom_0137.png"; bbox 0 0 2782 4134; ppageno 0'>
   <div class='ocr_carea' id='block_1_1' title="bbox 0 732 269 835">
    <p class='ocr_par' dir='ltr' id='par_1_1' title="bbox 0 732 268 787">
     <span class='ocr_line' id='line_1_1' title="bbox 55 732 268 760; baseline 0 -6"><span class='ocrx_word' id='word_1_1' title='bbox 55 733 66 744; x_wconf 77' lang='lat'>⁸</span> <span class='ocrx_word' id='word_1_2' title='bbox 76 732 114 755; x_wconf 76' lang='lat' dir='ltr'>Cf.</span> <span class='ocrx_word' id='word_1_3' title='bbox 122 733 175 754; x_wconf 84' lang='lat' dir='ltr'>lect.</span> <span class='ocrx_word' id='word_1_4' title='bbox 183 738 268 760; x_wconf 71' lang='lat' dir='ltr'>praec„</span> 
     </span>
     <span class='ocr_line' id='line_1_2' title="bbox 0 763 154 787; baseline -0.006 -5"><span class='ocrx_word' id='word_1_5' title='bbox 0 763 1 766; x_wconf 77' lang='grc'>’</span> <span class='ocrx_word' id='word_1_6' title='bbox 55 765 121 782; x_wconf 86' lang='lat' dir='ltr'>num.</span> <span class='ocrx_word' id='word_1_7' title='bbox 132 765 154 787; x_wconf 89' lang='lat'>9.</span> 
     </span>
    </p>

    <p class='ocr_par' dir='ltr' id='par_1_2' title="bbox 55 786 269 808">
     <span class='ocr_line' id='line_1_3' title="bbox 55 786 269 808; baseline -0.005 0"><span class='ocrx_word' id='word_1_8' title='bbox 55 788 66 798; x_wconf 84' lang='lat'>&#39;¹</span> <span class='ocrx_word' id='word_1_9' title='bbox 73 786 215 808; x_wconf 74' lang='lat' dir='ltr'>asserebant</span> <span class='ocrx_word' id='word_1_10' title='bbox 223 792 236 807; x_wconf 71' lang='grc' dir='ltr'><strong>Ρ</strong></span> <span class='ocrx_word' id='word_1_11' title='bbox 247 789 269 808; x_wconf 91' lang='lat' dir='ltr'>et</span> 
     </span>
    </p>

    <p class='ocr_par' dir='ltr' id='par_1_3' title="bbox 55 812 228 835">
     <span class='ocr_line' id='line_1_4' title="bbox 55 812 228 835; baseline -0.006 0"><span class='ocrx_word' id='word_1_12' title='bbox 55 812 125 835; x_wconf 80' lang='lat' dir='ltr'>codd.</span> <span class='ocrx_word' id='word_1_13' title='bbox 140 818 190 835; x_wconf 87' lang='lat' dir='ltr'>exc.</span> <span class='ocrx_word' id='word_1_14' title='bbox 205 819 228 834; x_wconf 76' lang='lat' dir='ltr'>A.</span> 
     </span>
    </p>
   </div>
   <div class='ocr_carea' id='block_1_2' title="bbox 55 893 215 922">
    <p class='ocr_par' dir='ltr' id='par_1_4' title="bbox 55 893 215 922">
     <span class='ocr_line' id='line_1_5' title="bbox 55 893 215 922; baseline 0 -7"><span class='ocrx_word' id='word_1_15' title='bbox 55 895 66 906; x_wconf 79' lang='lat'><strong>·</strong></span> <span class='ocrx_word' id='word_1_16' title='bbox 80 893 151 916; x_wconf 84' lang='lat' dir='ltr'>Num.</span> <span class='ocrx_word' id='word_1_17' title='bbox 166 899 215 922; x_wconf 78' lang='lat' dir='ltr'>seq.</span> 
     </span>
    </p>
   </div>
   <div class='ocr_carea' id='block_1_3' title="bbox 1120 274 1659 322">
    <p class='ocr_par' dir='ltr' id='par_1_5' title="bbox 1120 274 1659 322">
     <span class='ocr_line' id='line_1_6' title="bbox 1120 274 1659 322; baseline 0.002 -12"><span class='ocrx_word' id='word_1_18' title='bbox 1120 274 1232 312; x_wconf 93' lang='lat' dir='ltr'>CAP.</span> <span class='ocrx_word' id='word_1_19' title='bbox 1262 276 1320 322; x_wconf 93' lang='lat' dir='ltr'>X,</span> <span class='ocrx_word' id='word_1_20' title='bbox 1349 274 1502 312; x_wconf 89' lang='lat' dir='ltr'>LECT.</span> <span class='ocrx_word' id='word_1_21' title='bbox 1533 275 1659 311; x_wconf 90' lang='lat' dir='ltr'>XXIII</span> 
     </span>
    </p>
   </div>
   <div class='ocr_carea' id='block_1_4' title="bbox 294 352 1369 509">
    <p class='ocr_par' dir='ltr' id='par_1_6' title="bbox 294 352 1369 509">
     <span class='ocr_line' id='line_1_7' title="bbox 294 352 1369 390; baseline 0 -9"><span class='ocrx_word' id='word_1_22' title='bbox 294 361 389 390; x_wconf 86' lang='lat' dir='ltr'>neque</span> <span class='ocrx_word' id='word_1_23' title='bbox 410 361 444 380; x_wconf 88' lang='lat' dir='ltr'>ex</span> <span class='ocrx_word' id='word_1_24' title='bbox 465 362 502 381; x_wconf 91' lang='lat' dir='ltr'>eo</span> <span class='ocrx_word' id='word_1_25' title='bbox 527 353 623 390; x_wconf 89' lang='lat' dir='ltr'>potuit</span> <span class='ocrx_word' id='word_1_26' title='bbox 648 353 710 381; x_wconf 88' lang='lat' dir='ltr'>fieri</span> <span class='ocrx_word' id='word_1_27' title='bbox 735 353 880 381; x_wconf 74' lang='lat' dir='ltr'>mundus=</span> <span class='ocrx_word' id='word_1_28' title='bbox 903 352 927 380; x_wconf 85' lang='lat' dir='ltr'>si</span> <span class='ocrx_word' id='word_1_29' title='bbox 948 357 1046 380; x_wconf 87' lang='lat' dir='ltr'>autem</span> <span class='ocrx_word' id='word_1_30' title='bbox 1068 352 1098 380; x_wconf 89' lang='lat' dir='ltr'>in</span> <span class='ocrx_word' id='word_1_31' title='bbox 1119 362 1171 380; x_wconf 88' lang='lat' dir='ltr'>sua</span> <span class='ocrx_word' id='word_1_32' title='bbox 1193 360 1297 381; x_wconf 87' lang='lat' dir='ltr'>natura</span> <span class='ocrx_word' id='word_1_33' title='bbox 1317 354 1369 381; x_wconf 88' lang='lat' dir='ltr'>ha-</span> 
     </span>
     <span class='ocr_line' id='line_1_8' title="bbox 294 391 1368 429; baseline 0.001 -9"><span class='ocrx_word' id='word_1_34' title='bbox 294 393 382 421; x_wconf 91' lang='lat' dir='ltr'>bebat</span> <span class='ocrx_word' id='word_1_35' title='bbox 403 393 483 429; x_wconf 91' lang='lat' dir='ltr'>quod</span> <span class='ocrx_word' id='word_1_36' title='bbox 511 400 609 429; x_wconf 90' lang='lat' dir='ltr'>posset</span> <span class='ocrx_word' id='word_1_37' title='bbox 629 392 828 428; x_wconf 84' lang='lat' dir='ltr'>transmutari,</span> <span class='ocrx_word' id='word_1_38' title='bbox 850 398 883 420; x_wconf 90' lang='lat' dir='ltr'>ut</span> <span class='ocrx_word' id='word_1_39' title='bbox 904 391 983 420; x_wconf 87' lang='lat' dir='ltr'>fieret</span> <span class='ocrx_word' id='word_1_40' title='bbox 1005 401 1038 420; x_wconf 89' lang='lat' dir='ltr'>ex</span> <span class='ocrx_word' id='word_1_41' title='bbox 1060 401 1093 420; x_wconf 89' lang='lat' dir='ltr'>ea</span> <span class='ocrx_word' id='word_1_42' title='bbox 1116 394 1258 428; x_wconf 88' lang='lat' dir='ltr'>mundus,</span> <span class='ocrx_word' id='word_1_43' title='bbox 1281 393 1368 421; x_wconf 88' lang='lat' dir='ltr'>etiam</span> 
     </span>
     <span class='ocr_line' id='line_1_9' title="bbox 294 431 1368 469; baseline 0.001 -9"><span class='ocrx_word' id='word_1_44' title='bbox 294 439 362 469; x_wconf 88' lang='lat' dir='ltr'>post</span> <span class='ocrx_word' id='word_1_45' title='bbox 383 432 600 469; x_wconf 84' lang='lat' dir='ltr'>corruptionem</span> <span class='ocrx_word' id='word_1_46' title='bbox 622 433 724 461; x_wconf 90' lang='lat' dir='ltr'>mundi</span> <span class='ocrx_word' id='word_1_47' title='bbox 745 431 851 469; x_wconf 84' lang='lat' dir='ltr'>poterit</span> <span class='ocrx_word' id='word_1_48' title='bbox 870 431 1064 467; x_wconf 87' lang='lat' dir='ltr'>transmutari,</span> <span class='ocrx_word' id='word_1_49' title='bbox 1080 433 1117 460; x_wconf 90' lang='lat' dir='ltr'>ad</span> <span class='ocrx_word' id='word_1_50' title='bbox 1139 433 1196 461; x_wconf 88' lang='lat' dir='ltr'>hoc</span> <span class='ocrx_word' id='word_1_51' title='bbox 1215 434 1295 469; x_wconf 92' lang='lat' dir='ltr'>quod</span> <span class='ocrx_word' id='word_1_52' title='bbox 1316 433 1368 461; x_wconf 90' lang='lat' dir='ltr'>ite-</span> 
     </span>
     <span class='ocr_line' id='line_1_10' title="bbox 295 471 1368 509; baseline 0.001 -9"><span class='ocrx_word' id='word_1_53' title='bbox 295 482 361 500; x_wconf 89' lang='lat' dir='ltr'>rum</span> <span class='ocrx_word' id='word_1_54' title='bbox 383 482 417 501; x_wconf 87' lang='lat' dir='ltr'>ex</span> <span class='ocrx_word' id='word_1_55' title='bbox 437 472 502 509; x_wconf 87' lang='lat' dir='ltr'>ipsa</span> <span class='ocrx_word' id='word_1_56' title='bbox 522 472 572 501; x_wconf 88' lang='lat' dir='ltr'>fiat</span> <span class='ocrx_word' id='word_1_57' title='bbox 586 474 722 501; x_wconf 88' lang='lat' dir='ltr'>mundus.</span> <span class='ocrx_word' id='word_1_58' title='bbox 736 488 756 494; x_wconf 87' lang='lat'>-</span> <span class='ocrx_word' id='word_1_59' title='bbox 770 471 800 500; x_wconf 94' lang='lat' dir='ltr'>Si</span> <span class='ocrx_word' id='word_1_60' title='bbox 815 480 884 500; x_wconf 87' lang='lat' dir='ltr'>vero</span> <span class='ocrx_word' id='word_1_61' title='bbox 898 478 990 508; x_wconf 83' lang='lat' dir='ltr'>ponat</span> <span class='ocrx_word' id='word_1_62' title='bbox 1005 471 1070 508; x_wconf 91' lang='lat' dir='ltr'>quis</span> <span class='ocrx_word' id='word_1_63' title='bbox 1088 472 1217 501; x_wconf 88' lang='lat' dir='ltr'>infinitos</span> <span class='ocrx_word' id='word_1_64' title='bbox 1232 474 1368 508; x_wconf 85' lang='lat' dir='ltr'>mundos,</span> 
     </span>
    </p>
   </div>
   <div class='ocr_carea' id='block_1_5' title="bbox 296 564 1372 1201">
    <p class='ocr_par' dir='ltr' id='par_1_7' title="bbox 418 564 1368 720">
     <span class='ocr_line' id='line_1_11' title="bbox 564 564 1368 614; baseline -0.002 -10.307"><span class='ocrx_word' id='word_1_65' title='bbox 564 565 753 603; x_wconf 91' lang='lat' dir='ltr'>raemissis</span> <span class='ocrx_word' id='word_1_66' title='bbox 795 564 1004 602; x_wconf 86' lang='lat' dir='ltr'>rationibus</span> <span class='ocrx_word' id='word_1_67' title='bbox 1047 573 1179 602; x_wconf 91' lang='lat' dir='ltr'>contra</span> <span class='ocrx_word' id='word_1_68' title='bbox 1221 566 1368 614; x_wconf 90' lang='lat' dir='ltr'>opinio-</span> 
     </span>
     <span class='ocr_line' id='line_1_12' title="bbox 429 614 1367 667; baseline -0.001 -11"><span class='ocrx_word' id='word_1_69' title='bbox 429 627 449 655; x_wconf 64' lang='lat'>1&#39;</span> <span class='ocrx_word' id='word_1_70' title='bbox 470 614 476 619; x_wconf 16' lang='grc' dir='ltr'>χ</span> <span class='ocrx_word' id='word_1_71' title='bbox 517 619 540 663; x_wconf 64' lang='lat' dir='ltr'>‘J</span> <span class='ocrx_word' id='word_1_72' title='bbox 563 631 654 656; x_wconf 90' lang='lat' dir='ltr'>nem</span> <span class='ocrx_word' id='word_1_73' title='bbox 682 617 862 665; x_wconf 88' lang='lat' dir='ltr'>Platonis,</span> <span class='ocrx_word' id='word_1_74' title='bbox 882 617 944 654; x_wconf 92' lang='lat' dir='ltr'>hic</span> <span class='ocrx_word' id='word_1_75' title='bbox 964 618 1222 667; x_wconf 88' lang='lat' dir='ltr'>Philosophus</span> <span class='ocrx_word' id='word_1_76' title='bbox 1245 620 1367 655; x_wconf 90' lang='lat' dir='ltr'>exclu-</span> 
     </span>
     <span class='ocr_line' id='line_1_13' title="bbox 507 671 1368 720; baseline 0 -11"><span class='ocrx_word' id='word_1_77' title='bbox 507 674 517 688; x_wconf 80' lang='grc'>““</span> <span class='ocrx_word' id='word_1_78' title='bbox 535 674 547 717; x_wconf 59' lang='grc' dir='ltr'><strong><em>ἶ</em></strong></span> <span class='ocrx_word' id='word_1_79' title='bbox 564 672 618 709; x_wconf 93' lang='lat' dir='ltr'>dit</span> <span class='ocrx_word' id='word_1_80' title='bbox 636 672 831 720; x_wconf 92' lang='lat' dir='ltr'>quandam</span> <span class='ocrx_word' id='word_1_81' title='bbox 853 671 1138 708; x_wconf 87' lang='lat' dir='ltr'>excusationem</span> <span class='ocrx_word' id='word_1_82' title='bbox 1151 672 1368 720; x_wconf 88' lang='lat' dir='ltr'>praedictae</span> 
     </span>
    </p>

    <p class='ocr_par' dir='ltr' id='par_1_8' title="bbox 296 715 1372 1201">
     <span class='ocr_line' id='line_1_14' title="bbox 506 715 1370 774; baseline -0.001 -12"><span class='ocrx_word' id='word_1_83' title='bbox 506 715 543 751; x_wconf 43' lang='grc' dir='ltr'><strong>Γ</strong></span> <span class='ocrx_word' id='word_1_84' title='bbox 564 724 754 774; x_wconf 88' lang='lat' dir='ltr'>opinionis</span> <span class='ocrx_word' id='word_1_85' title='bbox 773 725 808 770; x_wconf 83' lang='grc'>*,</span> <span class='ocrx_word' id='word_1_86' title='bbox 832 736 949 773; x_wconf 87' lang='lat' dir='ltr'>quam</span> <span class='ocrx_word' id='word_1_87' title='bbox 980 725 1216 762; x_wconf 90' lang='lat' dir='ltr'>Xenocrates</span> <span class='ocrx_word' id='word_1_88' title='bbox 1246 733 1282 762; x_wconf 92' lang='lat' dir='ltr'>et</span> <span class='ocrx_word' id='word_1_89' title='bbox 1310 725 1370 761; x_wconf 89' lang='lat' dir='ltr'>alii</span> 
     </span>
     <span class='ocr_line' id='line_1_15' title="bbox 525 777 1370 827; baseline 0 -13"><span class='ocrx_word' id='word_1_90' title='bbox 525 777 711 815; x_wconf 86' lang='lat' dir='ltr'>fferebant</span> <span class='ocrx_word' id='word_1_91' title='bbox 727 778 758 814; x_wconf 69' lang='lat'>²²².</span> <span class='ocrx_word' id='word_1_92' title='bbox 785 778 834 814; x_wconf 89' lang='lat' dir='ltr'>Et</span> <span class='ocrx_word' id='word_1_93' title='bbox 858 777 956 814; x_wconf 91' lang='lat' dir='ltr'>circa</span> <span class='ocrx_word' id='word_1_94' title='bbox 975 778 1051 814; x_wconf 91' lang='lat' dir='ltr'>hoc</span> <span class='ocrx_word' id='word_1_95' title='bbox 1071 778 1148 815; x_wconf 94' lang='lat' dir='ltr'>duo</span> <span class='ocrx_word' id='word_1_96' title='bbox 1173 778 1275 815; x_wconf 87' lang='lat' dir='ltr'>facit:</span> <span class='ocrx_word' id='word_1_97' title='bbox 1295 778 1370 827; x_wconf 92' lang='lat' dir='ltr'>pri-</span> 
     </span>
     <span class='ocr_line' id='line_1_16' title="bbox 296 830 1368 881; baseline -0.001 -12"><span class='ocrx_word' id='word_1_98' title='bbox 296 845 362 870; x_wconf 88' lang='lat' dir='ltr'>mo</span> <span class='ocrx_word' id='word_1_99' title='bbox 380 830 562 881; x_wconf 88' lang='lat' dir='ltr'>proponit</span> <span class='ocrx_word' id='word_1_100' title='bbox 581 831 884 877; x_wconf 63' lang='lat' dir='ltr'>excusationem</span> <span class='ocrx_word' id='word_1_101' title='bbox 900 831 1072 868; x_wconf 91' lang='lat' dir='ltr'>secundo</span> <span class='ocrx_word' id='word_1_102' title='bbox 1089 831 1250 868; x_wconf 88' lang='lat' dir='ltr'>excludit</span> <span class='ocrx_word' id='word_1_103' title='bbox 1269 844 1368 879; x_wconf 88' lang='lat' dir='ltr'>eam,</span> 
     </span>
     <span class='ocr_line' id='line_1_17' title="bbox 296 884 1368 933; baseline 0 -11"><span class='ocrx_word' id='word_1_104' title='bbox 296 885 368 922; x_wconf 88' lang='lat' dir='ltr'>ibi:</span> <span class='ocrx_word' id='word_1_105' title='bbox 387 885 479 921; x_wconf 90' lang='lat' dir='ltr'>Hoc</span> <span class='ocrx_word' id='word_1_106' title='bbox 495 889 622 921; x_wconf 86' lang='lat' dir='ltr'>autem</span> <span class='ocrx_word' id='word_1_107' title='bbox 650 889 714 930; x_wconf 86' lang='lat' dir='ltr'>est,</span> <span class='ocrx_word' id='word_1_108' title='bbox 735 884 1053 933; x_wconf 86' lang='lat' dir='ltr'><strong><em>quemadmodum</em></strong></span> <span class='ocrx_word' id='word_1_109' title='bbox 1081 885 1240 922; x_wconf 84' lang='lat' dir='ltr'>dicimus</span> <span class='ocrx_word' id='word_1_110' title='bbox 1259 886 1278 904; x_wconf 78' lang='lat'>⁴*</span> <span class='ocrx_word' id='word_1_111' title='bbox 1300 892 1368 922; x_wconf 90' lang='lat' dir='ltr'>etc.</span> 
     </span>
     <span class='ocr_line' id='line_1_18' title="bbox 350 937 1371 986; baseline 0 -11"><span class='ocrx_word' id='word_1_112' title='bbox 350 937 450 975; x_wconf 87' lang='lat' dir='ltr'>Dicit</span> <span class='ocrx_word' id='word_1_113' title='bbox 487 949 577 985; x_wconf 90' lang='lat' dir='ltr'>ergo</span> <span class='ocrx_word' id='word_1_114' title='bbox 605 937 732 986; x_wconf 90' lang='lat' dir='ltr'>primo</span> <span class='ocrx_word' id='word_1_115' title='bbox 768 937 874 986; x_wconf 92' lang='lat' dir='ltr'>quod</span> <span class='ocrx_word' id='word_1_116' title='bbox 912 950 991 974; x_wconf 92' lang='lat' dir='ltr'>non</span> <span class='ocrx_word' id='word_1_117' title='bbox 1024 945 1080 974; x_wconf 90' lang='lat' dir='ltr'>est</span> <span class='ocrx_word' id='word_1_118' title='bbox 1113 950 1251 975; x_wconf 86' lang='lat' dir='ltr'>verum</span> <span class='ocrx_word' id='word_1_119' title='bbox 1279 938 1371 975; x_wconf 92' lang='lat' dir='ltr'>illud</span> 
     </span>
     <span class='ocr_line' id='line_1_19' title="bbox 296 990 1370 1040; baseline 0 -12"><span class='ocrx_word' id='word_1_120' title='bbox 296 991 496 1037; x_wconf 87' lang='lat' dir='ltr'>auxilium,</span> <span class='ocrx_word' id='word_1_121' title='bbox 517 990 614 1028; x_wconf 91' lang='lat' dir='ltr'>idest</span> <span class='ocrx_word' id='word_1_122' title='bbox 640 990 703 1027; x_wconf 91' lang='lat' dir='ltr'>illa</span> <span class='ocrx_word' id='word_1_123' title='bbox 732 990 937 1038; x_wconf 83' lang='lat' dir='ltr'>excusatio,</span> <span class='ocrx_word' id='word_1_124' title='bbox 958 1003 1076 1039; x_wconf 91' lang='lat' dir='ltr'>quam</span> <span class='ocrx_word' id='word_1_125' title='bbox 1101 991 1258 1040; x_wconf 92' lang='lat' dir='ltr'>quidam</span> <span class='ocrx_word' id='word_1_126' title='bbox 1287 992 1370 1028; x_wconf 88' lang='lat' dir='ltr'>Pla-</span> 
     </span>
     <span class='ocr_line' id='line_1_20' title="bbox 296 1043 1370 1094; baseline -0.001 -11"><span class='ocrx_word' id='word_1_127' title='bbox 296 1044 522 1091; x_wconf 90' lang='lat' dir='ltr'>tonicorum,</span> <span class='ocrx_word' id='word_1_128' title='bbox 546 1043 753 1081; x_wconf 87' lang='lat' dir='ltr'>dicentium</span> <span class='ocrx_word' id='word_1_129' title='bbox 774 1044 964 1082; x_wconf 92' lang='lat' dir='ltr'>mundum</span> <span class='ocrx_word' id='word_1_130' title='bbox 994 1057 1077 1081; x_wconf 89' lang='lat' dir='ltr'>esse</span> <span class='ocrx_word' id='word_1_131' title='bbox 1106 1044 1370 1094; x_wconf 89' lang='lat' dir='ltr'>incorruptibi—</span> 
     </span>
     <span class='ocr_line' id='line_1_21' title="bbox 297 1097 1371 1146; baseline -0.001 -10"><span class='ocrx_word' id='word_1_132' title='bbox 297 1098 374 1136; x_wconf 89' lang='lat' dir='ltr'>lem</span> <span class='ocrx_word' id='word_1_133' title='bbox 390 1097 458 1135; x_wconf 90' lang='lat' dir='ltr'>sed</span> <span class='ocrx_word' id='word_1_134' title='bbox 472 1105 603 1134; x_wconf 88' lang='lat' dir='ltr'>tamen</span> <span class='ocrx_word' id='word_1_135' title='bbox 618 1098 760 1134; x_wconf 88' lang='lat' dir='ltr'>factum</span> <span class='ocrx_word' id='word_1_136' title='bbox 773 1098 836 1135; x_wconf 89' lang='lat' dir='ltr'>vel</span> <span class='ocrx_word' id='word_1_137' title='bbox 850 1098 1033 1146; x_wconf 89' lang='lat' dir='ltr'>genitum,</span> <span class='ocrx_word' id='word_1_138' title='bbox 1046 1106 1232 1135; x_wconf 89' lang='lat' dir='ltr'>conantur</span> <span class='ocrx_word' id='word_1_139' title='bbox 1242 1105 1259 1120; x_wconf 82' lang='lat'>‘³‘</span> <span class='ocrx_word' id='word_1_140' title='bbox 1274 1098 1371 1135; x_wconf 91' lang='lat' dir='ltr'>ferre</span> 
     </span>
     <span class='ocr_line' id='line_1_22' title="bbox 297 1150 1372 1201; baseline -0.002 -11"><span class='ocrx_word' id='word_1_141' title='bbox 297 1151 368 1190; x_wconf 91' lang='lat' dir='ltr'>sibi</span> <span class='ocrx_word' id='word_1_142' title='bbox 395 1150 498 1200; x_wconf 90' lang='lat' dir='ltr'>ipsis,</span> <span class='ocrx_word' id='word_1_143' title='bbox 518 1158 560 1187; x_wconf 93' lang='lat' dir='ltr'>ut</span> <span class='ocrx_word' id='word_1_144' title='bbox 586 1163 666 1188; x_wconf 92' lang='lat' dir='ltr'>non</span> <span class='ocrx_word' id='word_1_145' title='bbox 686 1150 988 1188; x_wconf 84' lang='lat' dir='ltr'>irrationabiliter</span> <span class='ocrx_word' id='word_1_146' title='bbox 1014 1152 1189 1201; x_wconf 90' lang='lat' dir='ltr'>posuisse</span> <span class='ocrx_word' id='word_1_147' title='bbox 1214 1151 1372 1190; x_wconf 88' lang='lat' dir='ltr'>videan-</span> 
     </span>
    </p>
   </div>
   <div class='ocr_carea' id='block_1_6' title="bbox 297 568 562 817">
    <p class='ocr_par' dir='ltr' id='par_1_9' title="bbox 297 568 562 817">
     <span class='ocr_line' id='line_1_23' title="bbox 297 568 562 817; baseline 0 0"><span class='ocrx_word' id='word_1_148' title='bbox 297 568 562 817; x_wconf 95' lang='lat' dir='ltr'>  </span> 
     </span>
    </p>
   </div>
   <div class='ocr_carea' id='block_1_7' title="bbox 245 1203 1370 1253">
    <p class='ocr_par' dir='ltr' id='par_1_10' title="bbox 245 1203 1370 1253">
     <span class='ocr_line' id='line_1_24' title="bbox 245 1203 1370 1253; baseline 0.002 -13"><span class='ocrx_word' id='word_1_149' title='bbox 245 1248 258 1250; x_wconf 44' lang='lat'><em>-</em></span> <span class='ocrx_word' id='word_1_150' title='bbox 296 1204 531 1246; x_wconf 54' lang='lat' dir='ltr'>mnDicunt</span> <span class='ocrx_word' id='word_1_151' title='bbox 549 1203 652 1240; x_wconf 89' lang='lat' dir='ltr'>enim</span> <span class='ocrx_word' id='word_1_152' title='bbox 671 1216 711 1241; x_wconf 93' lang='lat' dir='ltr'>se</span> <span class='ocrx_word' id='word_1_153' title='bbox 733 1204 869 1242; x_wconf 87' lang='lat' dir='ltr'>dixisse</span> <span class='ocrx_word' id='word_1_154' title='bbox 891 1205 938 1242; x_wconf 93' lang='lat' dir='ltr'>de</span> <span class='ocrx_word' id='word_1_155' title='bbox 958 1205 1200 1253; x_wconf 89' lang='lat' dir='ltr'>generatione</span> <span class='ocrx_word' id='word_1_156' title='bbox 1224 1204 1370 1251; x_wconf 89' lang='lat' dir='ltr'>mundi,</span> 
     </span>
    </p>
   </div>
   <div class='ocr_carea' id='block_1_8' title="bbox 59 2603 264 2628">
    <p class='ocr_par' dir='ltr' id='par_1_11' title="bbox 59 2603 264 2628">
     <span class='ocr_line' id='line_1_25' title="bbox 59 2603 264 2628; baseline -0.005 -2"><span class='ocrx_word' id='word_1_157' title='bbox 59 2605 71 2615; x_wconf 90' lang='grc'><em>·</em></span> <span class='ocrx_word' id='word_1_158' title='bbox 85 2603 231 2628; x_wconf 69' lang='lat' dir='ltr'>mutuant</span> <span class='ocrx_word' id='word_1_159' title='bbox 242 2609 264 2625; x_wconf 72' lang='lat' dir='ltr'>r.</span> 
     </span>
    </p>
   </div>
   <div class='ocr_carea' id='block_1_9' title="bbox 60 2710 274 2760">
    <p class='ocr_par' dir='ltr' id='par_1_12' title="bbox 60 2710 274 2760">
     <span class='ocr_line' id='line_1_26' title="bbox 61 2710 274 2733; baseline 0 -1"><span class='ocrx_word' id='word_1_160' title='bbox 61 2711 72 2721; x_wconf 87' lang='lat'>&#39;¹</span> <span class='ocrx_word' id='word_1_161' title='bbox 86 2710 159 2732; x_wconf 67' lang='lat' dir='ltr'>sinet</span> <span class='ocrx_word' id='word_1_162' title='bbox 173 2710 274 2733; x_wconf 81' lang='lat' dir='ltr'>etcodd.</span> 
     </span>
     <span class='ocr_line' id='line_1_27' title="bbox 60 2742 149 2760; baseline -0.011 0"><span class='ocrx_word' id='word_1_163' title='bbox 60 2742 113 2760; x_wconf 69' lang='lat' dir='ltr'>«xc.</span> <span class='ocrx_word' id='word_1_164' title='bbox 125 2742 149 2759; x_wconf 71' lang='grc' dir='ltr'>Α.</span> 
     </span>
    </p>
   </div>
   <div class='ocr_carea' id='block_1_10' title="bbox 0 2220 28 3470">
    <p class='ocr_par' dir='ltr' id='par_1_13' title="bbox 0 2220 28 3470">
     <span class='ocr_line' id='line_1_28' title="bbox 0 2220 28 3470; baseline 0 0"><span class='ocrx_word' id='word_1_165' title='bbox 0 2220 28 3470; x_wconf 95' lang='lat' dir='ltr'> </span> 
     </span>
    </p>
   </div>
   <div class='ocr_carea' id='block_1_11' title="bbox 0 3467 20 3728">
    <p class='ocr_par' dir='ltr' id='par_1_14' title="bbox 0 3467 20 3728">
     <span class='ocr_line' id='line_1_29' title="bbox 0 3467 20 3728; textangle 90"><span class='ocrx_word' id='word_1_166' title='bbox 12 3721 14 3728; x_wconf 39' lang='lat'>2</span> <span class='ocrx_word' id='word_1_167' title='bbox 12 3701 16 3707; x_wconf 37' lang='lat'><em>⁷</em></span> <span class='ocrx_word' id='word_1_168' title='bbox 0 3467 20 3660; x_wconf 48' lang='grc' dir='ltr'>ν-ΨΨΗ-κττςῶ</span> 
     </span>
    </p>
   </div>
   <div class='ocr_carea' id='block_1_12' title="bbox 297 1257 1379 3067">
    <p class='ocr_par' dir='ltr' id='par_1_15' title="bbox 297 1257 1377 2161">
     <span class='ocr_line' id='line_1_30' title="bbox 297 1257 1372 1307; baseline -0.002 -11"><span class='ocrx_word' id='word_1_169' title='bbox 297 1258 347 1296; x_wconf 89' lang='lat' dir='ltr'>ad</span> <span class='ocrx_word' id='word_1_170' title='bbox 362 1257 644 1295; x_wconf 90' lang='lat' dir='ltr'>similitudinem</span> <span class='ocrx_word' id='word_1_171' title='bbox 659 1270 795 1295; x_wconf 89' lang='lat' dir='ltr'>eorum</span> <span class='ocrx_word' id='word_1_172' title='bbox 811 1258 875 1307; x_wconf 92' lang='lat' dir='ltr'>qui</span> <span class='ocrx_word' id='word_1_173' title='bbox 891 1258 1110 1296; x_wconf 89' lang='lat' dir='ltr'>describunt</span> <span class='ocrx_word' id='word_1_174' title='bbox 1122 1259 1264 1306; x_wconf 88' lang='lat' dir='ltr'>figuras</span> <span class='ocrx_word' id='word_1_175' title='bbox 1283 1270 1372 1306; x_wconf 92' lang='lat' dir='ltr'>geo-</span> 
     </span>
     <span class='ocr_line' id='line_1_31' title="bbox 297 1310 1372 1360; baseline -0.001 -11"><span class='ocrx_word' id='word_1_176' title='bbox 297 1311 490 1359; x_wconf 89' lang='lat' dir='ltr'>metricas,</span> <span class='ocrx_word' id='word_1_177' title='bbox 521 1311 584 1360; x_wconf 86' lang='lat' dir='ltr'>qui</span> <span class='ocrx_word' id='word_1_178' title='bbox 620 1310 745 1359; x_wconf 91' lang='lat' dir='ltr'>primo</span> <span class='ocrx_word' id='word_1_179' title='bbox 775 1311 993 1349; x_wconf 91' lang='lat' dir='ltr'>describunt</span> <span class='ocrx_word' id='word_1_180' title='bbox 1020 1312 1209 1360; x_wconf 90' lang='lat' dir='ltr'>quasdam</span> <span class='ocrx_word' id='word_1_181' title='bbox 1245 1318 1372 1360; x_wconf 88' lang='lat' dir='ltr'>partes</span> 
     </span>
     <span class='ocr_line' id='line_1_32' title="bbox 297 1363 1371 1414; baseline 0 -12"><span class='ocrx_word' id='word_1_182' title='bbox 297 1365 455 1413; x_wconf 87' lang='lat' dir='ltr'>figurae,</span> <span class='ocrx_word' id='word_1_183' title='bbox 474 1371 568 1413; x_wconf 92' lang='lat' dir='ltr'>puta</span> <span class='ocrx_word' id='word_1_184' title='bbox 587 1364 774 1412; x_wconf 87' lang='lat' dir='ltr'>trianguli,</span> <span class='ocrx_word' id='word_1_185' title='bbox 795 1372 832 1402; x_wconf 89' lang='lat' dir='ltr'>et</span> <span class='ocrx_word' id='word_1_186' title='bbox 848 1372 983 1414; x_wconf 90' lang='lat' dir='ltr'>postea</span> <span class='ocrx_word' id='word_1_187' title='bbox 1003 1365 1094 1402; x_wconf 88' lang='lat' dir='ltr'>alias</span> <span class='ocrx_word' id='word_1_188' title='bbox 1112 1363 1142 1412; x_wconf 71' lang='grc' dir='ltr'>β,</span> <span class='ocrx_word' id='word_1_189' title='bbox 1163 1377 1242 1402; x_wconf 90' lang='lat' dir='ltr'>non</span> <span class='ocrx_word' id='word_1_190' title='bbox 1261 1364 1371 1413; x_wconf 91' lang='lat' dir='ltr'>quasi</span> 
     </span>
     <span class='ocr_line' id='line_1_33' title="bbox 297 1417 1372 1468; baseline 0 -13"><span class='ocrx_word' id='word_1_191' title='bbox 297 1418 402 1468; x_wconf 89' lang='lat' dir='ltr'>prius</span> <span class='ocrx_word' id='word_1_192' title='bbox 430 1417 568 1455; x_wconf 88' lang='lat' dir='ltr'>fuerint</span> <span class='ocrx_word' id='word_1_193' title='bbox 585 1417 806 1454; x_wconf 93' lang='lat' dir='ltr'>huiusmodi</span> <span class='ocrx_word' id='word_1_194' title='bbox 833 1425 959 1467; x_wconf 87' lang='lat' dir='ltr'>partes</span> <span class='ocrx_word' id='word_1_195' title='bbox 984 1426 1190 1468; x_wconf 89' lang='lat' dir='ltr'>antequam</span> <span class='ocrx_word' id='word_1_196' title='bbox 1219 1418 1301 1455; x_wconf 88' lang='lat' dir='ltr'>talis</span> <span class='ocrx_word' id='word_1_197' title='bbox 1328 1418 1372 1455; x_wconf 93' lang='lat' dir='ltr'>fi-</span> 
     </span>
     <span class='ocr_line' id='line_1_34' title="bbox 298 1470 1374 1520; baseline 0.001 -13"><span class='ocrx_word' id='word_1_198' title='bbox 298 1483 390 1520; x_wconf 85' lang='lat' dir='ltr'>gura</span> <span class='ocrx_word' id='word_1_199' title='bbox 409 1483 455 1508; x_wconf 90' lang='lat' dir='ltr'>ex</span> <span class='ocrx_word' id='word_1_200' title='bbox 482 1470 703 1508; x_wconf 89' lang='lat' dir='ltr'>huiusmodi</span> <span class='ocrx_word' id='word_1_201' title='bbox 725 1471 896 1520; x_wconf 91' lang='lat' dir='ltr'>partibus</span> <span class='ocrx_word' id='word_1_202' title='bbox 920 1471 1223 1518; x_wconf 89' lang='lat' dir='ltr'>constitueretur,</span> <span class='ocrx_word' id='word_1_203' title='bbox 1245 1471 1312 1508; x_wconf 92' lang='lat' dir='ltr'>sed</span> <span class='ocrx_word' id='word_1_204' title='bbox 1331 1479 1374 1508; x_wconf 94' lang='lat' dir='ltr'>ut</span> 
     </span>
     <span class='ocr_line' id='line_1_35' title="bbox 297 1523 1372 1574; baseline -0.001 -11"><span class='ocrx_word' id='word_1_205' title='bbox 297 1523 418 1572; x_wconf 88' lang='lat' dir='ltr'>magis</span> <span class='ocrx_word' id='word_1_206' title='bbox 447 1523 619 1572; x_wconf 86' lang='lat' dir='ltr'>explicite</span> <span class='ocrx_word' id='word_1_207' title='bbox 649 1524 911 1562; x_wconf 88' lang='lat' dir='ltr'>demonstrent</span> <span class='ocrx_word' id='word_1_208' title='bbox 940 1537 985 1562; x_wconf 88' lang='lat' dir='ltr'>ea</span> <span class='ocrx_word' id='word_1_209' title='bbox 1007 1537 1111 1574; x_wconf 63' lang='lat' dir='ltr'>vquae</span> <span class='ocrx_word' id='word_1_210' title='bbox 1131 1525 1180 1562; x_wconf 90' lang='lat' dir='ltr'>ad</span> <span class='ocrx_word' id='word_1_211' title='bbox 1209 1525 1372 1572; x_wconf 88' lang='lat' dir='ltr'>figuram</span> 
     </span>
     <span class='ocr_line' id='line_1_36' title="bbox 298 1576 1372 1627; baseline 0 -12"><span class='ocrx_word' id='word_1_212' title='bbox 298 1576 552 1627; x_wconf 83' lang='lat' dir='ltr'>requiruntur.</span> <span class='ocrx_word' id='word_1_213' title='bbox 597 1577 646 1614; x_wconf 92' lang='lat' dir='ltr'>Et</span> <span class='ocrx_word' id='word_1_214' title='bbox 682 1576 852 1614; x_wconf 90' lang='lat' dir='ltr'>similiter</span> <span class='ocrx_word' id='word_1_215' title='bbox 898 1577 1029 1615; x_wconf 89' lang='lat' dir='ltr'>dicunt</span> <span class='ocrx_word' id='word_1_216' title='bbox 1074 1579 1276 1615; x_wconf 87' lang='lat' dir='ltr'>Platonem</span> <span class='ocrx_word' id='word_1_217' title='bbox 1319 1578 1372 1615; x_wconf 91' lang='lat' dir='ltr'>di-</span> 
     </span>
     <span class='ocr_line' id='line_1_37' title="bbox 297 1629 1374 1678; baseline 0.001 -10"><span class='ocrx_word' id='word_1_218' title='bbox 297 1630 396 1668; x_wconf 85' lang='lat' dir='ltr'>xisse</span> <span class='ocrx_word' id='word_1_219' title='bbox 433 1629 624 1668; x_wconf 86' lang='lat' dir='ltr'>mundum</span> <span class='ocrx_word' id='word_1_220' title='bbox 661 1630 803 1668; x_wconf 87' lang='lat' dir='ltr'>factum</span> <span class='ocrx_word' id='word_1_221' title='bbox 842 1643 925 1668; x_wconf 90' lang='lat' dir='ltr'>esse</span> <span class='ocrx_word' id='word_1_222' title='bbox 963 1643 1010 1668; x_wconf 91' lang='lat' dir='ltr'>ex</span> <span class='ocrx_word' id='word_1_223' title='bbox 1047 1631 1265 1678; x_wconf 89' lang='lat' dir='ltr'>elementis,</span> <span class='ocrx_word' id='word_1_224' title='bbox 1294 1644 1374 1669; x_wconf 89' lang='lat' dir='ltr'>non</span> 
     </span>
     <span class='ocr_line' id='line_1_38' title="bbox 297 1683 1375 1734; baseline 0 -12"><span class='ocrx_word' id='word_1_225' title='bbox 297 1692 480 1734; x_wconf 84' lang='lat' dir='ltr'>tanquam</span> <span class='ocrx_word' id='word_1_226' title='bbox 499 1683 626 1733; x_wconf 89' lang='lat' dir='ltr'>aliquo</span> <span class='ocrx_word' id='word_1_227' title='bbox 655 1691 831 1733; x_wconf 89' lang='lat' dir='ltr'>ternpore</span> <span class='ocrx_word' id='word_1_228' title='bbox 856 1684 1107 1722; x_wconf 89' lang='lat' dir='ltr'>determinato</span> <span class='ocrx_word' id='word_1_229' title='bbox 1136 1685 1304 1722; x_wconf 90' lang='lat' dir='ltr'>mundus</span> <span class='ocrx_word' id='word_1_230' title='bbox 1328 1684 1375 1722; x_wconf 93' lang='lat' dir='ltr'>sit</span> 
     </span>
     <span class='ocr_line' id='line_1_39' title="bbox 298 1737 1370 1786; baseline 0 -10"><span class='ocrx_word' id='word_1_231' title='bbox 298 1745 510 1786; x_wconf 85' lang='lat' dir='ltr'>generatus,</span> <span class='ocrx_word' id='word_1_232' title='bbox 531 1737 600 1775; x_wconf 92' lang='lat' dir='ltr'>sed</span> <span class='ocrx_word' id='word_1_233' title='bbox 620 1749 735 1774; x_wconf 90' lang='lat' dir='ltr'>causa</span> <span class='ocrx_word' id='word_1_234' title='bbox 755 1737 968 1785; x_wconf 88' lang='lat' dir='ltr'>doctrinae;</span> <span class='ocrx_word' id='word_1_235' title='bbox 988 1746 1030 1775; x_wconf 92' lang='lat' dir='ltr'>ut</span> <span class='ocrx_word' id='word_1_236' title='bbox 1049 1738 1193 1776; x_wconf 86' lang='lat' dir='ltr'>facilius</span> <span class='ocrx_word' id='word_1_237' title='bbox 1212 1739 1370 1776; x_wconf 91' lang='lat' dir='ltr'>instrue-</span> 
     </span>
     <span class='ocr_line' id='line_1_40' title="bbox 298 1790 1374 1842; baseline 0.001 -14"><span class='ocrx_word' id='word_1_238' title='bbox 298 1798 428 1829; x_wconf 85' lang='lat' dir='ltr'>rentur</span> <span class='ocrx_word' id='word_1_239' title='bbox 455 1790 571 1840; x_wconf 86' lang='lat' dir='ltr'>aliqui</span> <span class='ocrx_word' id='word_1_240' title='bbox 591 1790 639 1828; x_wconf 90' lang='lat' dir='ltr'>de</span> <span class='ocrx_word' id='word_1_241' title='bbox 659 1798 793 1828; x_wconf 88' lang='lat' dir='ltr'>natura</span> <span class='ocrx_word' id='word_1_242' title='bbox 811 1791 956 1839; x_wconf 90' lang='lat' dir='ltr'>mundi,</span> <span class='ocrx_word' id='word_1_243' title='bbox 979 1791 1071 1829; x_wconf 89' lang='lat' dir='ltr'>dum</span> <span class='ocrx_word' id='word_1_244' title='bbox 1089 1791 1193 1842; x_wconf 90' lang='lat' dir='ltr'>prius</span> <span class='ocrx_word' id='word_1_245' title='bbox 1214 1792 1374 1829; x_wconf 90' lang='lat' dir='ltr'>demon-</span> 
     </span>
     <span class='ocr_line' id='line_1_41' title="bbox 299 1844 1375 1894; baseline 0 -12"><span class='ocrx_word' id='word_1_246' title='bbox 299 1852 463 1882; x_wconf 89' lang='lat' dir='ltr'>strantur</span> <span class='ocrx_word' id='word_1_247' title='bbox 482 1844 536 1882; x_wconf 92' lang='lat' dir='ltr'>eis</span> <span class='ocrx_word' id='word_1_248' title='bbox 554 1851 681 1893; x_wconf 91' lang='lat' dir='ltr'>partes</span> <span class='ocrx_word' id='word_1_249' title='bbox 701 1844 836 1882; x_wconf 90' lang='lat' dir='ltr'>mundi</span> <span class='ocrx_word' id='word_1_250' title='bbox 855 1849 880 1891; x_wconf 80' lang='lat'>⁷,</span> <span class='ocrx_word' id='word_1_251' title='bbox 899 1852 935 1882; x_wconf 91' lang='lat' dir='ltr'>et</span> <span class='ocrx_word' id='word_1_252' title='bbox 953 1845 1045 1894; x_wconf 93' lang='lat' dir='ltr'>quid</span> <span class='ocrx_word' id='word_1_253' title='bbox 1064 1846 1231 1883; x_wconf 88' lang='lat' dir='ltr'>habeant</span> <span class='ocrx_word' id='word_1_254' title='bbox 1248 1845 1375 1883; x_wconf 91' lang='lat' dir='ltr'>huius-</span> 
     </span>
     <span class='ocr_line' id='line_1_42' title="bbox 298 1897 1375 1947; baseline 0 -11"><span class='ocrx_word' id='word_1_255' title='bbox 298 1897 405 1936; x_wconf 89' lang='lat' dir='ltr'>modi</span> <span class='ocrx_word' id='word_1_256' title='bbox 433 1905 560 1947; x_wconf 86' lang='lat' dir='ltr'>partes</span> <span class='ocrx_word' id='word_1_257' title='bbox 590 1909 636 1935; x_wconf 90' lang='lat' dir='ltr'>ex</span> <span class='ocrx_word' id='word_1_258' title='bbox 663 1897 815 1947; x_wconf 88' lang='lat' dir='ltr'>seipsis,</span> <span class='ocrx_word' id='word_1_259' title='bbox 844 1906 979 1947; x_wconf 90' lang='lat' dir='ltr'>postea</span> <span class='ocrx_word' id='word_1_260' title='bbox 1008 1898 1292 1936; x_wconf 85' lang='lat' dir='ltr'>demonstratur</span> <span class='ocrx_word' id='word_1_261' title='bbox 1322 1898 1375 1936; x_wconf 93' lang='lat' dir='ltr'>eis</span> 
     </span>
     <span class='ocr_line' id='line_1_43' title="bbox 300 1951 1374 2001; baseline 0.001 -13"><span class='ocrx_word' id='word_1_262' title='bbox 300 1951 530 2000; x_wconf 88' lang='lat' dir='ltr'>compositio</span> <span class='ocrx_word' id='word_1_263' title='bbox 562 1963 680 2000; x_wconf 90' lang='lat' dir='ltr'>quam</span> <span class='ocrx_word' id='word_1_264' title='bbox 716 1951 860 1988; x_wconf 90' lang='lat' dir='ltr'>habent</span> <span class='ocrx_word' id='word_1_265' title='bbox 888 1964 910 1988; x_wconf 91' lang='lat' dir='ltr'>a</span> <span class='ocrx_word' id='word_1_266' title='bbox 940 1964 1056 1989; x_wconf 88' lang='lat' dir='ltr'>causa</span> <span class='ocrx_word' id='word_1_267' title='bbox 1093 1952 1244 2000; x_wconf 91' lang='lat' dir='ltr'>mundi,</span> <span class='ocrx_word' id='word_1_268' title='bbox 1275 1964 1374 2001; x_wconf 89' lang='lat' dir='ltr'>quae</span> 
     </span>
     <span class='ocr_line' id='line_1_44' title="bbox 299 2004 1375 2053; baseline -0.001 -10"><span class='ocrx_word' id='word_1_269' title='bbox 299 2005 406 2043; x_wconf 91' lang='lat' dir='ltr'>Deus</span> <span class='ocrx_word' id='word_1_270' title='bbox 431 2012 497 2042; x_wconf 90' lang='lat' dir='ltr'>est.</span> <span class='ocrx_word' id='word_1_271' title='bbox 518 2005 568 2042; x_wconf 94' lang='lat' dir='ltr'>Et</span> <span class='ocrx_word' id='word_1_272' title='bbox 586 2004 637 2041; x_wconf 89' lang='lat' dir='ltr'>ita</span> <span class='ocrx_word' id='word_1_273' title='bbox 655 2005 851 2053; x_wconf 86' lang='lat' dir='ltr'>aspiciunt,</span> <span class='ocrx_word' id='word_1_274' title='bbox 872 2005 971 2042; x_wconf 91' lang='lat' dir='ltr'>idest</span> <span class='ocrx_word' id='word_1_275' title='bbox 990 2005 1243 2052; x_wconf 80' lang='lat' dir='ltr'>considerant,</span> <span class='ocrx_word' id='word_1_276' title='bbox 1264 2018 1375 2043; x_wconf 91' lang='lat' dir='ltr'>mun-</span> 
     </span>
     <span class='ocr_line' id='line_1_45' title="bbox 300 2058 1377 2108; baseline 0 -12"><span class='ocrx_word' id='word_1_277' title='bbox 300 2059 393 2096; x_wconf 89' lang='lat' dir='ltr'>dum</span> <span class='ocrx_word' id='word_1_278' title='bbox 421 2070 505 2096; x_wconf 88' lang='lat' dir='ltr'>esse</span> <span class='ocrx_word' id='word_1_279' title='bbox 533 2058 716 2106; x_wconf 83' lang='lat' dir='ltr'>genitum,</span> <span class='ocrx_word' id='word_1_280' title='bbox 739 2058 788 2095; x_wconf 87' lang='lat' dir='ltr'>ad</span> <span class='ocrx_word' id='word_1_281' title='bbox 817 2058 981 2096; x_wconf 88' lang='lat' dir='ltr'>modum</span> <span class='ocrx_word' id='word_1_282' title='bbox 1009 2058 1272 2108; x_wconf 90' lang='lat' dir='ltr'>descriptionis</span> <span class='ocrx_word' id='word_1_283' title='bbox 1300 2071 1377 2108; x_wconf 91' lang='lat' dir='ltr'>qua</span> 
     </span>
     <span class='ocr_line' id='line_1_46' title="bbox 298 2111 1300 2161; baseline 0 -11"><span class='ocrx_word' id='word_1_284' title='bbox 298 2119 454 2150; x_wconf 90' lang='lat' dir='ltr'>utuntur</span> <span class='ocrx_word' id='word_1_285' title='bbox 481 2118 701 2160; x_wconf 88' lang='lat' dir='ltr'>geometrae</span> <span class='ocrx_word' id='word_1_286' title='bbox 729 2111 769 2149; x_wconf 92' lang='lat' dir='ltr'>in</span> <span class='ocrx_word' id='word_1_287' title='bbox 797 2111 1051 2161; x_wconf 87' lang='lat' dir='ltr'>descriptione</span> <span class='ocrx_word' id='word_1_288' title='bbox 1079 2113 1300 2160; x_wconf 86' lang='lat' dir='ltr'>figurarum.</span> 
     </span>
    </p>

    <p class='ocr_par' dir='ltr' id='par_1_16' title="bbox 300 2164 1379 3067">
     <span class='ocr_line' id='line_1_47' title="bbox 356 2164 1374 2214; baseline 0.001 -12"><span class='ocrx_word' id='word_1_289' title='bbox 356 2177 391 2202; x_wconf 89' lang='lat'>2.</span> <span class='ocrx_word' id='word_1_290' title='bbox 413 2164 563 2202; x_wconf 89' lang='lat' dir='ltr'>Deinde</span> <span class='ocrx_word' id='word_1_291' title='bbox 593 2177 682 2201; x_wconf 89' lang='lat' dir='ltr'>cum</span> <span class='ocrx_word' id='word_1_292' title='bbox 707 2164 812 2202; x_wconf 93' lang='lat' dir='ltr'>dicit:</span> <span class='ocrx_word' id='word_1_293' title='bbox 842 2166 934 2202; x_wconf 91' lang='lat' dir='ltr'>Hoc</span> <span class='ocrx_word' id='word_1_294' title='bbox 956 2171 1082 2202; x_wconf 87' lang='lat' dir='ltr'>autem</span> <span class='ocrx_word' id='word_1_295' title='bbox 1102 2171 1166 2211; x_wconf 88' lang='lat' dir='ltr'>est,</span> <span class='ocrx_word' id='word_1_296' title='bbox 1196 2166 1374 2214; x_wconf 84' lang='lat' dir='ltr'>quemad-</span> 
     </span>
     <span class='ocr_line' id='line_1_48' title="bbox 301 2217 1374 2267; baseline 0 -11"><span class='ocrx_word' id='word_1_297' title='bbox 301 2218 456 2256; x_wconf 87' lang='lat' dir='ltr'><strong><em>modum</em></strong></span> <span class='ocrx_word' id='word_1_298' title='bbox 485 2217 643 2255; x_wconf 86' lang='lat' dir='ltr'>dicimus</span> <span class='ocrx_word' id='word_1_299' title='bbox 672 2225 756 2265; x_wconf 89' lang='lat' dir='ltr'>etc.,</span> <span class='ocrx_word' id='word_1_300' title='bbox 777 2217 971 2266; x_wconf 90' lang='lat' dir='ltr'>improbat</span> <span class='ocrx_word' id='word_1_301' title='bbox 998 2218 1103 2267; x_wconf 89' lang='lat' dir='ltr'>quod</span> <span class='ocrx_word' id='word_1_302' title='bbox 1133 2218 1277 2256; x_wconf 91' lang='lat' dir='ltr'>dictum</span> <span class='ocrx_word' id='word_1_303' title='bbox 1307 2226 1374 2256; x_wconf 85' lang='lat' dir='ltr'>est.</span> 
     </span>
     <span class='ocr_line' id='line_1_49' title="bbox 301 2270 1376 2320; baseline -0.001 -11"><span class='ocrx_word' id='word_1_304' title='bbox 301 2272 351 2309; x_wconf 93' lang='lat' dir='ltr'>Et</span> <span class='ocrx_word' id='word_1_305' title='bbox 379 2271 468 2309; x_wconf 91' lang='lat' dir='ltr'>dicit</span> <span class='ocrx_word' id='word_1_306' title='bbox 495 2270 603 2319; x_wconf 92' lang='lat' dir='ltr'>quod</span> <span class='ocrx_word' id='word_1_307' title='bbox 630 2283 710 2308; x_wconf 90' lang='lat' dir='ltr'>non</span> <span class='ocrx_word' id='word_1_308' title='bbox 739 2271 878 2308; x_wconf 88' lang='lat' dir='ltr'>eodem</span> <span class='ocrx_word' id='word_1_309' title='bbox 909 2271 1028 2309; x_wconf 89' lang='lat' dir='ltr'>modo</span> <span class='ocrx_word' id='word_1_310' title='bbox 1058 2284 1098 2308; x_wconf 90' lang='lat' dir='ltr'>se</span> <span class='ocrx_word' id='word_1_311' title='bbox 1126 2272 1244 2309; x_wconf 92' lang='lat' dir='ltr'>habet</span> <span class='ocrx_word' id='word_1_312' title='bbox 1271 2272 1376 2320; x_wconf 90' lang='lat' dir='ltr'>quod</span> 
     </span>
     <span class='ocr_line' id='line_1_50' title="bbox 300 2324 1376 2374; baseline -0.001 -12"><span class='ocrx_word' id='word_1_313' title='bbox 300 2324 373 2374; x_wconf 89' lang='lat' dir='ltr'>ipsi</span> <span class='ocrx_word' id='word_1_314' title='bbox 410 2324 540 2362; x_wconf 92' lang='lat' dir='ltr'>dicunt</span> <span class='ocrx_word' id='word_1_315' title='bbox 569 2324 667 2361; x_wconf 89' lang='lat' dir='ltr'>circa</span> <span class='ocrx_word' id='word_1_316' title='bbox 702 2324 990 2372; x_wconf 89' lang='lat' dir='ltr'>generationem</span> <span class='ocrx_word' id='word_1_317' title='bbox 1018 2325 1174 2372; x_wconf 92' lang='lat' dir='ltr'>mundi,</span> <span class='ocrx_word' id='word_1_318' title='bbox 1206 2332 1242 2362; x_wconf 93' lang='lat' dir='ltr'>et</span> <span class='ocrx_word' id='word_1_319' title='bbox 1271 2325 1376 2374; x_wconf 94' lang='lat' dir='ltr'>quod</span> 
     </span>
     <span class='ocr_line' id='line_1_51' title="bbox 300 2377 1374 2427; baseline -0.001 -11"><span class='ocrx_word' id='word_1_320' title='bbox 300 2385 521 2427; x_wconf 85' lang='lat' dir='ltr'>geometrae</span> <span class='ocrx_word' id='word_1_321' title='bbox 560 2377 689 2418; x_wconf 84' lang='lat' dir='ltr'>dicunt</span> <span class='ocrx_word' id='word_1_322' title='bbox 722 2378 820 2414; x_wconf 91' lang='lat' dir='ltr'>circa</span> <span class='ocrx_word' id='word_1_323' title='bbox 853 2377 1123 2427; x_wconf 88' lang='lat' dir='ltr'>descriptiones</span> <span class='ocrx_word' id='word_1_324' title='bbox 1151 2379 1374 2426; x_wconf 89' lang='lat' dir='ltr'>figurarum,</span> 
     </span>
     <span class='ocr_line' id='line_1_52' title="bbox 301 2430 1374 2480; baseline -0.001 -11"><span class='ocrx_word' id='word_1_325' title='bbox 301 2431 397 2469; x_wconf 92' lang='lat' dir='ltr'>sicut</span> <span class='ocrx_word' id='word_1_326' title='bbox 425 2430 727 2468; x_wconf 89' lang='lat' dir='ltr'>manifestabitur</span> <span class='ocrx_word' id='word_1_327' title='bbox 753 2443 823 2479; x_wconf 89' lang='lat' dir='ltr'>per</span> <span class='ocrx_word' id='word_1_328' title='bbox 858 2443 903 2468; x_wconf 91' lang='lat' dir='ltr'>ea</span> <span class='ocrx_word' id='word_1_329' title='bbox 931 2443 1031 2480; x_wconf 89' lang='lat' dir='ltr'>quae</span> <span class='ocrx_word' id='word_1_330' title='bbox 1059 2444 1161 2468; x_wconf 90' lang='lat' dir='ltr'>nunc</span> <span class='ocrx_word' id='word_1_331' title='bbox 1189 2431 1374 2469; x_wconf 89' lang='lat' dir='ltr'>dicemus.</span> 
     </span>
     <span class='ocr_line' id='line_1_53' title="bbox 303 2483 1375 2533; baseline -0.001 -11"><span class='ocrx_word' id='word_1_332' title='bbox 303 2485 404 2532; x_wconf 90' lang='lat' dir='ltr'>Quia</span> <span class='ocrx_word' id='word_1_333' title='bbox 431 2483 471 2521; x_wconf 91' lang='lat' dir='ltr'>in</span> <span class='ocrx_word' id='word_1_334' title='bbox 492 2483 808 2533; x_wconf 90' lang='lat' dir='ltr'>descriptionibus</span> <span class='ocrx_word' id='word_1_335' title='bbox 827 2484 1169 2533; x_wconf 87' lang='lat' dir='ltr'>geometricalibus‚</span> <span class='ocrx_word' id='word_1_336' title='bbox 1191 2484 1294 2522; x_wconf 90' lang='lat' dir='ltr'>idem</span> <span class='ocrx_word' id='word_1_337' title='bbox 1315 2497 1375 2522; x_wconf 93' lang='lat' dir='ltr'>ac-</span> 
     </span>
     <span class='ocr_line' id='line_1_54' title="bbox 303 2537 1376 2587; baseline -0.001 -11"><span class='ocrx_word' id='word_1_338' title='bbox 303 2538 392 2576; x_wconf 90' lang='lat' dir='ltr'>cidit</span> <span class='ocrx_word' id='word_1_339' title='bbox 419 2538 451 2575; x_wconf 91' lang='lat' dir='ltr'>si</span> <span class='ocrx_word' id='word_1_340' title='bbox 480 2549 616 2574; x_wconf 90' lang='lat' dir='ltr'>omnes</span> <span class='ocrx_word' id='word_1_341' title='bbox 634 2544 762 2586; x_wconf 89' lang='lat' dir='ltr'>partes</span> <span class='ocrx_word' id='word_1_342' title='bbox 781 2538 928 2586; x_wconf 88' lang='lat' dir='ltr'>figurae</span> <span class='ocrx_word' id='word_1_343' title='bbox 948 2538 1062 2575; x_wconf 90' lang='lat' dir='ltr'>simul</span> <span class='ocrx_word' id='word_1_344' title='bbox 1082 2537 1316 2587; x_wconf 91' lang='lat' dir='ltr'>accipiantur</span> <span class='ocrx_word' id='word_1_345' title='bbox 1333 2546 1376 2575; x_wconf 94' lang='lat' dir='ltr'>ut</span> 
     </span>
     <span class='ocr_line' id='line_1_55' title="bbox 303 2591 1375 2640; baseline -0.001 -11"><span class='ocrx_word' id='word_1_346' title='bbox 303 2591 534 2630; x_wconf 84' lang='lat' dir='ltr'>constituunt</span> <span class='ocrx_word' id='word_1_347' title='bbox 550 2591 571 2613; x_wconf 88' lang='grc'><em>*</em></span> <span class='ocrx_word' id='word_1_348' title='bbox 589 2591 764 2639; x_wconf 89' lang='lat' dir='ltr'>figuram,</span> <span class='ocrx_word' id='word_1_349' title='bbox 786 2598 823 2628; x_wconf 94' lang='lat' dir='ltr'>et</span> <span class='ocrx_word' id='word_1_350' title='bbox 842 2591 872 2628; x_wconf 90' lang='lat' dir='ltr'>si</span> <span class='ocrx_word' id='word_1_351' title='bbox 893 2604 972 2629; x_wconf 92' lang='lat' dir='ltr'>non</span> <span class='ocrx_word' id='word_1_352' title='bbox 991 2591 1225 2640; x_wconf 92' lang='lat' dir='ltr'>accipiantur</span> <span class='ocrx_word' id='word_1_353' title='bbox 1243 2591 1375 2629; x_wconf 91' lang='lat' dir='ltr'>simul:</span> 
     </span>
     <span class='ocr_line' id='line_1_56' title="bbox 303 2644 1377 2694; baseline 0.001 -13"><span class='ocrx_word' id='word_1_354' title='bbox 303 2645 393 2694; x_wconf 90' lang='lat' dir='ltr'>quia</span> <span class='ocrx_word' id='word_1_355' title='bbox 421 2644 577 2694; x_wconf 89' lang='lat' dir='ltr'>quando</span> <span class='ocrx_word' id='word_1_356' title='bbox 610 2656 691 2682; x_wconf 92' lang='lat' dir='ltr'>non</span> <span class='ocrx_word' id='word_1_357' title='bbox 727 2644 964 2694; x_wconf 90' lang='lat' dir='ltr'>accipiuntur</span> <span class='ocrx_word' id='word_1_358' title='bbox 991 2644 1123 2693; x_wconf 90' lang='lat' dir='ltr'>simul,</span> <span class='ocrx_word' id='word_1_359' title='bbox 1153 2645 1247 2682; x_wconf 92' lang='lat' dir='ltr'>nihil</span> <span class='ocrx_word' id='word_1_360' title='bbox 1275 2644 1377 2682; x_wconf 91' lang='lat' dir='ltr'>aliud</span> 
     </span>
     <span class='ocr_line' id='line_1_57' title="bbox 304 2697 1375 2747; baseline -0.001 -11"><span class='ocrx_word' id='word_1_361' title='bbox 304 2698 440 2736; x_wconf 89' lang='lat' dir='ltr'>dicitur</span> <span class='ocrx_word' id='word_1_362' title='bbox 460 2697 507 2735; x_wconf 94' lang='lat' dir='ltr'>de</span> <span class='ocrx_word' id='word_1_363' title='bbox 528 2697 582 2735; x_wconf 93' lang='lat' dir='ltr'>eis</span> <span class='ocrx_word' id='word_1_364' title='bbox 609 2697 680 2735; x_wconf 90' lang='lat' dir='ltr'>nisi</span> <span class='ocrx_word' id='word_1_365' title='bbox 709 2698 815 2747; x_wconf 93' lang='lat' dir='ltr'>quod</span> <span class='ocrx_word' id='word_1_366' title='bbox 839 2705 927 2736; x_wconf 92' lang='lat' dir='ltr'>sunt</span> <span class='ocrx_word' id='word_1_367' title='bbox 945 2699 965 2720; x_wconf 84' lang='grc'><em>*</em></span> <span class='ocrx_word' id='word_1_368' title='bbox 992 2698 1115 2735; x_wconf 89' lang='lat' dir='ltr'>lineae</span> <span class='ocrx_word' id='word_1_369' title='bbox 1142 2699 1204 2736; x_wconf 91' lang='lat' dir='ltr'>vel</span> <span class='ocrx_word' id='word_1_370' title='bbox 1233 2698 1375 2746; x_wconf 89' lang='lat' dir='ltr'>anguli;</span> 
     </span>
     <span class='ocr_line' id='line_1_58' title="bbox 304 2751 1378 2801; baseline -0.001 -11"><span class='ocrx_word' id='word_1_371' title='bbox 304 2759 342 2790; x_wconf 90' lang='lat' dir='ltr'>et</span> <span class='ocrx_word' id='word_1_372' title='bbox 359 2753 436 2789; x_wconf 91' lang='lat' dir='ltr'>hoc</span> <span class='ocrx_word' id='word_1_373' title='bbox 463 2751 576 2788; x_wconf 88' lang='lat' dir='ltr'>etiarn</span> <span class='ocrx_word' id='word_1_374' title='bbox 606 2751 774 2788; x_wconf 89' lang='lat' dir='ltr'>salvatur</span> <span class='ocrx_word' id='word_1_375' title='bbox 801 2751 841 2788; x_wconf 93' lang='lat' dir='ltr'>in</span> <span class='ocrx_word' id='word_1_376' title='bbox 869 2751 923 2788; x_wconf 92' lang='lat' dir='ltr'>eis</span> <span class='ocrx_word' id='word_1_377' title='bbox 956 2751 1112 2800; x_wconf 91' lang='lat' dir='ltr'>quando</span> <span class='ocrx_word' id='word_1_378' title='bbox 1142 2751 1378 2801; x_wconf 89' lang='lat' dir='ltr'>accipiuntur</span> 
     </span>
     <span class='ocr_line' id='line_1_59' title="bbox 304 2804 1377 2852; baseline -0.001 -9"><span class='ocrx_word' id='word_1_379' title='bbox 304 2805 436 2843; x_wconf 88' lang='lat' dir='ltr'>omnia</span> <span class='ocrx_word' id='word_1_380' title='bbox 454 2804 568 2842; x_wconf 90' lang='lat' dir='ltr'>simul</span> <span class='ocrx_word' id='word_1_381' title='bbox 586 2804 626 2842; x_wconf 92' lang='lat' dir='ltr'>in</span> <span class='ocrx_word' id='word_1_382' title='bbox 644 2804 767 2852; x_wconf 89' lang='lat' dir='ltr'>figura</span> <span class='ocrx_word' id='word_1_383' title='bbox 787 2805 989 2842; x_wconf 88' lang='lat' dir='ltr'>constituta</span> <span class='ocrx_word' id='word_1_384' title='bbox 1009 2817 1055 2842; x_wconf 91' lang='lat' dir='ltr'>ex</span> <span class='ocrx_word' id='word_1_385' title='bbox 1075 2805 1140 2842; x_wconf 92' lang='lat' dir='ltr'>eis.</span> <span class='ocrx_word' id='word_1_386' title='bbox 1158 2805 1235 2842; x_wconf 93' lang='lat' dir='ltr'>Sed</span> <span class='ocrx_word' id='word_1_387' title='bbox 1254 2805 1293 2842; x_wconf 92' lang='lat' dir='ltr'>in</span> <span class='ocrx_word' id='word_1_388' title='bbox 1313 2805 1377 2843; x_wconf 94' lang='lat' dir='ltr'>de-</span> 
     </span>
     <span class='ocr_line' id='line_1_60' title="bbox 303 2858 1377 2907; baseline -0.002 -10"><span class='ocrx_word' id='word_1_389' title='bbox 303 2858 643 2897; x_wconf 85' lang='lat' dir='ltr'>monstrationibus</span> <span class='ocrx_word' id='word_1_390' title='bbox 671 2870 807 2895; x_wconf 90' lang='lat' dir='ltr'>eorum</span> <span class='ocrx_word' id='word_1_391' title='bbox 837 2858 903 2906; x_wconf 93' lang='lat' dir='ltr'>qui</span> <span class='ocrx_word' id='word_1_392' title='bbox 921 2866 1071 2907; x_wconf 91' lang='lat' dir='ltr'>ponunt</span> <span class='ocrx_word' id='word_1_393' title='bbox 1089 2858 1377 2906; x_wconf 87' lang='lat' dir='ltr'>generationem</span> 
     </span>
     <span class='ocr_line' id='line_1_61' title="bbox 304 2911 1376 2960; baseline -0.001 -11"><span class='ocrx_word' id='word_1_394' title='bbox 304 2912 451 2960; x_wconf 90' lang='lat' dir='ltr'>mundi,</span> <span class='ocrx_word' id='word_1_395' title='bbox 468 2924 547 2949; x_wconf 93' lang='lat' dir='ltr'>non</span> <span class='ocrx_word' id='word_1_396' title='bbox 560 2911 664 2948; x_wconf 89' lang='lat' dir='ltr'>idem</span> <span class='ocrx_word' id='word_1_397' title='bbox 684 2911 866 2960; x_wconf 89' lang='lat' dir='ltr'>accipitur</span> <span class='ocrx_word' id='word_1_398' title='bbox 885 2924 973 2948; x_wconf 91' lang='lat' dir='ltr'>cum</span> <span class='ocrx_word' id='word_1_399' title='bbox 993 2919 1080 2949; x_wconf 90' lang='lat' dir='ltr'>sunt</span> <span class='ocrx_word' id='word_1_400' title='bbox 1099 2911 1211 2949; x_wconf 91' lang='lat' dir='ltr'>simul</span> <span class='ocrx_word' id='word_1_401' title='bbox 1232 2920 1268 2948; x_wconf 90' lang='lat' dir='ltr'>et</span> <span class='ocrx_word' id='word_1_402' title='bbox 1288 2924 1376 2948; x_wconf 91' lang='lat' dir='ltr'>cum</span> 
     </span>
     <span class='ocr_line' id='line_1_62' title="bbox 305 2964 1375 3014; baseline 0 -12"><span class='ocrx_word' id='word_1_403' title='bbox 305 2977 384 3002; x_wconf 91' lang='lat' dir='ltr'>non</span> <span class='ocrx_word' id='word_1_404' title='bbox 413 2972 501 3002; x_wconf 91' lang='lat' dir='ltr'>sunt</span> <span class='ocrx_word' id='word_1_405' title='bbox 529 2964 661 3011; x_wconf 91' lang='lat' dir='ltr'>simul;</span> <span class='ocrx_word' id='word_1_406' title='bbox 692 2964 760 3001; x_wconf 93' lang='lat' dir='ltr'>sed</span> <span class='ocrx_word' id='word_1_407' title='bbox 788 2964 1023 3013; x_wconf 90' lang='lat' dir='ltr'>impossibile</span> <span class='ocrx_word' id='word_1_408' title='bbox 1053 2973 1109 3002; x_wconf 93' lang='lat' dir='ltr'>est</span> <span class='ocrx_word' id='word_1_409' title='bbox 1136 2965 1243 3014; x_wconf 91' lang='lat' dir='ltr'>quod</span> <span class='ocrx_word' id='word_1_410' title='bbox 1271 2965 1375 3002; x_wconf 91' lang='lat' dir='ltr'>idem</span> 
     </span>
     <span class='ocr_line' id='line_1_63' title="bbox 306 3017 1379 3067; baseline 0.001 -13"><span class='ocrx_word' id='word_1_411' title='bbox 306 3030 352 3054; x_wconf 89' lang='lat' dir='ltr'>ex</span> <span class='ocrx_word' id='word_1_412' title='bbox 379 3025 539 3066; x_wconf 89' lang='lat' dir='ltr'>utraque</span> <span class='ocrx_word' id='word_1_413' title='bbox 566 3025 673 3066; x_wconf 83' lang='lat' dir='ltr'>parte</span> <span class='ocrx_word' id='word_1_414' title='bbox 697 3017 914 3067; x_wconf 85' lang='lat' dir='ltr'>accipiatur,</span> <span class='ocrx_word' id='word_1_415' title='bbox 936 3018 1031 3055; x_wconf 89' lang='lat' dir='ltr'>sicut</span> <span class='ocrx_word' id='word_1_416' title='bbox 1058 3017 1292 3067; x_wconf 90' lang='lat' dir='ltr'>impossibile</span> <span class='ocrx_word' id='word_1_417' title='bbox 1322 3025 1379 3055; x_wconf 92' lang='lat' dir='ltr'>est</span> 
     </span>
    </p>
   </div>
   <div class='ocr_carea' id='block_1_13' title="bbox 304 3175 1379 3670">
    <p class='ocr_par' dir='ltr' id='par_1_17' title="bbox 304 3175 1377 3308">
     <span class='ocr_line' id='line_1_64' title="bbox 359 3175 1377 3210; baseline 0 -10"><span class='ocrx_word' id='word_1_418' title='bbox 359 3175 388 3210; x_wconf 90' lang='grc' dir='ltr'>α)</span> <span class='ocrx_word' id='word_1_419' title='bbox 407 3178 549 3200; x_wconf 83' lang='lat' dir='ltr'>conantur.</span> <span class='ocrx_word' id='word_1_420' title='bbox 562 3188 582 3193; x_wconf 95' lang='lat'>—</span> <span class='ocrx_word' id='word_1_421' title='bbox 594 3175 799 3200; x_wconf 78' lang='lat' dir='ltr'>contrariantur</span> <span class='ocrx_word' id='word_1_422' title='bbox 812 3175 869 3207; x_wconf 80' lang='lat' dir='ltr'>CF3</span> <span class='ocrx_word' id='word_1_423' title='bbox 888 3183 980 3208; x_wconf 86' lang='lat' dir='ltr'>margo</span> <span class='ocrx_word' id='word_1_424' title='bbox 993 3176 1014 3200; x_wconf 87' lang='lat' dir='ltr'>F</span> <span class='ocrx_word' id='word_1_425' title='bbox 1028 3177 1070 3201; x_wconf 81' lang='lat' dir='ltr'>vel</span> <span class='ocrx_word' id='word_1_426' title='bbox 1081 3179 1221 3206; x_wconf 77' lang='lat' dir='ltr'>conantur,</span> <span class='ocrx_word' id='word_1_427' title='bbox 1237 3184 1316 3208; x_wconf 82' lang='lat' dir='ltr'>quam</span> <span class='ocrx_word' id='word_1_428' title='bbox 1330 3184 1377 3201; x_wconf 90' lang='lat' dir='ltr'>no-</span> 
     </span>
     <span class='ocr_line' id='line_1_65' title="bbox 304 3210 1377 3244; baseline 0 -8"><span class='ocrx_word' id='word_1_429' title='bbox 304 3217 358 3237; x_wconf 88' lang='lat' dir='ltr'>tam</span> <span class='ocrx_word' id='word_1_430' title='bbox 373 3210 496 3244; x_wconf 89' lang='lat' dir='ltr'>BDEIpG</span> <span class='ocrx_word' id='word_1_431' title='bbox 511 3215 612 3243; x_wconf 88' lang='lat' dir='ltr'>ponunt</span> <span class='ocrx_word' id='word_1_432' title='bbox 629 3210 655 3234; x_wconf 89' lang='lat' dir='ltr'>in</span> <span class='ocrx_word' id='word_1_433' title='bbox 673 3214 751 3239; x_wconf 79' lang='lat' dir='ltr'>textu,</span> <span class='ocrx_word' id='word_1_434' title='bbox 764 3211 880 3243; x_wconf 87' lang='lat' dir='ltr'>legentes</span> <span class='ocrx_word' id='word_1_435' title='bbox 893 3211 1099 3236; x_wconf 79' lang='lat' dir='ltr'>contrariantur</span> <span class='ocrx_word' id='word_1_436' title='bbox 1112 3212 1155 3236; x_wconf 80' lang='lat' dir='ltr'>vel</span> <span class='ocrx_word' id='word_1_437' title='bbox 1171 3215 1312 3237; x_wconf 85' lang='lat' dir='ltr'>conantur.</span> <span class='ocrx_word' id='word_1_438' title='bbox 1325 3225 1344 3229; x_wconf 98' lang='lat'><em>-</em></span> <span class='ocrx_word' id='word_1_439' title='bbox 1358 3211 1377 3236; x_wconf 87' lang='lat' dir='ltr'>P</span> 
     </span>
     <span class='ocr_line' id='line_1_66' title="bbox 305 3245 1376 3281; baseline 0.002 -11"><span class='ocrx_word' id='word_1_440' title='bbox 305 3246 488 3281; x_wconf 83' lang='lat' dir='ltr'>prosequitur:</span> <span class='ocrx_word' id='word_1_441' title='bbox 499 3247 592 3279; x_wconf 78' lang='lat' dir='ltr'>serre;</span> <span class='ocrx_word' id='word_1_442' title='bbox 610 3245 659 3270; x_wconf 86' lang='lat' dir='ltr'>sed</span> <span class='ocrx_word' id='word_1_443' title='bbox 671 3245 733 3278; x_wconf 83' lang='lat' dir='ltr'>ipsi,</span> <span class='ocrx_word' id='word_1_444' title='bbox 750 3249 780 3270; x_wconf 83' lang='lat' dir='ltr'>ut</span> <span class='ocrx_word' id='word_1_445' title='bbox 793 3253 845 3271; x_wconf 86' lang='lat' dir='ltr'>non</span> <span class='ocrx_word' id='word_1_446' title='bbox 860 3246 1083 3272; x_wconf 77' lang='lat' dir='ltr'>irrationabiliter</span> <span class='ocrx_word' id='word_1_447' title='bbox 1089 3247 1213 3279; x_wconf 83' lang='lat' dir='ltr'>posuisse</span> <span class='ocrx_word' id='word_1_448' title='bbox 1225 3247 1376 3276; x_wconf 79' lang='lat' dir='ltr'>videantur,</span> 
     </span>
     <span class='ocr_line' id='line_1_67' title="bbox 306 3281 573 3308; baseline -0.007 0"><span class='ocrx_word' id='word_1_449' title='bbox 306 3283 398 3308; x_wconf 84' lang='lat' dir='ltr'>dicunt</span> <span class='ocrx_word' id='word_1_450' title='bbox 416 3289 443 3307; x_wconf 88' lang='lat' dir='ltr'>se</span> <span class='ocrx_word' id='word_1_451' title='bbox 462 3281 573 3306; x_wconf 80' lang='lat' dir='ltr'>dixisse.</span> 
     </span>
    </p>

    <p class='ocr_par' dir='ltr' id='par_1_18' title="bbox 305 3316 1379 3414">
     <span class='ocr_line' id='line_1_68' title="bbox 360 3316 1377 3351; baseline 0 -9"><span class='ocrx_word' id='word_1_452' title='bbox 360 3317 386 3351; x_wconf 78' lang='grc' dir='ltr'>β)</span> <span class='ocrx_word' id='word_1_453' title='bbox 406 3321 432 3342; x_wconf 80' lang='lat' dir='ltr'>et</span> <span class='ocrx_word' id='word_1_454' title='bbox 446 3320 542 3349; x_wconf 79' lang='lat' dir='ltr'>postea</span> <span class='ocrx_word' id='word_1_455' title='bbox 560 3316 638 3341; x_wconf 87' lang='lat' dir='ltr'>alias.</span> <span class='ocrx_word' id='word_1_456' title='bbox 651 3330 671 3335; x_wconf 91' lang='lat'>-</span> <span class='ocrx_word' id='word_1_457' title='bbox 684 3319 710 3341; x_wconf 80' lang='lat' dir='ltr'>et</span> <span class='ocrx_word' id='word_1_458' title='bbox 728 3324 782 3341; x_wconf 85' lang='lat' dir='ltr'>om.</span> <span class='ocrx_word' id='word_1_459' title='bbox 795 3316 823 3341; x_wconf 87' lang='lat' dir='ltr'>P.</span> <span class='ocrx_word' id='word_1_460' title='bbox 837 3329 856 3336; x_wconf 82' lang='lat'>—-</span> <span class='ocrx_word' id='word_1_461' title='bbox 869 3317 926 3341; x_wconf 90' lang='lat' dir='ltr'>Lin.</span> <span class='ocrx_word' id='word_1_462' title='bbox 942 3324 999 3349; x_wconf 90' lang='lat' dir='ltr'>seq.</span> <span class='ocrx_word' id='word_1_463' title='bbox 1013 3325 1061 3349; x_wconf 84' lang='lat' dir='ltr'>pro</span> <span class='ocrx_word' id='word_1_464' title='bbox 1080 3317 1143 3342; x_wconf 82' lang='lat' dir='ltr'>talis</span> <span class='ocrx_word' id='word_1_465' title='bbox 1157 3317 1265 3351; x_wconf 79' lang='lat' dir='ltr'>figura,</span> <span class='ocrx_word' id='word_1_466' title='bbox 1285 3317 1377 3350; x_wconf 78' lang='lat' dir='ltr'>aliqua</span> 
     </span>
     <span class='ocr_line' id='line_1_69' title="bbox 305 3352 1379 3386; baseline -0.001 -7"><span class='ocrx_word' id='word_1_467' title='bbox 305 3353 361 3379; x_wconf 85' lang='lat' dir='ltr'>alia</span> <span class='ocrx_word' id='word_1_468' title='bbox 371 3353 469 3386; x_wconf 81' lang='lat' dir='ltr'>figura</span> <span class='ocrx_word' id='word_1_469' title='bbox 488 3353 525 3383; x_wconf 74' lang='lat' dir='ltr'>sl,</span> <span class='ocrx_word' id='word_1_470' title='bbox 544 3352 599 3377; x_wconf 82' lang='lat' dir='ltr'>alia</span> <span class='ocrx_word' id='word_1_471' title='bbox 610 3352 707 3385; x_wconf 82' lang='lat' dir='ltr'>figura</span> <span class='ocrx_word' id='word_1_472' title='bbox 725 3352 745 3376; x_wconf 88' lang='lat' dir='ltr'>P</span> <span class='ocrx_word' id='word_1_473' title='bbox 765 3356 791 3377; x_wconf 90' lang='lat' dir='ltr'>et</span> <span class='ocrx_word' id='word_1_474' title='bbox 809 3356 857 3377; x_wconf 86' lang='lat' dir='ltr'>cet.</span> <span class='ocrx_word' id='word_1_475' title='bbox 871 3359 924 3377; x_wconf 85' lang='lat' dir='ltr'>exc.</span> <span class='ocrx_word' id='word_1_476' title='bbox 938 3352 969 3376; x_wconf 88' lang='lat' dir='ltr'>A.</span> <span class='ocrx_word' id='word_1_477' title='bbox 980 3353 1050 3377; x_wconf 81' lang='lat' dir='ltr'>-lbi</span> <span class='ocrx_word' id='word_1_478' title='bbox 1066 3353 1250 3378; x_wconf 80' lang='lat' dir='ltr'>demonstrent</span> <span class='ocrx_word' id='word_1_479' title='bbox 1267 3359 1311 3382; x_wconf 84' lang='lat' dir='ltr'>ea,</span> <span class='ocrx_word' id='word_1_480' title='bbox 1332 3354 1379 3378; x_wconf 88' lang='lat' dir='ltr'>de-</span> 
     </span>
     <span class='ocr_line' id='line_1_70' title="bbox 306 3388 587 3414; baseline -0.004 0"><span class='ocrx_word' id='word_1_481' title='bbox 306 3391 490 3414; x_wconf 78' lang='lat' dir='ltr'>monstrarent</span> <span class='ocrx_word' id='word_1_482' title='bbox 507 3395 539 3413; x_wconf 86' lang='lat' dir='ltr'>ea</span> <span class='ocrx_word' id='word_1_483' title='bbox 558 3388 587 3413; x_wconf 88' lang='lat' dir='ltr'>P.</span> 
     </span>
    </p>

    <p class='ocr_par' dir='ltr' id='par_1_19' title="bbox 307 3422 1378 3633">
     <span class='ocr_line' id='line_1_71' title="bbox 359 3422 1376 3458; baseline 0 -10"><span class='ocrx_word' id='word_1_484' title='bbox 359 3423 387 3458; x_wconf 88' lang='grc' dir='ltr'>γ)</span> <span class='ocrx_word' id='word_1_485' title='bbox 407 3424 445 3449; x_wconf 85' lang='lat' dir='ltr'>eis</span> <span class='ocrx_word' id='word_1_486' title='bbox 458 3427 554 3456; x_wconf 78' lang='lat' dir='ltr'>partes</span> <span class='ocrx_word' id='word_1_487' title='bbox 573 3423 673 3448; x_wconf 86' lang='lat' dir='ltr'>mundi.</span> <span class='ocrx_word' id='word_1_488' title='bbox 687 3437 707 3442; x_wconf 95' lang='lat'>—</span> <span class='ocrx_word' id='word_1_489' title='bbox 718 3423 763 3452; x_wconf 85' lang='lat' dir='ltr'>eis,</span> <span class='ocrx_word' id='word_1_490' title='bbox 784 3423 855 3455; x_wconf 90' lang='lat' dir='ltr'>quod</span> <span class='ocrx_word' id='word_1_491' title='bbox 869 3422 970 3455; x_wconf 88' lang='lat' dir='ltr'>DEIpG</span> <span class='ocrx_word' id='word_1_492' title='bbox 986 3428 1155 3455; x_wconf 88' lang='lat' dir='ltr'>corrumpunt</span> <span class='ocrx_word' id='word_1_493' title='bbox 1167 3423 1193 3447; x_wconf 91' lang='lat' dir='ltr'>in</span> <span class='ocrx_word' id='word_1_494' title='bbox 1207 3423 1239 3452; x_wconf 82' lang='lat' dir='ltr'>ei,</span> <span class='ocrx_word' id='word_1_495' title='bbox 1251 3430 1305 3448; x_wconf 90' lang='lat' dir='ltr'>om.</span> <span class='ocrx_word' id='word_1_496' title='bbox 1319 3424 1376 3454; x_wconf 77' lang='lat' dir='ltr'>PF3</span> 
     </span>
     <span class='ocr_line' id='line_1_72' title="bbox 307 3457 1378 3492; baseline 0 -8"><span class='ocrx_word' id='word_1_497' title='bbox 307 3459 334 3485; x_wconf 85' lang='lat' dir='ltr'>in</span> <span class='ocrx_word' id='word_1_498' title='bbox 349 3459 387 3484; x_wconf 89' lang='lat' dir='ltr'>eis</span> <span class='ocrx_word' id='word_1_499' title='bbox 401 3459 430 3484; x_wconf 88' lang='lat' dir='ltr'>C.</span> <span class='ocrx_word' id='word_1_500' title='bbox 439 3473 458 3478; x_wconf 95' lang='lat'>—</span> <span class='ocrx_word' id='word_1_501' title='bbox 470 3459 490 3483; x_wconf 89' lang='lat' dir='ltr'>P</span> <span class='ocrx_word' id='word_1_502' title='bbox 504 3459 602 3492; x_wconf 83' lang='lat' dir='ltr'>pergit:</span> <span class='ocrx_word' id='word_1_503' title='bbox 616 3462 643 3484; x_wconf 80' lang='lat' dir='ltr'>et</span> <span class='ocrx_word' id='word_1_504' title='bbox 655 3458 721 3491; x_wconf 81' lang='lat' dir='ltr'>quid</span> <span class='ocrx_word' id='word_1_505' title='bbox 734 3458 849 3483; x_wconf 79' lang='lat' dir='ltr'>habeant</span> <span class='ocrx_word' id='word_1_506' title='bbox 862 3457 1015 3483; x_wconf 83' lang='lat' dir='ltr'>huiusmodi</span> <span class='ocrx_word' id='word_1_507' title='bbox 1022 3462 1127 3490; x_wconf 82' lang='lat' dir='ltr'>partes,</span> <span class='ocrx_word' id='word_1_508' title='bbox 1142 3465 1180 3483; x_wconf 87' lang='lat' dir='ltr'>ex</span> <span class='ocrx_word' id='word_1_509' title='bbox 1194 3458 1257 3489; x_wconf 82' lang='lat' dir='ltr'>ipsis</span> <span class='ocrx_word' id='word_1_510' title='bbox 1266 3462 1362 3490; x_wconf 82' lang='lat' dir='ltr'>postea</span> <span class='ocrx_word' id='word_1_511' title='bbox 1369 3467 1378 3489; x_wconf 82' lang='lat'>‚-</span> 
     </span>
     <span class='ocr_line' id='line_1_73' title="bbox 307 3493 1376 3527; baseline 0 -8"><span class='ocrx_word' id='word_1_512' title='bbox 307 3495 408 3520; x_wconf 90' lang='lat' dir='ltr'>omisso</span> <span class='ocrx_word' id='word_1_513' title='bbox 426 3502 521 3527; x_wconf 86' lang='lat' dir='ltr'>nempe</span> <span class='ocrx_word' id='word_1_514' title='bbox 536 3501 571 3524; x_wconf 89' lang='lat' dir='ltr'>se,</span> <span class='ocrx_word' id='word_1_515' title='bbox 587 3499 700 3519; x_wconf 84' lang='lat' dir='ltr'>mutatur</span> <span class='ocrx_word' id='word_1_516' title='bbox 716 3493 887 3526; x_wconf 86' lang='lat' dir='ltr'>interpunctio</span> <span class='ocrx_word' id='word_1_517' title='bbox 895 3502 902 3525; x_wconf 90' lang='lat'>;</span> <span class='ocrx_word' id='word_1_518' title='bbox 921 3493 1062 3525; x_wconf 86' lang='lat' dir='ltr'>legendum</span> <span class='ocrx_word' id='word_1_519' title='bbox 1076 3501 1139 3518; x_wconf 90' lang='lat' dir='ltr'>vero</span> <span class='ocrx_word' id='word_1_520' title='bbox 1152 3500 1212 3518; x_wconf 84' lang='lat' dir='ltr'>esse</span> <span class='ocrx_word' id='word_1_521' title='bbox 1225 3500 1263 3518; x_wconf 82' lang='lat' dir='ltr'>ex</span> <span class='ocrx_word' id='word_1_522' title='bbox 1276 3494 1376 3525; x_wconf 82' lang='lat' dir='ltr'>seipsis,</span> 
     </span>
     <span class='ocr_line' id='line_1_74' title="bbox 307 3529 1376 3564; baseline 0 -9"><span class='ocrx_word' id='word_1_523' title='bbox 307 3535 378 3564; x_wconf 85' lang='lat' dir='ltr'>patet</span> <span class='ocrx_word' id='word_1_524' title='bbox 397 3537 428 3554; x_wconf 88' lang='lat' dir='ltr'>ex</span> <span class='ocrx_word' id='word_1_525' title='bbox 446 3530 490 3554; x_wconf 87' lang='lat' dir='ltr'>lin.</span> <span class='ocrx_word' id='word_1_526' title='bbox 506 3537 570 3562; x_wconf 66' lang='lat' dir='ltr'>seq„</span> <span class='ocrx_word' id='word_1_527' title='bbox 589 3537 607 3554; x_wconf 89' lang='lat' dir='ltr'>a</span> <span class='ocrx_word' id='word_1_528' title='bbox 629 3537 710 3555; x_wconf 78' lang='lat' dir='ltr'>causa</span> <span class='ocrx_word' id='word_1_529' title='bbox 730 3529 831 3554; x_wconf 88' lang='lat' dir='ltr'>mundi.</span> <span class='ocrx_word' id='word_1_530' title='bbox 851 3529 902 3553; x_wconf 89' lang='lat' dir='ltr'>Pro</span> <span class='ocrx_word' id='word_1_531' title='bbox 925 3529 1128 3554; x_wconf 83' lang='lat' dir='ltr'>demonstratur</span> <span class='ocrx_word' id='word_1_532' title='bbox 1146 3529 1183 3553; x_wconf 83' lang='lat' dir='ltr'>eis</span> <span class='ocrx_word' id='word_1_533' title='bbox 1208 3529 1376 3560; x_wconf 71' lang='lat' dir='ltr'>compositio,</span> 
     </span>
     <span class='ocr_line' id='line_1_75' title="bbox 308 3564 1377 3598; baseline -0.002 -8"><span class='ocrx_word' id='word_1_534' title='bbox 308 3566 380 3598; x_wconf 92' lang='lat' dir='ltr'>quod</span> <span class='ocrx_word' id='word_1_535' title='bbox 399 3565 511 3598; x_wconf 83' lang='lat' dir='ltr'>legimus</span> <span class='ocrx_word' id='word_1_536' title='bbox 530 3573 591 3590; x_wconf 84' lang='lat' dir='ltr'>cum</span> <span class='ocrx_word' id='word_1_537' title='bbox 606 3565 663 3595; x_wconf 85' lang='lat' dir='ltr'>lsG,</span> <span class='ocrx_word' id='word_1_538' title='bbox 678 3565 864 3590; x_wconf 81' lang='lat' dir='ltr'>demonstrant</span> <span class='ocrx_word' id='word_1_539' title='bbox 882 3564 919 3590; x_wconf 87' lang='lat' dir='ltr'>eis</span> <span class='ocrx_word' id='word_1_540' title='bbox 937 3564 1152 3596; x_wconf 78' lang='lat' dir='ltr'>compositionem</span> <span class='ocrx_word' id='word_1_541' title='bbox 1168 3564 1196 3595; x_wconf 86' lang='lat' dir='ltr'>P,</span> <span class='ocrx_word' id='word_1_542' title='bbox 1211 3564 1377 3589; x_wconf 83' lang='lat' dir='ltr'>demonstra-</span> 
     </span>
     <span class='ocr_line' id='line_1_76' title="bbox 309 3601 860 3633; baseline -0.004 -7"><span class='ocrx_word' id='word_1_543' title='bbox 309 3604 355 3626; x_wconf 81' lang='lat' dir='ltr'>tur</span> <span class='ocrx_word' id='word_1_544' title='bbox 373 3601 410 3626; x_wconf 88' lang='lat' dir='ltr'>eis</span> <span class='ocrx_word' id='word_1_545' title='bbox 428 3601 643 3633; x_wconf 82' lang='lat' dir='ltr'>compositionem</span> <span class='ocrx_word' id='word_1_546' title='bbox 663 3605 712 3626; x_wconf 87' lang='lat' dir='ltr'>cet.</span> <span class='ocrx_word' id='word_1_547' title='bbox 732 3605 860 3633; x_wconf 86' lang='lat' dir='ltr'>corrupte.</span> 
     </span>
    </p>

    <p class='ocr_par' dir='ltr' id='par_1_20' title="bbox 362 3634 1379 3670">
     <span class='ocr_line' id='line_1_77' title="bbox 362 3634 1379 3670; baseline -0.002 -9"><span class='ocrx_word' id='word_1_548' title='bbox 362 3635 388 3670; x_wconf 79' lang='grc' dir='ltr'>ὃ)</span> <span class='ocrx_word' id='word_1_549' title='bbox 408 3636 549 3662; x_wconf 82' lang='lat' dir='ltr'>ordinatus</span> <span class='ocrx_word' id='word_1_550' title='bbox 567 3637 611 3662; x_wconf 83' lang='lat' dir='ltr'>sit.</span> <span class='ocrx_word' id='word_1_551' title='bbox 631 3650 650 3657; x_wconf 87' lang='lat'><em>-</em></span> <span class='ocrx_word' id='word_1_552' title='bbox 668 3636 814 3662; x_wconf 83' lang='lat' dir='ltr'>ordinatur</span> <span class='ocrx_word' id='word_1_553' title='bbox 831 3636 869 3661; x_wconf 88' lang='lat' dir='ltr'>sic</span> <span class='ocrx_word' id='word_1_554' title='bbox 887 3636 918 3660; x_wconf 88' lang='grc' dir='ltr'>Α.</span> <span class='ocrx_word' id='word_1_555' title='bbox 936 3649 955 3654; x_wconf 98' lang='grc'>-</span> <span class='ocrx_word' id='word_1_556' title='bbox 973 3635 1054 3660; x_wconf 83' lang='lat' dir='ltr'>Linea</span> <span class='ocrx_word' id='word_1_557' title='bbox 1073 3635 1193 3667; x_wconf 84' lang='lat' dir='ltr'>sequenti</span> <span class='ocrx_word' id='word_1_558' title='bbox 1216 3634 1379 3660; x_wconf 83' lang='lat' dir='ltr'>inordinatis</span> 
     </span>
    </p>
   </div>
   <div class='ocr_carea' id='block_1_14' title="bbox 2446 278 2495 324">
    <p class='ocr_par' dir='ltr' id='par_1_21' title="bbox 2446 278 2495 324">
     <span class='ocr_line' id='line_1_78' title="bbox 2446 278 2495 324; baseline 0 -10"><span class='ocrx_word' id='word_1_559' title='bbox 2446 278 2495 324; x_wconf 88' lang='lat'>93</span> 
     </span>
    </p>
   </div>
   <div class='ocr_carea' id='block_1_15' title="bbox 1423 352 2498 502">
    <p class='ocr_par' dir='ltr' id='par_1_22' title="bbox 1423 352 2498 502">
     <span class='ocr_line' id='line_1_79' title="bbox 1425 352 2495 392; baseline 0.002 -11"><span class='ocrx_word' id='word_1_560' title='bbox 1425 353 1516 391; x_wconf 87' lang='lat' dir='ltr'>magis</span> <span class='ocrx_word' id='word_1_561' title='bbox 1530 353 1635 390; x_wconf 89' lang='lat' dir='ltr'>poterit</span> <span class='ocrx_word' id='word_1_562' title='bbox 1657 352 1789 381; x_wconf 87' lang='lat' dir='ltr'>sustineri</span> <span class='ocrx_word' id='word_1_563' title='bbox 1812 353 1892 390; x_wconf 93' lang='lat' dir='ltr'>quod</span> <span class='ocrx_word' id='word_1_564' title='bbox 1914 353 2040 381; x_wconf 87' lang='lat' dir='ltr'>mundus</span> <span class='ocrx_word' id='word_1_565' title='bbox 2062 353 2151 381; x_wconf 88' lang='lat' dir='ltr'>semel</span> <span class='ocrx_word' id='word_1_566' title='bbox 2176 360 2330 391; x_wconf 86' lang='lat' dir='ltr'>corruptus</span> <span class='ocrx_word' id='word_1_567' title='bbox 2344 364 2495 392; x_wconf 89' lang='lat' dir='ltr'>nunquam</span> 
     </span>
     <span class='ocr_line' id='line_1_80' title="bbox 1423 392 2498 431; baseline 0.002 -10"><span class='ocrx_word' id='word_1_568' title='bbox 1423 400 1589 430; x_wconf 87' lang='lat' dir='ltr'>reparetur:</span> <span class='ocrx_word' id='word_1_569' title='bbox 1615 393 1683 430; x_wconf 90' lang='lat' dir='ltr'>quia</span> <span class='ocrx_word' id='word_1_570' title='bbox 1704 402 1737 421; x_wconf 89' lang='lat' dir='ltr'>ex</span> <span class='ocrx_word' id='word_1_571' title='bbox 1759 393 1868 421; x_wconf 89' lang='lat' dir='ltr'>eisdem</span> <span class='ocrx_word' id='word_1_572' title='bbox 1890 393 1995 421; x_wconf 89' lang='lat' dir='ltr'>atomis</span> <span class='ocrx_word' id='word_1_573' title='bbox 2017 392 2074 421; x_wconf 87' lang='lat' dir='ltr'>alio</span> <span class='ocrx_word' id='word_1_574' title='bbox 2103 394 2194 422; x_wconf 90' lang='lat' dir='ltr'>modo</span> <span class='ocrx_word' id='word_1_575' title='bbox 2223 394 2369 431; x_wconf 88' lang='lat' dir='ltr'>dispositis</span> <span class='ocrx_word' id='word_1_576' title='bbox 2391 395 2498 431; x_wconf 89' lang='lat' dir='ltr'>poterit</span> 
     </span>
     <span class='ocr_line' id='line_1_81' title="bbox 1424 432 2495 471; baseline 0.001 -10"><span class='ocrx_word' id='word_1_577' title='bbox 1424 433 1496 462; x_wconf 88' lang='lat' dir='ltr'>alius</span> <span class='ocrx_word' id='word_1_578' title='bbox 1518 434 1645 461; x_wconf 86' lang='lat' dir='ltr'>mundus</span> <span class='ocrx_word' id='word_1_579' title='bbox 1667 432 1811 461; x_wconf 86' lang='lat' dir='ltr'>constitui.</span> <span class='ocrx_word' id='word_1_580' title='bbox 1827 450 1846 454; x_wconf 98' lang='lat'>—</span> <span class='ocrx_word' id='word_1_581' title='bbox 1861 434 1887 461; x_wconf 87' lang='lat'>6.</span> <span class='ocrx_word' id='word_1_582' title='bbox 1904 432 1982 468; x_wconf 87' lang='lat' dir='ltr'>Quid</span> <span class='ocrx_word' id='word_1_583' title='bbox 1997 439 2145 461; x_wconf 88' lang='lat' dir='ltr'>remaneat</span> <span class='ocrx_word' id='word_1_584' title='bbox 2159 433 2315 462; x_wconf 90' lang='lat' dir='ltr'>dicendum</span> <span class='ocrx_word' id='word_1_585' title='bbox 2330 435 2368 462; x_wconf 87' lang='lat' dir='ltr'>ad</span> <span class='ocrx_word' id='word_1_586' title='bbox 2382 434 2495 471; x_wconf 87' lang='lat' dir='ltr'>praedi-</span> 
     </span>
     <span class='ocr_line' id='line_1_82' title="bbox 1423 473 1832 502; baseline 0 -1"><span class='ocrx_word' id='word_1_587' title='bbox 1423 480 1537 502; x_wconf 89' lang='lat' dir='ltr'>ctorum</span> <span class='ocrx_word' id='word_1_588' title='bbox 1559 473 1832 502; x_wconf 88' lang='lat' dir='ltr'>manifestationem.</span> 
     </span>
    </p>
   </div>
   <div class='ocr_carea' id='block_1_16' title="bbox 1423 565 2503 2480">
    <p class='ocr_par' dir='ltr' id='par_1_23' title="bbox 1423 565 2502 1775">
     <span class='ocr_line' id='line_1_83' title="bbox 1425 565 2499 615; baseline 0.001 -12"><span class='ocrx_word' id='word_1_589' title='bbox 1425 567 1601 615; x_wconf 90' lang='lat' dir='ltr'>opposita</span> <span class='ocrx_word' id='word_1_590' title='bbox 1630 579 1713 604; x_wconf 87' lang='lat' dir='ltr'>esse</span> <span class='ocrx_word' id='word_1_591' title='bbox 1733 567 1862 612; x_wconf 91' lang='lat' dir='ltr'>simul;</span> <span class='ocrx_word' id='word_1_592' title='bbox 1892 566 1954 603; x_wconf 92' lang='lat' dir='ltr'>illa</span> <span class='ocrx_word' id='word_1_593' title='bbox 1974 565 2078 603; x_wconf 90' lang='lat' dir='ltr'>enim</span> <span class='ocrx_word' id='word_1_594' title='bbox 2097 566 2117 587; x_wconf 73' lang='lat'>&#39;¹‘</span> <span class='ocrx_word' id='word_1_595' title='bbox 2145 578 2243 614; x_wconf 89' lang='lat' dir='ltr'>quae</span> <span class='ocrx_word' id='word_1_596' title='bbox 2263 566 2499 615; x_wconf 90' lang='lat' dir='ltr'>accipiuntur</span> 
     </span>
     <span class='ocr_line' id='line_1_84' title="bbox 1423 619 2496 669; baseline 0 -13"><span class='ocrx_word' id='word_1_597' title='bbox 1423 620 1540 668; x_wconf 91' lang='lat' dir='ltr'>prius,</span> <span class='ocrx_word' id='word_1_598' title='bbox 1557 620 1698 657; x_wconf 90' lang='lat' dir='ltr'>scilicet</span> <span class='ocrx_word' id='word_1_599' title='bbox 1716 627 1803 657; x_wconf 89' lang='lat' dir='ltr'>ante</span> <span class='ocrx_word' id='word_1_600' title='bbox 1823 619 2131 657; x_wconf 89' lang='lat' dir='ltr'>constitutionem</span> <span class='ocrx_word' id='word_1_601' title='bbox 2150 619 2298 667; x_wconf 91' lang='lat' dir='ltr'>mundi,</span> <span class='ocrx_word' id='word_1_602' title='bbox 2315 627 2351 657; x_wconf 90' lang='lat' dir='ltr'>et</span> <span class='ocrx_word' id='word_1_603' title='bbox 2369 627 2496 669; x_wconf 90' lang='lat' dir='ltr'>poste-</span> 
     </span>
     <span class='ocr_line' id='line_1_85' title="bbox 1425 672 2497 720; baseline 0.001 -11"><span class='ocrx_word' id='word_1_604' title='bbox 1425 672 1512 719; x_wconf 86' lang='lat' dir='ltr'>rius,</span> <span class='ocrx_word' id='word_1_605' title='bbox 1534 673 1675 710; x_wconf 91' lang='lat' dir='ltr'>scilicet</span> <span class='ocrx_word' id='word_1_606' title='bbox 1701 673 1849 710; x_wconf 90' lang='lat' dir='ltr'>mundo</span> <span class='ocrx_word' id='word_1_607' title='bbox 1878 673 1955 710; x_wconf 89' lang='lat' dir='ltr'>iam</span> <span class='ocrx_word' id='word_1_608' title='bbox 1986 673 2203 720; x_wconf 79' lang='lat' dir='ltr'>constitute,</span> <span class='ocrx_word' id='word_1_609' title='bbox 2225 680 2313 710; x_wconf 87' lang='lat' dir='ltr'>sunt</span> <span class='ocrx_word' id='word_1_610' title='bbox 2339 674 2497 711; x_wconf 82' lang='lat' dir='ltr'>subcon-</span> 
     </span>
     <span class='ocr_line' id='line_1_86' title="bbox 1425 726 2498 775; baseline 0.002 -14"><span class='ocrx_word' id='word_1_611' title='bbox 1425 726 1556 771; x_wconf 86' lang='lat' dir='ltr'>traria,</span> <span class='ocrx_word' id='word_1_612' title='bbox 1577 726 1674 763; x_wconf 90' lang='lat' dir='ltr'>idest</span> <span class='ocrx_word' id='word_1_613' title='bbox 1691 727 1834 763; x_wconf 90' lang='lat' dir='ltr'>habent</span> <span class='ocrx_word' id='word_1_614' title='bbox 1855 726 2050 775; x_wconf 90' lang='lat' dir='ltr'>quandam</span> <span class='ocrx_word' id='word_1_615' title='bbox 2071 726 2290 763; x_wconf 90' lang='lat' dir='ltr'>adiunctam</span> <span class='ocrx_word' id='word_1_616' title='bbox 2315 734 2352 763; x_wconf 91' lang='lat' dir='ltr'>et</span> <span class='ocrx_word' id='word_1_617' title='bbox 2378 727 2498 763; x_wconf 91' lang='lat' dir='ltr'>laten-</span> 
     </span>
     <span class='ocr_line' id='line_1_87' title="bbox 1425 778 2497 828; baseline 0.002 -13"><span class='ocrx_word' id='word_1_618' title='bbox 1425 786 1503 815; x_wconf 91' lang='lat' dir='ltr'>tem</span> <span class='ocrx_word' id='word_1_619' title='bbox 1520 778 1833 816; x_wconf 88' lang='lat' dir='ltr'>contrarietatem.</span> <span class='ocrx_word' id='word_1_620' title='bbox 1845 779 1987 816; x_wconf 90' lang='lat' dir='ltr'>Dicunt</span> <span class='ocrx_word' id='word_1_621' title='bbox 2002 779 2103 816; x_wconf 90' lang='lat' dir='ltr'>enim</span> <span class='ocrx_word' id='word_1_622' title='bbox 2119 779 2223 828; x_wconf 91' lang='lat' dir='ltr'>quod</span> <span class='ocrx_word' id='word_1_623' title='bbox 2239 791 2285 816; x_wconf 88' lang='lat' dir='ltr'>ex</span> <span class='ocrx_word' id='word_1_624' title='bbox 2301 779 2497 817; x_wconf 86' lang='lat' dir='ltr'>elementis</span> 
     </span>
     <span class='ocr_line' id='line_1_88' title="bbox 1425 831 2498 879; baseline 0.001 -11"><span class='ocrx_word' id='word_1_625' title='bbox 1425 831 1647 868; x_wconf 90' lang='lat' dir='ltr'>inordinatis</span> <span class='ocrx_word' id='word_1_626' title='bbox 1676 832 1773 868; x_wconf 88' lang='lat' dir='ltr'>facta</span> <span class='ocrx_word' id='word_1_627' title='bbox 1802 841 1888 869; x_wconf 91' lang='lat' dir='ltr'>sunt</span> <span class='ocrx_word' id='word_1_628' title='bbox 1911 832 2095 879; x_wconf 90' lang='lat' dir='ltr'>ordinata,</span> <span class='ocrx_word' id='word_1_629' title='bbox 2121 834 2207 870; x_wconf 93' lang='lat' dir='ltr'>Deo</span> <span class='ocrx_word' id='word_1_630' title='bbox 2227 832 2367 870; x_wconf 91' lang='lat' dir='ltr'>scilicet</span> <span class='ocrx_word' id='word_1_631' title='bbox 2387 832 2498 870; x_wconf 91' lang='lat' dir='ltr'>redu-</span> 
     </span>
     <span class='ocr_line' id='line_1_89' title="bbox 1427 885 2499 933; baseline 0.002 -12"><span class='ocrx_word' id='word_1_632' title='bbox 1427 892 1534 922; x_wconf 90' lang='lat' dir='ltr'>cente</span> <span class='ocrx_word' id='word_1_633' title='bbox 1553 885 1872 922; x_wconf 89' lang='lat' dir='ltr'>inordinationem</span> <span class='ocrx_word' id='word_1_634' title='bbox 1892 886 2170 923; x_wconf 90' lang='lat' dir='ltr'>elementorum</span> <span class='ocrx_word' id='word_1_635' title='bbox 2189 886 2239 923; x_wconf 92' lang='lat' dir='ltr'>ad</span> <span class='ocrx_word' id='word_1_636' title='bbox 2254 885 2441 933; x_wconf 91' lang='lat' dir='ltr'>ordinem,</span> <span class='ocrx_word' id='word_1_637' title='bbox 2457 893 2499 923; x_wconf 91' lang='lat' dir='ltr'>ut</span> 
     </span>
     <span class='ocr_line' id='line_1_90' title="bbox 1426 937 2499 986; baseline 0.001 -11"><span class='ocrx_word' id='word_1_638' title='bbox 1426 939 1534 975; x_wconf 93' lang='lat' dir='ltr'>Plato</span> <span class='ocrx_word' id='word_1_639' title='bbox 1555 938 1593 975; x_wconf 93' lang='lat' dir='ltr'>in</span> <span class='ocrx_word' id='word_1_640' title='bbox 1616 937 1771 975; x_wconf 87' lang='lat' dir='ltr'>Timaeo</span> <span class='ocrx_word' id='word_1_641' title='bbox 1798 938 1902 975; x_wconf 88' lang='lat' dir='ltr'>dicit:</span> <span class='ocrx_word' id='word_1_642' title='bbox 1932 946 2150 986; x_wconf 88' lang='lat' dir='ltr'>geometrae</span> <span class='ocrx_word' id='word_1_643' title='bbox 2179 946 2309 976; x_wconf 90' lang='lat' dir='ltr'>autem</span> <span class='ocrx_word' id='word_1_644' title='bbox 2337 951 2417 976; x_wconf 93' lang='lat' dir='ltr'>non</span> <span class='ocrx_word' id='word_1_645' title='bbox 2445 939 2499 976; x_wconf 92' lang='lat' dir='ltr'>di-</span> 
     </span>
     <span class='ocr_line' id='line_1_91' title="bbox 1427 991 2496 1041; baseline 0.001 -13"><span class='ocrx_word' id='word_1_646' title='bbox 1427 999 1516 1029; x_wconf 92' lang='lat' dir='ltr'>cunt</span> <span class='ocrx_word' id='word_1_647' title='bbox 1535 991 1640 1041; x_wconf 94' lang='lat' dir='ltr'>quod</span> <span class='ocrx_word' id='word_1_648' title='bbox 1660 1004 1706 1028; x_wconf 87' lang='lat' dir='ltr'>ex</span> <span class='ocrx_word' id='word_1_649' title='bbox 1724 991 1831 1028; x_wconf 91' lang='lat' dir='ltr'>lineis</span> <span class='ocrx_word' id='word_1_650' title='bbox 1851 991 1979 1029; x_wconf 91' lang='lat' dir='ltr'>divisis</span> <span class='ocrx_word' id='word_1_651' title='bbox 2000 1000 2254 1041; x_wconf 89' lang='lat' dir='ltr'>componatur</span> <span class='ocrx_word' id='word_1_652' title='bbox 2279 992 2496 1040; x_wconf 90' lang='lat' dir='ltr'>triangulus,</span> 
     </span>
     <span class='ocr_line' id='line_1_92' title="bbox 1427 1045 2498 1094; baseline 0.001 -12"><span class='ocrx_word' id='word_1_653' title='bbox 1427 1045 1495 1083; x_wconf 90' lang='lat' dir='ltr'>sed</span> <span class='ocrx_word' id='word_1_654' title='bbox 1523 1045 1743 1094; x_wconf 89' lang='lat' dir='ltr'>simpliciter</span> <span class='ocrx_word' id='word_1_655' title='bbox 1770 1045 1875 1093; x_wconf 91' lang='lat' dir='ltr'>quod</span> <span class='ocrx_word' id='word_1_656' title='bbox 1905 1057 1950 1081; x_wconf 89' lang='lat' dir='ltr'>ex</span> <span class='ocrx_word' id='word_1_657' title='bbox 1978 1045 2096 1083; x_wconf 91' lang='lat' dir='ltr'>lineis.</span> <span class='ocrx_word' id='word_1_658' title='bbox 2118 1047 2167 1082; x_wconf 91' lang='lat' dir='ltr'>Et</span> <span class='ocrx_word' id='word_1_659' title='bbox 2195 1053 2294 1083; x_wconf 90' lang='lat' dir='ltr'>esset</span> <span class='ocrx_word' id='word_1_660' title='bbox 2316 1045 2439 1083; x_wconf 92' lang='lat' dir='ltr'>simile</span> <span class='ocrx_word' id='word_1_661' title='bbox 2467 1046 2498 1083; x_wconf 91' lang='lat' dir='ltr'>si</span> 
     </span>
     <span class='ocr_line' id='line_1_93' title="bbox 1426 1098 2497 1147; baseline 0.001 -12"><span class='ocrx_word' id='word_1_662' title='bbox 1426 1098 1485 1135; x_wconf 91' lang='lat' dir='ltr'>isti</span> <span class='ocrx_word' id='word_1_663' title='bbox 1506 1099 1631 1135; x_wconf 89' lang='lat' dir='ltr'>solum</span> <span class='ocrx_word' id='word_1_664' title='bbox 1654 1098 1822 1135; x_wconf 89' lang='lat' dir='ltr'>dicerent</span> <span class='ocrx_word' id='word_1_665' title='bbox 1841 1098 1946 1147; x_wconf 90' lang='lat' dir='ltr'>quod</span> <span class='ocrx_word' id='word_1_666' title='bbox 1966 1098 2132 1135; x_wconf 90' lang='lat' dir='ltr'>mundus</span> <span class='ocrx_word' id='word_1_667' title='bbox 2152 1098 2197 1135; x_wconf 90' lang='lat' dir='ltr'>sit</span> <span class='ocrx_word' id='word_1_668' title='bbox 2217 1111 2262 1136; x_wconf 92' lang='lat' dir='ltr'>ex</span> <span class='ocrx_word' id='word_1_669' title='bbox 2282 1099 2497 1136; x_wconf 87' lang='lat' dir='ltr'>elementis:</span> 
     </span>
     <span class='ocr_line' id='line_1_94' title="bbox 1427 1149 2500 1201; baseline 0.002 -13"><span class='ocrx_word' id='word_1_670' title='bbox 1427 1151 1495 1188; x_wconf 92' lang='lat' dir='ltr'>sed</span> <span class='ocrx_word' id='word_1_671' title='bbox 1511 1151 1642 1188; x_wconf 91' lang='lat' dir='ltr'>dicunt</span> <span class='ocrx_word' id='word_1_672' title='bbox 1660 1151 1765 1201; x_wconf 92' lang='lat' dir='ltr'>quod</span> <span class='ocrx_word' id='word_1_673' title='bbox 1779 1151 1945 1188; x_wconf 90' lang='lat' dir='ltr'>mundus</span> <span class='ocrx_word' id='word_1_674' title='bbox 1966 1151 2161 1189; x_wconf 90' lang='lat' dir='ltr'>ordinatus</span> <span class='ocrx_word' id='word_1_675' title='bbox 2177 1152 2223 1189; x_wconf 92' lang='lat' dir='ltr'>sit</span> <span class='ocrx_word' id='word_1_676' title='bbox 2237 1149 2251 1173; x_wconf 63' lang='grc' dir='ltr'>δ</span> <span class='ocrx_word' id='word_1_677' title='bbox 2267 1164 2311 1189; x_wconf 92' lang='lat' dir='ltr'>ex</span> <span class='ocrx_word' id='word_1_678' title='bbox 2333 1153 2500 1190; x_wconf 88' lang='lat' dir='ltr'>elemen-</span> 
     </span>
     <span class='ocr_line' id='line_1_95' title="bbox 1426 1204 2498 1255; baseline 0.002 -14"><span class='ocrx_word' id='word_1_679' title='bbox 1426 1205 1472 1241; x_wconf 92' lang='lat' dir='ltr'>tis</span> <span class='ocrx_word' id='word_1_680' title='bbox 1491 1204 1725 1242; x_wconf 86' lang='lat' dir='ltr'>inordinatis.</span> <span class='ocrx_word' id='word_1_681' title='bbox 1747 1205 1840 1242; x_wconf 92' lang='lat' dir='ltr'>Non</span> <span class='ocrx_word' id='word_1_682' title='bbox 1864 1212 1919 1242; x_wconf 92' lang='lat' dir='ltr'>est</span> <span class='ocrx_word' id='word_1_683' title='bbox 1947 1212 2073 1241; x_wconf 90' lang='lat' dir='ltr'>autem</span> <span class='ocrx_word' id='word_1_684' title='bbox 2092 1205 2272 1254; x_wconf 91' lang='lat' dir='ltr'>possibile</span> <span class='ocrx_word' id='word_1_685' title='bbox 2301 1206 2405 1255; x_wconf 93' lang='lat' dir='ltr'>quod</span> <span class='ocrx_word' id='word_1_686' title='bbox 2434 1206 2498 1243; x_wconf 91' lang='lat' dir='ltr'>ali-</span> 
     </span>
     <span class='ocr_line' id='line_1_96' title="bbox 1427 1257 2500 1307; baseline 0.003 -13"><span class='ocrx_word' id='word_1_687' title='bbox 1427 1257 1520 1307; x_wconf 92' lang='lat' dir='ltr'>quid</span> <span class='ocrx_word' id='word_1_688' title='bbox 1557 1258 1603 1295; x_wconf 94' lang='lat' dir='ltr'>sit</span> <span class='ocrx_word' id='word_1_689' title='bbox 1640 1258 1753 1295; x_wconf 89' lang='lat' dir='ltr'>simul</span> <span class='ocrx_word' id='word_1_690' title='bbox 1791 1258 2008 1295; x_wconf 89' lang='lat' dir='ltr'>ordinatum</span> <span class='ocrx_word' id='word_1_691' title='bbox 2053 1266 2088 1295; x_wconf 91' lang='lat' dir='ltr'>et</span> <span class='ocrx_word' id='word_1_692' title='bbox 2125 1258 2400 1296; x_wconf 89' lang='lat' dir='ltr'>inordinatum:</span> <span class='ocrx_word' id='word_1_693' title='bbox 2430 1259 2500 1297; x_wconf 90' lang='lat' dir='ltr'>sed</span> 
     </span>
     <span class='ocr_line' id='line_1_97' title="bbox 1427 1311 2500 1361; baseline 0.001 -13"><span class='ocrx_word' id='word_1_694' title='bbox 1427 1323 1583 1348; x_wconf 90' lang='lat' dir='ltr'>necesse</span> <span class='ocrx_word' id='word_1_695' title='bbox 1605 1319 1660 1348; x_wconf 92' lang='lat' dir='ltr'>est</span> <span class='ocrx_word' id='word_1_696' title='bbox 1680 1311 1760 1348; x_wconf 90' lang='lat' dir='ltr'>dari</span> <span class='ocrx_word' id='word_1_697' title='bbox 1780 1311 1947 1360; x_wconf 89' lang='lat' dir='ltr'>aliquam</span> <span class='ocrx_word' id='word_1_698' title='bbox 1972 1311 2269 1359; x_wconf 89' lang='lat' dir='ltr'>generationem,</span> <span class='ocrx_word' id='word_1_699' title='bbox 2290 1324 2359 1361; x_wconf 93' lang='lat' dir='ltr'>per</span> <span class='ocrx_word' id='word_1_700' title='bbox 2383 1324 2500 1361; x_wconf 89' lang='lat' dir='ltr'>quam</span> 
     </span>
     <span class='ocr_line' id='line_1_98' title="bbox 1426 1365 2499 1414; baseline 0.001 -13"><span class='ocrx_word' id='word_1_701' title='bbox 1426 1377 1548 1402; x_wconf 90' lang='lat' dir='ltr'>unum</span> <span class='ocrx_word' id='word_1_702' title='bbox 1569 1377 1704 1402; x_wconf 88' lang='lat' dir='ltr'>eorum</span> <span class='ocrx_word' id='word_1_703' title='bbox 1733 1365 1781 1402; x_wconf 89' lang='lat' dir='ltr'>ab</span> <span class='ocrx_word' id='word_1_704' title='bbox 1802 1365 1919 1401; x_wconf 90' lang='lat' dir='ltr'>altero</span> <span class='ocrx_word' id='word_1_705' title='bbox 1948 1373 2154 1414; x_wconf 85' lang='lat' dir='ltr'>separetur,</span> <span class='ocrx_word' id='word_1_706' title='bbox 2174 1373 2217 1402; x_wconf 92' lang='lat' dir='ltr'>ut</span> <span class='ocrx_word' id='word_1_707' title='bbox 2244 1365 2384 1402; x_wconf 91' lang='lat' dir='ltr'>scilicet</span> <span class='ocrx_word' id='word_1_708' title='bbox 2412 1373 2499 1403; x_wconf 91' lang='lat' dir='ltr'>ante</span> 
     </span>
     <span class='ocr_line' id='line_1_99' title="bbox 1427 1417 2499 1467; baseline 0.001 -12"><span class='ocrx_word' id='word_1_709' title='bbox 1427 1417 1712 1466; x_wconf 88' lang='lat' dir='ltr'>generationem</span> <span class='ocrx_word' id='word_1_710' title='bbox 1733 1418 1779 1455; x_wconf 89' lang='lat' dir='ltr'>sit</span> <span class='ocrx_word' id='word_1_711' title='bbox 1805 1417 2075 1465; x_wconf 87' lang='lat' dir='ltr'>inordinatum,</span> <span class='ocrx_word' id='word_1_712' title='bbox 2104 1426 2192 1467; x_wconf 93' lang='lat' dir='ltr'>post</span> <span class='ocrx_word' id='word_1_713' title='bbox 2214 1419 2499 1466; x_wconf 90' lang='lat' dir='ltr'>generationem</span> 
     </span>
     <span class='ocr_line' id='line_1_100' title="bbox 1426 1471 2502 1520; baseline 0.001 -12"><span class='ocrx_word' id='word_1_714' title='bbox 1426 1484 1521 1508; x_wconf 90' lang='lat' dir='ltr'>vero</span> <span class='ocrx_word' id='word_1_715' title='bbox 1537 1471 1770 1518; x_wconf 90' lang='lat' dir='ltr'>ordinatum;</span> <span class='ocrx_word' id='word_1_716' title='bbox 1787 1478 1823 1508; x_wconf 91' lang='lat' dir='ltr'>et</span> <span class='ocrx_word' id='word_1_717' title='bbox 1836 1483 1906 1520; x_wconf 92' lang='lat' dir='ltr'>per</span> <span class='ocrx_word' id='word_1_718' title='bbox 1920 1483 2159 1520; x_wconf 87' lang='lat' dir='ltr'>consequens</span> <span class='ocrx_word' id='word_1_719' title='bbox 2173 1484 2330 1509; x_wconf 89' lang='lat' dir='ltr'>necesse</span> <span class='ocrx_word' id='word_1_720' title='bbox 2350 1479 2406 1509; x_wconf 89' lang='lat' dir='ltr'>est</span> <span class='ocrx_word' id='word_1_721' title='bbox 2420 1472 2502 1509; x_wconf 89' lang='lat' dir='ltr'>dari</span> 
     </span>
     <span class='ocr_line' id='line_1_101' title="bbox 1428 1524 2501 1574; baseline 0.001 -13"><span class='ocrx_word' id='word_1_722' title='bbox 1428 1524 1583 1574; x_wconf 91' lang='lat' dir='ltr'>aliquod</span> <span class='ocrx_word' id='word_1_723' title='bbox 1602 1532 1752 1573; x_wconf 89' lang='lat' dir='ltr'>tempus</span> <span class='ocrx_word' id='word_1_724' title='bbox 1781 1524 2012 1572; x_wconf 90' lang='lat' dir='ltr'>distinguens</span> <span class='ocrx_word' id='word_1_725' title='bbox 2035 1531 2252 1573; x_wconf 89' lang='lat' dir='ltr'>utrumque.</span> <span class='ocrx_word' id='word_1_726' title='bbox 2275 1525 2352 1562; x_wconf 89' lang='lat' dir='ltr'>Sed</span> <span class='ocrx_word' id='word_1_727' title='bbox 2372 1525 2411 1562; x_wconf 89' lang='lat' dir='ltr'>in</span> <span class='ocrx_word' id='word_1_728' title='bbox 2437 1525 2501 1562; x_wconf 89' lang='lat' dir='ltr'>de-</span> 
     </span>
     <span class='ocr_line' id='line_1_102' title="bbox 1428 1577 2500 1627; baseline 0 -13"><span class='ocrx_word' id='word_1_729' title='bbox 1428 1577 1695 1627; x_wconf 90' lang='lat' dir='ltr'>scriptionibus</span> <span class='ocrx_word' id='word_1_730' title='bbox 1722 1578 1933 1625; x_wconf 90' lang='lat' dir='ltr'>figurarum</span> <span class='ocrx_word' id='word_1_731' title='bbox 1962 1590 2042 1614; x_wconf 92' lang='lat' dir='ltr'>non</span> <span class='ocrx_word' id='word_1_732' title='bbox 2070 1578 2269 1626; x_wconf 90' lang='lat' dir='ltr'>requiritur</span> <span class='ocrx_word' id='word_1_733' title='bbox 2297 1577 2423 1627; x_wconf 91' lang='lat' dir='ltr'>aliqua</span> <span class='ocrx_word' id='word_1_734' title='bbox 2447 1577 2500 1615; x_wconf 92' lang='lat' dir='ltr'>di-</span> 
     </span>
     <span class='ocr_line' id='line_1_103' title="bbox 1429 1630 2501 1680; baseline -0.001 -12"><span class='ocrx_word' id='word_1_735' title='bbox 1429 1631 1578 1669; x_wconf 92' lang='lat' dir='ltr'>stinctio</span> <span class='ocrx_word' id='word_1_736' title='bbox 1607 1630 1808 1680; x_wconf 89' lang='lat' dir='ltr'>temporis:</span> <span class='ocrx_word' id='word_1_737' title='bbox 1838 1643 1916 1668; x_wconf 90' lang='lat' dir='ltr'>non</span> <span class='ocrx_word' id='word_1_738' title='bbox 1946 1630 2048 1668; x_wconf 91' lang='lat' dir='ltr'>enim</span> <span class='ocrx_word' id='word_1_739' title='bbox 2076 1638 2227 1679; x_wconf 90' lang='lat' dir='ltr'>oportet</span> <span class='ocrx_word' id='word_1_740' title='bbox 2261 1631 2366 1679; x_wconf 93' lang='lat' dir='ltr'>quod</span> <span class='ocrx_word' id='word_1_741' title='bbox 2401 1630 2501 1668; x_wconf 91' lang='lat' dir='ltr'>linea</span> 
     </span>
     <span class='ocr_line' id='line_1_104' title="bbox 1430 1683 2500 1734; baseline -0.001 -12"><span class='ocrx_word' id='word_1_742' title='bbox 1430 1693 1467 1722; x_wconf 86' lang='lat' dir='ltr'>et</span> <span class='ocrx_word' id='word_1_743' title='bbox 1485 1684 1691 1733; x_wconf 91' lang='lat' dir='ltr'>triangulus</span> <span class='ocrx_word' id='word_1_744' title='bbox 1719 1691 1893 1733; x_wconf 91' lang='lat' dir='ltr'>tempore</span> <span class='ocrx_word' id='word_1_745' title='bbox 1915 1684 2200 1732; x_wconf 89' lang='lat' dir='ltr'>distinguantur,</span> <span class='ocrx_word' id='word_1_746' title='bbox 2226 1683 2322 1734; x_wconf 87' lang='lat' dir='ltr'>sicut</span> <span class='ocrx_word' id='word_1_747' title='bbox 2350 1684 2500 1722; x_wconf 89' lang='lat' dir='ltr'>ordina-</span> 
     </span>
     <span class='ocr_line' id='line_1_105' title="bbox 1429 1737 1874 1775; baseline -0.002 0"><span class='ocrx_word' id='word_1_748' title='bbox 1429 1746 1511 1775; x_wconf 90' lang='lat' dir='ltr'>tum</span> <span class='ocrx_word' id='word_1_749' title='bbox 1541 1746 1577 1775; x_wconf 91' lang='lat' dir='ltr'>et</span> <span class='ocrx_word' id='word_1_750' title='bbox 1605 1737 1874 1775; x_wconf 90' lang='lat' dir='ltr'>inordinatum.</span> 
     </span>
    </p>

    <p class='ocr_par' dir='ltr' id='par_1_24' title="bbox 1430 1790 2503 2480">
     <span class='ocr_line' id='line_1_106' title="bbox 1486 1790 2501 1839; baseline -0.001 -11"><span class='ocrx_word' id='word_1_751' title='bbox 1486 1792 1520 1829; x_wconf 87' lang='lat'>3.</span> <span class='ocrx_word' id='word_1_752' title='bbox 1536 1791 1681 1828; x_wconf 90' lang='lat' dir='ltr'>Volunt</span> <span class='ocrx_word' id='word_1_753' title='bbox 1701 1798 1829 1828; x_wconf 92' lang='lat' dir='ltr'>autem</span> <span class='ocrx_word' id='word_1_754' title='bbox 1850 1796 1861 1811; x_wconf 80' lang='lat'><strong>¹</strong></span> <span class='ocrx_word' id='word_1_755' title='bbox 1880 1790 2038 1839; x_wconf 90' lang='lat' dir='ltr'>quidam</span> <span class='ocrx_word' id='word_1_756' title='bbox 2066 1790 2192 1828; x_wconf 89' lang='lat' dir='ltr'>adhuc</span> <span class='ocrx_word' id='word_1_757' title='bbox 2212 1802 2391 1827; x_wconf 89' lang='lat' dir='ltr'>excusare</span> <span class='ocrx_word' id='word_1_758' title='bbox 2418 1790 2501 1827; x_wconf 92' lang='lat' dir='ltr'>Pla-</span> 
     </span>
     <span class='ocr_line' id='line_1_107' title="bbox 1430 1843 2502 1894; baseline -0.002 -12"><span class='ocrx_word' id='word_1_759' title='bbox 1430 1852 1574 1892; x_wconf 91' lang='lat' dir='ltr'>tonem,</span> <span class='ocrx_word' id='word_1_760' title='bbox 1596 1844 1703 1894; x_wconf 91' lang='lat' dir='ltr'>quasi</span> <span class='ocrx_word' id='word_1_761' title='bbox 1723 1857 1802 1882; x_wconf 90' lang='lat' dir='ltr'>non</span> <span class='ocrx_word' id='word_1_762' title='bbox 1820 1844 1991 1894; x_wconf 92' lang='lat' dir='ltr'>posuerit</span> <span class='ocrx_word' id='word_1_763' title='bbox 2019 1843 2125 1893; x_wconf 91' lang='lat' dir='ltr'>quod</span> <span class='ocrx_word' id='word_1_764' title='bbox 2143 1843 2372 1881; x_wconf 90' lang='lat' dir='ltr'>inordinatio</span> <span class='ocrx_word' id='word_1_765' title='bbox 2396 1843 2502 1893; x_wconf 92' lang='lat' dir='ltr'>prius</span> 
     </span>
     <span class='ocr_line' id='line_1_108' title="bbox 1430 1897 2502 1947; baseline -0.002 -12"><span class='ocrx_word' id='word_1_766' title='bbox 1430 1906 1604 1947; x_wconf 89' lang='lat' dir='ltr'>tempore</span> <span class='ocrx_word' id='word_1_767' title='bbox 1642 1897 1753 1935; x_wconf 84' lang='lat' dir='ltr'>fuerit</span> <span class='ocrx_word' id='word_1_768' title='bbox 1789 1897 1828 1935; x_wconf 89' lang='lat' dir='ltr'>in</span> <span class='ocrx_word' id='word_1_769' title='bbox 1867 1897 2063 1934; x_wconf 90' lang='lat' dir='ltr'>elementis</span> <span class='ocrx_word' id='word_1_770' title='bbox 2101 1897 2254 1945; x_wconf 90' lang='lat' dir='ltr'>mundi,</span> <span class='ocrx_word' id='word_1_771' title='bbox 2295 1904 2331 1934; x_wconf 90' lang='lat' dir='ltr'>et</span> <span class='ocrx_word' id='word_1_772' title='bbox 2367 1904 2502 1946; x_wconf 93' lang='lat' dir='ltr'>postea</span> 
     </span>
     <span class='ocr_line' id='line_1_109' title="bbox 1430 1950 2502 2000; baseline -0.001 -12"><span class='ocrx_word' id='word_1_773' title='bbox 1430 1951 1557 2000; x_wconf 90' lang='lat' dir='ltr'>aliquo</span> <span class='ocrx_word' id='word_1_774' title='bbox 1577 1959 1753 2000; x_wconf 90' lang='lat' dir='ltr'>tempore</span> <span class='ocrx_word' id='word_1_775' title='bbox 1772 1950 2008 1999; x_wconf 89' lang='lat' dir='ltr'>incoeperint</span> <span class='ocrx_word' id='word_1_776' title='bbox 2036 1950 2219 1996; x_wconf 90' lang='lat' dir='ltr'>ordinari;</span> <span class='ocrx_word' id='word_1_777' title='bbox 2249 1950 2318 1987; x_wconf 91' lang='lat' dir='ltr'>sed</span> <span class='ocrx_word' id='word_1_778' title='bbox 2342 1950 2431 1999; x_wconf 90' lang='lat' dir='ltr'>quia</span> <span class='ocrx_word' id='word_1_779' title='bbox 2449 1950 2502 1987; x_wconf 89' lang='lat' dir='ltr'>in-</span> 
     </span>
     <span class='ocr_line' id='line_1_110' title="bbox 1430 2003 2502 2054; baseline -0.002 -12"><span class='ocrx_word' id='word_1_780' title='bbox 1430 2005 1618 2042; x_wconf 88' lang='lat' dir='ltr'>ordinatio</span> <span class='ocrx_word' id='word_1_781' title='bbox 1657 2016 1811 2054; x_wconf 92' lang='lat' dir='ltr'>semper</span> <span class='ocrx_word' id='word_1_782' title='bbox 1848 2011 2034 2053; x_wconf 90' lang='lat' dir='ltr'>quantum</span> <span class='ocrx_word' id='word_1_783' title='bbox 2063 2003 2112 2040; x_wconf 93' lang='lat' dir='ltr'>ad</span> <span class='ocrx_word' id='word_1_784' title='bbox 2144 2003 2287 2053; x_wconf 91' lang='lat' dir='ltr'>aliquid</span> <span class='ocrx_word' id='word_1_785' title='bbox 2325 2003 2502 2040; x_wconf 90' lang='lat' dir='ltr'>adiuncta</span> 
     </span>
     <span class='ocr_line' id='line_1_111' title="bbox 1432 2056 2503 2106; baseline -0.003 -10"><span class='ocrx_word' id='word_1_786' title='bbox 1432 2066 1487 2096; x_wconf 89' lang='lat' dir='ltr'>est</span> <span class='ocrx_word' id='word_1_787' title='bbox 1515 2058 1711 2095; x_wconf 89' lang='lat' dir='ltr'>elementis</span> <span class='ocrx_word' id='word_1_788' title='bbox 1748 2057 1904 2105; x_wconf 92' lang='lat' dir='ltr'>mundi,</span> <span class='ocrx_word' id='word_1_789' title='bbox 1933 2057 2020 2094; x_wconf 90' lang='lat' dir='ltr'>licet</span> <span class='ocrx_word' id='word_1_790' title='bbox 2052 2064 2238 2106; x_wconf 88' lang='lat' dir='ltr'>quantum</span> <span class='ocrx_word' id='word_1_791' title='bbox 2276 2057 2325 2094; x_wconf 90' lang='lat' dir='ltr'>ad</span> <span class='ocrx_word' id='word_1_792' title='bbox 2362 2056 2503 2105; x_wconf 90' lang='lat' dir='ltr'>aliquid</span> 
     </span>
     <span class='ocr_line' id='line_1_112' title="bbox 1431 2109 2503 2159; baseline -0.003 -10"><span class='ocrx_word' id='word_1_793' title='bbox 1431 2111 1670 2157; x_wconf 87' lang='lat' dir='ltr'>ordinentur;</span> <span class='ocrx_word' id='word_1_794' title='bbox 1691 2111 1787 2148; x_wconf 90' lang='lat' dir='ltr'>sicut</span> <span class='ocrx_word' id='word_1_795' title='bbox 1802 2111 1917 2148; x_wconf 88' lang='lat' dir='ltr'>etiam</span> <span class='ocrx_word' id='word_1_796' title='bbox 1937 2110 2018 2159; x_wconf 92' lang='lat' dir='ltr'>ipse</span> <span class='ocrx_word' id='word_1_797' title='bbox 2033 2109 2253 2147; x_wconf 89' lang='lat' dir='ltr'>Aristoteles</span> <span class='ocrx_word' id='word_1_798' title='bbox 2271 2109 2381 2159; x_wconf 92' lang='lat' dir='ltr'>ponit</span> <span class='ocrx_word' id='word_1_799' title='bbox 2395 2109 2503 2159; x_wconf 92' lang='lat' dir='ltr'>quod</span> 
     </span>
     <span class='ocr_line' id='line_1_113' title="bbox 1431 2162 2503 2213; baseline -0.002 -11"><span class='ocrx_word' id='word_1_800' title='bbox 1431 2165 1611 2202; x_wconf 90' lang='lat' dir='ltr'>materiae</span> <span class='ocrx_word' id='word_1_801' title='bbox 1640 2177 1794 2213; x_wconf 90' lang='lat' dir='ltr'>semper</span> <span class='ocrx_word' id='word_1_802' title='bbox 1822 2163 2038 2212; x_wconf 87' lang='lat' dir='ltr'>adiungitur</span> <span class='ocrx_word' id='word_1_803' title='bbox 2060 2163 2236 2212; x_wconf 91' lang='lat' dir='ltr'>privatio,</span> <span class='ocrx_word' id='word_1_804' title='bbox 2258 2162 2436 2212; x_wconf 88' lang='lat' dir='ltr'>quamvis</span> <span class='ocrx_word' id='word_1_805' title='bbox 2466 2170 2503 2200; x_wconf 93' lang='lat' dir='ltr'>et</span> 
     </span>
     <span class='ocr_line' id='line_1_114' title="bbox 1431 2215 2502 2267; baseline -0.002 -12"><span class='ocrx_word' id='word_1_806' title='bbox 1431 2230 1583 2267; x_wconf 90' lang='lat' dir='ltr'>semper</span> <span class='ocrx_word' id='word_1_807' title='bbox 1597 2218 1644 2255; x_wconf 91' lang='lat' dir='ltr'>sit</span> <span class='ocrx_word' id='word_1_808' title='bbox 1662 2217 1876 2255; x_wconf 92' lang='lat' dir='ltr'>secundum</span> <span class='ocrx_word' id='word_1_809' title='bbox 1891 2216 2033 2266; x_wconf 90' lang='lat' dir='ltr'>aliquid</span> <span class='ocrx_word' id='word_1_810' title='bbox 2047 2217 2221 2254; x_wconf 89' lang='lat' dir='ltr'>formata.</span> <span class='ocrx_word' id='word_1_811' title='bbox 2239 2218 2369 2254; x_wconf 89' lang='lat' dir='ltr'>Potest</span> <span class='ocrx_word' id='word_1_812' title='bbox 2388 2215 2502 2253; x_wconf 88' lang='lat' dir='ltr'>etiam</span> 
     </span>
     <span class='ocr_line' id='line_1_115' title="bbox 1430 2269 2502 2319; baseline -0.002 -11"><span class='ocrx_word' id='word_1_813' title='bbox 1430 2271 1582 2319; x_wconf 89' lang='lat' dir='ltr'>intelligi</span> <span class='ocrx_word' id='word_1_814' title='bbox 1620 2272 1822 2308; x_wconf 91' lang='lat' dir='ltr'>Platonem</span> <span class='ocrx_word' id='word_1_815' title='bbox 1865 2270 2015 2307; x_wconf 90' lang='lat' dir='ltr'>dedisse</span> <span class='ocrx_word' id='word_1_816' title='bbox 2051 2269 2256 2318; x_wconf 89' lang='lat' dir='ltr'>intelligere</span> <span class='ocrx_word' id='word_1_817' title='bbox 2294 2269 2387 2318; x_wconf 93' lang='lat' dir='ltr'>quid</span> <span class='ocrx_word' id='word_1_818' title='bbox 2429 2270 2502 2306; x_wconf 93' lang='lat' dir='ltr'>ele-</span> 
     </span>
     <span class='ocr_line' id='line_1_116' title="bbox 1430 2322 2503 2371; baseline -0.002 -10"><span class='ocrx_word' id='word_1_819' title='bbox 1430 2326 1630 2362; x_wconf 59' lang='lat' dir='ltr'>menta‘ex</span> <span class='ocrx_word' id='word_1_820' title='bbox 1658 2336 1698 2361; x_wconf 90' lang='lat' dir='ltr'>se</span> <span class='ocrx_word' id='word_1_821' title='bbox 1718 2324 1904 2361; x_wconf 89' lang='lat' dir='ltr'>haberent</span> <span class='ocrx_word' id='word_1_822' title='bbox 1932 2322 1957 2371; x_wconf 65' lang='grc' dir='ltr'>ζ,</span> <span class='ocrx_word' id='word_1_823' title='bbox 1978 2323 2008 2360; x_wconf 93' lang='lat' dir='ltr'>si</span> <span class='ocrx_word' id='word_1_824' title='bbox 2037 2335 2116 2360; x_wconf 92' lang='lat' dir='ltr'>non</span> <span class='ocrx_word' id='word_1_825' title='bbox 2136 2330 2261 2360; x_wconf 90' lang='lat' dir='ltr'>essent</span> <span class='ocrx_word' id='word_1_826' title='bbox 2289 2322 2462 2360; x_wconf 92' lang='lat' dir='ltr'>ordinata</span> <span class='ocrx_word' id='word_1_827' title='bbox 2481 2335 2503 2360; x_wconf 93' lang='lat' dir='ltr'>a</span> 
     </span>
     <span class='ocr_line' id='line_1_117' title="bbox 1430 2375 2503 2426; baseline -0.002 -12"><span class='ocrx_word' id='word_1_828' title='bbox 1430 2379 1532 2423; x_wconf 89' lang='lat' dir='ltr'>Deo;</span> <span class='ocrx_word' id='word_1_829' title='bbox 1571 2390 1651 2414; x_wconf 92' lang='lat' dir='ltr'>non</span> <span class='ocrx_word' id='word_1_830' title='bbox 1688 2377 1795 2425; x_wconf 91' lang='lat' dir='ltr'>quod</span> <span class='ocrx_word' id='word_1_831' title='bbox 1831 2376 1936 2426; x_wconf 88' lang='lat' dir='ltr'>prius</span> <span class='ocrx_word' id='word_1_832' title='bbox 1973 2384 2147 2425; x_wconf 88' lang='lat' dir='ltr'>tempore</span> <span class='ocrx_word' id='word_1_833' title='bbox 2189 2375 2328 2413; x_wconf 90' lang='lat' dir='ltr'>fuerint</span> <span class='ocrx_word' id='word_1_834' title='bbox 2363 2375 2503 2413; x_wconf 91' lang='lat' dir='ltr'>inordi-</span> 
     </span>
     <span class='ocr_line' id='line_1_118' title="bbox 1430 2429 2502 2480; baseline -0.003 -12"><span class='ocrx_word' id='word_1_835' title='bbox 1430 2438 1529 2468; x_wconf 89' lang='lat' dir='ltr'>nata.</span> <span class='ocrx_word' id='word_1_836' title='bbox 1545 2451 1570 2459; x_wconf 94' lang='lat'>-</span> <span class='ocrx_word' id='word_1_837' title='bbox 1587 2430 1665 2468; x_wconf 90' lang='lat' dir='ltr'>Sed</span> <span class='ocrx_word' id='word_1_838' title='bbox 1693 2430 1879 2480; x_wconf 93' lang='lat' dir='ltr'>quidquid</span> <span class='ocrx_word' id='word_1_839' title='bbox 1907 2430 2015 2466; x_wconf 90' lang='lat' dir='ltr'>Plato</span> <span class='ocrx_word' id='word_1_840' title='bbox 2048 2429 2290 2476; x_wconf 88' lang='lat' dir='ltr'>intellexerit,</span> <span class='ocrx_word' id='word_1_841' title='bbox 2319 2429 2502 2466; x_wconf 91' lang='lat' dir='ltr'>Aristote-</span> 
     </span>
    </p>
   </div>
   <div class='ocr_carea' id='block_1_17' title="bbox 1430 2481 2539 2532">
    <p class='ocr_par' dir='ltr' id='par_1_25' title="bbox 1430 2481 2539 2532">
     <span class='ocr_line' id='line_1_119' title="bbox 1430 2481 2539 2532; baseline -0.002 -11"><span class='ocrx_word' id='word_1_842' title='bbox 1430 2485 1494 2532; x_wconf 89' lang='lat' dir='ltr'>les,</span> <span class='ocrx_word' id='word_1_843' title='bbox 1516 2483 1612 2521; x_wconf 90' lang='lat' dir='ltr'>sicut</span> <span class='ocrx_word' id='word_1_844' title='bbox 1640 2483 1783 2521; x_wconf 90' lang='lat' dir='ltr'>dictum</span> <span class='ocrx_word' id='word_1_845' title='bbox 1813 2491 1869 2520; x_wconf 90' lang='lat' dir='ltr'>est</span> <span class='ocrx_word' id='word_1_846' title='bbox 1898 2484 1929 2530; x_wconf 85' lang='grc'>*,</span> <span class='ocrx_word' id='word_1_847' title='bbox 1950 2482 2153 2520; x_wconf 89' lang='lat' dir='ltr'>obiiciebat</span> <span class='ocrx_word' id='word_1_848' title='bbox 2181 2489 2312 2519; x_wconf 90' lang='lat' dir='ltr'>contra</span> <span class='ocrx_word' id='word_1_849' title='bbox 2338 2482 2378 2520; x_wconf 93' lang='lat' dir='ltr'>id</span> <span class='ocrx_word' id='word_1_850' title='bbox 2396 2481 2503 2531; x_wconf 92' lang='lat' dir='ltr'>quod</span> <span class='ocrx_word' id='word_1_851' title='bbox 2530 2494 2539 2503; x_wconf 91' lang='lat'><strong>·</strong></span> 
     </span>
    </p>
   </div>
   <div class='ocr_carea' id='block_1_18' title="bbox 1430 2537 2503 2905">
    <p class='ocr_par' dir='ltr' id='par_1_26' title="bbox 1430 2537 2003 2586">
     <span class='ocr_line' id='line_1_120' title="bbox 1430 2537 2003 2586; baseline -0.002 -12"><span class='ocrx_word' id='word_1_852' title='bbox 1430 2538 1551 2575; x_wconf 89' lang='lat' dir='ltr'>verba</span> <span class='ocrx_word' id='word_1_853' title='bbox 1579 2537 1747 2574; x_wconf 91' lang='lat' dir='ltr'>Platonis</span> <span class='ocrx_word' id='word_1_854' title='bbox 1776 2537 2003 2586; x_wconf 90' lang='lat' dir='ltr'>exprimunt.</span> 
     </span>
    </p>

    <p class='ocr_par' dir='ltr' id='par_1_27' title="bbox 1430 2587 2503 2746">
     <span class='ocr_line' id='line_1_121' title="bbox 1485 2587 2502 2639; baseline -0.004 -11"><span class='ocrx_word' id='word_1_855' title='bbox 1485 2590 1689 2628; x_wconf 92' lang='lat' dir='ltr'>Concludit</span> <span class='ocrx_word' id='word_1_856' title='bbox 1709 2602 1798 2638; x_wconf 89' lang='lat' dir='ltr'>ergo</span> <span class='ocrx_word' id='word_1_857' title='bbox 1820 2602 1865 2627; x_wconf 91' lang='lat' dir='ltr'>ex</span> <span class='ocrx_word' id='word_1_858' title='bbox 1892 2588 2110 2639; x_wconf 90' lang='lat' dir='ltr'>praemissis</span> <span class='ocrx_word' id='word_1_859' title='bbox 2137 2588 2244 2637; x_wconf 94' lang='lat' dir='ltr'>quod</span> <span class='ocrx_word' id='word_1_860' title='bbox 2267 2587 2502 2637; x_wconf 90' lang='lat' dir='ltr'>impossibile</span> 
     </span>
     <span class='ocr_line' id='line_1_122' title="bbox 1431 2641 2503 2691; baseline -0.003 -10"><span class='ocrx_word' id='word_1_861' title='bbox 1431 2644 1478 2682; x_wconf 93' lang='lat' dir='ltr'>sit</span> <span class='ocrx_word' id='word_1_862' title='bbox 1505 2644 1697 2681; x_wconf 91' lang='lat' dir='ltr'>mundum</span> <span class='ocrx_word' id='word_1_863' title='bbox 1734 2644 1876 2680; x_wconf 83' lang='lat' dir='ltr'>factum</span> <span class='ocrx_word' id='word_1_864' title='bbox 1915 2655 1997 2680; x_wconf 92' lang='lat' dir='ltr'>esse</span> <span class='ocrx_word' id='word_1_865' title='bbox 2025 2654 2095 2691; x_wconf 89' lang='lat' dir='ltr'>per</span> <span class='ocrx_word' id='word_1_866' title='bbox 2126 2641 2431 2690; x_wconf 89' lang='lat' dir='ltr'>generationem,</span> <span class='ocrx_word' id='word_1_867' title='bbox 2467 2648 2503 2678; x_wconf 92' lang='lat' dir='ltr'>et</span> 
     </span>
     <span class='ocr_line' id='line_1_123' title="bbox 1430 2695 2228 2746; baseline -0.004 -11"><span class='ocrx_word' id='word_1_868' title='bbox 1430 2705 1561 2735; x_wconf 88' lang='lat' dir='ltr'>tamen</span> <span class='ocrx_word' id='word_1_869' title='bbox 1591 2710 1680 2734; x_wconf 92' lang='lat' dir='ltr'>eum</span> <span class='ocrx_word' id='word_1_870' title='bbox 1709 2697 1748 2734; x_wconf 90' lang='lat' dir='ltr'>in</span> <span class='ocrx_word' id='word_1_871' title='bbox 1776 2696 2052 2746; x_wconf 88' lang='lat' dir='ltr'>sempiternum</span> <span class='ocrx_word' id='word_1_872' title='bbox 2082 2695 2228 2733; x_wconf 90' lang='lat' dir='ltr'>durare.</span> 
     </span>
    </p>

    <p class='ocr_par' dir='ltr' id='par_1_28' title="bbox 1431 2749 2501 2905">
     <span class='ocr_line' id='line_1_124' title="bbox 1484 2749 2501 2798; baseline -0.004 -10"><span class='ocrx_word' id='word_1_873' title='bbox 1484 2763 1522 2798; x_wconf 91' lang='lat'>4.</span> <span class='ocrx_word' id='word_1_874' title='bbox 1543 2749 1692 2788; x_wconf 91' lang='lat' dir='ltr'>Deinde</span> <span class='ocrx_word' id='word_1_875' title='bbox 1721 2762 1808 2787; x_wconf 89' lang='lat' dir='ltr'>cum</span> <span class='ocrx_word' id='word_1_876' title='bbox 1834 2749 1942 2787; x_wconf 87' lang='lat' dir='ltr'>dicit:</span> <span class='ocrx_word' id='word_1_877' title='bbox 1978 2749 2146 2786; x_wconf 87' lang='lat' dir='ltr'>Vicissim</span> <span class='ocrx_word' id='word_1_878' title='bbox 2165 2754 2290 2785; x_wconf 88' lang='lat' dir='ltr'>autem</span> <span class='ocrx_word' id='word_1_879' title='bbox 2311 2755 2394 2796; x_wconf 90' lang='lat' dir='ltr'>etc.,</span> <span class='ocrx_word' id='word_1_880' title='bbox 2413 2760 2501 2797; x_wconf 91' lang='lat' dir='ltr'>pro-</span> 
     </span>
     <span class='ocr_line' id='line_1_125' title="bbox 1431 2801 2501 2854; baseline -0.004 -13"><span class='ocrx_word' id='word_1_881' title='bbox 1431 2804 1600 2854; x_wconf 91' lang='lat' dir='ltr'>sequitur</span> <span class='ocrx_word' id='word_1_882' title='bbox 1619 2803 1842 2853; x_wconf 90' lang='lat' dir='ltr'>opinionem</span> <span class='ocrx_word' id='word_1_883' title='bbox 1869 2802 2129 2852; x_wconf 91' lang='lat' dir='ltr'>Empedoclis,</span> <span class='ocrx_word' id='word_1_884' title='bbox 2151 2814 2268 2851; x_wconf 89' lang='lat' dir='ltr'>quam</span> <span class='ocrx_word' id='word_1_885' title='bbox 2295 2801 2403 2838; x_wconf 91' lang='lat' dir='ltr'>tertio</span> <span class='ocrx_word' id='word_1_886' title='bbox 2432 2813 2501 2850; x_wconf 90' lang='lat' dir='ltr'>po-</span> 
     </span>
     <span class='ocr_line' id='line_1_126' title="bbox 1432 2854 2500 2905; baseline -0.005 -10"><span class='ocrx_word' id='word_1_887' title='bbox 1432 2865 1559 2895; x_wconf 92' lang='lat' dir='ltr'>suerat</span> <span class='ocrx_word' id='word_1_888' title='bbox 1588 2859 1620 2894; x_wconf 65' lang='lat'>³¹³.</span> <span class='ocrx_word' id='word_1_889' title='bbox 1650 2858 1700 2894; x_wconf 91' lang='lat' dir='ltr'>Et</span> <span class='ocrx_word' id='word_1_890' title='bbox 1728 2857 1816 2894; x_wconf 89' lang='lat' dir='ltr'>dicit</span> <span class='ocrx_word' id='word_1_891' title='bbox 1843 2856 1950 2905; x_wconf 93' lang='lat' dir='ltr'>quod</span> <span class='ocrx_word' id='word_1_892' title='bbox 1983 2856 2034 2893; x_wconf 89' lang='lat' dir='ltr'>illi</span> <span class='ocrx_word' id='word_1_893' title='bbox 2063 2856 2127 2905; x_wconf 92' lang='lat' dir='ltr'>qui</span> <span class='ocrx_word' id='word_1_894' title='bbox 2155 2855 2284 2892; x_wconf 89' lang='lat' dir='ltr'>dicunt</span> <span class='ocrx_word' id='word_1_895' title='bbox 2311 2854 2500 2891; x_wconf 88' lang='lat' dir='ltr'>mundum</span> 
     </span>
    </p>
   </div>
   <div class='ocr_carea' id='block_1_19' title="bbox 1423 2907 2500 2959">
    <p class='ocr_par' dir='ltr' id='par_1_29' title="bbox 1423 2907 2500 2959">
     <span class='ocr_line' id='line_1_127' title="bbox 1423 2907 2500 2959; baseline -0.006 -10"><span class='ocrx_word' id='word_1_896' title='bbox 1423 2911 1598 2952; x_wconf 77' lang='lat' dir='ltr'>,vicissim</span> <span class='ocrx_word' id='word_1_897' title='bbox 1627 2910 1810 2959; x_wconf 89' lang='lat' dir='ltr'>componi</span> <span class='ocrx_word' id='word_1_898' title='bbox 1849 2917 1885 2946; x_wconf 90' lang='lat' dir='ltr'>et</span> <span class='ocrx_word' id='word_1_899' title='bbox 1913 2909 2080 2956; x_wconf 87' lang='lat' dir='ltr'>dissolvi,</span> <span class='ocrx_word' id='word_1_900' title='bbox 2111 2908 2202 2945; x_wconf 90' lang='lat' dir='ltr'>nihil</span> <span class='ocrx_word' id='word_1_901' title='bbox 2230 2907 2331 2945; x_wconf 92' lang='lat' dir='ltr'>aliud</span> <span class='ocrx_word' id='word_1_902' title='bbox 2360 2907 2500 2944; x_wconf 91' lang='lat' dir='ltr'>faciunt</span> 
     </span>
    </p>
   </div>
   <div class='ocr_carea' id='block_1_20' title="bbox 1431 2960 2501 3063">
    <p class='ocr_par' dir='ltr' id='par_1_30' title="bbox 1431 2960 2501 3063">
     <span class='ocr_line' id='line_1_128' title="bbox 1431 2960 2501 3013; baseline -0.006 -11"><span class='ocrx_word' id='word_1_903' title='bbox 1431 2977 1549 3013; x_wconf 90' lang='lat' dir='ltr'>quam</span> <span class='ocrx_word' id='word_1_904' title='bbox 1578 2963 1684 3012; x_wconf 89' lang='lat' dir='ltr'>quod</span> <span class='ocrx_word' id='word_1_905' title='bbox 1713 2963 1912 3001; x_wconf 89' lang='lat' dir='ltr'>adstruunt</span> <span class='ocrx_word' id='word_1_906' title='bbox 1933 2968 1948 2986; x_wconf 76' lang='lat'>’²</span> <span class='ocrx_word' id='word_1_907' title='bbox 1976 2962 2165 2999; x_wconf 88' lang='lat' dir='ltr'>mundum</span> <span class='ocrx_word' id='word_1_908' title='bbox 2195 2973 2277 2998; x_wconf 91' lang='lat' dir='ltr'>esse</span> <span class='ocrx_word' id='word_1_909' title='bbox 2306 2960 2501 3009; x_wconf 88' lang='lat' dir='ltr'>sempiter-</span> 
     </span>
     <span class='ocr_line' id='line_1_129' title="bbox 1432 3014 2501 3063; baseline -0.006 -8"><span class='ocrx_word' id='word_1_910' title='bbox 1432 3030 1526 3055; x_wconf 89' lang='lat' dir='ltr'>num</span> <span class='ocrx_word' id='word_1_911' title='bbox 1555 3017 1768 3055; x_wconf 89' lang='lat' dir='ltr'>secundum</span> <span class='ocrx_word' id='word_1_912' title='bbox 1797 3016 2059 3063; x_wconf 88' lang='lat' dir='ltr'>substantiam,</span> <span class='ocrx_word' id='word_1_913' title='bbox 2086 3014 2154 3051; x_wconf 90' lang='lat' dir='ltr'>sed</span> <span class='ocrx_word' id='word_1_914' title='bbox 2183 3027 2223 3051; x_wconf 91' lang='lat' dir='ltr'>se</span> <span class='ocrx_word' id='word_1_915' title='bbox 2251 3021 2501 3050; x_wconf 89' lang='lat' dir='ltr'>transmutare</span> 
     </span>
    </p>
   </div>
   <div class='ocr_carea' id='block_1_21' title="bbox 1431 3169 2503 3667">
    <p class='ocr_par' dir='ltr' id='par_1_31' title="bbox 1431 3169 2502 3207">
     <span class='ocr_line' id='line_1_130' title="bbox 1431 3169 2502 3207; baseline -0.005 -6"><span class='ocrx_word' id='word_1_916' title='bbox 1431 3184 1485 3201; x_wconf 87' lang='lat' dir='ltr'>om.</span> <span class='ocrx_word' id='word_1_917' title='bbox 1500 3176 1529 3207; x_wconf 80' lang='lat' dir='ltr'>P,</span> <span class='ocrx_word' id='word_1_918' title='bbox 1550 3181 1639 3201; x_wconf 85' lang='lat' dir='ltr'>contra</span> <span class='ocrx_word' id='word_1_919' title='bbox 1656 3180 1764 3200; x_wconf 80' lang='lat' dir='ltr'>textum.</span> <span class='ocrx_word' id='word_1_920' title='bbox 1777 3188 1796 3195; x_wconf 86' lang='lat'>-·</span> <span class='ocrx_word' id='word_1_921' title='bbox 1809 3173 1916 3199; x_wconf 86' lang='lat' dir='ltr'>Inferius</span> <span class='ocrx_word' id='word_1_922' title='bbox 1931 3180 1979 3205; x_wconf 89' lang='lat' dir='ltr'>pro</span> <span class='ocrx_word' id='word_1_923' title='bbox 1994 3171 2063 3202; x_wconf 81' lang='lat' dir='ltr'>dari,</span> <span class='ocrx_word' id='word_1_924' title='bbox 2083 3172 2123 3197; x_wconf 86' lang='lat' dir='ltr'>bis</span> <span class='ocrx_word' id='word_1_925' title='bbox 2138 3171 2205 3196; x_wconf 86' lang='lat' dir='ltr'>dare</span> <span class='ocrx_word' id='word_1_926' title='bbox 2219 3169 2348 3204; x_wconf 60' lang='lat' dir='ltr'>Psprima</span> <span class='ocrx_word' id='word_1_927' title='bbox 2366 3171 2422 3196; x_wconf 88' lang='lat' dir='ltr'>vice</span> <span class='ocrx_word' id='word_1_928' title='bbox 2442 3178 2502 3197; x_wconf 86' lang='lat' dir='ltr'>cum</span> 
     </span>
    </p>

    <p class='ocr_par' dir='ltr' id='par_1_32' title="bbox 1431 3220 2503 3484">
     <span class='ocr_line' id='line_1_131' title="bbox 1479 3220 2500 3279; baseline -0.003 -8"><span class='ocrx_word' id='word_1_929' title='bbox 1479 3220 1507 3279; x_wconf 58' lang='grc' dir='ltr'>ξ)</span> <span class='ocrx_word' id='word_1_930' title='bbox 1533 3246 1629 3271; x_wconf 83' lang='lat' dir='ltr'>Volunt</span> <span class='ocrx_word' id='word_1_931' title='bbox 1646 3249 1744 3271; x_wconf 87' lang='lat' dir='ltr'>autem.</span> <span class='ocrx_word' id='word_1_932' title='bbox 1763 3259 1782 3263; x_wconf 98' lang='lat'>-</span> <span class='ocrx_word' id='word_1_933' title='bbox 1800 3244 1887 3269; x_wconf 84' lang='lat' dir='ltr'>Voluit</span> <span class='ocrx_word' id='word_1_934' title='bbox 1909 3245 1998 3267; x_wconf 81' lang='lat' dir='ltr'>autem</span> <span class='ocrx_word' id='word_1_935' title='bbox 2018 3242 2047 3266; x_wconf 88' lang='grc' dir='ltr'>Ρ.</span> <span class='ocrx_word' id='word_1_936' title='bbox 2065 3256 2084 3261; x_wconf 93' lang='grc'><strong>-</strong></span> <span class='ocrx_word' id='word_1_937' title='bbox 2103 3252 2116 3265; x_wconf 84' lang='lat'>‹</span> <span class='ocrx_word' id='word_1_938' title='bbox 2131 3243 2202 3267; x_wconf 87' lang='lat' dir='ltr'>Sicut</span> <span class='ocrx_word' id='word_1_939' title='bbox 2225 3242 2367 3267; x_wconf 83' lang='lat' dir='ltr'>informitas</span> <span class='ocrx_word' id='word_1_940' title='bbox 2389 3242 2500 3268; x_wconf 77' lang='lat' dir='ltr'>inexistit</span> 
     </span>
     <span class='ocr_line' id='line_1_132' title="bbox 1432 3277 2503 3311; baseline -0.005 -4"><span class='ocrx_word' id='word_1_941' title='bbox 1432 3287 1538 3306; x_wconf 89' lang='lat' dir='ltr'>naturae</span> <span class='ocrx_word' id='word_1_942' title='bbox 1557 3282 1691 3311; x_wconf 85' lang='lat' dir='ltr'>materiae,</span> <span class='ocrx_word' id='word_1_943' title='bbox 1716 3282 1793 3305; x_wconf 88' lang='lat' dir='ltr'>etiam</span> <span class='ocrx_word' id='word_1_944' title='bbox 1813 3279 1958 3304; x_wconf 89' lang='lat' dir='ltr'>secundum</span> <span class='ocrx_word' id='word_1_945' title='bbox 1975 3277 2157 3309; x_wconf 86' lang='lat' dir='ltr'>Aristotelem,</span> <span class='ocrx_word' id='word_1_946' title='bbox 2177 3278 2224 3303; x_wconf 88' lang='lat' dir='ltr'>etsi</span> <span class='ocrx_word' id='word_1_947' title='bbox 2248 3285 2353 3310; x_wconf 87' lang='lat' dir='ltr'>semper</span> <span class='ocrx_word' id='word_1_948' title='bbox 2371 3278 2503 3311; x_wconf 88' lang='lat' dir='ltr'>participet</span> 
     </span>
     <span class='ocr_line' id='line_1_133' title="bbox 1433 3313 2501 3350; baseline -0.004 -8"><span class='ocrx_word' id='word_1_949' title='bbox 1433 3317 1570 3350; x_wconf 89' lang='lat' dir='ltr'>speciebus</span> <span class='ocrx_word' id='word_1_950' title='bbox 1589 3317 1606 3348; x_wconf 89' lang='lat'><em>(</em></span> <span class='ocrx_word' id='word_1_951' title='bbox 1600 3316 1703 3350; x_wconf 80' lang='lat' dir='ltr'>formis</span> <span class='ocrx_word' id='word_1_952' title='bbox 1704 3317 1734 3348; x_wconf 83' lang='lat'>)‚</span> <span class='ocrx_word' id='word_1_953' title='bbox 1754 3315 1791 3340; x_wconf 86' lang='lat' dir='ltr'>sic</span> <span class='ocrx_word' id='word_1_954' title='bbox 1810 3320 1835 3339; x_wconf 89' lang='lat' dir='ltr'>et</span> <span class='ocrx_word' id='word_1_955' title='bbox 1853 3313 2006 3339; x_wconf 88' lang='lat' dir='ltr'>inordinatio</span> <span class='ocrx_word' id='word_1_956' title='bbox 2021 3314 2159 3338; x_wconf 87' lang='lat' dir='ltr'>materialis</span> <span class='ocrx_word' id='word_1_957' title='bbox 2174 3313 2342 3338; x_wconf 85' lang='lat' dir='ltr'>consubsistit</span> <span class='ocrx_word' id='word_1_958' title='bbox 2357 3320 2417 3337; x_wconf 90' lang='lat' dir='ltr'>cum</span> <span class='ocrx_word' id='word_1_959' title='bbox 2436 3314 2501 3346; x_wconf 87' lang='lat' dir='ltr'>ipsa,</span> 
     </span>
     <span class='ocr_line' id='line_1_134' title="bbox 1433 3347 2501 3384; baseline -0.005 -7"><span class='ocrx_word' id='word_1_960' title='bbox 1433 3353 1480 3377; x_wconf 87' lang='lat' dir='ltr'>etsi</span> <span class='ocrx_word' id='word_1_961' title='bbox 1500 3359 1606 3384; x_wconf 90' lang='lat' dir='ltr'>semper</span> <span class='ocrx_word' id='word_1_962' title='bbox 1623 3351 1742 3376; x_wconf 89' lang='lat' dir='ltr'>ordinem</span> <span class='ocrx_word' id='word_1_963' title='bbox 1761 3350 1893 3382; x_wconf 87' lang='lat' dir='ltr'>participet</span> <span class='ocrx_word' id='word_1_964' title='bbox 1913 3349 2057 3374; x_wconf 87' lang='lat' dir='ltr'>secundum</span> <span class='ocrx_word' id='word_1_965' title='bbox 2077 3349 2232 3374; x_wconf 83' lang='lat' dir='ltr'>conditivam</span> <span class='ocrx_word' id='word_1_966' title='bbox 2252 3347 2501 3381; x_wconf 80' lang='lat' dir='ltr'>specificationem.»</span> 
     </span>
     <span class='ocr_line' id='line_1_135' title="bbox 1433 3384 2502 3420; baseline -0.003 -8"><span class='ocrx_word' id='word_1_967' title='bbox 1433 3388 1593 3420; x_wconf 86' lang='lat' dir='ltr'>Simplicius.</span> <span class='ocrx_word' id='word_1_968' title='bbox 1613 3395 1656 3419; x_wconf 89' lang='lat' dir='ltr'>op.</span> <span class='ocrx_word' id='word_1_969' title='bbox 1677 3387 1731 3415; x_wconf 79' lang='lat' dir='ltr'>cit.⁷</span> <span class='ocrx_word' id='word_1_970' title='bbox 1751 3386 1796 3410; x_wconf 86' lang='lat' dir='ltr'>fol.</span> <span class='ocrx_word' id='word_1_971' title='bbox 1810 3384 1845 3416; x_wconf 88' lang='lat'>48</span> <span class='ocrx_word' id='word_1_972' title='bbox 1864 3390 1949 3414; x_wconf 87' lang='lat' dir='ltr'>recto,</span> <span class='ocrx_word' id='word_1_973' title='bbox 1969 3384 2018 3409; x_wconf 90' lang='lat' dir='ltr'>col.</span> <span class='ocrx_word' id='word_1_974' title='bbox 2039 3392 2063 3409; x_wconf 86' lang='lat'>2.</span> <span class='ocrx_word' id='word_1_975' title='bbox 2081 3398 2100 3403; x_wconf 90' lang='lat'><em>—</em></span> <span class='ocrx_word' id='word_1_976' title='bbox 2118 3385 2243 3417; x_wconf 89' lang='lat' dir='ltr'>Sequenti</span> <span class='ocrx_word' id='word_1_977' title='bbox 2267 3384 2334 3409; x_wconf 86' lang='lat' dir='ltr'>linea</span> <span class='ocrx_word' id='word_1_978' title='bbox 2358 3384 2436 3409; x_wconf 83' lang='lat' dir='ltr'>Piana</span> <span class='ocrx_word' id='word_1_979' title='bbox 2454 3392 2502 3417; x_wconf 91' lang='lat' dir='ltr'>pro</span> 
     </span>
     <span class='ocr_line' id='line_1_136' title="bbox 1433 3420 2501 3453; baseline -0.004 -5"><span class='ocrx_word' id='word_1_980' title='bbox 1433 3423 1599 3448; x_wconf 82' lang='lat' dir='ltr'>inordinatio</span> <span class='ocrx_word' id='word_1_981' title='bbox 1627 3421 1704 3446; x_wconf 87' lang='lat' dir='ltr'>habet</span> <span class='ocrx_word' id='word_1_982' title='bbox 1730 3421 1820 3453; x_wconf 85' lang='lat' dir='ltr'>aliqua</span> <span class='ocrx_word' id='word_1_983' title='bbox 1849 3420 2031 3448; x_wconf 86' lang='lat' dir='ltr'>inordinatio,</span> <span class='ocrx_word' id='word_1_984' title='bbox 2061 3425 2087 3445; x_wconf 90' lang='lat' dir='ltr'>et</span> <span class='ocrx_word' id='word_1_985' title='bbox 2115 3421 2207 3445; x_wconf 89' lang='lat' dir='ltr'>deinde</span> <span class='ocrx_word' id='word_1_986' title='bbox 2235 3427 2284 3453; x_wconf 89' lang='lat' dir='ltr'>pro</span> <span class='ocrx_word' id='word_1_987' title='bbox 2311 3422 2425 3452; x_wconf 79' lang='lat' dir='ltr'>postea,</span> <span class='ocrx_word' id='word_1_988' title='bbox 2449 3427 2501 3452; x_wconf 81' lang='lat' dir='ltr'>po-</span> 
     </span>
     <span class='ocr_line' id='line_1_137' title="bbox 1431 3458 1537 3484; baseline -0.019 0"><span class='ocrx_word' id='word_1_989' title='bbox 1431 3458 1537 3484; x_wconf 83' lang='lat' dir='ltr'>sterius.</span> 
     </span>
    </p>

    <p class='ocr_par' dir='ltr' id='par_1_33' title="bbox 1431 3491 2503 3632">
     <span class='ocr_line' id='line_1_138' title="bbox 1485 3491 2502 3526; baseline -0.002 -9"><span class='ocrx_word' id='word_1_990' title='bbox 1485 3493 1510 3526; x_wconf 82' lang='grc' dir='ltr'>ζ)</span> <span class='ocrx_word' id='word_1_991' title='bbox 1529 3492 1595 3525; x_wconf 87' lang='lat' dir='ltr'>quid</span> <span class='ocrx_word' id='word_1_992' title='bbox 1613 3493 1742 3517; x_wconf 84' lang='lat' dir='ltr'>elementa</span> <span class='ocrx_word' id='word_1_993' title='bbox 1760 3498 1797 3516; x_wconf 88' lang='lat' dir='ltr'>ex</span> <span class='ocrx_word' id='word_1_994' title='bbox 1815 3498 1843 3516; x_wconf 85' lang='lat' dir='ltr'>se</span> <span class='ocrx_word' id='word_1_995' title='bbox 1861 3491 1997 3517; x_wconf 85' lang='lat' dir='ltr'>haberent.</span> <span class='ocrx_word' id='word_1_996' title='bbox 2009 3491 2077 3515; x_wconf 85' lang='lat' dir='ltr'>—Ita</span> <span class='ocrx_word' id='word_1_997' title='bbox 2096 3491 2186 3522; x_wconf 90' lang='lat' dir='ltr'>codd.,</span> <span class='ocrx_word' id='word_1_998' title='bbox 2206 3495 2313 3524; x_wconf 87' lang='lat' dir='ltr'>excepto</span> <span class='ocrx_word' id='word_1_999' title='bbox 2333 3491 2405 3523; x_wconf 89' lang='lat' dir='ltr'>quod</span> <span class='ocrx_word' id='word_1_1000' title='bbox 2424 3491 2502 3524; x_wconf 89' lang='lat' dir='ltr'>aliqui</span> 
     </span>
     <span class='ocr_line' id='line_1_139' title="bbox 1431 3525 2503 3562; baseline -0.002 -9"><span class='ocrx_word' id='word_1_1001' title='bbox 1431 3537 1479 3562; x_wconf 84' lang='lat' dir='ltr'>pro</span> <span class='ocrx_word' id='word_1_1002' title='bbox 1499 3528 1564 3560; x_wconf 83' lang='lat' dir='ltr'>quid</span> <span class='ocrx_word' id='word_1_1003' title='bbox 1581 3528 1700 3552; x_wconf 87' lang='lat' dir='ltr'>videntur</span> <span class='ocrx_word' id='word_1_1004' title='bbox 1714 3527 1810 3552; x_wconf 88' lang='lat' dir='ltr'>habere</span> <span class='ocrx_word' id='word_1_1005' title='bbox 1822 3527 1894 3559; x_wconf 82' lang='lat' dir='ltr'>quod</span> <span class='ocrx_word' id='word_1_1006' title='bbox 1897 3535 1906 3557; x_wconf 94' lang='lat'>,·</span> <span class='ocrx_word' id='word_1_1007' title='bbox 1925 3532 2032 3560; x_wconf 87' lang='lat' dir='ltr'>propter</span> <span class='ocrx_word' id='word_1_1008' title='bbox 2046 3527 2114 3551; x_wconf 87' lang='lat' dir='ltr'>istud</span> <span class='ocrx_word' id='word_1_1009' title='bbox 2127 3526 2199 3559; x_wconf 86' lang='lat' dir='ltr'>quod</span> <span class='ocrx_word' id='word_1_1010' title='bbox 2213 3526 2279 3551; x_wconf 88' lang='lat' dir='ltr'>forte</span> <span class='ocrx_word' id='word_1_1011' title='bbox 2293 3526 2312 3550; x_wconf 91' lang='lat' dir='ltr'>P</span> <span class='ocrx_word' id='word_1_1012' title='bbox 2325 3525 2416 3551; x_wconf 88' lang='lat' dir='ltr'>habet:</span> <span class='ocrx_word' id='word_1_1013' title='bbox 2432 3526 2503 3559; x_wconf 83' lang='lat' dir='ltr'>quod</span> 
     </span>
     <span class='ocr_line' id='line_1_140' title="bbox 1432 3560 2500 3591; baseline -0.002 -3"><span class='ocrx_word' id='word_1_1014' title='bbox 1432 3565 1561 3589; x_wconf 78' lang='lat' dir='ltr'>elementa</span> <span class='ocrx_word' id='word_1_1015' title='bbox 1580 3570 1617 3588; x_wconf 87' lang='lat' dir='ltr'>ex</span> <span class='ocrx_word' id='word_1_1016' title='bbox 1634 3570 1662 3588; x_wconf 82' lang='lat' dir='ltr'>se</span> <span class='ocrx_word' id='word_1_1017' title='bbox 1681 3562 1906 3588; x_wconf 84' lang='lat' dir='ltr'>inordinationem</span> <span class='ocrx_word' id='word_1_1018' title='bbox 1926 3563 2067 3591; x_wconf 75' lang='lat' dir='ltr'>haberent5</span> <span class='ocrx_word' id='word_1_1019' title='bbox 2086 3562 2119 3587; x_wconf 85' lang='lat' dir='ltr'>cf.</span> <span class='ocrx_word' id='word_1_1020' title='bbox 2133 3563 2160 3587; x_wconf 88' lang='lat' dir='ltr'>in</span> <span class='ocrx_word' id='word_1_1021' title='bbox 2178 3570 2251 3587; x_wconf 87' lang='lat' dir='ltr'>num.</span> <span class='ocrx_word' id='word_1_1022' title='bbox 2272 3570 2280 3586; x_wconf 94' lang='lat'>1</span> <span class='ocrx_word' id='word_1_1023' title='bbox 2303 3569 2394 3586; x_wconf 87' lang='lat' dir='ltr'>versus</span> <span class='ocrx_word' id='word_1_1024' title='bbox 2413 3560 2500 3591; x_wconf 83' lang='lat' dir='ltr'>finem,</span> 
     </span>
     <span class='ocr_line' id='line_1_141' title="bbox 1432 3598 2083 3632; baseline -0.002 -8"><span class='ocrx_word' id='word_1_1025' title='bbox 1432 3599 1497 3632; x_wconf 80' lang='lat' dir='ltr'>quid</span> <span class='ocrx_word' id='word_1_1026' title='bbox 1515 3598 1631 3624; x_wconf 83' lang='lat' dir='ltr'>habeant</span> <span class='ocrx_word' id='word_1_1027' title='bbox 1648 3598 1800 3623; x_wconf 87' lang='lat' dir='ltr'>huiusmodi</span> <span class='ocrx_word' id='word_1_1028' title='bbox 1813 3601 1908 3630; x_wconf 86' lang='lat' dir='ltr'>partes</span> <span class='ocrx_word' id='word_1_1029' title='bbox 1926 3605 1963 3623; x_wconf 85' lang='lat' dir='ltr'>ex</span> <span class='ocrx_word' id='word_1_1030' title='bbox 1981 3598 2083 3630; x_wconf 78' lang='lat' dir='ltr'>seipsis.</span> 
     </span>
    </p>

    <p class='ocr_par' dir='ltr' id='par_1_34' title="bbox 1486 3631 2501 3667">
     <span class='ocr_line' id='line_1_142' title="bbox 1486 3631 2501 3667; baseline -0.003 -8"><span class='ocrx_word' id='word_1_1031' title='bbox 1486 3634 1512 3667; x_wconf 92' lang='grc' dir='ltr'>η)</span> <span class='ocrx_word' id='word_1_1032' title='bbox 1532 3634 1686 3659; x_wconf 82' lang='lat' dir='ltr'>adstruunt.</span> <span class='ocrx_word' id='word_1_1033' title='bbox 1700 3647 1719 3653; x_wconf 92' lang='lat'>-</span> <span class='ocrx_word' id='word_1_1034' title='bbox 1731 3637 1855 3659; x_wconf 84' lang='lat' dir='ltr'>asserunt</span> <span class='ocrx_word' id='word_1_1035' title='bbox 1873 3634 1902 3659; x_wconf 89' lang='lat' dir='ltr'>P.</span> <span class='ocrx_word' id='word_1_1036' title='bbox 1922 3647 1942 3653; x_wconf 90' lang='lat'>-</span> <span class='ocrx_word' id='word_1_1037' title='bbox 1959 3634 2016 3658; x_wconf 90' lang='lat' dir='ltr'>Lin.</span> <span class='ocrx_word' id='word_1_1038' title='bbox 2032 3641 2088 3666; x_wconf 90' lang='lat' dir='ltr'>seq.</span> <span class='ocrx_word' id='word_1_1039' title='bbox 2103 3641 2150 3666; x_wconf 89' lang='lat' dir='ltr'>pro</span> <span class='ocrx_word' id='word_1_1040' title='bbox 2169 3640 2197 3658; x_wconf 91' lang='lat' dir='ltr'>se</span> <span class='ocrx_word' id='word_1_1041' title='bbox 2216 3635 2410 3661; x_wconf 82' lang='lat' dir='ltr'>transmutare,</span> <span class='ocrx_word' id='word_1_1042' title='bbox 2431 3631 2501 3665; x_wconf 91' lang='lat' dir='ltr'>quod</span> 
     </span>
    </p>
   </div>
   <div class='ocr_carea' id='block_1_22' title="bbox 2523 578 2736 626">
    <p class='ocr_par' dir='ltr' id='par_1_35' title="bbox 2523 578 2736 626">
     <span class='ocr_line' id='line_1_143' title="bbox 2523 578 2736 600; baseline 0.009 -2"><span class='ocrx_word' id='word_1_1043' title='bbox 2523 578 2611 599; x_wconf 72' lang='lat' dir='ltr'>&#39;autem</span> <span class='ocrx_word' id='word_1_1044' title='bbox 2616 584 2630 599; x_wconf 69' lang='grc' dir='ltr'><strong>Ρ</strong></span> <span class='ocrx_word' id='word_1_1045' title='bbox 2637 581 2658 600; x_wconf 88' lang='lat' dir='ltr'>et</span> <span class='ocrx_word' id='word_1_1046' title='bbox 2666 578 2736 600; x_wconf 83' lang='lat' dir='ltr'>codd.</span> 
     </span>
     <span class='ocr_line' id='line_1_144' title="bbox 2523 610 2607 626; baseline 0.012 -1"><span class='ocrx_word' id='word_1_1047' title='bbox 2523 610 2573 626; x_wconf 85' lang='lat' dir='ltr'>exc.</span> <span class='ocrx_word' id='word_1_1048' title='bbox 2584 610 2607 626; x_wconf 78' lang='grc' dir='ltr'>Α.</span> 
     </span>
    </p>
   </div>
   <div class='ocr_carea' id='block_1_23' title="bbox 2530 2492 2746 2542">
    <p class='ocr_par' dir='ltr' id='par_1_36' title="bbox 2530 2492 2746 2542">
     <span class='ocr_line' id='line_1_145' title="bbox 2530 2492 2746 2542; baseline 0.009 -28"><span class='ocrx_word' id='word_1_1049' title='bbox 2530 2525 2545 2541; x_wconf 75' lang='lat' dir='ltr'>n</span> <span class='ocrx_word' id='word_1_1050' title='bbox 2563 2492 2626 2542; x_wconf 67' lang='lat' dir='ltr'>Lgect.</span> <span class='ocrx_word' id='word_1_1051' title='bbox 2641 2494 2746 2521; x_wconf 86' lang='lat' dir='ltr'>praeced.</span> 
     </span>
    </p>
   </div>
   <div class='ocr_carea' id='block_1_24' title="bbox 2527 2864 2741 2919">
    <p class='ocr_par' dir='ltr' id='par_1_37' title="bbox 2527 2864 2741 2919">
     <span class='ocr_line' id='line_1_146' title="bbox 2528 2864 2741 2892; baseline 0 -6"><span class='ocrx_word' id='word_1_1052' title='bbox 2528 2865 2538 2874; x_wconf 77' lang='grc'><em>·</em></span> <span class='ocrx_word' id='word_1_1053' title='bbox 2549 2864 2586 2886; x_wconf 83' lang='lat' dir='ltr'>Cf.</span> <span class='ocrx_word' id='word_1_1054' title='bbox 2595 2864 2647 2887; x_wconf 85' lang='lat' dir='ltr'>lect.</span> <span class='ocrx_word' id='word_1_1055' title='bbox 2656 2870 2741 2892; x_wconf 67' lang='lat' dir='ltr'>praec„</span> 
     </span>
     <span class='ocr_line' id='line_1_147' title="bbox 2527 2897 2623 2919; baseline 0.01 -7"><span class='ocrx_word' id='word_1_1056' title='bbox 2527 2897 2551 2913; x_wconf 90' lang='lat' dir='ltr'>n.</span> <span class='ocrx_word' id='word_1_1057' title='bbox 2565 2897 2586 2918; x_wconf 84' lang='grc'>7,</span> <span class='ocrx_word' id='word_1_1058' title='bbox 2601 2898 2623 2919; x_wconf 91' lang='lat'>9.</span> 
     </span>
    </p>
   </div>
   <div class='ocr_carea' id='block_1_25' title="bbox 2622 2975 2637 2999">
    <p class='ocr_par' dir='ltr' id='par_1_38' title="bbox 2622 2975 2637 2999">
     <span class='ocr_line' id='line_1_148' title="bbox 2622 2975 2637 2999; baseline 0 0"><span class='ocrx_word' id='word_1_1059' title='bbox 2622 2975 2637 2999; x_wconf 74' lang='grc' dir='ltr'>η</span> 
     </span>
    </p>
   </div>
  </div>
 </body>
</html>
