2690 4062
1081 221 1193 258 CAP.
1224 222 1292 269 111,
1322 221 1474 258 LECT.
1505 222 1555 258 111

993 481 1210 537 LECT
1212 483 1293 537 10
1331 482 1649 539 TERTIA

310 624 527 673 QUATUOR
548 633 649 665 ESSE
673 633 912 664 ELEMENTA
936 633 1172 664 PROBATUR
1195 634 1253 664 EX
1276 635 1469 666 RATIONE
1493 637 1551 666 ET
1575 637 1871 675 ANTIQUORUM
1890 637 2030 668 VARIIS
2054 637 2327 669 OPINIONIBUS

235 694 294 725 DE
316 691 502 724 NUMERO
525 690 863 722 ELEMENTORUM
887 707 906 713 -·
931 690 1030 727 QUIS
1054 689 1198 721 LOCUS
1219 691 1429 722 PROPRIUS
1453 692 1654 724 CUILIBET
1678 695 1936 734 ELEMENTO,
1955 695 2014 726 ET
2038 695 2157 733 QUAE
2181 695 2398 733 QUALITAS

1004 747 1047 778 IN
1071 747 1351 786 UNOQUOQUE
1375 749 1637 781 DOMINETUR

213 885 311 917 Ἐπεὶ
335 878 373 915 δὲ
398 880 556 925 τέτταρα
581 880 629 912 τοὶ
652 882 824 923 στοιχεῖα,
844 879 911 910 τῶν
935 876 973 910 δέ
999 877 1114 911 τεττοί
1135 890 1179 909 ων
1198 877 1232 919 ἓξ
1255 882 1289 911 αἱ

286 925 474 970 συζεύξεις,
509 925 557 956 τοὶ
580 921 611 955 δ’
639 923 782 956 ἐναντία
814 923 852 955 οὐ
886 922 1012 967 πέφυκε
1044 935 1102 954 συν
1128 922 1290 966 υοίζεσθαι

288 971 424 1016 (θερμᾶν
449 971 513 1017 γσίρ
545 970 603 1000 καὶ
635 966 759 1012 ψυχρόν
791 963 878 998 εἶναι
908 969 949 1000 vo*
982 968 1070 1000 αὐτό
1101 970 1160 1000 καὶ
1187 967 1289 999 πάλιν

287 1017 385 1061 ξηρὸν
416 1018 474 1047 καὶ
500 1014 600 1060 ὒγρόν
634 1007 848 1054 ἀδύνατον),
875 1013 1016 1056 φανερόν
1042 1010 1097 1044 ὅτι
1122 1011 1236 1044 τέττα
1258 1024 1290 1050 ες

287 1061 428 1095 ἔσονται
453 1061 488 1092 αἱ
514 1058 582 1090 τῶν
606 1057 785 1103 στοιχείων
810 1055 990 1099 συζεύξεις,
1009 1055 1130 1101 θερμοῦ
1154 1058 1212 1088 καὶ
1252 1069 1290 1093 η-

285 1105 366 1152 ροῦ,
391 1107 449 1136 καὶ
478 1101 600 1148 θερμοῦ
628 1104 687 1134 καὶ
714 1101 835 1146 ὑγροῦ,
861 1103 920 1132 καὶ
946 1100 1048 1132 πσίλιν
1072 1100 1199 1154 ψυχροῦ
1230 1102 1290 1132 καὶ

224 1167 227 1169 >
286 1150 404 1196 ὑγροῦ,
422 1151 498 1191 καὶΔ
524 1146 628 1192 υχροῦ
652 1149 710 1178 καὶ
735 1146 851 1200 ξηροῦ.
876 1146 942 1176 Καὶ
959 1145 1168 1183 ἠκολουθηκε
1193 1146 1291 1176 καταὶ

274 1198 305 1233 ‘2
309 1195 470 1272 όγοψτοῖ
501 1193 620 1227 απλοῖς
641 1201 853 1235 φαινομένοις
870 1188 1017 1234 σώμασι,
1036 1192 1112 1234 πυρὶ
1136 1192 1194 1221 καὶ
1218 1187 1290 1233 ἀέρι

280 1240 331 1273 ’κα
369 1234 475 1313 ὕδαδτι
505 1237 564 1268 καὶ
588 1234 654 1280 γῇ·
681 1236 723 1267 τὸ
747 1235 808 1279 μέν
827 1235 892 1280 γαὶρ
918 1235 982 1278 πῦρ
1008 1233 1126 1278 θερμὸν
1150 1235 1208 1265 καὶ
1234 1232 1290 1273 ξη-

242 1292 269 1302 *s
325 1296 342 1316 ν
389 1283 406 1315 ὁ
451 1282 459 1293 ’
490 1278 512 1314 ἀ
530 1281 538 1292 “

285 1285 389 1375 ξήρ’),
408 1328 450 1359 τό
466 1324 496 1357 δ’
515 1294 536 1359 3
560 1337 604 1370 ωρ
653 1325 753 1377 υχ,ρο“ν
777 1324 836 1354 καὶ
861 1322 974 1370 ύγρόν,
995 1324 1016 1360 ἡ
1032 1317 1071 1356 δὲ
1093 1323 1140 1369 γῆ
1165 1321 1290 1367 ψυχρὸν

224 1363 266 1392 ³⁵³
282 1375 343 1411 ’καὶ
368 1370 481 1416 ξηρόν,
507 1369 588 1402 ὥστ’
617 1369 764 1414 εὖλογως
789 1361 1008 1412 διανέμεσθαι
1033 1369 1097 1405 τοὶς
1127 1366 1289 1422 διαφοτροὶς

224 1419 248 1430 “’
280 1418 359 1455 '‘z-⁶34⁵,-
383 1415 530 1461 πρώτοις
561 1414 718 1458 σώμασι,
749 1413 808 1444 καὶ
834 1413 876 1443 τὸ
902 1410 1028 1450 πλῆθος
1058 1413 1173 1445 αὐτῶν
1203 1422 1290 1444 ειναι

227 1471 235 1474 “
280 1462 382 1495 κατὰ
403 1459 520 1506 λόγον.

207 1506 383 1544 ‘lisivae
407 1507 472 1552 γὰρ
499 1506 529 1537 οἱ
554 1505 602 1536 τα
627 1502 723 1534 οἱπλὸἱ
751 1500 901 1544 σώματα
926 1505 1084 1546 στοιχεῖα
1110 1501 1289 1538 ποιοῦντες

285 1553 318 1589 ot
341 1552 402 1596 μὲν
429 1548 484 1590 ἓν,
511 1550 541 1581 οἱ
565 1543 604 1580 δὲ
627 1541 712 1588 δύο,
745 1547 775 1578 οἱ
800 1545 837 1580 δὲ
863 1547 961 1589 τρία,
997 1548 1028 1578 οἱ
1059 1544 1098 1577 δὲ
1131 1543 1289 1589 τέτταρα

280 1595 452 1629 Δποιοῦσιν,
486 1592 582 1624 Ὅσοι
617 1591 676 1636 μέν
709 1588 768 1624 οὖν
800 1593 834 1624 ἓν
868 1590 970 1635 μόνον
1000 1589 1176 1636 λέγουσιν,
1210 1586 1290 1621 εἶτα

274 1637 452 1679 ‚mamaea
475 1639 534 1669 καὶ
560 1634 711 1681 μανώσει
736 1632 850 1669 τᾶλλα
874 1635 1029 1681 γεννῶσι,
1049 1634 1186 1671 τούτοις
1210 1645 1291 1679 συμ-

227 1678 394 1726 ’,“”βα’ίνει
410 1677 480 1714 ’δύο
506 1685 614 1713 ποιεῖν
639 1681 705 1717 ταὶς
735 1679 864 1727 ἀρχοίς,
892 1677 934 1711 τό
959 1691 998 1711 τε
1023 1681 1132 1724 μανόν
1162 1680 1222 1710 καὶ
1247 1680 1290 1710 'ro'

222 1729 410 1762 ²³⁴''wbxv6v
434 1725 456 1764 ἦ
482 1727 524 1758 το
550 1724 669 1770 θερμὸν
693 1727 751 1756 καὶ
777 1726 818 1758 vo*
843 1723 985 1769 ψυχρόν·
1014 1724 1135 1756 ταῦτα
1154 1725 1219 1768 γαὶρ
1242 1723 1290 1755 ταὶ

223 1776 248 1793 :m
268 1769 573 1822 ὴδὴμιουργοῦντα,
593 1770 635 1801 τό
659 1763 691 1800 δ’
711 1770 745 1801 ’ἐν
767 1769 950 1802 ὑπόκειται
973 1767 1128 1812 καθάπερ
1150 1769 1224 1805 ὕλη.
1251 1768 1290 1799 Οἱ

220 1812 314 1850 Tm&
334 1815 436 1854 ἐὐθυς
460 1811 523 1847 δύο
549 1813 746 1855 ποιοῦντες,
771 1813 884 1858 ὥσπερ
909 1808 1116 1858 Παρμενίδης
1142 1813 1206 1856 πῦρ
1230 1815 1289 1844 καὶ

222 1863 237 1883 ·²
266 1862 364 1910 ’“γῆν,
382 1857 431 1893 ’τόἰ
450 1858 583 1905 μεταξύ
607 1859 770 1904 μίγματα
790 1858 924 1891 ποιοῦσι
945 1858 1092 1898 τούτων,
1112 1859 1182 1891 οἷον
1205 1854 1290 1901 ἀέρα

264 1901 428 1939 ’κιὶῑῦδω
452 1930 459 1937 .
491 1901 666 1940 Ὡσαύτως
689 1897 728 1934 δέ
751 1905 811 1935 καὶ
837 1905 866 1935 οἰ
886 1903 966 1947 τρία
983 1901 1158 1949 λέγοντες,
1184 1900 1290 1934 καθοί-

279 1952 349 1995 ’περ
361 1950 504 1983 Πλάτων
516 1949 557 1980 ’ἓν
575 1952 652 1985 ταῖς
669 1942 888 1989 διαιρέσεσιν·
912 1947 954 1979 το“
971 1948 1034 1993 γσὶρ
1056 1945 1158 1991 μέσον
1177 1951 1288 1992 μῖγμα

256 2009 257 2012 “
282 1998 386 2028 ποιεῖ.
412 1995 479 2026 Καὶ
503 1987 629 2038 σχεδὸν
654 1991 775 2024 ταῦτα
797 1991 953 2038 λέγουσιν
979 1991 1009 2023 οἵ
1035 2002 1075 2023 τε
1095 1987 1157 2025 δύο
1181 1993 1239 2023 καὶ
1258 1991 1288 2023 οἱ

222 2046 246 2061 -³>
266 2041 362 2084 ’τρία
379 2038 585 2075 ποιοῦντες·
613 2037 702 2073 πλην
729 2038 758 2069 οἱ
787 2037 846 2081 μὲν
880 2035 1059 2080 τέμνουσιν
1089 2036 1134 2075 εἷς
1159 2031 1220 2069 δύο
1246 2036 1289 2067 ‘ro'

309 2083 400 2125 ἱσον,
427 2084 457 2115 οἶ
481 2077 511 2114 δ’
540 2082 573 2114 ἓν
599 2080 701 2126 μόνον
727 2080 892 2113 ποιοῦσιν.

207 2129 281 2163 Ἧι
303 2130 329 2160 ι’
347 2123 378 2159 δ’
405 2125 501 2165 εὐθύς
533 2125 694 2170 τέτταρα
724 2124 902 2172 λέγουσιν,
936 2125 1006 2156 οἷον
1036 2123 1286 2170 Ἐμπεδοκλῆς.

278 2171 426 2217 Συνᾷγει
443 2167 482 2204 δὲ
502 2173 561 2203 καὶ
580 2170 680 2208 οὗτος
698 2170 744 2208 εἰς
760 2170 809 2202 τοὶ
823 2165 885 2201 δύο
897 2181 905 2188 ·
924 2171 972 2210 τῷ
989 2169 1054 2215 γάρ
1073 2170 1151 2214 πυρὶ
1171 2167 1288 2203 τᾶλλα

222 2235 225 2239 ·
262 2217 404 2251 ’πάντα
430 2214 655 2257 ἀντιτίθησιν.
683 2213 752 2246 Οὐκ
778 2213 852 2246 ἔστι
875 2208 915 2245 δὲ
939 2213 981 2247 τὸ
1006 2215 1071 2258 πῦρ
1095 2216 1154 2246 καὶ
1180 2215 1197 2246 ὀ
1223 2214 1288 2259 ἀῆρ

223 2263 341 2302 vsu!
366 2261 514 2294 ἕκαστον
549 2261 617 2292 τῶν
647 2258 827 2304 εἰρημένων
859 2259 1010 2299 ἁπλοῦν,
1038 2258 1130 2291 ἄλλα
1152 2258 1286 2304 μικτόν.

248 2310 251 2312 ’
280 2305 336 2344 ,Τοὶ
358 2304 390 2338 δ’
419 2307 517 2338 διπλᾶ
540 2304 693 2338 τοιαῦτα
717 2303 778 2348 μέν
804 2301 910 2344 ἐστιν,
939 2303 977 2336 οὐ
1002 2302 1121 2346 μέντοι
1146 2303 1287 2346 ταύτά,

284 2351 354 2384 οἷον
379 2351 409 2382 εἴ
433 2361 467 2383 τι
491 2351 540 2392 τῷ
566 2350 644 2392 πυρὶ
669 2346 804 2393 ὅμοιον,
835 2343 1028 2392 πυροειδὲς,
1055 2349 1094 2380 οὐ
1119 2349 1203 2391 πῦρ,
1229 2350 1288 2381 καὶ

282 2396 325 2428 τῦ
349 2396 400 2436 τῷ
426 2394 497 2439 ἀέρι
528 2388 713 2438 ἀεροειδές·
742 2394 863 2437 ὁμοίως
887 2388 926 2425 δὲ
949 2389 1034 2426 κάπὶ
1061 2394 1127 2424 τῶν
1161 2394 1285 2427 ἄλλων.

281 2440 328 2473 Τό
350 2434 390 2472 δὲ
415 2440 480 2484 πῦρ
505 2439 598 2471 ἐστὶν
625 2437 797 2483 ὑπερβολή
826 2436 1060 2482 θερμότητος,
1085 2436 1198 2483 ὥσπερ
1228 2440 1289 2481 καὶ

221 2502 225 2507 v
248 2484 493 2530 ”ιιρόσταλλος
524 2482 759 2528 ψυχρότητος·
787 2482 808 2518 ἡ
833 2481 898 2531 γοίρ
933 2481 1032 2524 πῆξις
1063 2484 1123 2515 καὶ
1152 2484 1173 2520 ἡ
1198 2482 1288 2526 ζέσις

242 2542 243 2545 ’
282 2529 468 2573 ὑπερβολαί
493 2527 583 2565 τινές
609 2528 705 2568 εἰσιν,
724 2529 746 2564 ἡ
769 2526 829 2571 μὲν
854 2526 1084 2572 ψυχρότητος,
1110 2528 1131 2564 ἣ
1156 2523 1195 2560 δὲ
1219 2526 1289 2573 oep-

275 2574 447 2626 μόητος.
474 2573 512 2604 Εἰ
539 2571 595 2605 οῦν
615 2574 632 2605 ὁ
655 2569 867 2617 κρύσταλλός
892 2573 967 2605 ἐστι
993 2570 1092 2612 πῆξις
1111 2573 1215 2619 ὑγροῦ
1232 2568 1288 2616 ψυ-

246 2623 270 2658 sp
311 2623 314 2628 ’
345 2620 379 2660 ῦ,
397 2620 455 2650 παὶ
473 2617 515 2650 τὸ
537 2618 602 2662 πῦρ
628 2617 730 2649 ἔσται
754 2616 970 2662 ζέσιςξηροῦ
987 2616 1122 2662 θερμοῦ.
1150 2617 1207 2650 Διὸ
1230 2619 1289 2649 καὶ

222 2671 223 2676 ’
266 2658 382 2697 ”ου3ε“ν
408 2662 481 2695 οὔτ’
504 2663 540 2694 ἐκ
563 2661 776 2706 κρυστάλλου
801 2663 960 2708 γίγνεται
986 2661 1057 2694 οὔτ’
1087 2662 1124 2694 ἐκ
1150 2661 1263 2707 πυρός.

206 2706 339 2742 Ὄντων
368 2702 407 2740 δὲ
439 2706 620 2752 τεττάρων
653 2707 720 2739 τῶν
751 2707 867 2747 διπλῶν
899 2705 1092 2751 σωμοίτων,
1126 2705 1288 2751 ἑκάτερον

251 2755 356 2790 ’,τοῖν
380 2751 473 2793 δυοῖν
498 2750 604 2784 ἑκατέ
625 2762 662 2783 ου
687 2751 755 2784 τῶν
777 2750 894 2784 τόπων
912 2752 1023 2784 ἐστίν·
1050 2751 1115 2795 πῦρ
1140 2751 1200 2796 μὲν
1222 2751 1288 2797 γάρ

263 2798 343 2830 ’καὶ
375 2795 440 2842 ἀήρ
464 2797 530 2830 τοῦ
554 2800 634 2842 προς
663 2795 723 2829 τὸν
757 2794 832 2840 ὅρον
862 2795 1063 2841 φερομένου,
1089 2796 1135 2842 γῆ
1160 2791 1198 2828 δέ
1229 2797 1288 2827 καὶ

284 2838 370 2887 ὕδωρ
396 2841 460 2874 τοῦ
485 2840 566 2886 πρός
591 2841 633 2874 τὸ
658 2839 773 2885 μέσον.
800 2841 868 2873 Καὶ
893 2841 979 2886 ἄκρα
997 2839 1056 2884 μὲν
1080 2841 1140 2872 καὶ
1157 2841 1290 2880 εἱλικρι-

282 2885 440 2927 νέάτσιτα
458 2886 524 2929 πῦρ
539 2886 599 2918 καὶ
615 2886 676 2932 γῆ,
695 2884 784 2929 μέσοι
808 2883 849 2918 δέ
871 2887 930 2918 καὶ
948 2884 1140 2931 μεμιγμένα
1158 2885 1288 2929 μᾶλλον

283 2926 370 2974 ὕδὼρ·
394 2932 452 2962 καὶ
472 2929 549 2974 ἀήρ.
576 2930 642 2962 Καὶ
661 2929 812 2974 ἑκάτερα
831 2929 1006 2975 ἑκατέροις
1024 2930 1186 2962 ἐναντία·
1212 2931 1289 2972 πυρὶ

267 2975 432 3032 ’μὲνγὰρ
458 2975 612 3008 ἐναντίον
638 2971 738 3019 ὕδωρ,
767 2973 839 3018 ἀέρι
864 2970 902 3007 δὲ
926 2975 990 3021 γῆ·
1017 2975 1137 3007 ταῦτα
1161 2974 1226 3020 γάρ
1251 2973 1289 3006 ἐκ

284 3021 540 3062 τῶνεναντίών
565 3018 781 3063 παθημάτων
806 3018 1022 3056 συνέστηκεν.

214 3064 263 3097 Οὐ
279 3064 346 3110 μῆν
365 3065 439 3098 ’ἀλλ’
459 3065 576 3102 ἅπλῶς
591 3075 631 3110 γε
653 3063 812 3108 τέτταρα
831 3064 917 3097 ὄντα
943 3063 1014 3101 ἐνὸς
1033 3061 1181 3096 ἕκαστόν
1200 3063 1287 3103 ἐστι,

281 3110 328 3156 γῆ
359 3108 419 3154 μέν
452 3108 716 3153 ξηροῦμᾶλλον
746 3107 770 3144 ἦ
790 3106 941 3154 ψυχροῦ,
975 3103 1061 3151 ὕδωρ
1093 3103 1131 3140 δέ
1163 3106 1288 3151 ψυχροῦ

311 3155 412 3187 ἄλλον
430 3152 460 3190 ’ἥ
481 3153 598 3200 ὑγροῦ,
619 3151 684 3196 ἀήρ
702 3147 732 3184 δ’
754 3154 856 3199 ὑγροῦ
873 3153 1003 3196 μᾶλλον
1025 3151 1046 3189 ἦ
1067 3151 1204 3196 θερμοῦ,
1223 3152 1287 3195 πῦρ

306 3198 320 3230 ε’
345 3198 467 3243 θερμοῦ
492 3198 622 3242 μᾶλλον
647 3196 669 3234 ἦ
695 3196 810 3238 ξηροῦ.

580 1279 633 1324 θερ
662 1280 700 1311 ὂν
728 1280 786 1311 καὶ
812 1278 913 1324 ύγρόν
939 1278 1030 1322 (οἱον
1056 1279 1158 1323 ἀτμὶς
1181 1278 1245 1324 γοίρ
1274 1278 1290 1309 ὀ

351 3310 392 3326 v.
412 3309 418 3316 .
440 3298 457 3322 ,ι
472 3293 627 3335 ostquam
644 3283 870 3327 Philosophus
893 3281 1123 3316 determinavit
1138 3281 1179 3314 de
1196 3281 1284 3326 prin-

296 3341 299 3349 =
340 3353 358 3361 f,
385 3326 391 3329 ’
428 3326 450 3359 Σ-.
473 3329 567 3373 εἱρίιε
591 3327 844 3367 elementorum,
868 3325 992 3359 scilicet
1013 3325 1053 3359 de
1073 3325 1231 3358 materiali
1252 3334 1284 3358 et

342 3369 345 3376 “
366 3374 387 3388 ”
418 3383 458 3416 υ,
472 3371 614 3412 formali,
638 3371 692 3404 hic
716 3371 911 3404 determinat
934 3369 974 3403 de
998 3381 1139 3402 numero
1157 3381 1283 3402 eorum.

413 3439 417 3442 »
439 3416 455 3455 >2
473 3417 516 3450 Et
531 3416 616 3449 circa
632 3415 696 3448 hoc
716 3415 783 3448 duo
800 3414 890 3448 facit:
908 3415 1016 3458 primo
1033 3413 1227 3447 determinat
1244 3412 1284 3446 de

417 3464 440 3476 ¹'‘
473 3471 614 3493 numero
646 3468 781 3499 eorum;
805 3458 952 3492 secundo
977 3469 1053 3491 cum
1077 3458 1111 3490 in
1136 3457 1284 3502 quolibet

217 3506 382 3540 elemento
399 3505 464 3537 sint
488 3504 571 3538 duae
596 3503 786 3548 qualitates,
811 3501 955 3536 ostendit
980 3503 1013 3534 in
1031 3501 1177 3546 quolibet
1201 3513 1284 3545 quae

218 3550 356 3595 qualitas
380 3549 570 3583 dominetur
585 3549 620 3581 in
636 3560 688 3588 eo,
703 3547 765 3581 ibi:
783 3547 839 3581 Sed
854 3554 957 3580 tamen
972 3546 1144 3591 simpliciter
1155 3552 1286 3590 quatuor

218 3595 299 3628 entia
314 3596 331 3615 *
347 3602 408 3628 etc.
427 3594 523 3628 Circa
540 3593 684 3637 primum
702 3592 770 3626 duo
786 3591 879 3624 facit:
906 3591 1013 3635 primo
1031 3590 1148 3634 probat
1171 3601 1285 3622 nume-

1345 882 1362 901 *
1385 882 1550 920 Quoniam
1573 889 1681 913 autem
1704 891 1843 924 quatuor
1870 891 1944 916 sunt
1968 886 2140 927 elementa,
2171 896 2284 917 eorum
2307 893 2414 917 autem

1412 934 1552 967 quatuor
1575 937 1627 957 sex
1650 928 1899 968 coniugationes‚
1917 930 2071 960 contraria
2094 937 2202 961 autem
2218 941 2284 961 non
2307 931 2415 962 innata

1411 978 1486 1003 sunt
1509 971 1660 1011 coniungi
1677 969 1830 1014 (calidum
1854 973 1938 1003 enim
1962 981 1992 1005 et
2018 974 2169 1014 frigidum
2190 985 2256 1009 esse
2279 975 2366 1006 idem
2385 983 2415 1006 et

1412 1025 1520 1046 rursus
1543 1016 1713 1046 humidum
1744 1024 1774 1047 et
1796 1017 1915 1048 siccum
1946 1017 2180 1061 impossibile),
2209 1019 2414 1050 manifestum

1412 1067 1468 1098 est,
1479 1060 1635 1101 quoniam
1651 1068 1790 1101 quatuor
1804 1069 1896 1092 erunt
1911 1062 2143 1094 elementorum
2158 1063 2412 1103 coniugationes:

1412 1105 1551 1135 calidum
1575 1111 1606 1135 et
1621 1104 1751 1142 siccum,
1768 1112 1798 1136 et
1822 1105 1961 1136 calidum
1984 1113 2015 1137 et
2037 1107 2228 1146 humidum,
2253 1115 2284 1139 et
2305 1118 2414 1139 rursus

1412 1148 1562 1189 frigidum
1585 1155 1617 1179 et
1638 1149 1820 1187 humidum,
1841 1157 1872 1182 et
1894 1150 2043 1190 frigidum
2068 1159 2099 1182 et
2121 1152 2251 1183 siccum.
2268 1153 2310 1183 Et
2331 1163 2413 1184 asse-

1412 1200 1523 1224 cutum
1547 1200 1593 1224 est
1616 1193 1678 1224 hoc
1702 1194 1878 1225 secundum
1906 1195 2062 1226 rationem
2090 1196 2285 1236 simplicibus
2316 1207 2412 1238 appa-

1411 1238 1552 1268 rentibus
1572 1238 1769 1278 corporibUS‚
1785 1238 1850 1278 igni
1867 1246 1898 1270 et
1913 1239 1975 1270 aeri
1992 1246 2022 1270 et
2037 1246 2135 1270 terrae
2152 1247 2183 1271 et
2198 1249 2316 1282 aquae3
2332 1241 2413 1282 ignis

1411 1282 1498 1312 enim
1521 1282 1640 1313 calidus
1664 1289 1695 1313 et
1717 1282 1834 1322 siccus,
1858 1293 1910 1313 aer
1933 1290 2040 1314 autem
2064 1285 2183 1315 calidus
2208 1292 2238 1315 et
2260 1285 2412 1316 humidus

1411 1324 1514 1369 (velut
1535 1327 1718 1367 evaporatio
1742 1327 1827 1357 enim
1851 1326 1928 1370 aer),
1945 1338 2027 1369 aqua
2043 1336 2150 1359 autem
2173 1329 2284 1369 frigida
2307 1336 2337 1361 et
2353 1330 2412 1360 hu-

1411 1371 1497 1401 mida
1510 1394 1518 1408 ,
1543 1378 1624 1401 terra
1655 1378 1762 1402 autem
1793 1371 1903 1411 frigida
1934 1379 1965 1403 et
1999 1373 2099 1411 sicca,
2123 1380 2160 1404 ut
2188 1373 2413 1405 rationabiliter

1411 1415 1638 1446 distribuantur
1653 1415 1841 1446 differentiae
1858 1416 1967 1456 primis
1982 1417 2179 1457 corporibus,
2196 1425 2226 1448 et
2238 1418 2412 1450 multitudo

1412 1469 1525 1490 eorum
1548 1460 1588 1490 sit
1610 1461 1787 1491 secundum
1809 1460 1975 1491 rationem.

1343 1504 1361 1523 '⁸‘
1384 1504 1507 1535 Omnes
1531 1504 1617 1534 enim
1632 1504 1763 1545 quidem
1786 1504 1842 1545 qui
1858 1504 2013 1545 simplicia
2037 1515 2169 1545 corpora
2187 1506 2344 1537 ‘elementa
2367 1507 2412 1537 fa-
2442 1517 2450 1525 ·

1412 1549 1500 1579 ciunt
1522 1548 1555 1578 hi
1571 1549 1703 1589 quidem
1719 1559 1833 1587 unum,
1850 1549 1882 1578 hi
1899 1556 2006 1579 autem
2025 1549 2103 1588 duo,
2120 1549 2152 1580 hi
2172 1557 2279 1581 autem
2295 1551 2363 1590 tria,
2379 1551 2411 1582 hi

1411 1599 1520 1623 autem
1535 1599 1674 1634 quatuor
1690 1593 1819 1624 faciunt.
1834 1593 2039 1634 Quicumque
2054 1594 2185 1635 quidem
2198 1594 2293 1634 igitur
2309 1606 2412 1626 unum

1412 1637 1522 1668 dicunt
1537 1638 1655 1676 solum,
1680 1637 1793 1668 deinde
1810 1637 1961 1668 densitate
1981 1645 2011 1668 et
2034 1638 2156 1669 raritate
2173 1639 2232 1669 alia
2251 1647 2411 1679 generant,

1411 1682 1460 1712 his
1477 1680 1631 1722 contingit
1649 1682 1715 1712 duo
1732 1681 1832 1712 facere
1855 1682 2019 1722 principia,
2035 1693 2140 1713 rarum
2159 1690 2189 1714 et
2208 1684 2345 1714 densum
2358 1693 2412 1715 aut

1412 1726 1552 1757 calidum
1576 1733 1606 1758 et
1629 1726 1794 1767 frigidum:
1818 1726 1895 1757 haec
1926 1726 2011 1757 enim
2035 1727 2150 1766 activa,
2174 1738 2277 1758 unum
2304 1735 2412 1760 autem

1412 1771 1606 1812 supponitur
1626 1770 1725 1801 veluti
1747 1770 1885 1801 materia.
1910 1770 1928 1790 *
1951 1771 2016 1809 Qui
2039 1779 2148 1802 autern
2177 1782 2254 1803 mox
2277 1773 2342 1803 duo
2366 1773 2412 1804 fa-

1412 1816 1511 1854 ciunt,
1525 1822 1560 1846 ut
1574 1815 1776 1846 Parmenides
1788 1815 1894 1855 ignem
1909 1822 1940 1846 et
1953 1822 2079 1854 terram,
2090 1816 2229 1847 mediam
2242 1817 2412 1848 mixturam

1412 1860 1532 1891 faciunt
1547 1860 1675 1898 horum,
1692 1866 1770 1900 puta
1786 1869 1891 1890 aerem
1908 1867 1937 1890 et
1956 1870 2084 1900 aquam.
2100 1860 2117 1879 *
2133 1860 2283 1892 Similiter
2305 1869 2412 1893 autem

1411 1912 1442 1936 et
1456 1905 1511 1946 qui
1528 1905 1587 1936 tria
1601 1905 1721 1942 dicunt,
1741 1904 2017 1945 quemadmodum
2032 1905 2122 1935 Plato
2138 1905 2171 1935 in
2187 1905 2411 1937 divisionibus:

1411 1949 1555 1980 medium
1575 1949 1662 1980 enim
1681 1949 1851 1979 mixturam
1868 1948 1950 1979 facit.
1970 1949 2011 1980 Et
2027 1949 2090 1980 fere
2106 1949 2217 1980 eadem
2232 1950 2341 1981 dicunt
2355 1951 2412 1992 qui

1412 1994 1478 2024 duo
1503 2001 1533 2025 et
1556 1994 1612 2035 qui
1635 1994 1693 2025 tria
1716 1993 1840 2031 dicunt,
1865 2000 2085 2034 praeterquam
2116 1994 2204 2034 quod
2225 1994 2258 2024 hi
2281 1995 2412 2036 quidem

1411 2038 1556 2070 incidunt
1570 2039 1602 2069 in
1623 2038 1688 2069 duo
1704 2038 1858 2077 medium,
1874 2037 1907 2068 hi
1921 2044 2028 2068 autem
2043 2048 2146 2069 unum
2162 2039 2269 2069 solum
2283 2039 2411 2071 faciunt.

1343 2128 1484 2168 Quidam
1513 2134 1621 2158 autem
1645 2133 1676 2158 et
1698 2136 1774 2157 mox
1802 2134 1941 2168 quatuor
1973 2126 2101 2165 dicunt,
2132 2134 2168 2158 ut
2189 2127 2410 2169 Empedocles.

1410 2172 1592 2212 Congregat
1615 2178 1720 2202 autem
1746 2178 1776 2202 et
1791 2171 1868 2202 haec
1883 2171 1916 2201 in
1932 2171 2013 2201 duo:
2038 2171 2102 2211 igni
2119 2171 2205 2202 enim
2220 2172 2329 2203 omnia
2351 2173 2412 2204 alia

1410 2216 1622 2257 contraponit.
1637 2215 1655 2235 *
1670 2216 1744 2246 Non
1764 2223 1810 2246 est
1825 2223 1933 2246 autem
1949 2215 2030 2255 ignis
2046 2222 2077 2246 et
2093 2225 2145 2246 aer
2159 2223 2190 2246 et
2204 2218 2411 2258 unumquod—

1410 2271 1474 2304 que
1497 2260 1732 2301 praedictorum
1756 2260 1900 2300 simplex,
1925 2260 1980 2290 sed
2003 2260 2149 2291 mixtum.
2170 2260 2332 2301 Simplicia
2355 2272 2411 2292 au-

1410 2312 1475 2336 tem
1497 2305 1571 2336 talia
1587 2305 1719 2347 quidem
1738 2312 1822 2342 sunt,
1839 2315 1905 2335 non
1928 2311 2035 2335 tamen
2054 2305 2182 2335 eadem:
2205 2306 2292 2336 verbi
2313 2306 2412 2346 gratia

1409 2350 1499 2391 quod
1522 2356 1569 2380 est
1586 2349 1652 2389 igni
1675 2349 1789 2387 simile,
1812 2349 1954 2389 igneum,
1978 2359 2044 2379 non
2067 2349 2160 2389 ignis,
2184 2357 2214 2380 et
2232 2351 2321 2391 quod
2337 2350 2410 2389 aeri,

1410 2401 1552 2426 aereum:
1569 2393 1711 2425 similiter
1728 2400 1836 2424 autem
1852 2401 1882 2424 et
1897 2393 1930 2424 in
1946 2393 2023 2424 aliis.
2041 2393 2058 2412 *
2074 2394 2156 2433 Ignis
2173 2400 2280 2425 autem
2296 2401 2343 2425 est
2358 2405 2410 2425 su-

1408 2438 1660 2479 perabundantia
1682 2438 1855 2476 caliditatis,
1878 2438 2155 2479 quemadmodum
2177 2445 2208 2469 et
2222 2439 2336 2478 glacies
2358 2439 2411 2470 fri-

1409 2483 1557 2524 giditatis.
1575 2482 1766 2523 Coagulatio
1790 2482 1923 2524 quidem
1945 2490 1976 2514 et
1999 2483 2082 2514 arsio
2105 2483 2411 2523 superabundantiae

1409 2529 1566 2569 quaedam
1591 2534 1676 2566 sunt,
1699 2527 1752 2558 illa
1767 2527 1900 2568 quidem
1922 2527 2108 2567 frigiditatis,
2131 2527 2209 2558 haec
2232 2535 2339 2558 autem
2363 2538 2412 2559 ca-

1409 2572 1548 2604 liditatis.
1564 2572 1597 2603 Si
1611 2572 1706 2612 igitur
1720 2572 1834 2612 glacies
1851 2578 1898 2603 est
1913 2572 2091 2612 coagulatio
2107 2571 2211 2611 frigidi
2230 2579 2262 2602 et
2275 2572 2411 2612 humidi,

1410 2626 1441 2650 et
1456 2617 1537 2658 ignis
1556 2617 1614 2648 erit
1629 2616 1711 2647 arsio
1727 2615 1819 2648 calidi
1837 2623 1868 2647 et
1890 2616 1972 2647 sicci.
1991 2614 2067 2647 Ideo'
2082 2616 2161 2647 nihil
2176 2626 2280 2658 neque
2297 2627 2334 2648 ex
2347 2617 2412 2658 gla-

1410 2663 1457 2695 cie
1480 2668 1647 2702 generatur
1669 2671 1773 2702 neque
1797 2671 1834 2692 ex
1856 2661 1938 2702 igne.

1342 2710 1360 2729 *
1382 2707 1519 2740 Entibus
1542 2713 1650 2737 autem
1673 2713 1812 2749 quatuor
1833 2705 2030 2746 simplicibus
2058 2705 2254 2755 corporibuS,
2272 2706 2412 2737 duorum
2440 2718 2447 2726 ·

1410 2751 1536 2792 utrique
1559 2750 1706 2791 priorum
1735 2757 1799 2789 est;
1829 2750 1911 2790 ignis
1942 2749 2072 2790 quidem
2095 2760 2181 2780 enirn
2205 2757 2235 2780 et
2263 2760 2315 2781 aer
2344 2750 2411 2781 eius

1410 2796 1467 2838 qui
1491 2795 1530 2826 ad
1553 2794 1727 2826 terminum
1744 2794 1858 2833 fertur,
1883 2804 1966 2835 aqua
1989 2801 2096 2824 autem
2120 2801 2150 2825 et
2165 2801 2246 2825 terra
2269 2794 2336 2825 eius
2354 2795 2410 2836 qui

1411 2841 1451 2871 ad
1467 2839 1621 2871 medium.
1638 2839 1679 2870 Et
1694 2845 1832 2869 extrema
1846 2838 1977 2879 quidem
1997 2846 2027 2869 et
2043 2838 2162 2869 sincera
2177 2838 2258 2878 ignis
2276 2845 2307 2870 et
2320 2845 2410 2877 terra,

1410 2885 1516 2916 media
1543 2887 1653 2914 ‘autem
1685 2883 1783 2914 mixta
1810 2883 1910 2923 magis
1941 2893 2023 2924 aqua
2053 2889 2083 2913 et
2115 2892 2176 2913 aer.
2208 2882 2248 2913 Et
2278 2889 2412 2924 utraque

1410 2929 1553 2969 utrisque
1570 2928 1740 2958 contraria:
1757 2927 1822 2967 igni
1835 2927 1967 2968 quidem
1984 2927 2069 2957 enirn
2085 2934 2131 2957 est
2147 2926 2301 2957 contraria
2317 2937 2410 2967 aqua,

1412 2974 1474 3005 aeri
1498 2980 1606 3003 autem
1629 2979 1726 3010 terra;
1750 2972 1827 3002 haec
1850 2971 1936 3002 enim
1960 2982 1997 3002 ex
2021 2971 2182 3002 contrariis
2211 2971 2411 3010 passionibus

1412 3018 1583 3049 constituta
1606 3023 1689 3047 sunt.

1343 3063 1362 3082 ‘¹‘
1386 3063 1447 3094 Sed
1470 3069 1577 3093 tamen
1601 3060 1783 3101 simpliciter
1806 3066 1945 3100 quatuor
1971 3058 2054 3090 entia
2077 3059 2172 3090 unius
2205 3060 2411 3100 unumquod-

1411 3117 1474 3147 que
1498 3113 1554 3136 est.
1578 3106 1676 3135 Terra
1706 3104 1791 3135 enim
1822 3103 1895 3134 sicci
1922 3103 2021 3144 magis
2052 3113 2151 3144 quam
2174 3103 2296 3144 frigidi,
2328 3114 2411 3145 aqua

1410 3157 1518 3181 autem
1542 3149 1644 3189 frigidi
1667 3148 1767 3188 magis
1790 3158 1889 3188 quam
1916 3147 2058 3185 humidi,
2082 3157 2135 3178 aer
2157 3154 2265 3180 autem
2287 3148 2411 3179 humidi

1411 3194 1512 3234 magis
1523 3203 1622 3234 quam
1639 3193 1740 3232 calidi,
1755 3192 1836 3232 ignis
1856 3198 1964 3223 autem
1981 3191 2071 3222 calidi
2090 3191 2190 3232 magis
2207 3202 2305 3232 quam
2327 3192 2410 3224 sicci.

1339 3291 1413 3313 rum
1438 3279 1693 3319 elementorum;
1717 3277 1864 3312 secundo
1884 3277 2055 3311 confirmat
2078 3278 2204 3312 dictum
2227 3291 2327 3313 suum
2353 3292 2411 3323 per

1340 3324 1515 3368 opiniones
1539 3323 1691 3363 aliorum,
1714 3322 1780 3356 ibi:
1808 3322 1920 3357 Omnes
1943 3323 2022 3356 enim
2045 3323 2164 3367 quidem
2186 3324 2241 3368 qui
2262 3324 2411 3369 simplicia

1340 3375 1466 3413 corpora
1487 3367 1503 3384 *
1526 3376 1588 3400 etc.

1397 3411 1450 3445 Ad
1474 3411 1671 3445 evidentiam
1695 3412 1819 3455 primae
1843 3412 1942 3455 partis
1967 3411 2137 3445 sciendum
2157 3420 2216 3453 est,
2238 3412 2328 3457 quod
2344 3412 2408 3446 ele-

1340 3465 1491 3489 mentum
1512 3456 1732 3489 communiter
1748 3465 1919 3500 sumptum
1937 3464 2046 3499 potest
2058 3455 2122 3489 dici
2135 3467 2234 3490 omne
2253 3457 2343 3501 quod
2355 3470 2409 3490 ve-

1342 3501 1390 3533 nit
1413 3501 1447 3533 in
1467 3501 1744 3544 compositlonem
1768 3499 1915 3533 alicuius.
1940 3500 1998 3533 Est
2027 3501 2116 3533 enim
2143 3500 2344 3534 elementum
2370 3514 2409 3534 ex

1365 3556 1409 3578 uo
1434 3545 1646 3588 componitur
1661 3544 1702 3577 ali
1728 3544 1784 3577 uid
1823 3545 1908 3578 rimo
1925 3553 1958 3578 et
1972 3553 2020 3578 est
2044 3545 2078 3578 in
2094 3556 2146 3584 eo,
2168 3554 2204 3578 ut
2231 3545 2349 3579 dicitur
2374 3546 2407 3578 in

1342 3557 1374 3622 Z!
1395 3589 1565 3634 Metaphys.
1590 3589 1698 3622 Secun
1722 3600 1779 3621 um
1800 3556 1870 3622 {roc
1898 3600 1976 3633 ergo
2001 3589 2164 3623 sumendo
2189 3590 2408 3623 communiter

2335 234 2418 258 XXXI

2443 892 2466 940 :6
2503 898 2526 920 p.
2537 899 2570 915 ιιι.
2585 893 2655 916 Text.

2464 1515 2532 1537 Text.
2548 1522 2578 1543 ¹7·

2441 1783 2449 1791 ·
2464 1781 2532 1803 Text.
2548 1782 2579 1804 18.

2441 1871 2448 1878 ·
2464 1869 2532 1891 Text.
2547 1875 2579 1896 ¹9-

2440 2226 2447 2233 ·
2462 2224 2530 2245 Text.
2546 2229 2583 2245 20.

2439 2402 2447 2411 ‘
2462 2401 2530 2423 Text.
2544 2406 2574 2422 21.

2463 2716 2532 2738 Text.
2547 2722 2581 2737 22.

2441 3066 2449 3074 '
2465 3064 2535 3086 Text.
2550 3070 2584 3093 23.

2438 3377 2446 3385 ⁶
2462 3376 2533 3397 Num.
2550 3383 2598 3404 seq.
