2782 4134
1138 272 1249 309 CAP.
1279 273 1332 319 X,
1363 271 1516 309 LECT.
1546 272 1654 308 XXII

829 507 1134 564 LECTIO
1172 508 1979 565 VIGESIMASECUNDA

916 669 1146 701 OPINIONES
1170 669 1370 700 ALIORUM
1395 669 1528 700 CIRCA
1551 670 1868 708 QUAESTIONEM
1944 700 1958 713 χ,

470 730 531 761 ΑΝ
553 727 735 760 MUNDUS
758 727 825 766 SIT
849 727 1038 758 GENITUS
1061 727 1147 758 VEL
1171 726 1422 765 1NGEN1TUS,
1447 726 1778 759 CORRUPTIBILIS
1801 729 1886 760 VEL
1911 728 2285 760 INCORRUPTIBILIS
2309 746 2327 751 -

844 784 1130 816 IMPROBATUR
1157 784 1330 815 DUABUS
1359 784 1622 815 RATIONIBUS
1651 786 1786 816 PRIMA
1813 786 1960 818 OPINIO

297 929 436 964 Τούτων
462 923 500 961 δὲ
525 923 748 973 διωρισμένων
780 925 932 974 λέγωμεν
967 927 1058 972 μετα
1083 927 1203 959 ταῦτα
1229 926 1373 972 πότερον

367 973 534 1021 ἀγένητος
560 971 581 1009 ἦ
606 971 749 1019 γενητὸς
775 974 833 1004 καὶ
862 970 1032 1017 αφθαρτος
1060 970 1081 1008 ἦ
1107 970 1268 1016 φθαρτός,
1288 967 1376 1014 διεξ-

365 1018 520 1056 ελθόντες
546 1017 711 1062 πρότερον
738 1017 801 1055 τοὶς
827 1017 894 1049 τῶν
922 1015 1032 1049 ἄλλων
1059 1015 1259 1060 ὑπολήψεις·

299 1111 334 1142 αἱ
358 1108 424 1155 γοίρ
450 1108 517 1140 τῶν
543 1107 706 1140 ἐναντίων
734 1101 925 1147 ἀποδείξεις
945 1103 1085 1149 ἀπορίαι
1103 1107 1177 1149 περὶ
1195 1106 1261 1139 τῶν
1281 1106 1374 1138 ἐναν-

366 1155 448 1185 τίων
473 1152 569 1185 εἰσίν.

290 1194 458 1244 “Ay-473}
470 1197 530 1229 καὶ
554 1196 685 1241 μᾶλλον
714 1194 752 1228 ἂν
779 1196 828 1232 εἴη
855 1195 967 1228 πισταὶ
991 1195 1040 1227 τοὶ
1059 1194 1234 1239 μέλλοντα
1250 1194 1374 1240 λεχθή-

286 1243 331 1253 ”’
349 1239 484 1274 ’σεσθαι
510 1239 742 1286 προακηκοόσι
765 1239 815 1272 τοὶ
843 1241 910 1273 τῶν
933 1238 1241 1285 ἀμφισβητούντων
1262 1239 1373 1286 λόγων

329 1302 331 1304 ·
365 1282 610 1330 δικαιώματα·
1039 1294 1044 1301 ’

299 1333 341 1367 τὸ
365 1332 431 1378 γαὶρ
457 1330 584 1375 ἐρήμην
615 1323 916 1372 καταδικάζω-θαι
947 1323 1058 1360 δοκεῖν
1091 1327 1201 1365 ἦττον
1229 1327 1268 1360 ἂν
1294 1329 1373 1372 ἡμῖν

366 1375 536 1422 ὗποίρχοι·
559 1376 620 1407 καὶ
635 1374 701 1420 γαρ
718 1370 771 1406 δεῖ
789 1371 976 1411 διαιτητὰς
999 1372 1075 1406 ἀλλ’
1097 1373 1158 1406 οὐκ
1181 1369 1374 1411 ἀντιδίκους

365 1419 453 1454 εἶναι
477 1421 558 1458 τούς
582 1418 773 1464 μέλλοντας
800 1417 947 1456 τάληθὲς
971 1420 1092 1462 κρίνειν
1117 1419 1251 1456 ἱκανῶς.

297 1466 479 1522 Γενόμενον
505 1465 563 1510 μὲν
590 1462 648 1497 οὖν
675 1462 828 1501 ἅπαντες
854 1459 939 1495 εἷναί
965 1473 1088 1507 φασιν,

299 1512 392 1546 ἄλλα
415 1509 595 1557 γενόμενον
629 1511 658 1541 οἱ
689 1508 748 1553 μὲν
783 1502 911 1548 ἀΐδιον,
947 1509 975 1539 οἱ
1007 1501 1045 1538 δέ
1078 1506 1228 1551 φθαρτόν
1261 1507 1354 1540 ὥσπε

367 1555 482 1588 ὁτιοῦν
505 1554 588 1586 ἄλλο
614 1554 682 1586 τῶν
709 1551 804 1597 φύσει
829 1549 1097 1596 συνισταμένων,
1118 1554 1146 1584 οἱ
1172 1547 1203 1583 δ’
1225 1550 1373 1594 ἐναλλοὶς

367 1599 427 1633 ὁτὲ
451 1598 511 1644 μὲν
536 1597 645 1635 οὕτως
673 1597 733 1629 ὁτὲ
756 1591 795 1629 δὲ
821 1596 931 1634 ἄλλως
957 1596 1047 1652 ἔχειν
1069 1595 1296 1642 φθειρόμενον,
1315 1600 1373 1630 καὶ

366 1645 475 1678 τοῦτο
501 1643 554 1676 ἀεὶ
586 1637 759 1676 διατελεῖν
791 1640 920 1682 οὕτως,
954 1653 1066 1684 ωσπερ
1093 1637 1330 1685 Ἐμπεδοκλῆς
1358 1643 1374 1675 ὀ

359 1690 628 1735 ’Δκραγαντῖνος
653 1688 713 1720 καὶ
734 1685 957 1732 Ἡράκλειτος
983 1687 1000 1718 ὁ
1019 1685 1186 1730 Ἐφέσιος.

298 1778 345 1812 Τό
369 1778 430 1824 μὲν
463 1774 519 1810 οὖν
544 1775 703 1824 γενέσθαι
735 1775 795 1820 μὲν
831 1769 939 1808 ἀίδιον
974 1769 1003 1806 δ’
1033 1774 1119 1820 ὅμως
1153 1772 1238 1808 εἶναι
1270 1775 1375 1821 φοίναι

367 1823 434 1856 τῶν
469 1818 661 1860 ἀῗυνοίτων.
696 1819 797 1853 Μόνα
828 1819 893 1867 γοὶρ
928 1820 1048 1852 ταῦτα
1077 1819 1194 1853 θετέον
1227 1821 1373 1868 εὐλόγως

367 1867 432 1901 ὅσα
457 1867 512 1900 ἐπὶ
538 1867 672 1899 πολλῶν
698 1864 720 1902 ἦ
746 1864 887 1897 πάντων
913 1865 1038 1909 ὁρῶμεν
1061 1864 1278 1911 ὑπάρχοντα,
1301 1868 1374 1911 περὶ

365 1908 407 1945 δὲ
432 1910 563 1945 τούτου
593 1911 771 1954 συμβαίνει
803 1910 1028 1943 τούναντίον·
1056 1908 1201 1943 ἅπαντα
1233 1911 1298 1958 γάρ
1329 1911 1375 1944 τοὶ

366 1956 528 2004 γινόμενα
552 1957 612 1988 καὶ
636 1954 838 2000 φθειρόμενα
861 1956 1035 1998 φαίνεται.

291 2003 370 2036 Ἔτι
394 1997 432 2034 δὲ
458 2001 499 2035 τὸ
522 2001 571 2045 μή
597 2001 676 2046 ἔχον
703 1998 811 2054 ἀρχήν
838 2000 901 2032 τοῦ
926 1994 986 2031 ὠδὶ
1013 1999 1116 2044 ἔχειν,
1140 2000 1217 2032 ἀλλ’
1247 1994 1374 2033 ἀδύνα-

366 2058 427 2080 τον
454 2045 562 2084 ἄλλως
590 2045 678 2093 ἔχειν
705 2056 870 2088 προτερον
897 2044 956 2077 τᾶν
985 2042 1130 2076 ἅπαντα
1152 2044 1274 2086 αἰῶνα,
1295 2039 1376 2078 ἀδύ-

366 2103 472 2124 νατον
504 2092 563 2123 καὶ
588 2088 842 2134 μεταβάλλειν·
869 2088 969 2122 ἔσται
995 2088 1060 2135 γάρ
1087 2101 1121 2121 τι
1148 2091 1277 2131 αἴτιον,
1304 2090 1320 2122 ὃ
1346 2090 1374 2122 εἰ

367 2137 500 2180 ὑπῆρχε
533 2134 718 2180 πρότερον,
745 2129 894 2166 δυνατὸν
929 2133 968 2166 ἂν
1001 2131 1041 2171 ’ἦν
1076 2133 1185 2172 ἄλλως
1218 2133 1306 2180 ἔχειν
1332 2135 1374 2167 τὸ

369 2176 543 2214 ἀδύνατον
575 2179 685 2217 ἄλλως
715 2178 816 2224 ἔχειν.
856 2179 892 2210 Εἰ
923 2173 962 2210 δὲ
995 2177 1159 2222 πρότερον
1196 2177 1230 2219 ἑξ
1265 2179 1374 2217 ἄλλως

367 2223 519 2271 ἑχόντων
544 2223 690 2261 συνέστη
717 2225 734 2255 ὁ
757 2222 900 2267 κόσμος,
927 2224 955 2254 εἰ
980 2223 1040 2267 μὲν
1067 2223 1119 2255 ἀεὶ
1145 2221 1254 2261 οὕτως
1281 2221 1377 2268 ἑχόν-

367 2281 435 2303 των
459 2270 518 2301 καὶ
545 2264 725 2302 ἀδυνάτων
753 2267 862 2305 ἄλλως
887 2267 990 2312 ἔχειν,
1011 2267 1072 2300 οὐκ
1098 2266 1138 2300 ἂν
1158 2265 1308 2313 ἐγένετο.
1336 2269 1374 2300 Εἰ

366 2309 405 2346 δὲ
433 2313 592 2361 γέγονεν,
629 2311 761 2359 ἀνάγκη
794 2308 957 2350 δηλονότι
988 2313 1132 2346 κάκεῖνα
1163 2307 1300 2345 δυνατοὶ
1332 2309 1375 2344 εἶ-

366 2371 423 2391 ναι
451 2359 560 2396 ἄλλως
593 2358 680 2404 ἔχειν
705 2359 764 2390 καὶ
789 2357 837 2402 μη“
864 2357 916 2390 ἀεὶ
941 2356 1049 2395 οὕτως
1075 2357 1177 2402 ἔχειν,
1204 2356 1292 2390 ὥστε
1317 2359 1375 2389 καὶ

365 2404 567 2436 συνεστῶτα
591 2398 841 2439 διαλυθήσεται
871 2404 929 2434 καὶ
961 2397 1192 2444 διαλελυμένα
1229 2401 1373 2439 συνέστη

367 2447 567 2493 ἔμπροσθεν,
589 2449 648 2480 καὶ
674 2448 770 2481 τοῦτ’
794 2446 970 2491 ἀπειράκις
996 2446 1018 2484 ἦ
1045 2446 1151 2484 οὕτως
1173 2443 1262 2491 εἶχεν
1281 2445 1302 2483 ’ἢ
1319 2442 1376 2478 δυ-

367 2493 474 2527 νατὸν
500 2491 552 2530 ἦν.
591 2493 629 2524 Ei
653 2487 692 2524 δὲ
716 2492 832 2532 τοῦτ’,
860 2492 920 2524 οὐκ
947 2491 987 2524 ἂν
1012 2493 1062 2529 εἴη
1091 2490 1275 2536 ἄφθαρτος,
1296 2492 1370 2524 οὔτ’

367 2539 396 2570 εἰ
423 2537 532 2576 ἄλλως
556 2534 628 2583 εἶχέ
654 2548 740 2570 ποτε
766 2536 839 2570 οὔτ’
861 2537 890 2569 εἰ
914 2531 1062 2569 δυνατὸν
1091 2536 1198 2573 ἄλλως
1225 2536 1327 2581 ἔχειν.

355 2679 507 2707 smoms.
525 2694 560 2699 -
581 2687 604 2706 1.
619 2679 834 2715 Argumentum
855 2683 884 2706 et
898 2677 1000 2706 divisio
1022 2683 1124 2706 textus.
1141 2694 1159 2698 -
1174 2685 1201 2705 2.
1218 2676 1372 2712 Quaestio:

301 2725 400 2747 utrum
414 2719 542 2747 mundus
556 2726 609 2755 per
622 2718 840 2755 generationem
861 2717 1021 2754 incoeperit
1042 2727 1104 2746 esse
1118 2717 1155 2746 ab
1173 2717 1273 2754 aliquo
1295 2717 1376 2754 prin-

301 2758 378 2798 cipio
392 2758 552 2798 temporis,-
566 2764 595 2786 et
607 2764 707 2788 utrum
727 2767 780 2795 per
800 2757 1020 2795 corruptionem
1041 2764 1108 2795 post
1125 2757 1246 2795 aliquod
1259 2764 1375 2794 tempus

301 2808 364 2828 esse
386 2798 506 2834 desinat,
528 2798 573 2827 vel
594 2807 610 2827 e
628 2804 730 2827 contra
751 2797 787 2826 sit
807 2797 952 2836 ingenitus
973 2804 1001 2826 et
1018 2797 1253 2834 incorruptibilis.
1275 2797 1375 2826 Primo

254 2868 257 2877 s
301 2845 399 2868 autem
413 2839 569 2876 ponendae
590 2844 658 2866 sunt
678 2838 834 2875 opiniones
852 2837 987 2866 aliorum.
1001 2855 1022 2859 —
1038 2838 1064 2866 3.
1079 2839 1155 2866 Nam
1177 2839 1206 2873 a)
1228 2837 1376 2874 opinionis

302 2878 464 2908 contrariae
478 2878 667 2916 probationes
682 2885 750 2907 sunt
771 2878 950 2907 obiectiones
965 2878 1002 2906 ad
1016 2878 1103 2906 aliam
1117 2877 1290 2915 opinionem
1305 2887 1375 2906 con-

301 2919 435 2947 trariam:
458 2918 573 2955 expedit
599 2925 697 2947 autem
721 2918 747 2947 ei
769 2918 819 2955 qui
840 2919 900 2947 vult
921 2927 1098 2955 cognoscere
1118 2917 1282 2953 veritatem,
1304 2918 1376 2946 scire

303 2958 499 2986 dubitationes
519 2958 550 2986 in
571 2959 759 2987 contrarium.
778 2974 799 2979 -
818 2967 848 2993 4.
871 2959 899 2994 b)
922 2959 1006 2993 Quae
1031 2957 1168 2986 dicuntur
1195 2958 1287 2995 magis
1315 2967 1376 2986 cre-

304 2997 404 3026 dibilia
423 2998 584 3026 redduntur
611 2999 690 3035 apud
710 2998 776 3027 illos
797 2998 848 3035 qui
868 2998 965 3035 primo
986 2998 1108 3026 audiunt
1129 2998 1304 3026 solutionem
1326 3007 1377 3026 eo-

303 3047 370 3066 rum
390 3046 426 3065 ex
445 3037 551 3074 quibus
571 3037 693 3075 emergit
711 3037 866 3066 dubitatio.
888 3053 908 3060 —
931 3038 957 3066 5.
980 3040 1006 3074 c)
1028 3039 1094 3066 Hoc
1114 3038 1145 3066 in
1166 3039 1257 3067 modo
1279 3038 1376 3066 minus

303 3076 466 3106 videbimur
487 3077 684 3106 condemnare
698 3077 775 3107 dicta
788 3078 913 3107 aliorum
926 3078 1033 3117 gratis,
1055 3078 1129 3107 idest
1149 3079 1259 3116 absque
1280 3078 1377 3106 debita

303 3116 426 3145 ratione.
449 3134 469 3138 -
493 3117 520 3144 6.
547 3116 711 3153 Opiniones
729 3117 864 3146 aliorum.
887 3118 946 3153 Qui
965 3118 1082 3146 fuerunt
1102 3124 1169 3147 ante
1190 3118 1376 3147 Aristotelem

303 3157 334 3185 in
355 3157 413 3185 hoc
434 3165 537 3185 omnes
559 3163 766 3193 convenerunt,
781 3163 813 3186 ut
827 3157 955 3186 dicerent
968 3158 1112 3186 mundum
1126 3167 1188 3186 esse
1202 3158 1342 3196 genitum.
1357 3175 1377 3180 -

305 3207 332 3234 7.
346 3198 420 3225 Tres
441 3196 605 3233 opiniones,
621 3197 782 3225 secundum
796 3206 870 3234 quas
890 3197 930 3226 illi
944 3197 1019 3226 inter
1032 3207 1063 3226 se
1077 3198 1256 3227 differebant.
1279 3198 1377 3226 Prima

304 3237 406 3274 opinio
425 3236 478 3264 fuit
493 3237 584 3273 quod,
598 3236 664 3264 licet
678 3237 805 3264 mundus
819 3236 978 3274 incoeperit
991 3246 1054 3265 esse
1068 3239 1105 3266 ab
1120 3238 1219 3275 aliquo
1233 3238 1376 3275 principio

303 3276 460 3314 temporis,
482 3283 581 3305 tamen
602 3276 793 3312 postmodum
814 3275 845 3304 in
865 3277 1074 3313 sempiternum
1095 3278 1220 3306 durabit.
1248 3279 1285 3306 Et
1305 3279 1377 3306 haec

303 3317 356 3345 fuit
382 3316 484 3353 opinio
506 3316 692 3353 quorundam
717 3315 905 3353 antiquorum
932 3323 1100 3353 poetarum,
1122 3326 1197 3354 quos
1219 3318 1273 3346 hac
1293 3317 1324 3346 in
1345 3327 1376 3346 re

304 3363 420 3386 secutus
435 3363 478 3385 est
497 3357 589 3384 Plato.
604 3373 623 3378 -
638 3356 773 3384 Secunda
787 3355 888 3393 opinio
902 3356 955 3384 fuit
969 3357 1050 3393 quod
1064 3357 1192 3385 mundus
1213 3363 1256 3385 est
1277 3367 1375 3386 corru-

303 3397 411 3434 ptibilis
432 3397 472 3425 ita
500 3397 581 3433 quod
609 3403 676 3433 post
706 3395 923 3433 corruptionem
952 3405 1104 3433 nunquam
1128 3397 1316 3433 reparabitur.
1339 3399 1377 3425 Et

303 3437 376 3465 haec
396 3436 450 3464 fuit
465 3436 574 3472 positio
596 3435 764 3464 Democriti.
780 3453 799 3457 -
812 3435 911 3464 Tertia
931 3442 974 3464 est
994 3435 1095 3472 opinio
1117 3435 1274 3465 dicentium
1296 3438 1377 3474 quod

304 3477 432 3504 mundus
455 3477 633 3514 quandoque
654 3476 779 3505 vicissim
800 3482 953 3513 generatur
974 3481 1002 3503 et
1023 3476 1200 3513 quandoque
1215 3476 1376 3513 corrumpi-

304 3523 365 3552 tur,
388 3523 416 3544 et
430 3516 512 3553 quod
532 3517 604 3545 haec
624 3516 791 3545 vicissitudo
813 3525 928 3552 semper
949 3515 1062 3544 duravit
1082 3522 1110 3544 et
1124 3515 1247 3544 durabit.
1270 3517 1307 3544 Et
1319 3516 1376 3544 hoc

304 3562 466 3593 posuerunt
486 3556 680 3592 Empedocles
703 3563 730 3584 et
751 3556 921 3584 Heraclitus.
938 3572 957 3577 -
972 3556 999 3584 8.
1015 3555 1080 3584 Sive
1097 3555 1266 3584 Aristoteles
1287 3565 1376 3584 cona-

305 3603 351 3625 tus
373 3597 409 3625 sit
430 3596 624 3634 argumentari
645 3597 741 3625 solum
763 3603 864 3625 contra
885 3595 1072 3633 antiquorum
1097 3597 1193 3631 verba,
1216 3596 1376 3623 secundum

306 3637 387 3674 quod
408 3636 531 3664 exterius
552 3642 666 3671 sonant,
688 3642 775 3673 prout
797 3636 865 3665 dicit
886 3635 1064 3673 Simplicius;
1088 3635 1146 3664 sive
1167 3635 1253 3664 etiam
1276 3641 1376 3664 contra

449 3694 518 3727 Opp.
538 3694 569 3718 D.
583 3694 698 3719 Tnomus:
712 3694 743 3719 T.
764 3694 803 3719 111.

1429 928 1447 946 *
1462 928 1522 959 His
1546 936 1654 960 autem
1677 929 1901 969 determinatis,
1919 930 2061 962 dicamus
2090 938 2164 972 post
2186 931 2263 962 haec
2287 937 2397 962 utrum
2419 932 2504 972 inge-

1498 973 1584 1004 nitus
1608 980 1663 1005 aut
1685 973 1822 1014 genitus,
1841 981 1871 1005 et
1890 981 1998 1005 utrum
2014 975 2261 1016 incorruptibilis
2276 982 2331 1007 aut
2350 977 2505 1017 corrupti-

1497 1017 1568 1069 bilis
1592 1018 1632 1049 sit
1655 1018 1817 1058 mundUS,
1842 1026 2094 1059 pertranseuntes
2118 1020 2205 1061 prius
2233 1020 2370 1051 aliorum
2403 1021 2505 1062 suspi-

1498 1073 1617 1093 ciones.

1431 1107 1676 1138 Contrariorum
1700 1107 1786 1138 enim
1817 1107 2102 1138 demonstrationes
2129 1109 2342 1140 dubitationes
2370 1110 2408 1140 de
2433 1120 2506 1141 con-

1497 1152 1597 1182 trariis
1621 1159 1706 1183 sunt.

1430 1196 1534 1227 Simul
1549 1203 1658 1227 autem
1681 1203 1712 1228 et
1734 1196 1836 1236 magis
1853 1196 1964 1238 utique
1980 1204 2071 1228 erunt
2087 1197 2246 1228 credibilia
2264 1198 2397 1229 dicenda
2416 1209 2506 1239 prae-

1497 1240 1698 1272 audientibus
1723 1240 1941 1272 dubitatorum
1965 1252 2151 1272 sermonum
2174 1242 2422 1274 iustificationes.

1430 1329 1534 1361 Gratis
1559 1329 1645 1360 enim
1670 1330 1882 1361 condemnare
1905 1330 2003 1361 videri
2026 1331 2132 1362 minus
2152 1331 2262 1372 utique
2286 1332 2378 1362 nobis
2401 1331 2503 1363 inerit.

1497 1374 1627 1405 Etenim
1650 1381 1777 1415 oportet
1793 1374 2009 1415 disquisitores
2032 1376 2087 1406 sed
2111 1386 2176 1406 non
2192 1376 2339 1407 inimicos
2367 1386 2434 1407 esse
2457 1376 2505 1407 iu-

1498 1419 1657 1450 dicaturos
1680 1429 1794 1451 verum
1816 1419 2015 1451 sufficienter.

1429 1461 1445 1478 *
1462 1463 1616 1495 Genitum
1639 1463 1772 1505 quidem
1794 1463 1889 1504 igitur
1913 1474 2026 1495 omnes
2049 1475 2116 1495 esse
2136 1464 2255 1496 dicunt.

1430 1509 1493 1540 Sed
1515 1508 1671 1548 genitum,
1690 1507 1724 1538 hi
1747 1507 1880 1549 quidem
1904 1508 2149 1549 sempiternum;
2168 1509 2201 1539 hi
2221 1515 2328 1540 autem
2352 1510 2505 1550 corrupti-

1497 1553 1594 1584 bilem
1605 1552 1882 1594 quemadmodum
1891 1553 2122 1594 quodcumque
2137 1553 2224 1584 aliud
2242 1554 2505 1593 constitutorum;

1497 1597 1530 1628 hi
1549 1604 1657 1628 autem
1668 1597 1807 1628 vicissim
1815 1597 2009 1638 quandoque
2026 1597 2157 1638 quidem
2168 1598 2222 1637 sic,
2239 1599 2434 1639 quandoque
2451 1609 2507 1629 au-

1498 1649 1564 1673 tem
1576 1642 1665 1672 aliter
1682 1642 1798 1672 habere
1811 1648 2010 1683 corruptum,
2021 1649 2052 1673 et
2066 1642 2128 1673 hoc
2143 1652 2268 1683 semper
2283 1642 2431 1683 perficere
2447 1643 2506 1682 sic,

1498 1687 1777 1728 quemadmodum
1796 1687 2008 1728 Empedocles
2031 1687 2257 1727 Agrigentinus
2281 1694 2313 1718 et
2327 1688 2506 1719 Heraclitus

1498 1731 1668 1772 Ephesius.

1431 1776 1565 1808 Factum
1590 1786 1657 1807 esse
1680 1775 1813 1817 quidem
1836 1775 1947 1816 igitur,
1978 1775 2273 1817 sempiternumque
2305 1783 2411 1808 tamen
2440 1787 2507 1807 esse

1499 1821 1612 1859 dicere,
1626 1827 1673 1851 est
1691 1819 1898 1861 impossibile.
1917 1820 1992 1851 Sola
2011 1820 2097 1852 enim
2112 1821 2189 1852 haec
2204 1821 2353 1862 ponenda
2368 1821 2504 1852 rationa-

1498 1865 1602 1897 biliter
1625 1871 1710 1904 sunt,
1734 1875 1817 1906 quae
1841 1864 1874 1895 in
1897 1864 2006 1895 multis
2022 1872 2077 1896 aut
2100 1866 2250 1896 omnibus
2276 1866 2422 1896 videmus
2446 1865 2507 1896 exi-

1498 1910 1627 1941 stentia:
1653 1910 1691 1948 de
1707 1909 1770 1940 hoc
1798 1915 1906 1940 autem
1925 1909 2038 1940 accidit
2061 1910 2271 1949 contrarium;
2294 1910 2403 1941 omnia
2422 1910 2508 1941 enim

1498 1965 1581 1996 quae
1604 1961 1805 1995 generantur,
1831 1961 1861 1985 et
1885 1954 2047 1995 corrumpi
2070 1954 2228 1986 videntur.

1430 2000 1447 2019 *
1473 2000 1590 2031 Adhuc
1622 2006 1731 2030 autem
1765 2009 1832 2030 non
1863 1998 1982 2030 habens
2014 1999 2208 2039 principium
2242 2000 2309 2030 eius
2340 1999 2431 2040 quod
2462 1985 2520 2030 est

1499 2044 1542 2075 sic
1566 2055 1599 2075 se
1622 2044 1759 2082 habere,
1789 2044 1844 2074 sed
1867 2043 2064 2084 impossibile
2089 2044 2177 2075 aliter
2208 2054 2240 2075 se
2271 2044 2386 2075 habere
2418 2044 2507 2085 prius

1498 2099 1555 2130 per
1578 2088 1688 2119 omnia
1712 2088 1847 2127 saecula,
1872 2087 2070 2129 impossibile
2085 2089 2298 2120 transmutari.
2331 2088 2400 2119 Erit
2423 2089 2509 2119 enim

1499 2133 1607 2174 aliqua
1623 2140 1733 2164 causa:
1754 2143 1836 2174 quae
1860 2132 1885 2163 si
1910 2132 2009 2164 extitit
2028 2133 2127 2173 prius,
2145 2133 2295 2174 possibile
2319 2133 2429 2175 utique
2444 2140 2510 2164 erat

1498 2178 1588 2209 aliter
1610 2178 1726 2208 habere
1750 2177 1948 2218 impossibile
1972 2177 2060 2208 aliter
2083 2178 2207 2209 habere.
2233 2178 2266 2209 Si
2290 2185 2398 2209 autem
2420 2178 2508 2218 prius

1499 2233 1536 2254 ex
1559 2222 1649 2253 aliter
1664 2222 1853 2253 habentibus
1869 2222 2010 2253 constitit
2028 2223 2180 2262 mundus,
2197 2222 2223 2253 si
2239 2222 2370 2263 quidem
2385 2232 2510 2262 semper

1499 2267 1542 2298 sic
1552 2267 1743 2298 habentibus
1759 2274 1789 2298 et
1804 2266 2055 2307 impossibilibus
2068 2267 2156 2297 aliter
2175 2267 2302 2306 habere,
2319 2277 2386 2298 non
2397 2267 2507 2309 utique

1498 2311 1602 2342 fieret:
1628 2311 1654 2341 si
1677 2317 1786 2342 autem
1809 2311 1910 2342 factus
1933 2317 1990 2349 est,
2015 2321 2141 2342 necesse
2165 2311 2283 2343 scilicet
2305 2317 2336 2342 et
2358 2311 2411 2342 illa
2434 2322 2507 2351 pos-

1500 2355 1602 2387 sibilia
1621 2365 1688 2386 esse
1704 2356 1793 2386 aliter
1805 2366 1838 2386 se
1854 2355 1979 2394 habere,
1997 2362 2027 2386 et
2043 2366 2110 2386 non
2125 2366 2250 2396 semper
2269 2356 2313 2386 sic
2334 2366 2366 2386 se
2381 2356 2505 2386 habere.

1500 2401 1611 2441 Itaque
1636 2400 1812 2432 constantia
1829 2400 2051 2438 dissolventur,
2076 2407 2106 2431 et
2122 2401 2276 2431 dissoluta
2300 2400 2508 2431 constiterunt

1499 2445 1608 2486 prius;
1632 2452 1663 2476 et
1685 2445 1747 2475 hoc
1771 2444 1920 2475 infinities
1943 2451 1998 2475 aut
2030 2445 2074 2475 sic
2098 2455 2131 2475 se
2154 2445 2304 2484 habebat,
2328 2451 2384 2475 aut
2406 2444 2507 2485 possi-

1500 2489 1563 2520 bile
1582 2496 1656 2520 erat.
1677 2489 1710 2521 Si
1729 2496 1837 2521 autem
1861 2489 1940 2528 hoc,
1957 2499 2024 2519 non
2043 2489 2154 2530 utique
2174 2490 2231 2520 erit
2248 2489 2507 2530 incorruptibilis,

1502 2544 1606 2575 neque
1630 2534 1656 2564 si
1680 2534 1768 2565 aliter
1790 2534 1925 2565 habebat
1955 2534 2144 2575 aliquando,
2168 2544 2272 2575 neque
2301 2534 2327 2564 si
2357 2534 2507 2574 possibile

1503 2578 1592 2610 aliter
1614 2578 1738 2610 habere.

1433 2685 1535 2705 eorum
1556 2682 1694 2711 mentem,
1709 2682 1798 2713 prout
1813 2676 1874 2704 vult
1894 2676 2070 2712 Alexander;
2085 2685 2147 2704 non
2162 2682 2204 2704 est
2218 2675 2303 2703 nobis
2318 2675 2442 2703 multum
2457 2684 2506 2703 cu-

1432 2717 1567 2752 randum,
1582 2715 1652 2753 quia
1673 2716 1801 2744 studium
1822 2715 2026 2753 philosophiae
2047 2725 2109 2744 non
2125 2722 2168 2744 est
2182 2716 2220 2744 ad
2234 2716 2291 2744 hoc
2305 2716 2386 2752 quod
2401 2715 2506 2744 sciatur

1433 2756 1503 2794 quid
1524 2756 1659 2785 homines
1680 2756 1831 2792 senserint,
1854 2757 1905 2785 sed
1920 2756 2042 2793 qualiter
2062 2765 2094 2784 se
2115 2756 2220 2784 habeat
2239 2755 2343 2787 veritas
2365 2765 2471 2784 rerum.
2487 2771 2506 2782 .-

1433 2807 1460 2834 9.
1474 2796 1638 2825 Subdivisio
1653 2797 1911 2825 textus.-Duabus
1922 2795 2082 2825 rationibus
2094 2795 2276 2832 improbatur
2285 2795 2379 2832 prima
2394 2795 2504 2832 opinio.

1432 2839 1460 2873 a)
1483 2835 1664 2873 Impossibile
1682 2843 1724 2865 est
1746 2837 1827 2874 quod
1849 2837 1976 2864 mundus
1998 2836 2034 2864 sit
2055 2836 2167 2873 genitus
2189 2845 2223 2864 ex
2244 2835 2342 2872 aliquo
2364 2834 2504 2871 temporis

1432 2877 1584 2914 principio,
1601 2883 1629 2904 et
1643 2877 1724 2914 quod
1745 2877 1935 2913 postmodum
1950 2876 1980 2910 in
1995 2876 2203 2913 sempiternum
2218 2876 2309 2903 duret.
2334 2876 2408 2903 Cum
2425 2875 2503 2902 enim

1432 2917 1567 2945 volumus
1579 2916 1678 2953 aliqua
1692 2926 1806 2945 sumere
1820 2923 1852 2944 ut
1863 2916 2034 2953 probabilia,
2046 2917 2156 2953 absque
2167 2915 2424 2950 demonstratione,
2436 2914 2504 2942 talia

1433 2963 1549 2994 oportet
1563 2965 1673 2993 ponere
1696 2966 1771 2993 quae
1786 2956 1843 2984 sint
1856 2966 1924 2985 vera
1938 2963 1988 2984 aut
2009 2956 2039 2984 in
2060 2956 2196 2984 omnibus
2211 2961 2260 2983 aut
2274 2955 2304 2982 in
2318 2954 2431 2982 multis:
2451 2954 2503 2982 sed

1433 2997 1463 3025 in
1484 2997 1636 3034 proposito
1652 2996 1830 3025 contrarium
1851 2996 1969 3031 accidit,
1991 3005 2059 3024 nam
2082 3004 2157 3032 quae
2177 3001 2351 3032 generantur
2370 2994 2503 3022 videmus

1433 3037 1534 3065 omnia
1554 3036 1711 3073 corrumpi.
1733 3054 1751 3058 -
1777 3046 1820 3065 10.
1840 3037 1870 3072 b)
1893 3035 2088 3064 Praemittitur
2108 3036 2146 3063 ad
2173 3035 2331 3063 secundam
2360 3033 2503 3062 rationem

1433 3086 1558 3114 sequens
1586 3076 1770 3114 prIncipium.
1799 3076 1829 3105 Si
1850 3075 2029 3113 impossibile
2050 3075 2086 3103 sit
2107 3075 2188 3112 quod
2208 3074 2318 3111 aliquid
2344 3073 2424 3110 prius
2451 3083 2504 3110 per

1433 3117 1533 3146 omnia
1554 3117 1669 3146 saecula
1689 3116 1770 3145 aliter
1784 3126 1815 3144 se
1830 3116 1942 3150 habeat,
1965 3116 2022 3144 hoc
2042 3114 2221 3151 impossibile
2243 3121 2286 3142 est
2306 3113 2502 3142 transmutari.

1432 3159 1507 3186 Nam
1529 3157 1552 3185 si
1574 3163 1830 3192 transmutaretur,
1852 3157 1969 3184 deberet
1990 3155 2096 3183 habere
2115 3155 2186 3182 dum
2207 3160 2424 3189 transmutatur,
2447 3163 2502 3190 po-

1432 3197 1553 3225 tentiam
1575 3198 1612 3225 ad
1626 3197 1828 3224 mutationem.
1851 3197 1934 3224 Hanc
1954 3201 2052 3223 autem
2073 3203 2135 3222 non
2155 3195 2281 3222 habebat
2301 3193 2397 3230 prius3
2420 3203 2503 3222 secus

1433 3237 1575 3274 potuisset
1595 3236 1678 3265 aliter
1699 3245 1728 3264 se
1750 3237 1871 3264 habere:
1901 3244 1969 3272 ergo
1991 3235 2180 3271 postmodum
2210 3234 2320 3270 accepit
2343 3243 2418 3262 eam.
2446 3234 2504 3262 Sed

1433 3278 1490 3305 hoc
1504 3277 1600 3313 ipsum
1615 3283 1657 3304 est
1676 3275 1871 3304 transmutari.
1894 3276 1971 3312 Ergo
1987 3281 2144 3311 antequam
2158 3274 2278 3302 haberet
2291 3273 2452 3310 potentiam
2466 3274 2504 3302 ad

1433 3315 1716 3350 transmutationem,
1731 3322 1835 3352 potens
1850 3321 1910 3343 erat
1927 3314 2130 3350 transmutari;
2153 3315 2233 3351 quod
2248 3320 2290 3342 est
2304 3314 2473 3342 absurdum.
2484 3330 2504 3334 -

1433 3358 1498 3384 Hoc
1512 3356 1618 3392 posito,
1634 3355 1674 3383 sic
1695 3354 1831 3392 arguitur.
1853 3354 1883 3382 Si
1905 3363 1939 3383 ea
1954 3363 1987 3382 ex
2002 3354 2107 3391 quibus
2122 3354 2295 3383 constitutus
2310 3360 2353 3382 est
2366 3354 2503 3389 mundus,

1433 3395 1611 3433 impossibile
1625 3395 1661 3423 sit
1675 3394 1756 3423 aliter
1777 3404 1808 3423 se
1829 3395 1936 3423 habere
1951 3404 1985 3423 ae
1999 3404 2029 3423 se
2044 3395 2190 3423 habebant
2203 3401 2362 3431 antequam
2376 3394 2504 3422 mundus

1433 3436 1522 3471 fieret,
1539 3445 1599 3463 non
1614 3441 1713 3471 posset
1734 3434 1796 3463 fieri
1814 3435 1942 3463 mundus
1957 3444 1991 3463 ex
2005 3434 2055 3463 eis.
2079 3434 2109 3462 Si
2124 3444 2192 3472 ergo
2213 3434 2304 3463 factus
2320 3440 2363 3462 est
2376 3434 2504 3462 mundus

1432 3486 1466 3504 ex
1488 3475 1537 3511 eis,
1558 3484 1675 3503 necesse
1696 3481 1739 3503 est
1760 3475 1841 3512 quod
1862 3474 1910 3503 illa
1930 3474 1987 3503 sint
2008 3474 2157 3511 possibilia
2178 3474 2259 3503 aliter
2280 3483 2310 3502 se
2332 3475 2453 3509 habere,
2477 3480 2505 3502 et

1432 3516 1513 3553 quod
1534 3524 1596 3543 non
1618 3523 1733 3551 semper
1754 3515 1860 3543 eodem
1885 3515 1976 3543 modo
1998 3524 2029 3543 se
2050 3515 2185 3543 habeant.
2215 3516 2293 3552 Ergo
2315 3514 2402 3542 etiam
2423 3520 2504 3550 post-

1433 3565 1522 3592 quam
1543 3555 1671 3583 adunata
1683 3554 1789 3583 fuerint
1810 3555 1847 3583 ad
1868 3554 2106 3583 constitutionem
2121 3554 2232 3590 mundi,
2248 3560 2386 3591 poterunt
2399 3554 2503 3581 iterum

1433 3595 1566 3630 dissolvi;
1596 3601 1624 3622 et
1644 3594 1780 3623 infinities
1802 3595 1873 3623 haec
1893 3594 2061 3623 vicissitudo
2089 3595 2195 3632 poterit
2216 3594 2390 3632 contingere.
2420 3594 2503 3621 Unde

1433 3645 1494 3663 non
1514 3641 1610 3672 potest
1632 3644 1695 3663 esse
1716 3635 1797 3672 quod
1818 3635 1945 3664 mundus
1967 3635 2003 3664 sit
2023 3635 2135 3673 genitus
2157 3641 2185 3663 et
2206 3633 2438 3671 incorruptibilis.

2292 3701 2320 3717 12

2533 939 2542 947 ‘
2558 938 2614 966 Cap.
2625 944 2648 960 x.
2663 938 2732 960 Text.

2534 971 2575 987 101.

2534 1473 2543 1481 ·
2558 1471 2626 1493 Text.
2641 1477 2687 1493 102.

2537 2009 2546 2019 ¹
2560 2007 2629 2030 Text.
2645 2013 2690 2036 ¹⁰3·
