2690 4062
977 221 1089 258 CAP.
1119 221 1223 268 VIII,
1254 221 1406 258 LECT.
1436 222 1523 259 VIII

172 294 252 328 libet
267 294 469 328 elementum
485 295 643 338 generari.
660 296 751 328 Haec
776 307 855 339 ergo
873 296 971 330 ambo
996 297 1168 338 elementa,
1186 298 1244 331 sci-

172 339 248 373 licet
270 339 356 383 ignis
380 347 413 372 et
435 348 531 380 terra,
548 348 580 372 et
604 339 703 372 etiam
727 339 798 379 alia,
815 350 1012 383 generantur
1035 353 1075 374 ex
1099 341 1243 386 qualibet

173 395 280 424 carne,
295 382 380 417 idest
403 395 443 416 ex
466 382 610 427 qualibet
633 392 724 427 parte
749 385 864 417 carnis.
890 384 954 418 Sed
977 385 1023 418 illi
1049 387 1106 430 qui
1130 386 1244 419 dicunt

172 429 258 461 sicut
280 426 510 472 Empedocles,
537 427 661 460 scilicet
684 427 846 461 elementa
879 440 949 461 esse
979 430 1243 463 intransmutabi-

171 471 226 513 lia,
241 482 310 506 non
333 480 475 516 possunt
498 471 563 504 hoc
586 471 693 504 dicere
701 484 710 512 ;
736 471 793 505 sed
817 473 902 506 sicut
925 485 964 506 ex
988 473 1123 507 diversis
1147 475 1243 518 parti-

171 516 234 550 bus
257 525 290 550 et
311 515 394 550 locis
418 516 522 560 ipsius
546 516 678 560 parietis
709 515 871 549 tolluntur
894 517 1014 550 diversi
1037 517 1174 561 lapides,
1199 519 1243 552 ita

172 572 212 596 ex
227 560 363 595 diversis
379 559 526 604 partibus
545 569 578 594 et
601 559 683 593 locis
707 561 812 604 ipsius
827 562 920 594 mixti
937 561 1065 595 diversa
1081 561 1243 595 elementa

172 614 305 649 oportet
328 616 387 638 eos
411 604 518 638 dicere
541 605 701 648 generari,
722 606 766 638 ita
789 604 881 649 quod
900 606 985 649 ignis
1009 605 1048 639 ab
1074 617 1142 639 uno
1166 606 1242 640 loco

171 658 206 683 et
227 658 330 694 parte,
347 658 380 683 et
403 660 458 683 aer
480 661 520 683 ex
543 648 614 682 alia.

215 704 247 737 4.
267 694 398 734 Quarto
413 693 475 727 ibi:
500 693 644 727 Similiter
657 700 758 726 autem
773 699 799 726 et
809 693 992 737 facientibus
1011 702 1084 735 etc.‚
1101 694 1243 738 opponit

171 747 284 772 contra
304 739 445 783 primam
466 738 671 782 opinionem,
692 737 803 771 dicens
821 737 911 782 quod
927 738 1026 771 etiam
1042 738 1242 782 ponentibus

171 782 333 817 elementa
356 782 475 816 habere
499 793 601 815 unam
624 783 795 815 materiam
824 791 856 815 et
880 794 951 816 esse
982 782 1243 816 transmutabilia

171 835 355 872 sequuntur
377 827 658 867 inconvenientia,
682 827 709 859 si
733 826 861 860 dicatur
884 826 1008 871 aliquid
1031 828 1179 871 generari
1203 839 1243 860 ex

170 871 351 907 elementis.
368 871 476 905 Habet
491 872 581 904 enim
598 872 826 916 quaestionem
850 880 883 905 et
903 871 1052 913 dubium,
1070 871 1242 916 quomodo

169 915 380 961 generabitur
395 915 520 960 aliquid
534 927 573 949 ex
590 915 761 956 ambobus,
777 917 863 949 sicut
878 928 918 949 ex
934 915 1040 949 calido
1061 925 1093 950 et
1109 915 1241 960 frigido,

170 969 228 999 aut
249 961 326 1005 igne
350 969 383 994 et
405 971 499 1005 aqua.
516 960 549 993 Si
573 961 663 993 enirn
687 972 762 994 caro
786 969 836 993 est
859 972 898 994 ex
915 959 1087 1002 ambobus,
1104 969 1136 994 et
1159 972 1241 994 neu-

170 1014 258 1039 trum
281 1016 400 1039 eorum
423 1014 474 1038 est
491 1006 563 1049 ipsa
587 1016 663 1038 caro
675 1030 683 1045 ,
708 1017 769 1038 nec
783 1006 882 1038 etiam
899 1004 1065 1039 salvantur
1087 1006 1159 1050 ipsa
1175 1005 1241 1038 ele-

137 1070 144 1077 ·
169 1058 299 1091 menta,
327 1050 404 1101 quia
427 1049 520 1083 aliter
542 1061 611 1083 non
635 1058 721 1083 esset
749 1050 882 1090 mixtio,
903 1049 986 1083 nihil
1009 1049 1024 1067 *
1046 1049 1243 1094 relinquitur

170 1095 235 1128 nisi
258 1103 410 1128 materia:
436 1093 527 1139 quod
557 1103 607 1127 est
638 1093 852 1138 impossibile.
877 1094 912 1128 Si
936 1103 1047 1127 autem
1075 1102 1242 1133 remaneat

170 1139 322 1180 alterum,
338 1147 371 1172 et
385 1138 524 1172 alterum
541 1147 780 1183 corrumpatur,
797 1147 876 1172 tunc
893 1146 942 1171 est
958 1139 1126 1182 corruptio
1142 1139 1241 1171 unius

170 1192 205 1226 et
226 1182 566 1231 generatinnalterius:
592 1183 668 1228 quia
692 1192 847 1234 corrupto
879 1194 964 1223 uno,
988 1191 1044 1218 aut
1067 1191 1242 1227 generatur

112 1227 120 1230 ⁷
169 1226 328 1269 alterum,
350 1236 407 1261 aut
429 1236 577 1261 remanet
601 1239 683 1272 pura
706 1236 851 1261 materia.
873 1226 1059 1268 Quomodo
1083 1238 1163 1271 ergo
1186 1226 1242 1260 fiat

169 1284 211 1307 ex
233 1273 280 1306 eis
303 1273 472 1316 generatio
497 1271 635 1305 dubium
659 1281 718 1305 est.

216 1327 247 1360 5.
262 1316 393 1351 Deinde
417 1328 493 1350 cum
509 1316 604 1350 dicit:
633 1316 827 1361 Quapropter
839 1316 985 1393 {uoniam
1000 1325 1073 1357 etc.‚
1090 1315 1241 1349 determi-

169 1370 228 1396 nat
248 1362 429 1396 veritatem.
458 1361 500 1394 Et
523 1362 607 1394 circa
639 1361 704 1394 hoc
735 1360 802 1394 duo
853 1361 929 1394 acit:
958 1361 1067 1404 primo
1099 1359 1243 1393 ostendit

169 1405 311 1441 modum
325 1406 547 1450 generationis
563 1406 598 1438 in
613 1404 807 1446 universali3
831 1404 979 1438 secundo
995 1405 1100 1448 magis
1117 1405 1151 1437 in
1168 1416 1242 1449 spe-

170 1450 256 1492 ciali,
279 1449 505 1484 contrahendo
529 1449 704 1494 ipsumad
727 1450 923 1482 mixtionem
943 1448 1184 1482 elementorum
1208 1449 1242 1482 in

170 1496 408 1530 constitutione
421 1495 610 1538 compositi,
623 1493 685 1527 ibi:
706 1493 862 1536 Quoniam
874 1500 974 1527 autem
982 1494 1170 1539 patiuntur*
1179 1502 1238 1526 etc.

215 1540 329 1574 Primo
345 1551 436 1584 ergo,
449 1538 560 1572 relicta
575 1537 720 1572 secunda
735 1538 894 1582 opinione
911 1548 928 1573 Υ
947 1547 1104 1583 tanquam
1116 1537 1196 1571 falsa
1210 1547 1243 1571 et

169 1583 379 1630 im1>ossibili,
395 1592 428 1617 et
451 1584 623 1627 supposita
639 1583 756 1627 prima,
773 1584 869 1627 ponit
891 1594 1008 1616 verum
1028 1582 1168 1616 modum
1184 1594 1241 1626 ge-

169 1629 350 1664 nerationis
366 1639 545 1672 corporum
561 1628 751 1661 mixtorum.
765 1626 818 1661 Ad
835 1628 929 1661 cuius
942 1627 1140 1661 evidentiam
1154 1638 1243 1672 prae-

167 1673 271 1708 mittit
293 1673 372 1708 duo.
398 1673 557 1713 Quorum
581 1673 726 1717 primum
749 1681 799 1717 est
830 1671 921 1717 quod
949 1671 1150 1705 differentiae
1174 1671 1241 1705 ele-

168 1722 360 1752 mentorum
384 1726 462 1750 sunt
486 1717 678 1758 contrariae,
698 1716 822 1750 scilicet
845 1715 989 1750 calidum
1013 1725 1046 1750 et
1069 1715 1241 1760 frigidum,

168 1771 202 1798 et
225 1761 429 1803 huiusmodi,
450 1770 483 1795 et
506 1762 691 1806 suscipiunt
713 1761 818 1805 magis
843 1770 875 1794 et
905 1761 1026 1794 minus.
1050 1760 1242 1794 Secundum

149 1815 219 1847 ,est
241 1806 348 1853 quod,
372 1805 505 1852 quando
529 1805 667 1839 alterum
701 1805 901 1839 elementum
924 1806 1021 1839 suerit
1051 1805 1243 1850 simpliciter

168 1860 256 1894 actu,
273 1860 306 1886 et
328 1851 468 1885 alterum
491 1850 684 1895 simpliciter
707 1851 741 1883 in
765 1851 913 1894 potentia
935 1849 1043 1891 fuerit,
1070 1859 1149 1883 tunc
1172 1861 1241 1883 non

168 1904 279 1942 potest
301 1907 374 1930 esse
396 1896 528 1936 mixtio;
552 1895 685 1940 quando
709 1906 789 1928 vero
805 1906 910 1928 unum
933 1906 1003 1928 non
1027 1904 1077 1928 est
1101 1895 1240 1927 omnino

168 1949 261 1982 actu,
288 1951 350 1975 nec
373 1951 432 1985 per
455 1951 627 1974 excessum
650 1939 919 1984 praedominatur
942 1939 1034 1972 alteri
1057 1938 1240 1979 elemento,

167 1993 249 2020 tunc
271 1984 482 2030 generabitur
505 1984 672 2029 quoddam
696 1983 862 2025 medium,
890 1983 980 2028 quod
1003 1995 1065 2017 nec
1088 1992 1138 2017 est
1160 1984 1239 2016 sim-

167 2029 297 2076 pliciter
320 2029 475 2070 calidum,
498 2041 560 2062 nec
583 2028 776 2073 simpliciter
799 2027 974 2072 frigidum,
997 2028 1055 2062 sed
1080 2027 1240 2073 quodam-

167 2074 272 2110 modo
295 2083 447 2108 naturam
470 2074 669 2118 participans
693 2074 876 2118 utriusque.
899 2073 941 2106 Et
964 2073 1029 2106 hoc
1051 2072 1139 2113 ideo,
1163 2073 1241 2118 quia

167 2118 302 2165 quando
325 2118 488 2152 elementa
510 2119 702 2159 miscentur,
718 2119 918 2151 intentiones
934 2118 1004 2151 sive
1027 2117 1153 2151 formae
1169 2129 1240 2151 cor-

167 2172 368 2208 rumpuntur
391 2172 424 2197 et
447 2172 618 2197 remanent
634 2164 668 2196 in
682 2163 822 2196 virtute:
847 2171 880 2195 et
895 2171 974 2195 tunc
994 2161 1074 2196 illud
1091 2161 1239 2195 medium

166 2217 362 2253 generatum
383 2219 454 2241 non
485 2216 535 2240 est
564 2208 611 2240 sic
641 2208 676 2240 in
706 2207 854 2251 potentia
885 2207 970 2239 sicut
992 2207 1148 2247 materia,
1179 2218 1240 2240 nec

167 2252 361 2297 simpliciter
384 2252 524 2286 alterum
548 2252 804 2292 elementorum,
829 2251 887 2285 sed
911 2250 1058 2284 medium
1082 2251 1168 2284 inter
1190 2262 1238 2284 ea.

169 2297 275 2338 Quod
291 2296 427 2342 quidem
444 2296 593 2330 medium
617 2295 853 2330 diversificatur
877 2294 1061 2329 secundum
1085 2295 1176 2340 quod
1193 2295 1239 2329 di-

167 2341 394 2375 versificantur
416 2342 555 2374 virtutes
579 2340 801 2374 miscibilium.
827 2340 862 2374 Si
881 2340 970 2373 enim
990 2340 1138 2384 potentia
1153 2340 1239 2384 ignis

167 2385 304 2420 excedat
325 2387 481 2419 virtutem
506 2397 632 2430 aquae,
663 2385 812 2418 medium
839 2393 1033 2428 generatum
1062 2393 1112 2418 est
1133 2385 1238 2428 magis

167 2429 312 2464 calidum
336 2442 437 2476 quam
460 2429 634 2474 frigidum,
654 2439 686 2463 et
709 2430 756 2462 sic
780 2428 964 2462 secundum
988 2429 1239 2473 proportionem

166 2475 298 2509 virtutis
313 2476 412 2508 unius
429 2474 584 2508 elementi
600 2474 642 2508 ad
657 2475 813 2507 virtutem
826 2473 974 2507 alterius:
993 2483 1029 2507 ut
1041 2475 1068 2507 si
1085 2474 1119 2507 in
1136 2473 1239 2518 duplo

167 2520 237 2554 sive
259 2521 295 2553 in
322 2519 421 2564 triplo
445 2520 459 2545 ὃ
481 2519 608 2553 excedit
632 2518 778 2552 caliditas
802 2517 1024 2562 frigiditatem,
1041 2527 1073 2551 et
1091 2517 1240 2552 medium

167 2563 343 2609 dupliciter
361 2573 411 2598 est
427 2563 563 2598 calidius
587 2572 620 2597 et
639 2563 817 2608 tripliciter.
844 2562 1035 2596 Secundum
1054 2574 1134 2606 ergo
1151 2562 1240 2596 hunc

166 2608 308 2643 modum
331 2617 428 2642 erunt
450 2610 552 2642 mixta
575 2620 615 2642 ex
643 2608 814 2641 contrariis
837 2607 1009 2641 elementis
1025 2616 1058 2640 et
1073 2619 1131 2652 per
1150 2619 1240 2640 com-

167 2653 371 2698 positionem
399 2653 453 2686 vel
481 2653 677 2686 mixtionem
691 2678 700 2694 ,
731 2661 764 2686 et
794 2651 956 2685 elementa
987 2661 1084 2685 erunt
1114 2664 1154 2685 ex
1177 2651 1239 2685 illis

167 2698 278 2731 mixtis
302 2709 360 2742 per
383 2697 639 2731 resolutionem:
664 2697 735 2742 ipsa
759 2697 848 2730 enim
871 2697 973 2730 mixta
996 2705 1073 2730 sunt
1092 2697 1240 2740 potentia

190 2750 312 2776 uatuor
335 2742 512 2783 elementa,
535 2753 604 2775 non
628 2741 764 2786 quidem
787 2741 872 2774 sicut
895 2742 1047 2782 materia,
1072 2740 1130 2774 sed
1154 2741 1240 2774 sicut

193 2787 294 2820 'ctum
318 2795 376 2820 est.

219 2833 250 2864 6.
275 2830 406 2865 Deinde
431 2842 508 2864 cum
532 2830 631 2864 dicit:
667 2830 824 2873 Quoniam
847 2836 948 2863 autem
971 2830 1135 2874 patiuntur
1157 2838 1238 2871 etc.‚

167 2875 332 2910 contrahit
354 2875 495 2909 modum
541 2876 576 2908 ui
600 2875 706 2909 dictus
731 2884 780 2908 est
803 2874 1040 2914 universaliter,
1057 2873 1098 2907 ad
1117 2886 1239 2918 propo-

167 2921 286 2961 situm,
318 2919 430 2954 dicens
454 2931 522 2965 quo
569 2920 646 2964 quia
670 2920 783 2953 omnia
807 2919 968 2952 contraria
992 2919 1162 2963 patiuntur
1184 2919 1239 2952 ad-

167 2965 328 3006 invicem,
351 2966 437 3005 sicut
464 2964 589 2998 dictum
614 2973 663 2997 est
689 2964 780 3008 prius
807 2965 841 2997 in
866 2963 1010 3008 capitulo
1035 2963 1076 2997 de
1097 2964 1238 3003 actione,

167 3010 245 3054 quia
268 3009 359 3054 quod
383 3018 433 3043 est
455 3018 529 3042 actu
554 3008 696 3042 calidum
711 3034 720 3049 ,
751 3017 799 3041 est
828 3009 976 3052 potentia
999 3007 1177 3051 frigidum,
1207 3017 1239 3041 et

167 3065 186 3088 e
204 3065 387 3087 converso:
412 3054 440 3087 si
463 3054 535 3098 ipsa
557 3053 720 3087 elementa
742 3064 812 3086 non
831 3052 1055 3097 adaequantur
1081 3053 1237 3096 potentiis

167 3099 247 3140 suis,
264 3098 322 3132 sed
339 3110 444 3131 unum
463 3099 602 3131 omnino
626 3097 719 3131 alteri
742 3097 1020 3142 praedominatur,
1037 3105 1117 3130 tunc
1135 3106 1238 3130 trans-

167 3151 339 3176 mutantur
361 3142 546 3176 adinvicem
559 3169 568 3183 ,
599 3151 632 3176 et
655 3153 724 3175 non
752 3141 790 3175 fit
817 3142 933 3175 mixtio
947 3166 956 3182 ,
987 3141 1044 3174 sed
1068 3142 1237 3185 corruptio

168 3186 334 3220 debilioris
358 3196 391 3220 et
413 3188 581 3231 generatio
605 3187 674 3220 sive
698 3195 915 3230 augmentum
946 3185 1237 3230 praedominantis.

167 3231 210 3265 Et
233 3231 324 3276 quod
347 3231 473 3265 dictum
496 3240 546 3265 est
569 3231 609 3265 de
633 3230 739 3264 calido
763 3239 796 3263 et
818 3229 936 3274 frigido
950 3256 959 3270 ,
987 3229 1237 3273 intelligendum

167 3285 217 3309 est
240 3276 390 3309 similiter
412 3276 447 3309 in
470 3275 541 3309 aliis
566 3276 750 3316 contrariis,
773 3274 897 3307 scilicet
920 3275 1008 3307 sicco
1032 3282 1064 3306 et
1087 3273 1235 3307 humido.

168 3319 234 3354 Sed
257 3320 419 3354 elementa
442 3321 534 3365 prius
551 3332 586 3354 se
609 3321 751 3353 invicem
775 3327 1034 3351 transmutantur
1048 3319 1115 3350 *in
1138 3329 1236 3361 gene-

2271 237 2368 263 XLVII

1297 300 1433 340 ratione,
1446 307 1561 343 postea
1573 309 1662 340 vero,
1675 299 1863 344 adaequatis
1877 302 2031 344 potentiis
2045 313 2161 335 eorum
2178 303 2362 336 secundum

1298 343 1463 387 quandam
1490 344 1764 388 proportionem,
1798 353 1972 387 generatur
2022 345 2167 379 uoddam
2195 347 2365 388 medium,

1297 389 1382 420 sicut
1405 399 1517 421 carnes
1548 397 1581 421 et
1604 399 1678 422 ossa
1709 397 1742 421 et
1765 388 1955 422 huiusmodi
1980 397 2011 422 ta
2026 390 2072 430 ia,
2097 390 2202 423 calido
2230 391 2366 435 quidem

1297 432 1480 465 secundum
1503 432 1626 477 aliquid
1642 432 1841 477 infrigidato,
1858 442 1890 466 et
1905 432 2024 477 frigido
2041 434 2224 467 secundum
2241 435 2364 479 aliquid

1297 475 1470 510 calefacto:
1497 478 1574 521 quia
1597 478 1631 510 in
1650 478 1753 510 mixto
1777 478 1912 510 materia
1936 478 2195 522 uniuscuiusque
2212 481 2365 512 contrarii

1297 529 1423 564 partem
1436 522 1522 565 capit
1538 521 1668 554 alterius
1687 521 1819 566 quando
1834 522 1973 555 veniunt
1985 522 2025 555 ad
2038 522 2200 556 medium:
2218 523 2365 557 medium

1297 565 1386 597 enim
1399 574 1448 597 est
1465 566 1628 599 contrarii.
1642 565 1793 599 Medium
1810 574 1921 599 autem
1934 566 2016 600 illud
2028 577 2098 599 non
2113 575 2162 599 est
2177 568 2276 600 unius
2315 579 2366 600 ro-

1297 609 1458 652 portionis
1482 618 1621 650 tantum,
1640 610 1763 643 scilicet
1786 609 1877 654 quod
1900 622 2030 655 semper
2053 612 2095 644 sit
2117 622 2176 655 per
2195 623 2298 655 aequa
2311 623 2364 644 em

1297 653 1536 686 contrariorum
1555 655 1851 699 participationem,
1867 666 1909 687 ne
1934 667 1975 688 ue
1993 664 2041 688 est
2058 654 2264 695 indivisibile,
2282 655 2366 689 idest

1296 707 1365 728 non
1388 705 1438 729 est
1460 708 1529 730 uno
1553 697 1655 731 modo
1686 707 1836 739 tantum,
1868 711 1902 732 se
1949 699 2085 732 diversis
2109 699 2219 733 modis
2249 711 2364 732 secun-

1297 739 1377 773 dum
1394 740 1615 774 diversitatem
1639 744 1863 787 proportionis
1888 744 2144 777 contrariorum:
2170 752 2203 777 et
2218 745 2264 777 sic
2278 746 2297 765 *
2315 753 2365 777 est

1296 783 1444 817 medium
1460 785 1544 818 inter
1560 785 1702 819 calidum
1719 796 1751 820 et
1766 786 1920 830 frigidum
1945 788 2127 822 secundum
2147 787 2364 832 multiplicem

1296 830 1548 906 prqiportionem
1568 830 1726 873 ipsorum.
1752 832 1800 864 Ita
1820 832 1918 864 etiarn
1937 831 2188 876 intelligendum
2207 833 2291 865 inter
2306 832 2365 865 hu-

1296 873 1342 905 mi
1367 885 1424 906 um
1452 882 1485 906 et
1508 874 1655 914 siccum,
1687 887 1769 926 quae
1801 875 1983 909 secundum
2012 876 2199 910 mediorum
2227 876 2363 910 diversi-

1297 926 1397 950 tatem
1414 917 1579 962 quandam
1603 919 1637 951 in
1662 918 1723 952 aha
1735 919 1750 936 *
1763 921 1977 963 proportione
1994 921 2224 954 convenientia
2239 920 2364 954 faciunt

1297 973 1438 1002 carnem,
1462 971 1495 995 et
1518 963 1552 995 in
1576 962 1637 995 alia
1661 965 1876 1007 proportione
1901 963 2024 998 faciunt
2047 977 2096 1005 os,
2121 974 2153 998 et
2176 965 2211 998 in
2235 965 2298 998 alia
2320 964 2364 998 fa-

1297 1007 1388 1039 ciunt
1400 1005 1472 1046 alia,
1482 1018 1626 1051 quorum
1639 1007 1884 1051 complexiones
1897 1010 2076 1050 variantur3
2090 1010 2176 1042 sicut
2187 1018 2237 1042 est
2248 1009 2363 1050 homo,

1297 1051 1390 1083 cuius
1422 1050 1608 1094 complexio
1639 1053 1780 1084 maxime
1810 1053 1917 1085 vicina
1947 1062 1996 1086 est
2019 1062 2300 1097 temperamento,
2331 1062 2364 1087 et

1295 1094 1348 1127 leo
1373 1096 1430 1139 qui
1455 1104 1503 1128 est
1527 1094 1648 1128 calidae
1673 1095 1932 1140 complexionis,
1962 1106 1994 1130 et
2017 1099 2127 1131 asinus
2156 1099 2213 1143 qui
2237 1106 2286 1131 est
2309 1097 2363 1131 fri-

1296 1138 1390 1182 gidae
1415 1139 1664 1183 complexionis.

1350 1193 1380 1226 7.
1405 1183 1535 1217 Deinde
1560 1195 1637 1217 cum
1660 1183 1755 1218 dicit:
1784 1184 1899 1219 Omnia
1914 1192 2014 1219 autem
2033 1186 2130 1219 mixta
2148 1193 2273 1231 corpora
2288 1195 2361 1227 etc.‚

1296 1227 1442 1261 ostendit
1465 1227 1555 1272 quod
1586 1229 1620 1261 in
1649 1228 1795 1273 quolibet
1818 1230 1921 1263 mixto
1951 1239 2028 1263 sunt
2051 1231 2162 1263 omnia
2190 1230 2361 1264 elementa.

1296 1272 1338 1305 Et
1360 1272 1468 1316 primo
1492 1284 1551 1316 per
1575 1284 1724 1314 causam;
1749 1273 1894 1307 secundo
1914 1286 1972 1318 per
1987 1274 2151 1315 effectum,
2175 1274 2237 1308 ibi:
2269 1275 2362 1308 Testi-

1290 1317 1383 1361 ficari
1397 1323 1498 1350 autem
1513 1317 1633 1351 videtur
1647 1317 1663 1334 *
1679 1326 1740 1350 etc.
1766 1318 1860 1352 Circa
1884 1319 2028 1362 primum
2053 1318 2120 1352 duo
2136 1318 2228 1352 facit:
2253 1320 2361 1363 primo

1299 1361 1442 1394 ostendit
1465 1361 1556 1405 quod
1579 1362 1613 1394 in
1637 1361 1784 1406 quolibet
1812 1363 1915 1395 mixto
1946 1372 1995 1396 est
2024 1371 2107 1396 terra
2131 1372 2163 1396 et
2186 1374 2286 1408 aqua;
2310 1375 2361 1397 se-

1288 1405 1522 1456 '‘cundo-quod
1545 1407 1630 1449 igms
1654 1415 1687 1439 et
1710 1418 1775 1446 aer,
1799 1406 1860 1439 ibi:
1885 1407 1950 1441 Aer
1973 1414 2073 1440 autem
2095 1407 2110 1424 *
2134 1417 2194 1440 etc.

1350 1450 1440 1483 Dicit
1462 1461 1542 1493 ergo
1566 1451 1674 1494 primo
1699 1450 1789 1495 quod
1821 1452 1933 1484 omnia
1964 1463 2102 1495 corpora
2125 1453 2240 1492 mixta,
2265 1463 2363 1496 quae-

1297 1505 1439 1539 cumque
1470 1503 1548 1527 sunt
1578 1506 1662 1527 circa
1690 1494 1837 1528 medium
1869 1495 1959 1539 quod
1983 1505 2032 1529 est
2055 1505 2153 1536 terra,
2177 1497 2361 1529 necessario

1296 1547 1375 1571 sunt
1397 1540 1582 1583 composita
1598 1551 1638 1572 ex
1653 1538 1807 1572 omnibus
1832 1540 1893 1572 sim
1919 1539 2034 1573 licibus
2059 1540 2262 1584 corporibus,
2279 1552 2362 1585 quae

1296 1592 1375 1616 sunt
1394 1585 1541 1627 'quatuor
1564 1583 1735 1616 elementa.
1753 1584 1794 1616 Et
1818 1595 1884 1628 quo
1931 1585 1964 1617 in
1984 1585 2076 1617 omni
2100 1596 2237 1628 corpore
2256 1586 2362 1618 mixto

1296 1628 1338 1660 sit
1354 1636 1449 1668 terra,
1466 1628 1512 1660 sic
1536 1627 1689 1661 ostendit.
1708 1628 1818 1661 Locus
1842 1637 1874 1661 et
1897 1628 2042 1662 locatum
2062 1629 2244 1662 secundum
2264 1630 2363 1663 Com-

1296 1680 1514 1705 mentatorem
1538 1681 1594 1706 aut
1617 1682 1627 1698 ε
1653 1681 1730 1705 sunt
1753 1671 1900 1706 eiusdem
1925 1681 2076 1713 naturae,
2100 1682 2157 1706 aut
2180 1673 2362 1718 praedomi-

1296 1726 1393 1750 natur
1415 1725 1531 1750 natura
1554 1716 1619 1750 loci
1643 1717 1677 1749 in
1700 1716 1830 1758 locat0;
1862 1716 1919 1750 sed
1948 1718 2058 1750 omnia
2087 1718 2188 1751 mixta
2210 1717 2362 1751 naturali-

1296 1770 1345 1794 ter
1369 1761 1543 1805 quiescunt
1566 1762 1600 1794 in
1624 1770 1708 1794 terra
1727 1761 1811 1794 sicut
1834 1762 1868 1794 in
1891 1760 1983 1802 loco;
2008 1773 2086 1806 ergo
2116 1771 2248 1806 oportet
2272 1762 2363 1807 quod

1296 1806 1330 1838 in
1347 1805 1495 1850 quolibet
1519 1806 1623 1838 mixto
1647 1807 1690 1838 sit
1712 1814 1806 1846 terra,
1830 1815 1862 1839 et
1885 1817 1954 1839 non
1978 1806 2087 1839 solum
2112 1806 2201 1850 quod
2225 1807 2281 1847 sit,
2305 1806 2363 1840 sed

1295 1859 1332 1883 ut
1353 1849 1621 1895 praedominetur
1644 1851 1678 1883 in
1702 1851 1785 1894 ipso.
1803 1849 1907 1891 Quod
1925 1859 2034 1883 autem
2058 1862 2142 1895 aqua
2161 1851 2203 1883 sit
2226 1852 2260 1884 in
2276 1862 2360 1895 quo-

1295 1894 1374 1928 libet
1396 1896 1500 1928 mixto
1532 1894 1650 1939 probat
1672 1906 1712 1928 ex
1742 1894 1826 1936 hoc,
1851 1895 1927 1939 quia
1951 1903 2035 1928 terra
2058 1906 2140 1939 pura
2169 1906 2238 1928 non
2267 1895 2364 1928 habet

1296 1940 1598 1980 continuationem,
1627 1950 1688 1972 nec
1712 1939 1746 1971 in
1769 1939 1778 1971 i
1805 1950 1839 1972 sa
1863 1938 1971 1984 aliqua
1994 1938 2098 1983 figura
2122 1948 2234 1983 posset
2257 1940 2362 1972 consi-

1295 1993 1393 2025 stere;
1422 1992 1530 2028 partes
1554 1993 1665 2017 autem
1685 1984 1779 2016 cuius
1793 1983 1858 2016 ibet
1883 1984 1976 2016 mixti
2000 1992 2131 2027 oportet
2154 1995 2225 2017 esse
2249 1984 2361 2017 termi-

1295 2037 1403 2062 natas:
1428 2027 1498 2061 sola
1522 2037 1631 2062 autem
1656 2039 1740 2072 aqua
1755 2053 1763 2068 ‚
1788 2037 1824 2061 ut
1847 2039 1946 2072 supra
1969 2027 2093 2061 dictum
2117 2037 2183 2069 est,
2208 2037 2256 2061 est
2279 2028 2362 2061 bene

1294 2072 1517 2106 terminabilis.
1531 2073 1573 2106 Et
1591 2073 1662 2117 ipsa
1681 2081 1764 2106 terra
1781 2081 1915 2116 propter
1936 2072 2082 2105 naturale
2102 2073 2226 2106 siccum
2242 2072 2258 2090 *
2271 2072 2360 2117 quod

1294 2126 1344 2151 est
1367 2118 1401 2150 in
1425 2129 1481 2158 ea,
1512 2116 1699 2150 nullatenus
1732 2125 1955 2150 commoratur
1984 2117 2054 2149 sine
2078 2116 2239 2157 humido,
2270 2116 2361 2162 quod

1293 2171 1343 2195 est
1359 2162 1393 2194 in
1410 2173 1507 2194 causa
1527 2162 1716 2195 continente
1733 2161 1763 2194 *z
1782 2161 1868 2194 unde
1884 2161 2070 2201 humidum,
2088 2161 2178 2205 quod
2195 2170 2243 2194 est
2261 2162 2296 2194 in
2311 2173 2360 2202 ea,

1294 2207 1441 2240 continet
1459 2206 1583 2250 ipsam;
1608 2206 1635 2239 si
1654 2214 1764 2239 autem
1781 2217 1820 2238 ex
1835 2206 1906 2249 ipsa
1924 2205 2100 2239 humidum
2116 2205 2259 2238 totaliter
2274 2205 2360 2239 aufe-

1293 2259 1394 2292 ratur,
1419 2251 1529 2284 statim
1553 2249 1681 2284 decidet
1704 2259 1736 2283 et
1759 2259 1968 2283 convertetur
1991 2250 2025 2282 in
2048 2249 2229 2294 pulverem.
2255 2250 2360 2283 Terra

1293 2307 1373 2339 ergo
1397 2304 1430 2328 et
1453 2307 1538 2340 aqua
1561 2304 1696 2340 propter
1726 2294 1828 2328 dictas
1853 2306 1966 2328 causas
1995 2303 2072 2327 sunt
2103 2295 2137 2327 in
2166 2294 2359 2338 corporibus

1293 2349 1414 2373 mixtls.
1523 2370 1527 2374 ,

1346 2385 1376 2417 8.
1400 2383 1530 2418 Deinde
1555 2395 1631 2417 curn
1655 2383 1754 2417 dicit:
1785 2384 1851 2418 Aer
1873 2391 1973 2418 autem
1996 2391 2023 2418 et
2044 2385 2122 2429 ignis
2145 2393 2223 2425 etc.‚
2251 2385 2360 2429 primo

1293 2428 1412 2474 probat
1434 2427 1525 2474 quod
1556 2430 1591 2462 in
1619 2428 1767 2473 quolibet
1789 2428 1953 2462 elemento
1977 2438 2026 2462 est
2049 2441 2102 2462 aer
2130 2438 2162 2463 et
2185 2430 2281 2473 ignis,
2305 2429 2360 2463 tali

1293 2474 1429 2507 ratione.
1455 2473 1560 2506 Terra
1583 2482 1616 2506 et
1639 2485 1656 2506 a
1680 2485 1723 2506 ua
1747 2473 1923 2507 alterantur
1946 2474 1980 2506 in
2003 2474 2125 2515 mixt03
2150 2486 2226 2507 cum
2250 2483 2360 2507 autem

1293 2517 1558 2569 unumquodque
1574 2485 1787 2551 miscibilium
1802 2517 1955 2551 alteretur
1967 2530 1985 2551 a
1998 2530 2060 2551 suo
2077 2519 2251 2559 contrario,
2265 2530 2361 2563 opor-

1293 2571 1340 2596 tet
1355 2574 1464 2596 aerem
1487 2571 1519 2596 et
1542 2573 1657 2606 ignem
1677 2574 1748 2595 esse
1772 2563 1807 2595 in
1830 2563 2036 2607 composito:
2060 2574 2138 2596 nam
2161 2574 2215 2596 aer
2234 2572 2360 2596 contra-

1293 2608 1394 2641 riatur
1410 2616 1524 2648 terrae,
1540 2615 1572 2640 et
1588 2607 1673 2651 ignis
1698 2618 1811 2651 aquae.
1835 2607 1922 2640 Dico
1939 2616 2050 2640 autem
2073 2607 2274 2640 elementum
2289 2619 2360 2641 esse

1294 2652 1495 2686 contrarium
1519 2651 1696 2692 elemento,
1712 2660 1813 2695 prout
1835 2652 1962 2685 ratione
1986 2651 2180 2696 qualitatum
2201 2652 2360 2696 contingit

1294 2696 1510 2730 substantiam
1532 2707 1603 2729 esse
1620 2696 1815 2729 contrariam
1839 2695 2047 2730 substantiae.
2074 2696 2245 2736 Quoniam
2261 2697 2361 2740 igitur

1293 2742 1521 2785 generationes
1538 2749 1615 2773 sunt
1630 2752 1670 2773 ex
1686 2741 1868 2781 contrariis,
1885 2749 1918 2773 et
1940 2741 1974 2773 in
1998 2741 2107 2773 mixtis
2124 2750 2201 2774 sunt
2217 2749 2360 2774 extrema

1294 2786 1535 2819 contrariorum
1549 2809 1558 2825 ‚
1587 2784 1711 2818 scilicet
1738 2784 1893 2828 frigidum
1917 2786 2042 2818 siccum
2069 2784 2159 2829 quod
2182 2793 2232 2818 est
2255 2794 2358 2826 terra,

1293 2839 1326 2863 et
1341 2829 1497 2873 frigidum
1521 2828 1697 2863 humidum
1721 2829 1812 2874 quod
1836 2838 1884 2862 est
1907 2841 2001 2874 aqua,
2021 2841 2154 2862 necesse
2171 2838 2220 2862 est
2234 2829 2291 2862 reli
2317 2841 2359 2862 ua

1293 2875 1422 2915 inesse,
1453 2873 1576 2907 scilicet
1600 2873 1742 2907 calidum
1766 2885 1841 2907 cum
1866 2874 1953 2907 sicco
1977 2882 2010 2906 et
2033 2873 2175 2906 calidum
2199 2885 2275 2906 cum
2322 2886 2358 2906 u—

1292 2918 1396 2959 mido,
1413 2930 1496 2963 quae
1513 2927 1590 2951 sunt
1605 2919 1690 2962 ignis
1707 2926 1740 2951 et
1752 2930 1805 2951 aer
1828 2919 1852 2951 ζ.
1867 2918 2080 2962 Quapropter
2097 2918 2133 2950 in
2157 2918 2249 2950 omni
2268 2929 2357 2951 com-

1292 2964 1404 3008 posito
1429 2971 1506 2996 sunt
1530 2963 1642 2996 omnia
1665 2962 1825 3006 simplicia
1849 2973 1996 3006 corpora.

1345 3019 1375 3051 9.
1399 3006 1529 3041 Deinde
1545 3019 1621 3040 cum
1639 3006 1734 3040 dicit:
1766 3006 1932 3057 Tesnficari
1947 3013 2046 3039 autem
2061 3006 2180 3040 videtur
2196 3015 2267 3047 etc.‚
2283 3018 2357 3050 pro-

1293 3052 1348 3085 bat
1370 3051 1459 3085 idem
1482 3063 1542 3095 per
1565 3051 1728 3084 effectum.
1754 3051 1795 3084 Et
1815 3050 1970 3084 dividitur
1993 3051 2027 3083 in
2046 3059 2171 3094 partem
2194 3051 2356 3095 principa-

1291 3096 1357 3130 lem
1374 3105 1407 3129 et
1422 3095 1666 3135 incidentalem3
1683 3106 1757 3139 pars
1774 3094 1976 3128 incidentalis
1993 3095 2108 3138 incipit
2119 3094 2180 3127 ibi:
2201 3095 2357 3137 Quoniam

1291 3147 1392 3174 autem
1416 3147 1456 3173 est
1479 3141 1696 3174 nutrimentum
1711 3138 1726 3156 *
1742 3147 1802 3172 etc.
1827 3139 1917 3172 Dicit
1940 3150 2018 3182 ergo
2042 3139 2150 3182 primo
2175 3139 2265 3183 quod
2291 3139 2356 3172 hoc

1293 3185 1384 3229 quod
1407 3184 1531 3218 dictum
1555 3193 1613 3224 est,
1637 3183 1759 3216 scilicet
1782 3183 1872 3227 quod
1896 3184 2008 3216 omnia
2028 3183 2128 3215 mixta
2151 3194 2355 3227 componan-

1291 3238 1345 3262 tur
1368 3241 1408 3262 ex
1431 3237 1572 3272 quatuor
1595 3227 1777 3267 elementis,
1797 3228 1948 3271 testificari
1970 3236 2002 3260 et
2025 3226 2204 3271 approbare
2228 3227 2357 3261 videtur

1291 3274 1529 3305 nutrimentum
1559 3272 1827 3316 uniuscuiusque.
1851 3272 1938 3305 Nam
1967 3270 2231 3316 unumquodque
2254 3273 2356 3304 nutri-

1291 3326 1344 3350 tur
1371 3329 1411 3349 ex
1434 3317 1480 3349 eis
1509 3328 1549 3349 ex
1576 3315 1694 3360 quibus
1719 3324 1788 3356 est;
1822 3315 1879 3349 sed
1907 3316 2018 3348 omnia
2047 3315 2181 3360 quidem
2203 3317 2355 3349 nutriun-

204 3498 247 3540 J)
265 3499 383 3524 secunda
401 3498 534 3531 opinione.
551 3512 571 3518 —
584 3498 678 3530 prima
696 3497 821 3530 opinione
835 3496 927 3526 PCab‚·
947 3496 967 3521 C
980 3504 1033 3521 om.
1053 3499 1079 3520 et
1097 3495 1236 3527 supposita

162 3541 291 3602 Ρηῃδιῗίη
313 3570 394 3602 duplo
411 3570 467 3594 sive
486 3569 512 3594 in
533 3568 623 3600 triplo.
641 3582 660 3588 -
677 3569 701 3593 si
720 3568 822 3599 duplex
841 3567 881 3591 ed.
900 3575 931 3596 a,
951 3567 975 3591 si
994 3566 1136 3598 dupliciter·
1155 3566 1187 3596 C,
1208 3566 1234 3590 in

165 3604 248 3637 duplo
266 3605 291 3630 si
309 3605 336 3630 in
356 3605 437 3637 triplo
455 3605 500 3630 Pb.
518 3618 537 3623 -
555 3604 646 3629 Statim
665 3611 713 3636 pro
732 3602 856 3632 medium,
878 3605 964 3628 movet
983 3602 1030 3626 Ca.

1343 3495 1365 3527 ε)
1385 3495 1423 3520 sic
1441 3495 1590 3520 ostendit...
1609 3498 1665 3520 aut.
1682 3509 1702 3515 -
1718 3495 1787 3520 sicut
1805 3495 1955 3520 ostendit...
1973 3495 2044 3520 Nam
2063 3499 2112 3521 aut
2130 3496 2175 3520 Pb.
2186 3510 2205 3515 -
2223 3496 2290 3521 Infra
2307 3504 2356 3528 pro

1290 3534 1317 3555 et
1335 3538 1386 3555 non
1406 3531 1525 3555 solum...
1545 3531 1571 3555 in
1592 3530 1656 3562 ipso,
1677 3534 1702 3555 et
1720 3531 1804 3555 solum
1824 3531 1840 3562 (
1843 3538 1894 3555 non
1914 3531 1999 3556 solum
2018 3531 2060 3556 ed.
2079 3531 2112 3564 b)
2132 3532 2202 3563 quod
2219 3531 2288 3556 sicut
2306 3532 2356 3563 (sic

1290 3566 1373 3598 quod)
1387 3565 1610 3598 praedominetur
1629 3566 1655 3590 in
1676 3566 1732 3598 ipso
1751 3566 1814 3591 Cab.

1342 3601 1368 3633 ζ)
1387 3608 1454 3633 quae
1472 3605 1534 3626 sunt
1549 3601 1619 3634 ignis
1638 3604 1664 3626 et
1681 3609 1736 3626 aer.
1748 3613 1767 3622 ι-
1781 3602 1837 3626 Hoc
1857 3601 1882 3626 in
1900 3602 1930 3626 B.
1945 3601 2051 3626 Alberto
2070 3606 2095 3626 et
2110 3602 2165 3627 Cab
2184 3609 2236 3626 non
2255 3602 2355 3635 legitur.

2391 751 2402 762 ⁴⁵
2407 751 2502 772 mixtum
2508 751 2605 774 addae.

2391 929 2400 937 ‘
2407 927 2552 955 quae-damin
2558 929 2605 950 alr·-

2391 960 2437 986 qua
2448 960 2485 981 ca,
2501 955 2604 1002 guadam

2390 981 2471 1009 altqua
2486 988 2499 1003 Ρ
2515 997 2521 1003 .

2389 1330 2398 1339 ·
2412 1328 2485 1351 Num.
2500 1335 2523 1357 9.

2389 1418 2399 1426 ·
2413 1417 2484 1439 Num.
2499 1424 2550 1446 seq.

2388 2082 2398 2092 ·
2417 2081 2550 2103 naturalem
2568 2081 2602 2103 si-

2388 2110 2435 2130 tum
2449 2108 2501 2130 cab.

2387 2170 2398 2181 ⁸¹
2419 2170 2443 2191 ίη
2469 2176 2498 2191 ea
2525 2176 2600 2192 causa

2387 2197 2545 2219 continentiae
2558 2203 2580 2219 e.

2384 3149 2394 3158 ·
2407 3148 2478 3170 Num.
2493 3154 2544 3176 seq.
