2782 4134
126 682 158 717 1³ss

1151 282 1263 319 CAP.
1293 283 1344 329 11,
1375 282 1527 319 LECT.
1556 282 1592 319 v

275 371 391 409 quarn
418 357 681 407 unusquisque
712 370 865 404 eorum;
895 358 1014 395 immo
1044 359 1149 407 quod
1177 371 1256 395 non
1285 372 1340 395 es-

274 419 358 450 sent
374 412 502 461 plures
518 423 634 460 quarn
649 423 760 457 unus,
776 411 839 447 vel
853 411 981 459 plures
1002 411 1207 448 divisiones
1223 424 1340 459 quam

274 478 362 502 una.
384 466 475 502 Non
505 464 607 501 enim
631 470 791 512 possunt
818 476 859 499 se
878 464 1020 500 habere
1050 472 1339 513 consequenter,

274 519 324 556 ita
358 518 465 566 quod
500 524 664 566 punctus
701 528 799 552 unus
837 516 883 552 sit
919 523 1006 564 post
1042 516 1176 563 alium,
1215 529 1340 565 neque

276 572 381 621 quod
409 583 450 608 se
473 577 629 618 tangant
657 569 870 606 secundum
889 569 1023 605 ultima
1046 576 1206 615 tantum,
1230 577 1264 605 et
1285 582 1341 605 se-

277 624 446 661 cundum
474 623 546 660 alia
575 630 839 668 secernantur;
864 621 964 670 quia,
991 633 1079 658 cum
1109 621 1182 658 sint
1206 621 1341 658 indivi-

276 677 401 714 sibiles
414 675 461 723 ββ,
483 675 696 713 seeundum
716 682 840 712 totum
861 674 1159 722 coniunguntur:
1190 681 1226 710 et
1253 674 1340 710 ideo

276 742 413 766 omnes
431 729 561 778 puncti
581 728 634 765 sic
653 727 843 765 coniuncti
864 740 942 764 non
966 735 1054 764 sunt
1072 726 1143 763 nisi
1162 738 1272 763 unus.
1294 727 1342 762 Et

274 783 362 820 ideo
382 795 461 819 non
482 789 537 818 est
554 781 735 830 possibile
763 781 869 829 quod
888 788 1051 829 punctus
1071 780 1116 816 sit
1134 779 1275 828 ubique
1304 779 1342 815 in

274 836 372 873 linea
397 840 440 872 ⁷⁷.
466 834 567 882 Quia
596 834 627 871 si
653 834 753 871 linea
781 841 879 870 esset
908 833 1101 870 divisibilis
1129 832 1342 869 secundum

275 888 448 926 medium
477 887 547 934 sui,
578 894 614 933 et
642 894 805 936 punctus
834 895 932 924 esset
960 887 1159 934 contiguus
1186 892 1341 934 punem,

274 949 405 991 posset
438 941 551 978 etiarn
581 940 700 977 dividi
742 940 954 977 secundum
997 939 1218 987 contiguum
1246 950 1343 987 pun-

276 1002 392 1041 ctum,
413 994 444 1031 si
473 1000 571 1030 esset
596 993 756 1030 omnino
777 993 987 1030 divisibilis:
1008 993 1077 1030 sed
1100 993 1175 1029 hoc
1200 999 1256 1028 est
1274 991 1343 1028 irn-

275 1047 454 1097 possibile
476 1044 515 1094 ⁸⁸,
546 1046 635 1096 quia
663 1058 742 1083 non
762 1053 817 1083 est
842 1046 1062 1094 contiguum
1081 1046 1143 1083 vel
1162 1045 1342 1090 habitum,

275 1101 373 1139 idest
401 1107 680 1149 consequenter
707 1103 748 1136 se
776 1100 934 1146 habens,
962 1106 1149 1148 punctum
1176 1106 1342 1147 punem,

275 1155 339 1191 vel
366 1154 641 1203 quodcumque
670 1152 820 1200 signum
845 1152 964 1200 signo.
986 1154 1072 1189 Hoc
1091 1159 1220 1189 autem
1247 1163 1345 1200 pun-

277 1206 561 1255 611111111136111
587 1205 678 1243 nihil
706 1206 809 1243 aliud
837 1213 894 1242 est
921 1218 1039 1254 quarn
1068 1204 1222 1242 actualis
1250 1204 1345 1241 divi-

236 1270 240 1271 ’
273 1256 517 1306 1116110636,
553 1266 618 1296 aut
654 1259 872 1308 compositio
910 1259 991 1296 sive
1025 1265 1145 1295 tactus
1179 1257 1345 1306 partium

274 1311 409 1350 lineae.
438 1312 549 1350 Unde
579 1312 873 1350 concedendurn
895 1320 950 1349 est
977 1311 1084 1360 quod
1111 1310 1149 1348 in
1179 1310 1345 1360 corpori-

276 1366 349 1404 bus
383 1365 624 1403 sensibilibus
651 1365 843 1402 invenitur
879 1364 1120 1413 congregatio
1159 1371 1195 1400 et
1222 1375 1346 1411 segre—

276 1419 376 1468 gatio
396 1424 438 1456 “z
471 1431 551 1456 non
579 1427 708 1459 tamen
736 1418 775 1455 in
802 1418 1042 1456 indivisibilia
1071 1429 1251 1466 corpora,
1282 1424 1347 1453 aut

277 1484 324 1509 ex
351 1471 639 1510 indivisibilibus
659 1472 799 1519 (multa
822 1471 925 1509 enim
944 1470 1190 1520 impossibilia
1211 1482 1345 1519 seque-

169 1553 176 1566 ,
215 1553 222 1559 .
277 1533 422 1572 rentur,
451 1532 493 1562 ut
519 1525 557 1562 in
586 1526 636 1562 111
665 1525 711 1562 de
743 1524 857 1562 Caelo
880 1524 901 1546 '¹‘
925 1524 1066 1561 dictum
1096 1524 1190 1569 est);
1219 1535 1346 1572 neque

275 1578 338 1616 ita»
354 1577 461 1627 quod
493 1577 624 1615 divisio
654 1577 809 1615 actualis
837 1577 958 1614 lineae
986 1577 1054 1614 fiat
1079 1576 1223 1624 ubique
1253 1577 1347 1623 (1106

277 1631 379 1669 6111111
399 1630 631 1679 contingeret
645 1630 676 1678 *,
689 1630 719 1668 si
736 1638 901 1679 punctus
921 1638 1018 1667 esset
1037 1629 1236 1678 contiguus
1249 1641 1347 1678 pun-

276 1691 350 1731 cto,
379 1683 486 1732 quod
513 1691 570 1721 est
595 1684 844 1733 impossibile,
872 1691 914 1721 ut
941 1696 988 1721 ex
1015 1683 1123 1721 dictis
1150 1689 1254 1732 patet
1280 1682 1345 1729 ³³3:

274 1737 345 1775 sed
373 1737 582 1785 segregatio
621 1749 827 1786 corporum
855 1745 912 1774 est
938 1737 978 1774 in
1005 1737 1131 1785 aliqua
1162 1748 1283 1785 parva
1311 1743 1348 1773 et

275 1790 435 1837 minora,
459 1790 700 1839 congregatio
729 1803 824 1827 vero
844 1798 901 1827 est
928 1803 974 1827 ex
997 1790 1185 1839 aliquibus
1217 1789 1346 1838 parvis

276 1848 315 1881 et
331 1843 567 1889 minoribus;
594 1855 674 1881 non
693 1851 822 1881 autem
843 1856 888 1880 ex
914 1843 1092 1891 minimis,
1114 1855 1213 1892 quae
1233 1854 1346 1892 opor-

241 1924 248 1930 .
275 1903 330 1934 tet
346 1896 367 1918 '¹‘
387 1909 471 1934 esse
495 1896 747 1935 indivisibilia.

331 1962 367 1999 7.
397 1950 546 1988 Deinde
581 1963 670 1988 cum
705 1950 812 1988 dicit:
842 1951 917 1987 Sed
949 1962 1024 1987 non
1057 1949 1219 1998 simplex
1252 1956 1345 1997 etc.,

276 2003 390 2040 solvit
418 2003 629 2041 secundam
664 2004 849 2040 rationem
882 2003 1109 2050 Democriti,
1138 2015 1207 2052 per
1234 2002 1346 2039 inter-

277 2056 512 2106 emptionem
539 2063 586 2094 rm·
617 2058 666 2094 Et
695 2057 822 2106 primo
856 2056 1032 2094 interimit
1060 2055 1346 2104 generationem

275 2109 488 2159 simplicem
517 2117 554 2147 et
582 2109 867 2159 corruptionem
901 2122 984 2147 esse
1013 2108 1346 2158 congregationem

277 2170 314 2200 et
349 2163 653 2212 segregationem
670 2193 680 2211 ,
723 2171 764 2200 ut
800 2163 1044 2200 Democritus
1081 2162 1345 2210 existimabat;

276 2216 447 2253 secundo
485 2216 647 2254 ostendit
682 2224 868 2266 quantum
906 2217 954 2254 ad
993 2216 1083 2265 quid
1119 2223 1246 2265 potest
1281 2228 1347 2253 ve-

276 2269 416 2306 rificari
453 2269 595 2307 dictum
632 2269 841 2307 Democriti
857 2298 866 2316 ‚
907 2269 982 2307 ibi:
1025 2271 1238 2320 Segregata
1277 2281 1347 2306 au-

278 2327 351 2359 tem
369 2322 391 2344 ’¹‘
419 2330 489 2360 etc.

330 2375 430 2413 Dicit
458 2389 547 2425 ergo
566 2375 691 2426 primo
716 2375 823 2425 quod
842 2388 922 2412 non
941 2383 997 2412 est
1015 2375 1065 2412 ita
1085 2375 1291 2413 dicendum
1307 2373 1344 2423 ⁰⁰,

276 2428 371 2467 sicut
398 2429 555 2478 quidam
585 2429 776 2475 dixerunt,
807 2428 914 2477 quod
938 2429 1097 2478 simplex
1122 2437 1158 2466 et
1179 2429 1346 2479 perfecta

274 2481 467 2530 generatio
482 2483 550 2520 fiat
567 2494 636 2532 per
651 2482 995 2530 congregationem,
1013 2483 1202 2531 corruptio
1217 2490 1345 2520 autem

274 2547 345 2585 per
372 2535 696 2584 segregationem3
727 2543 763 2572 et
795 2535 902 2584 quod
927 2536 1052 2573 omnis
1083 2537 1344 2573 transmutatio

242 2611 249 2618 ·
278 2600 378 2638 quae
396 2589 440 2626 fit
458 2589 498 2626 in
517 2589 644 2639 aliquo
665 2589 846 2626 continuo
865 2589 886 2611 '¹‘
909 2597 1179 2638 permanente,
1210 2589 1346 2627 scilicet

275 2654 355 2680 non
379 2650 607 2691 congregato
633 2655 704 2679 nec
732 2649 946 2690 segregato,
972 2642 1018 2679 sit
1044 2643 1223 2680 alteratio.
1255 2643 1346 2680 Cre-

329 2799 372 2834 ββ)
391 2803 417 2825 et
434 2799 579 2825 secundum
602 2800 658 2824 alia
680 2802 900 2825 secernantur...

274 2836 330 2861 alia
349 2836 412 2868 quia
430 2842 490 2861 cum
509 2838 649 2867 separetur
662 2835 717 2860 sint
730 2835 903 2861 indivisibiles
917 2836 959 2860 ed.
972 2843 1005 2867 a;
1017 2839 1043 2861 et
1055 2837 1199 2862 secundum
1214 2837 1270 2862 alia
1284 2838 1347 2870 quia

275 2878 335 2897 cum
348 2874 508 2903 separentur
521 2874 585 2896 sunt
599 2870 771 2896 indivisibilia
786 2871 821 2902 C;
834 2878 882 2903 pro
896 2875 1078 2901 secernantur,
1091 2879 1118 2897 se
1131 2876 1279 2905 sequantur
1287 2874 1319 2898 A.
1328 2887 1348 2894 -

275 2906 327 2931 Pro
345 2910 372 2932 et
390 2907 450 2932 ideo
468 2913 559 2931 omnes
572 2906 670 2938 puncti
687 2906 727 2932 sic
741 2906 884 2935 coniuncti,
899 2910 926 2931 et
943 2907 1051 2933 omnino
1070 2915 1160 2932 omnes
1168 2909 1266 2939 puncti
1283 2916 1347 2934 con-

275 2942 359 2968 iuncti
376 2942 462 2967 PCab.
479 2956 499 2961 -
517 2941 658 2972 Quomodo
677 2947 773 2975 puncta
791 2949 845 2967 non
863 2942 966 2974 possint
982 2950 1010 2968 se
1033 2943 1129 2968 habere
1147 2947 1346 2976 consequenter,

273 2977 326 3003 vid.
337 2977 383 3002 VlI
401 2977 517 3011 Pity-sic„
537 2978 596 3002 lect.
609 2985 628 3002 1.

328 3013 371 3046 γγ)
390 3013 462 3045 quod
476 3015 593 3045 punctus
605 3013 642 3038 sit
654 3013 748 3046 ubique
765 3013 792 3038 in
807 3013 885 3038 linea.
899 3027 919 3032 -
931 3014 1003 3047 quod
1020 3015 1057 3040 sit
1071 3014 1164 3047 ubique
1178 3022 1230 3047 per
1247 3015 1345 3040 lineam

276 3048 392 3073 PCabn—
405 3048 503 3073 Eadem
522 3048 566 3073 lin.
581 3053 643 3081 post
657 3049 804 3079 divisibilis,
818 3049 841 3073 A
855 3049 914 3074 add.
928 3051 970 3075 vel
984 3050 1085 3079 divisas
1103 3058 1150 3083 pro
1165 3050 1280 3076 medium
1295 3051 1345 3080 sui,

276 3086 361 3108 totum
379 3083 423 3108 sui
440 3083 531 3114 PCab,
551 3083 583 3108 cf.
601 3088 710 3109 textum.

329 3117 370 3151 ὃὸ)
383 3119 431 3144 sed
444 3118 494 3144 hoc
511 3122 552 3144 est
570 3119 770 3151 impossibile.-
782 3120 830 3145 sed
843 3120 893 3145 hoc
905 3128 958 3145 non
974 3124 1014 3146 est
1020 3121 1193 3153 possibileA;
1212 3122 1239 3146 in
1251 3129 1345 3163 graeco

275 3159 346 3179 textu
359 3154 410 3179 hoc
423 3154 671 3187 subintelligendum
683 3160 736 3186 est;
750 3156 809 3181 vide
824 3156 923 3186 Bonitz,
934 3157 1011 3182 Index
1022 3153 1346 3190 Α1131016116υε,1.γάρ.-

276 3189 335 3214 Lin.
347 3197 405 3222 seq.
423 3197 472 3222 pro
490 3189 566 3220 idest,
587 3191 627 3215 vel
644 3191 678 3215 A.

329 3225 364 3258 εε)
383 3225 544 3258 segregatio.
562 3239 582 3244 —
601 3225 769 3260 disgregatio
787 3227 872 3256 PCab,
888 3232 914 3251 et
931 3232 1056 3260 pergunt·
1075 3235 1128 3252 non
1142 3230 1231 3252 tamen
1247 3227 1345 3252 indivi-

276 3260 392 3286 sibilium
410 3267 553 3293 corporum

329 3295 370 3328 ζζ)
386 3299 416 3320 ut
434 3303 472 3321 ex
489 3296 569 3321 dictis
578 3299 666 3329 patet.
678 3311 698 3316 -
712 3300 742 3322 ut
755 3297 856 3322 dictum
871 3300 910 3322 est
923 3298 956 3322 A.
967 3311 986 3316 —
999 3297 1107 3322 Inferius
1126 3297 1231 3322 minora
1250 3305 1303 3322 om.
1317 3305 1342 3327 a,

277 3334 304 3356 et
322 3331 427 3356 minora
445 3339 499 3356 om.
512 3331 542 3356 C.
559 3346 579 3351 —
597 3332 625 3357 ln
649 3332 771 3357 versione
790 3333 899 3365 legimus
925 3333 1030 3357 minora
1049 3338 1074 3358 et
1093 3333 1255 3363 minoribus,
1275 3333 1343 3357 iuxta

278 3367 465 3399 expositionem
485 3366 512 3392 S.
525 3366 644 3392 Thomae
663 3373 690 3392 et
706 3373 804 3393 textum
823 3375 960 3401 graecum,
981 3368 1040 3392 licet
1058 3367 1136 3392 Piana
1154 3372 1180 3392 et
1198 3369 1279 3392 nostri
1299 3375 1342 3392 co-

278 3401 347 3426 dices
366 3402 495 3427 versionis
514 3402 626 3427 habeant
644 3403 755 3428 minima
774 3408 799 3428 et
818 3403 944 3428 minimis.

331 3436 376 3469 ηη)
389 3444 443 3469 per
461 3437 701 3470 interemptionem.
715 3446 793 3471 -per
812 3438 983 3464 intentionem
1003 3438 1061 3462 edd.
1077 3444 1094 3462 a
1105 3437 1127 3466 b,
1147 3443 1173 3462 et
1191 3437 1225 3462 ita
1243 3438 1344 3462 videtur

277 3472 349 3504 prius
368 3472 503 3504 scripsisse
522 3473 551 3498 C.
568 3487 588 3492 -
605 3474 669 3498 Post
688 3474 752 3499 duas
776 3474 856 3499 lineas
880 3481 928 3506 pro
947 3476 1074 3504 quantum
1097 3472 1134 3497 ad
1156 3472 1234 3505 quid,
1253 3480 1343 3498 conse-

278 3510 390 3539 quenter
407 3507 444 3532 ad
463 3507 527 3540 quid
545 3508 631 3538 PCab,
650 3509 681 3534 cf.
696 3517 770 3534 num.
784 3516 841 3541 seq.

2385 286 2458 321 283

1398 361 1540 398 debant
1573 361 1674 398 enirn
1703 362 1777 398 hoc
1811 362 1981 399 accidere
2007 363 2043 399 in
2073 363 2186 399 rebus
2214 363 2462 410 naturalibus,

1397 414 1491 450 sicut
1519 414 1650 451 accidit
1667 414 1705 451 in
1734 415 1852 452 domo
1883 423 1918 451 et
1946 415 1984 452 in
2018 415 2197 452 omnibus
2226 416 2461 462 huiusmodi,

1397 479 1563 515 quorum
1589 467 1713 504 forma
1734 468 1901 505 consistit
1918 468 1956 505 in
1983 468 2173 517 positione
2203 476 2239 505 et
2268 469 2398 506 ordine
2426 476 2460 505 ⁴¹:

1375 532 1476 565 *non
1491 520 1592 556 enim
1616 521 1715 557 fiunt
1733 521 1802 557 nisi
1829 534 1899 570 per
1928 522 2259 574 congregationem
2286 522 2462 570 partium,

1397 584 1522 620 neque
1539 582 1835 622 corrumpuntur
1850 574 1919 611 nisi
1932 587 2002 623 per
2016 575 2333 622 segregationem3
2349 587 2463 623 quae-

1398 637 1561 673 cumque
1587 634 1715 663 autem
1744 627 1814 664 alia
1846 628 2108 665 transmutatio
2135 628 2172 664 in
2198 627 2417 664 huiusmodi
2436 634 2463 648 ’⁰‘

1396 677 1539 723 accidit,
1559 686 1708 726 praeter
1726 680 1954 718 solutionem
1980 681 2278 727 continuitatum,
2299 680 2463 717 alteratio

1399 737 1464 766 est.
1487 731 1572 766 Hoc
1589 738 1644 767 est
1659 744 1748 779 ergo
1765 745 1810 769 ex
1825 746 1902 782 quo
1918 734 2089 793 procedit
2104 742 2183 771 tota
2211 733 2367 770 fallacia.
2397 735 2466 770 Est

1399 782 1500 818 enim
1527 784 1719 829 generatio
1747 793 1783 821 et
1802 787 1991 835 corruptio
2018 787 2056 824 in
2077 788 2191 824 rebus
2219 786 2463 834 naturalibus,

1398 847 1560 882 quarum
1587 835 1607 857 '³‘
1636 836 1759 874 forma
1797 851 1875 875 non
1904 847 1959 876 est
1995 840 2132 888 positio
2164 848 2199 877 et
2233 840 2355 877 ordo:
2386 852 2464 876 non

1399 887 1555 946 quidem
1591 900 1659 936 per
1697 892 2028 939 congregationem
2067 901 2103 930 et
2141 893 2463 941 segregationem,

1399 941 1467 977 sed
1495 940 1583 988 quia
1611 941 1654 977 fit
1681 945 1940 981 transmutatio
1974 958 2023 981 ex
2049 947 2120 983 hoc
2148 952 2234 992 toto,
2263 946 2360 983 idest
2386 957 2465 982 non

1400 993 1581 1030 dissoluto
1610 994 1648 1031 in
1675 1003 1812 1044 partes,
1843 997 1879 1033 in
1908 999 1979 1034 hoc
2001 1004 2129 1046 totum,
2151 999 2258 1048 quasi
2277 1011 2356 1036 non
2376 1011 2466 1036 con-

1399 1055 1595 1095 gregatum
1617 1060 1662 1083 ex
1681 1048 1866 1097 aliquibus
1885 1051 2064 1098 partibus.
2087 1053 2164 1090 Sed
2184 1052 2324 1100 antiqui
2343 1052 2465 1111 philo—

1401 1100 1511 1149 sophi
1537 1100 1799 1138 existimabant
1817 1101 1843 1122 ²²
1867 1115 2024 1140 omnem
2048 1106 2162 1141 talem
2186 1105 2465 1142 transmutatio-

1400 1166 1504 1200 nem,
1521 1166 1619 1201 quae
1640 1155 1682 1191 fit
1701 1155 1827 1203 aliquo
1847 1163 1926 1192 toto
1946 1157 2089 1205 integro
2104 1166 2364 1206 permanente,
2382 1170 2464 1195 esse

1400 1207 1672 1244 alterationem.
1695 1208 1812 1254 Quod
1832 1209 1986 1256 quidem
2007 1222 2085 1247 non
2101 1219 2155 1247 est
2169 1223 2324 1262 verum:
2345 1223 2466 1260 quan-

1401 1260 1529 1309 doque
1550 1260 1651 1298 enim
1665 1268 1791 1309 potest
1806 1273 1886 1298 esse
1903 1262 2061 1311 simplex
2077 1259 2279 1311 generatio,
2297 1271 2332 1301 et
2347 1276 2465 1324 quan-

1402 1313 1530 1362 doque
1559 1313 1738 1350 alteratio.
1770 1315 1847 1351 Sed
1876 1314 1913 1351 in
1941 1316 2016 1351 hoc
2043 1315 2063 1337 ’¹⁶
2092 1316 2283 1354 differunt:
2314 1317 2401 1366 quia
2425 1317 2465 1353 in

1401 1367 1571 1404 subiecto
1587 1367 1713 1416 aliquo
1729 1373 1768 1394 ma
1787 1375 1843 1404 est
1861 1368 1936 1404 hoc
1955 1368 2111 1416 quidem
2127 1370 2338 1407 secundum
2354 1371 2465 1407 ratio-

1402 1433 1500 1466 nem,
1520 1420 1618 1458 idest
1645 1420 1858 1457 secundum
1887 1421 2065 1468 formam,
2085 1423 2159 1459 hoc
2179 1431 2305 1460 autem
2334 1435 2466 1460 secun-

1403 1474 1496 1510 dum
1512 1473 1710 1510 materiam
1731 1476 1837 1520 (nam
1857 1486 1996 1522 corpus
2018 1476 2183 1511 naturale
2200 1483 2285 1512 actu
2306 1476 2467 1513 existens

1403 1527 1660 1576 compositum
1701 1534 1756 1563 est
1788 1539 1834 1563 ex
1871 1528 2028 1564 materia
2056 1535 2091 1564 et
2119 1528 2280 1575 forma):
2311 1529 2465 1578 quando

1401 1580 1512 1628 igitur
1544 1587 1600 1617 est
1633 1579 1894 1617 transmutatio
1920 1587 1944 1600 ”²
1967 1581 2179 1618 secundum
2208 1582 2404 1618 materiam
2434 1590 2469 1619 et

1402 1634 1587 1680 formam,
1616 1633 1667 1670 ita
1695 1633 1834 1670 scilicet
1854 1634 1957 1682 quod
1986 1634 2142 1671 materia
2171 1634 2328 1683 accipiat
2356 1635 2467 1671 aliam

1401 1687 1568 1723 formam
1597 1686 1898 1733 substantialem,
1930 1687 1998 1723 erit
2025 1687 2184 1736 simplex
2212 1688 2403 1735 generatio
2433 1696 2470 1725 et

1403 1739 1614 1788 corruptio;
1644 1739 1800 1788 quando
1829 1748 1956 1777 autem
1977 1747 2032 1777 est
2054 1740 2313 1777 transmutatio
2338 1753 2469 1778 secun-

1403 1793 1496 1830 dum
1525 1792 1721 1842 passiones
1750 1801 1787 1829 et
1814 1793 2033 1840 accidentia,
2064 1794 2131 1830 erit
2158 1794 2336 1831 alteratio.

1458 1847 1492 1883 8.
1510 1845 1658 1883 Deinde
1670 1858 1759 1882 cum
1776 1846 1878 1883 dicit:
1895 1847 2105 1896 Segregata
2116 1852 2240 1883 autem
2253 1855 2335 1894 etc.,
2345 1854 2468 1883 osten-

1402 1899 1454 1936 dit
1486 1906 1672 1949 quantum
1706 1899 1754 1936 ad
1783 1899 1873 1948 quid
1901 1900 2119 1936 verificetur
2154 1899 2296 1937 dictum
2324 1901 2468 1937 Demo-

1402 1952 1492 1989 criti.
1523 1952 1770 1989 Manifestum
1800 1960 1855 1990 est
1884 1953 1986 1990 enim
2015 1953 2120 2001 quod
2149 1953 2290 2001 aliqua,
2321 1965 2366 1989 ex
2394 1953 2469 1990 hoc

1401 2005 1508 2054 quod
1545 2013 1632 2042 sunt
1661 2013 1887 2054 congregata
1914 2007 1977 2043 vel
2010 2014 2223 2054 segregata,
2261 2006 2470 2043 redduntur

1400 2059 1522 2096 levius
1551 2059 1612 2095 vel
1646 2059 1832 2096 difficilius
1849 2056 1876 2082 ἔξ
1901 2059 2154 2108 corruptibilia
2173 2060 2235 2096 vel
2263 2059 2467 2096 mutabilia.

1402 2112 1442 2149 Si
1472 2112 1572 2149 enim
1606 2124 1707 2160 aqua
1745 2112 1934 2150 dividatur
1972 2112 2011 2149 in
2038 2112 2284 2161 parvissimas
2320 2119 2467 2161 partes,

1401 2165 1527 2202 minus
1554 2165 1694 2214 poterit
1726 2165 1897 2203 resistere
1931 2165 2068 2203 actioni
2103 2165 2277 2202 contrarii
2305 2165 2468 2213 agentis,

1402 2227 1438 2255 et
1465 2219 1516 2255 ita
1540 2218 1645 2255 citius
1666 2230 1710 2255 ex
1744 2231 1844 2268 aqua
1873 2226 2049 2268 corrupta
2068 2224 2093 2240 ⁰⁰
2118 2219 2357 2267 generabitur
2384 2231 2469 2255 aer:

1400 2271 1431 2309 si
1449 2284 1545 2309 vero
1566 2279 1817 2320 congregetur
1843 2273 2008 2309 multum
2030 2273 2076 2310 de
2100 2285 2212 2320 aqua,
2233 2273 2354 2320 magis
2379 2271 2468 2308 resi-

1400 2331 1472 2362 stet
1496 2325 1631 2373 agenti,
1657 2332 1694 2362 et
1720 2325 1772 2362 sic
1799 2325 1940 2362 tardius
1976 2333 2253 2375 corrumpetur,
2282 2332 2324 2362 ut
2351 2337 2396 2362 ex
2425 2337 2471 2361 ea

1399 2378 1519 2427 possit
1532 2378 1704 2426 generari
1721 2391 1796 2416 aer.
1814 2379 1863 2416 Et
1877 2379 1952 2416 hoc
1974 2379 2093 2427 magis
2108 2379 2127 2400 ²¹⁴
2142 2378 2386 2416 manifestum
2403 2378 2471 2415 erit

1399 2431 1439 2468 in
1467 2431 1715 2480 sequentibus
1743 2431 1774 2469 ²⁸.

1454 2484 1597 2522 Ultimo
1626 2492 1756 2522 autem
1785 2484 2014 2534 epilogando
2046 2485 2134 2522 dicit
2161 2490 2199 2507 π’*
2223 2497 2325 2522 1111116
2351 2484 2469 2522 intan-

1402 2545 1485 2575 tum
1514 2550 1598 2575 esse
1627 2538 1921 2575 determinatum
1951 2538 2056 2587 quod
2084 2538 2314 2587 impossibile
2335 2545 2390 2575 est
2409 2550 2470 2586 ge—

1402 2591 1640 2628 nerationem
1670 2603 1752 2628 esse
1773 2591 2116 2639 congregationem,
2139 2592 2291 2639 qualern
2315 2591 2472 2640 quidam

1403 2644 1590 2693 inquiunt,
1620 2645 1760 2682 scilicet
1788 2657 1833 2682 ex
1863 2645 2083 2694 corporibus
2111 2644 2403 2682 indivisibilibus.

1455 2801 1495 2835 0⁰)
1514 2803 1666 2829 dicendum.
1685 2817 1703 2822 -
1722 2803 1913 2828 declarandum
1928 2804 1960 2828 A.
1977 2817 1996 2822 —
2014 2803 2066 2828 Pro
2085 2803 2209 2835 simplex,
2223 2803 2378 2835 simpliciter
2393 2803 2470 2833 Pab.;

1400 2839 1539 2871 corruptio
1558 2842 1647 2864 autem
1661 2846 1714 2871 per
1731 2838 1944 2872 segregationem
1963 2847 2016 2863 om.
2036 2839 2067 2863 Α.

1456 2873 1484 2909 ιι)
1501 2875 1526 2899 in
1541 2875 1646 2899 domo...
1662 2878 1688 2899 et
1701 2874 1833 2899 ordine.-
1845 2874 1871 2898 in
1888 2874 1966 2899 domo
1984 2875 2025 2898 vel
2041 2873 2104 2898 navi
2119 2877 2145 2898 et
2158 2873 2185 2898 in
2206 2873 2326 2899 omnibus
2339 2873 2470 2905 (omnibus

1400 2910 1496 2934 omittit
1513 2910 1544 2942 P)
1559 2910 1712 2935 huiusmodi
1724 2917 1837 2942 quorum
1852 2909 1946 2943 forma
1959 2913 2064 2934 constat
2078 2909 2104 2933 in
2119 2909 2307 2941 compositione
2321 2910 2362 2934 vel
2374 2909 2468 2934 ordine

1454 2981 1495 3014 κκ)
1516 2981 1542 3005 in
1563 2981 1748 3008 huiusmodi·-

1399 3016 1461 3046 Pab,
1481 3016 1663 3049 consequentis
1682 3017 1711 3041 C.

1453 3050 1500 3084 λλ)
1520 3052 1721 3076 existimabant.
1739 3065 1758 3070 —
1776 3052 1833 3075 Hoc
1852 3059 1905 3075 om.
1921 3051 1979 3076 edd.
1992 3058 2009 3075 a
2019 3050 2033 3075 b
2039 3057 2048 3079 ;
2062 3050 2120 3074 ideo
2135 3050 2154 3074 P
2169 3050 2229 3083 legit
2242 3049 2385 3082 putabant,
2405 3055 2430 3074 et
2445 3050 2466 3074 C

1400 3087 1471 3111 addit
1489 3087 1581 3112 dicunt
1599 3092 1660 3119 post
1674 3090 1857 3119 permanente,
1877 3094 1924 3118 pro
1943 3094 1996 3118 quo
2016 3089 2139 3110 manente
2158 3085 2243 3110 PCab.

1454 3123 1501 3156 μμ.)
1522 3122 1548 3146 ίη
1568 3122 1683 3147 subiecto
1702 3122 1800 3154 aliquo.
1818 3135 1837 3140 —
1854 3124 1915 3146 actu
1935 3121 1994 3145 add.
2012 3122 2049 3151 A,
2067 3127 2105 3145 ex
2122 3128 2174 3145 non
2194 3124 2254 3146 ente
2272 3120 2330 3144 add.
2345 3120 2398 3149 Ca,
2418 3120 2465 3144 sed

1399 3159 1483 3182 neutri
1502 3160 1642 3190 respondet
1659 3162 1753 3182 text-us.
1771 3170 1790 3175 —
1807 3157 1858 3180 Pro
1869 3156 2016 3184 sationem,
2036 3163 2129 3180 nomen
2148 3156 2181 3180 A.

1453 3192 1491 3225 νν)
1511 3192 1617 3225 quando
1637 3192 1722 3225 igitur
1740 3195 1780 3216 est
1798 3192 1997 3216 transmutatio.
2016 3205 2034 3209 —
2051 3198 2119 3223 quae
2139 3191 2224 3224 igitur
2241 3194 2281 3216 est
2299 3193 2464 3215 transmuta-

1399 3228 1437 3252 tio
1450 3229 1486 3259 A;
1508 3228 1662 3260 adoptamus
1676 3226 1866 3252 transmutatio
1881 3227 1938 3250 loco
1954 3229 2171 3255 transmutatum,
2186 3227 2257 3259 quod
2270 3225 2365 3250 habent
2378 3225 2463 3255 PCab,

1399 3263 1446 3287 sed
1465 3263 1606 3287 retinemus
1625 3262 1747 3294 quando;
1766 3262 1797 3286 cf.
1817 3266 1878 3293 post
1896 3262 1960 3286 duas
1980 3261 2061 3286 lineas
2080 3262 2188 3293 quando
2207 3265 2295 3286 autem
2315 3266 2364 3285 etc.
2376 3274 2396 3279 -
2413 3260 2464 3285 Pro

1760 2981 1817 3005 Hoc
1835 2988 1889 3005 om.
1904 2980 1986 3004 PCab.
2001 2994 2020 2999 -
2039 2980 2089 3004 Pro
2107 2979 2327 3008 continuitatum,
2347 2979 2468 3004 continui

1394 3298 1534 3329 passiones
1552 3301 1578 3322 et
1591 3297 1747 3326 accidentia,
1766 3296 1915 3322 accidentia
1933 3299 1960 3321 et
1972 3296 2126 3328 passionem
2146 3297 2208 3322 Pab.

1452 3330 1489 3364 ξξ)
1505 3332 1587 3357 levius
1601 3333 1642 3356 vel
1654 3332 1798 3365 dffstCfliuS·
1811 3346 1831 3350 —
1844 3331 1938 3356 leviter
1956 3333 1996 3357 vel
2009 3331 2155 3365 difficiliter
2169 3333 2204 3364 A;
2225 3332 2294 3358 idem
2308 3337 2369 3365 post
2381 3338 2460 3356 unam

1398 3368 1443 3392 lin.
1456 3375 1504 3400 pro
1518 3367 1661 3396 contrarii,
1680 3367 1823 3392 contrarie.

1451 3403 1494 3434 00)
1513 3405 1650 3434 corrupta.
1667 3416 1687 3421 —
1705 3403 1762 3426 Hoc
1788 3410 1841 3427 om.
1860 3402 1945 3427 PCab.
1963 3417 1982 3422 —
2000 3403 2051 3427 Pro
2069 3405 2264 3436 congregetur,
2289 3402 2463 3436 congregabi-

1399 3441 1444 3462 tur
1463 3438 1534 3467 edd.;
1554 3442 1613 3462 ante
1631 3437 1723 3470 agenti
1742 3437 1762 3462 C
1781 3438 1839 3462 add.
1858 3438 1995 3463 contrario
2001 3446 2010 3468 ;
2029 3446 2076 3470 pro
2095 3445 2133 3463 ex
2150 3445 2190 3465 ea.
2205 3438 2305 3464 exinde
2324 3438 2409 3463 PCab.

1452 3473 1500 3505 ππ)
1520 3472 1681 3505 epilogando
1700 3472 1773 3497 dicit.
1790 3486 1811 3493 -
1827 3473 1988 3506 epilogando
2012 3473 2146 3499 concludit
2163 3477 2190 3499 et
2209 3474 2273 3499 dicit
2292 3474 2326 3504 C,
2346 3474 2464 3506 epilogat

1399 3507 1487 3532 dicens
1505 3508 1537 3531 A.
1555 3521 1573 3526 —
1592 3508 1655 3532 Post
1672 3515 1751 3532 unam
1771 3508 1815 3533 lin.
1832 3516 1880 3541 pro
1898 3509 2009 3541 qualem,
2034 3509 2149 3542 qualiter
2167 3509 2214 3534 Ca.

2586 480 2602 495 ιι

2581 638 2611 654 χχ

2492 847 2607 874 quorum
2614 848 2649 875 rb,
2656 854 2694 870 om
2700 865 2706 870 .

2493 880 2530 895 ca.

2576 1113 2611 1139 λλ

2495 1328 2567 1350 'Sed
2585 1329 2654 1350 simul
2669 1334 2707 1350 ca.

2586 1384 2622 1410 μμ

2584 1601 2610 1617 W

2587 2061 2614 2092 ΕΞ

2583 2229 2613 2246 00

2498 2383 2587 2411 *magis
2592 2389 2639 2404 om.
2647 2383 2711 2405 reah.

2498 2435 2508 2446 ¹¹
2520 2435 2578 2463 Cap.
2585 2441 2608 2463 x,
2617 2441 2666 2457 11.ιο
2675 2442 2710 2463 sq.

2588 2493 2625 2510 ππ
