2690 4062
47 1674 58 1683 ·
70 1671 141 1694 Num.
155 1678 204 1699 seq.

141 1853 158 1869 α

43 1941 54 1950 “
65 1941 185 1967 perempte
200 1945 236 1961 ca.

42 2023 55 2035 ⁴
69 2023 141 2045 Num.
156 2029 176 2051 5.

50 3086 60 3097 ⁸
74 3083 146 3106 Num.
157 3085 205 3107 seq.

285 280 355 304 XLII

351 345 415 376 τῶν
433 340 598 385 σωμάτων
618 334 759 382 οὐδεμία
780 338 905 373 κίνησίς
924 336 1015 367 ἐστιν
1033 328 1110 365 οὐδὲ
1128 330 1226 375 μον-ἡ.
1249 329 1339 361 Ἀλλ’

354 388 496 420 ἄτοπον.

781 261 852 298 DE
882 255 1268 296 GENERATIONE
1298 253 1368 289 ET
1399 249 1783 288 CORRUPTIONE
1813 249 1907 285 LIB.
1939 249 1972 284 11

1468 329 1540 360 citia
1564 328 1621 359 erit
1640 328 1750 368 magis.
1775 327 1967 367 Simpliciter
1989 333 2098 357 autem
2122 326 2181 357 nisi
2206 326 2343 357 amicitia
2365 327 2416 358 vel
2434 327 2474 358 lis

1467 379 1604 411 moveat,
1621 382 1735 402 eorum
1751 381 1924 412 corporum
1940 371 2049 402 nullus
2065 378 2174 402 motus
2190 377 2237 402 est
2251 381 2356 412 neque
2372 381 2473 403 mora.

1467 417 1529 448 Sed
1553 416 1789 447 inconveniens.

278 479 354 511 Ἔτι
383 471 420 507 δὲ
450 476 507 506 καὶ
537 475 695 516 φαίνεται
726 470 922 513 κινούμενα·
954 461 1093 506 διέκρινε
1125 463 1184 506 μὲν
1213 461 1277 507 γάρ
1303 460 1344 493 τὸ
1399 461 1577 501 *Amplius
1593 467 1701 491 autem
1717 467 1748 491 et
1762 460 1909 490 videntur
1925 466 2030 490 mota:
2053 460 2226 500 segregavit
2241 460 2327 491 enim
2342 460 2474 501 quidem
2501 465 2510 474 ·

351 524 468 559 νεῖκος,
489 515 612 562 ἠνέχθη
638 511 668 547 δ’
690 515 755 547 ἄνω
782 515 797 545 ὀ
824 511 920 555 αἰθήρ
947 510 1009 553 οὐχ
1033 508 1099 540 dmi
1120 519 1182 540 του
1203 509 1341 545 νείκους,

354 564 426 598 ἀλλ’
454 562 511 596 ὁτὲ
535 561 713 605 μένφησιν
739 557 846 600 ὥσπερ
874 554 942 588 ἀπὸ
968 555 1086 598 τύχης.

395 607 492 640 Οὕτω
510 606 573 652 γάρ
592 605 764 647 συνέκυρσε
782 600 863 632 θέων
882 599 978 638 τότε,
998 595 1146 629 πολλάκι
1163 590 1192 626 δ’
1215 594 1341 631 ἄλλως·

354 653 412 686 ὁτὲ
437 648 474 683 δὲ
498 662 575 695 φησι
605 646 785 692 πεφυκέναι
811 644 851 677 τὸ
878 644 942 686 πῦρ
970 642 1036 674 ἄνω
1068 638 1241 685 φέρεσθαι,
1271 639 1286 670 ὁ
1312 636 1339 668 δ’

353 697 469 740 αἰθήρ,
496 696 590 737 φησί,
741 733 748 742 Ι
849 731 856 741 Ι
946 732 953 740 .

397 741 542 786 μακρῆσι
566 735 661 769 κατὰ
684 734 790 780 χθονα
815 728 916 764 δυετο
941 730 1058 775 ρίζαις.

344 786 435 830 ‘’Ap-z
459 772 498 816 ’δὲΙ
519 784 575 814 καὶ
601 780 660 813 τὸν
691 777 816 821 κόσμον
843 777 962 820 ὁμοίως
988 774 1075 819 ἔχειν
1101 773 1197 815 φησὶν
1224 772 1279 803 ἐπί
1305 782 1343 826 ’ξε

352 830 414 863 τοῦ
439 831 562 864 νείκους
587 826 642 856 νῦν
666 824 723 855 mel.
744 823 906 865 πρότερον
926 820 980 852 ἐπὶ
998 820 1060 856 τῆς
1079 819 1201 862 φιλίας.
1229 817 1267 846 Τί
1286 826 1342 870 ουν

353 876 424 907 ἐστὶ
450 873 490 906 τὸ
514 870 624 903 κινοῦν
643 868 775 911 πρῶτον
799 867 857 897 καὶ
882 866 993 896 αἴτιον
1012 863 1073 900 τῆς
1099 861 1279 899 κινήσεως;
1307 872 1344 891 ου

350 919 414 965 γάρ
440 914 481 953 δή
507 917 527 951 ἡ
553 915 646 958 φιλία.
669 912 727 943 καὶ
752 910 793 943 τὸ
818 913 936 949 νεῖκος,
958 906 1046 940 ἀλλοί
1067 918 1157 944 τινος
1182 904 1343 941 κινήσεως

351 963 467 996 ταῦτα
493 961 606 991 αἴτια,-
634 957 660 988 εἱ
685 951 713 987 δ’
743 955 848 993 ἔστιν,
874 954 980 985 ἐκεῖνο
1008 950 1108 996 ἀρχῆ.

277 1010 425 1041 Ἀτοπον
457 1000 494 1036 δὲ
527 1004 584 1035 καὶ
613 1002 641 1032 εἰ
666 1001 686 1035 ’ἠ
711 998 801 1043 ψυχή
835 999 871 1030 ἐκ.
902 999 969 1030 τῶν
1001 997 1177 1040 στοιχείων
1203 992 1224 1030 ἦ
1250 992 1282 1025 ἕν
1308 1004 1343 1025 τι

351 1051 481 1083 αὐτῶν·
509 1050 543 1079 αἱ
567 1047 631 1092 γοὶρ
659 1044 851 1080 ἀλλοιώσεις
878 1044 912 1073 αἱ
938 1043 1000 1078 τῆς
1026 1040 1133 1084 ψυχῆς
1159 1039 1226 1075 πῶς
1254 1037 1344 1088 ἔσονῖ

350 1107 428 1133 ται,
455 1093 521 1125 οἷον
547 1091 588 1124 τὸ
613 1088 770 1134 μουσικὸν
795 1084 880 1119 εἶναι
911 1087 969 1118 καὶ
995 1085 1097 1117 πάλιν
1125 1084 1294 1127 ἄμουσον,
1317 1083 1343 1136 ’ἠ

349 1138 462 1182 μνήμη
489 1137 509 1174 ἦ
532 1135 640 1174 λη’θης
667 1130 769 1170 δῆλον
793 1131 858 1177 γσὶρ
883 1129 938 1163 ὅτι
963 1130 991 1162 εἰ
1015 1128 1074 1172 μέν
1096 1129 1160 1173 πῦρ
1186 1128 1206 1164 ἡ
1233 1127 1341 1171 ψυχη,

349 1176 396 1216 ³roi
413 1181 503 1219 πσίθη
525 1178 665 1224 ύποίρξει
690 1177 782 1219 αὐτῇ
801 1174 864 1208 ὅσα
882 1176 958 1219 πυρὶ
977 1174 997 1217 ᾗ
1016 1174 1097 1218 πῦρ·

284 1274 310 1305 εἰ
328 1270 363 1304 δὲ
381 1269 514 1315 μικτόν,
534 1268 581 1302 τοὶ
596 1264 794 1310 σωματικά·
813 1263 946 1296 τούτων
964 1258 993 1294 δ’
1015 1256 1111 1294 οὐδὲν
1132 1258 1340 1304 σωματικόν.

344 1315 450 1347 Ἀλλά,
474 1315 547 1358 περὶ
578 1313 637 1357 μὲν
669 1309 801 1343 τούτων
827 1307 944 1351 ἐτέρας
972 1308 1066 1354 ἔργον
1092 1304 1166 1338 ἐστὶ
1190 1304 1340 1350 θεωρίας.

414 1431 438 1442 ,,
462 1421 480 1432 -.
508 1411 518 1425 ἱ
536 1408 688 1443 ostquam
712 1396 847 1430 Philoso
873 1395 935 1428 hus
967 1394 1125 1428 destruxit
1155 1403 1257 1425 unam
1288 1391 1344 1424 fal-

359 1456 364 1468 *
402 1437 422 1478 ἶ,
447 1442 454 1445 ’
489 1441 511 1473 2.
535 1455 604 1476 sam
628 1442 818 1486 opinionem
867 1451 884 1472 e
905 1438 1178 1472 transmutatione
1202 1436 1344 1470 elemen-

400 1491 407 1504 Χ
535 1497 656 1525 torum,
681 1485 734 1519 hic
758 1485 895 1519 destruit
918 1483 1015 1516 aliam
1040 1494 1123 1527 quae
1147 1481 1209 1514 fuit
1228 1481 1344 1525 opinio

506 1529 766 1575 Empedoclis,
793 1529 849 1573 qui
881 1528 960 1561 dixit
988 1526 1149 1560 elementa
1172 1536 1344 1570 nunquam

422 1594 426 1601 κ
479 1564 502 1592 ‘'¹''
535 1575 718 1609 adinvicem
738 1573 954 1607 transmutari.
980 1572 1022 1605 Et
1038 1572 1121 1604 circa
1138 1570 1202 1603 hoc
1218 1569 1285 1604 duo
1302 1569 1345 1603 fa-

284 1624 340 1657 cit:
365 1622 472 1666 primo
496 1620 590 1664 ponit
613 1631 702 1659 eam3
727 1617 872 1651 secundo
901 1615 1067 1660 reprobat,
1091 1614 1153 1648 ibi:
1168 1614 1343 1666 ‘Quomodo

282 1667 420 1710 contingit
436 1666 476 1698 eis
492 1665 583 1698 dicere
597 1675 659 1697 com
679 1661 837 1697 arabilia*
849 1670 909 1695 etc.
925 1661 1015 1694 Dicit
1031 1671 1109 1704 ergo
1127 1670 1236 1704 primo
1253 1658 1344 1703 quod

283 1709 497 1755 Empedocles
516 1709 628 1753 posuit
643 1719 660 1741 e
675 1715 804 1740 ementa
824 1717 894 1739 esse
918 1705 1012 1750 plura
1032 1715 1184 1749 corpora:
1205 1715 1275 1737 non
1298 1712 1343 1737 ta—

283 1767 358 1789 men
382 1754 563 1787 adinvicem
584 1759 850 1791 transmutantur,
875 1751 919 1783 ita
938 1749 1029 1794 quod
1045 1761 1086 1782 ex
1101 1760 1186 1793 aqua
1206 1747 1263 1781 fiat
1278 1759 1343 1788 aer,

283 1809 314 1834 et
330 1812 369 1833 ex
387 1810 458 1831 aere
474 1798 558 1841 ignis
579 1805 615 1830 ut
638 1797 671 1829 in
687 1796 794 1840 primo
811 1793 1021 1827 manifestum
1045 1802 1103 1827 est.
1129 1793 1345 1837 Quapropter

283 1842 490 1878 admirabitur
514 1841 629 1886 aliquis
654 1841 763 1884 ipsum
787 1840 833 1872 sic
858 1838 1022 1872 dicentem
1041 1848 1067 1871 α.

338 1898 367 1921 2.
391 1886 518 1920 Deinde
543 1897 618 1918 cum
642 1884 736 1918 dicit:
757 1883 912 1926 Quomodo
931 1883 1073 1926 contingit
1089 1883 1128 1916 eis
1143 1890 1217 1923 etc„
1233 1892 1344 1926 repro-

282 1933 335 1966 bat
358 1932 548 1976 opinionem
572 1929 780 1974 praedictam.
805 1928 847 1961 Et
862 1928 971 1972 primo
987 1938 1046 1972 per
1062 1925 1326 1971 Empedoclem*
1333 1939 1343 1967 ;

282 1975 426 2010 secundo
451 1974 641 2009 deducendo
666 1973 706 2007 ad
731 1972 895 2018 quandam
919 1971 1016 2005 aliam
1042 1971 1344 2004 inconvenientiam

304 2014 364 2054 uae
387 2020 534 2064 sequitur
557 2018 596 2052 ad
619 2018 735 2062 ipsam,
755 2016 817 2050 ibi:
843 2016 899 2050 Sed
921 2028 1013 2061 neque
1030 2016 1233 2060 augmentatio
1249 2017 1266 2036 *
1282 2024 1344 2048 etc.

282 2034 376 2100 Zirca
396 2065 538 2109 primum
562 2061 731 2095 sciendum
754 2070 803 2094 est
823 2060 913 2106 quod
937 2060 1167 2105 Empedocles,
1186 2059 1263 2094 licet
1286 2071 1344 2104 po-

281 2118 371 2143 neret
394 2108 552 2142 elementa
576 2118 646 2140 esse
671 2104 979 2145 intransmutabilia,
1004 2105 1117 2149 posuit
1139 2113 1250 2138 tamen
1274 2105 1345 2149 ipsa

282 2166 351 2187 esse
375 2152 556 2186 adinvicem
580 2149 818 2195 comparabilia.
848 2150 897 2183 Ex
921 2149 985 2183 hoc
1009 2161 1088 2193 ergo
1117 2150 1218 2183 sumit
1246 2150 1344 2182 ratio-

281 2210 356 2232 nem
380 2195 570 2230 Aristoteles
602 2204 714 2228 contra
741 2206 840 2235 eum,
868 2203 900 2227 et
930 2202 980 2227 est
1002 2195 1085 2227 ratio
1115 2193 1197 2227 talis.
1229 2193 1343 2234 Quae-

282 2253 421 2286 cumque
444 2249 519 2274 sunt
536 2238 775 2284 comparabilia,
799 2247 875 2272 sunt
900 2237 1174 2279 transmutabilia;
1198 2237 1256 2272 sed
1280 2237 1344 2272 ele-

281 2295 389 2319 menta
406 2294 482 2318 sunt
501 2283 729 2328 comparabilia
748 2283 762 2317 β
781 2282 963 2316 secundum
987 2282 1241 2327 Empedoclem;
1265 2294 1344 2334 ergo

282 2339 357 2364 sunt
380 2328 643 2363 transmutabilia.
668 2328 781 2362 Potes't
811 2328 909 2360 etiam
942 2327 1034 2360 aliter
1065 2326 1199 2360 formari
1231 2336 1263 2361 et
1287 2338 1344 2361 Sic.

283 2375 318 2409 Si
334 2374 492 2408 elementa
508 2382 584 2406 sunt
600 2371 903 2412 intransmutabilia,
916 2383 985 2405 non
1001 2380 1079 2405 sunt
1095 2371 1345 2416 comparabilia3

283 2419 339 2453 sed
363 2429 565 2462 consequens
589 2426 637 2450 est
660 2416 778 2450 falsum
801 2415 985 2450 secundum
1010 2415 1263 2461 Empedoclem,
1288 2417 1345 2468 qui

283 2463 360 2497 dicit
379 2475 416 2496 ea
434 2473 504 2495 esse
521 2460 767 2505 comparabilia:
793 2460 919 2494 dicebat
934 2461 1023 2494 enim
1039 2472 1078 2494 ea
1093 2472 1164 2494 esse
1182 2460 1345 2506 aequaha3

283 2519 361 2551 ergo
384 2515 416 2540 et
435 2505 627 2539 antecedens
651 2514 700 2538 est
723 2504 851 2545 falsum,
875 2504 998 2538 scilicet
1021 2505 1092 2550 ipsa
1116 2517 1187 2539 esse
1206 2505 1345 2538 intrans-

283 2551 459 2584 mutabilia.
478 2550 572 2584 Circa
587 2550 746 2583 rationem
762 2549 858 2582 istam
878 2550 924 2582 sic
940 2549 1099 2593 procedit.
1120 2550 1233 2583 Primo
1251 2550 1346 2594 ponit

285 2607 356 2629 earn
378 2606 437 2646 per
459 2594 596 2627 modum
642 2593 819 2627 uaestionis
834 2618 842 2633 ‚
872 2593 983 2627 dicens
1013 2593 1103 2645 quod
1127 2595 1155 2628 si
1183 2594 1345 2628 elementa

286 2648 362 2672 sunt
374 2638 676 2679 intransmutabi1a‚
696 2637 865 2682 quomodo
886 2639 1048 2682 contingit
1067 2638 1156 2683 quod
1174 2639 1240 2672 sint
1256 2650 1345 2672 com-

286 2683 447 2727 parabilia.
473 2683 579 2723 Quasi
602 2682 735 2716 diceret:
760 2681 852 2715 nullo
869 2682 982 2716 modo.
1009 2682 1074 2716 Sed
1097 2692 1208 2716 tamen
1225 2683 1345 2734 Empe-

287 2727 396 2761 docles
420 2727 498 2760 dicit
519 2727 586 2767 sic,
614 2725 736 2759 scilicet
761 2725 849 2771 quod
877 2735 953 2760 sunt
983 2726 1237 2772 comparabilia:
1267 2727 1347 2761 d1cit

287 2772 374 2805 enim
397 2782 434 2805 ea
457 2782 526 2804 esse
550 2770 705 2822 aequalia.

340 2826 368 2858 3.
394 2814 545 2849 Secundo
570 2814 630 2848 ibi:
656 2815 687 2848 si
702 2826 768 2859 ergo
783 2815 943 2849 secundum
958 2822 1107 2860 quantum
1126 2825 1205 2857 etc.,
1229 2815 1347 2861 probat

310 2860 424 2893 rimam
449 2860 729 2904 propositionem,
757 2859 879 2892 scilicet
903 2859 993 2904 quod
1021 2860 1048 2893 si
1076 2869 1154 2894 sunt
1177 2872 1346 2905 compara-

287 2871 372 2944 bilia,
388 2913 464 2937 sunt
480 2903 744 2937 transmutabilia.
770 2904 810 2937 Et
834 2904 909 2948 quia
929 2905 1131 2948 comparatio
1148 2914 1197 2938 est
1213 2904 1346 2950 duplex,

288 2947 409 2981 scilicet
437 2947 617 2982 secundum
649 2948 861 2993 quantitatem
893 2957 925 2981 et
955 2948 1138 2982 secundum
1169 2949 1346 2990 virtutem,

288 2993 394 3035 primo
418 2992 532 3036 probat
556 3003 638 3032 eam,
655 2993 682 3025 si
699 3001 774 3025 sunt
798 2991 1029 3036 comparabilia
1048 2993 1231 3027 secundum
1248 3005 1347 3038 quan-

288 3036 430 3077 titatem;
454 3035 609 3076 secundo,
633 3036 660 3069 si
684 3045 761 3069 sunt
783 3036 1014 3080 comparabilia
1041 3037 1224 3071 secundum
1247 3039 1348 3071 virtu-

289 3088 365 3120 tem,
389 3080 449 3113 ibi:
475 3080 506 3114 si
528 3087 626 3114 autem
649 3092 709 3114 non
727 3081 767 3114 sic
782 3080 797 3097 ¹'‘
813 3089 873 3114 etc.

341 3124 430 3157 Dicit
456 3135 534 3168 ergo
553 3125 671 3168 primo,
696 3124 785 3169 quod
809 3125 836 3158 si
860 3124 1020 3159 elementa
1045 3135 1277 3170 comparantur
1299 3138 1349 3160 se-

289 3167 431 3201 cundum
462 3169 692 3212 quantitatem,
724 3178 760 3202 ut
784 3169 811 3202 si
836 3180 875 3202 ex
899 3181 967 3203 uno
992 3169 1120 3214 pugillo
1144 3182 1247 3215 aquae
1270 3170 1349 3204 fiant

341 3304 368 3336 α)
389 3304 461 3329 Dicit
479 3311 542 3337 ergo
557 3305 683 3337 primo...
702 3305 840 3331 dicentem.
857 3319 876 3325 —
895 3307 945 3331 Pro
964 3307 1013 3332 hoc
1032 3309 1090 3334 edd.
1109 3309 1151 3334 ab
1170 3309 1232 3334 nihil
1251 3309 1346 3334 habent

290 3338 337 3362 nisi
356 3339 423 3364 sieut
442 3339 506 3364 dicit
524 3339 703 3371 Empedocles,
724 3341 794 3373 quod
814 3341 834 3366 C
852 3342 954 3367 omittit.
973 3343 1080 3369 eonatis
1099 3345 1215 3369 numeris
1236 3352 1251 3378 7
1272 3350 1298 3370 et
1316 3353 1346 3370 io

291 3373 441 3398 divisionem
459 3379 541 3398 textus
560 3375 635 3399 etiam
654 3375 680 3399 in
700 3375 777 3400 Pinna
795 3377 978 3409 incomplexam
997 3386 1056 3404 esse
1078 3384 1161 3412 patet,
1181 3387 1242 3405 nam
1261 3385 1345 3406 textus

291 3408 325 3432 ibi
343 3409 480 3441 explicatos
499 3409 524 3433 in
543 3409 589 3434 hac
608 3411 705 3443 analysi
716 3411 902 3443 -praesignnndi
922 3418 976 3438 erat
995 3414 1078 3440 locus.

345 3441 371 3475 β)
389 3447 451 3469 sunt
465 3445 719 3470 transmutabilia...
733 3447 933 3478 comparabilia.
947 3462 967 3467 —
981 3449 1037 3474 Hoc
1051 3449 1173 3474 omittunt
1192 3450 1230 3475 Ca
1235 3458 1244 3480 ,·
1258 3450 1295 3476 Pb
1309 3450 1347 3475 in-

290 3483 393 3538 gelrtunt
410 3479 532 3504 terminos
558 3480 661 3505 maioris
679 3481 878 3514 propositionis:
897 3485 1114 3510 transmutabilia
1131 3488 1194 3510 sunt
1207 3493 1348 3518 compara-

309 3521 316 3538 ι
329 3520 363 3538 ια.

345 3547 371 3582 γ)
393 3548 457 3573 Cum
475 3553 594 3575 autem...
613 3550 691 3575 aeris.
703 3565 722 3570 -
735 3554 823 3576 autem
844 3552 1056 3585 (Comparantur
1073 3557 1162 3580 autem
1182 3555 1213 3588 C)
1232 3563 1292 3581 cum
1311 3563 1348 3581 ex

291 3586 392 3616 quanta
409 3590 480 3616 aqua
499 3584 594 3616 (aquae
611 3585 642 3617 C)
658 3589 727 3617 puta
745 3593 782 3611 ex
801 3594 852 3611 uno
867 3588 971 3621 pugillo
986 3590 1122 3621 quantitas
1135 3590 1205 3615 aeris
1220 3595 1289 3623 puta
1304 3592 1348 3617 de-

1466 506 1523 544 lis,
1551 506 1666 535 ductus
1690 511 1736 535 est
1758 510 1867 535 autem
1890 504 2036 544 superius
2059 504 2166 535 aether
2188 514 2255 535 non
2279 515 2297 535 a
2319 504 2395 544 lite,
2419 505 2475 535 sed

1467 549 1663 590 quandoque
1686 548 1790 589 inquit
1809 555 1845 579 ut
1860 558 1878 578 a
1894 547 2032 579 fortuna.
2058 548 2109 579 Sic
2125 549 2211 579 enim
2227 548 2391 580 constituit
2405 558 2475 579 cur-

1467 604 1538 624 rens
1562 600 1648 631 tunc,
1674 592 1838 623 multoties
1862 599 1969 623 autem
1993 593 2089 624 aliter.
2115 593 2320 635 Quandoque
2343 593 2475 634 quidem

1467 638 1572 679 inquit
1594 637 1741 668 innatum
1764 646 1831 667 esse
1854 636 1962 677 ignem
1985 637 2130 678 superius
2154 637 2215 678 agi,
2239 638 2346 669 aether
2367 644 2475 668 autem

1466 681 1700 723 ingrediebatur
1733 687 1831 712 terrae
1861 681 2036 722 profundas
2065 682 2194 713 radices.
2227 681 2279 713 Sic
2309 688 2418 713 autem
2445 689 2476 713 et

1467 727 1628 757 mundum
1651 725 1795 756 similiter
1821 725 1936 757 habere
1959 725 2064 767 inquit
2090 726 2124 756 in
2147 726 2202 757 lite
2224 736 2311 757 nunc
2334 733 2366 757 et
2387 726 2475 767 prius

1466 771 1499 800 in
1523 769 1668 800 amicitia.
1702 770 1789 808 Quid
1819 770 1915 810 igitur
1945 777 1992 802 est
2017 771 2106 812 quod
2133 778 2243 802 movet
2272 770 2414 812 primum
2444 777 2476 802 et

1467 825 1562 845 causa
1585 812 1717 845 motus?
1738 815 1814 845 Non
1838 815 1924 845 enim
1947 815 2085 846 amicitia
2107 822 2139 846 et
2160 815 2210 854 lis,
2234 815 2290 846 sed
2308 815 2475 846 cuiusdam

1467 866 1576 890 motus
1600 858 1659 889 hae
1683 865 1814 898 causae;
1838 859 1864 890 si
1888 859 1999 901 utique
2023 866 2087 900 est,
2110 860 2191 891 illud
2213 859 2418 901 principium.
2442 869 2448 874 ·

1398 993 1415 1012 *
1432 992 1661 1023 Inconveniens
1683 998 1790 1023 autem
1814 999 1844 1024 et
1867 992 1893 1023 si
1917 992 2023 1023 anima
2043 1003 2081 1024 ex
2104 993 2266 1025 elementis
2293 999 2349 1024 aut
2370 1003 2484 1025 unum·
2500 996 2511 1007 '

1466 1037 1598 1078 aliquod
1630 1044 1763 1068 eorum:
1795 1037 1995 1068 alterationes
2028 1037 2112 1068 enirn
2146 1038 2270 1068 animae
2303 1038 2473 1079 quomodo

1466 1088 1569 1119 erunt,
1581 1081 1668 1112 verbi
1684 1081 1783 1123 gratia
1794 1081 1955 1113 musicum
1967 1091 2036 1112 esse
2050 1089 2081 1113 et
2096 1091 2204 1113 rursus
2219 1092 2287 1113 non
2301 1081 2484 1122 musicum,=

1466 1132 1521 1157 aut
1545 1126 1700 1157 memoria
1724 1133 1779 1157 aut
1798 1133 1830 1157 et
1844 1124 1983 1157 oblivio?
2006 1126 2116 1157 Palam
2139 1133 2247 1158 autem
2270 1126 2427 1170 quoniam
2449 1126 2477 1162 si

1465 1170 1598 1212 quidem
1620 1170 1702 1211 ignis
1722 1170 1839 1210 anima,
1863 1171 2029 1212 passiones
2052 1170 2181 1202 inerunt
2200 1171 2230 1202 ei
2251 1180 2476 1214 quaecumque

1465 1215 1531 1256 igni
1554 1216 1732 1246 secundum
1750 1216 1840 1257 quod
1862 1215 1954 1256 ignis.

1399 1259 1432 1291 Si
1451 1267 1560 1291 autem
1583 1259 1737 1291 miscibile
1760 1260 1955 1301 corporalia3
1979 1259 2094 1291 harum
2117 1266 2226 1291 autern
2249 1259 2337 1291 nulla
2360 1267 2476 1302 corpo·

1465 1304 1548 1335 ralis.
1577 1304 1640 1336 Sed
1663 1304 1702 1335 de
1725 1304 1774 1335 his
1797 1305 1926 1336 alterius
1950 1314 2034 1346 opus
2057 1311 2105 1336 est
2128 1304 2420 1346 contemplationis.

1402 1390 1516 1425 decem
1533 1390 1650 1443 pugilli
1666 1391 1760 1432 aeris,
1770 1391 1956 1424 necessario
1973 1399 2106 1436 oportet
2121 1391 2212 1437 quod
2229 1402 2338 1426 unum>
2350 1390 2475 1438 aliquid

1401 1436 1443 1469 sit
1461 1436 1496 1469 in
1512 1437 1559 1469 eis
1583 1447 1618 1469 1n
1636 1447 1704 1480 quo
1725 1436 1939 1476 conveniunt,
1963 1444 1995 1469 et
2018 1437 2053 1469 in
2072 1447 2140 1481 quo
2164 1445 2415 1479 mensurantur-¹,
2439 1436 2475 1471 in

1401 1479 1556 1514 omnibus
1573 1481 1662 1514 enim
1679 1479 1955 1525 comparabilibus
1971 1489 2021 1514 est
2035 1491 2141 1514 unum
2157 1480 2282 1526 aliquid
2297 1491 2367 1527 quo
2382 1492 2476 1516 men·

1401 1533 1575 1558 surantur:
1604 1533 1638 1558 et
1665 1524 1731 1558 hoc
1759 1533 1809 1558 est
1839 1524 1921 1558 illud
1948 1525 1982 1558 in
2009 1537 2078 1570 quo
2109 1534 2352 1570 comparantur.
2373 1525 2475 1561 -Cum

1401 1578 1512 1603 autem
1528 1581 1569 1603 ex
1591 1578 1681 1611 tanta
1704 1580 1799 1614 aqua,
1823 1578 1904 1614 puta
1927 1581 1967 1603 ex
1989 1581 2059 1603 uno
2083 1569 2212 1615 pugillo
2235 1581 2365 1616 aquae,
2393 1569 2475 1606 fiant

1400 1613 1516 1648 decem
1531 1613 1648 1658 pugilli
1664 1614 1747 1647 aeris
1766 1623 1798 1655 Υ,
1821 1622 1953 1658 oportet
1975 1625 2077 1647 unam
2100 1626 2172 1648 esse
2195 1615 2367 1649 materiam
2390 1625 2475 1663 quae

1400 1659 1443 1692 sit
1457 1659 1596 1692 minoris
1609 1666 1643 1692 et
1652 1658 1788 1692 maioris
1805 1658 1996 1703 quantitatis
2011 1658 2073 1692 sub
2089 1658 2196 1693 forma
2211 1671 2316 1704 aquae
2330 1667 2365 1694 et
2375 1659 2475 1701 aeris3

1399 1702 1458 1736 sed
1474 1714 1703 1748 quaecumque
1727 1703 1975 1736 communicant
1993 1703 2029 1736 in
2052 1704 2198 1745 materia,
2213 1711 2476 1739 transmutantur

1401 1747 1604 1788 adinvicem;
1629 1758 1708 1791 ergo
1732 1746 1895 1781 elementa
1918 1756 1996 1781 sunt
2018 1747 2289 1782 transmutabilia.
2366 1787 2368 1790 y
2399 1751 2409 1778 ’-

1456 1803 1487 1835 4.
1512 1791 1643 1870 ΙΞείυᾱε
1672 1803 1749 1825 cum
1779 1790 1878 1826 dicit:
1910 1791 1944 1826 si
1969 1798 2071 1826 autem
2099 1803 2161 1826 non
2186 1793 2228 1827 sic
2254 1801 2335 1834 etc„
2357 1792 2476 1839 probat

1401 1848 1473 1870 eam
1487 1863 1496 1877 ,
1546 1845 1599 1870 ato

1649 1835 1718 1870 uod
1742 1835 1904 1870 elementa
1929 1845 2198 1882 compararentur
2221 1836 2408 1872 adinvicem
2425 1848 2476 1872 se-

1401 1880 1548 1914 cundum
1568 1892 1632 1926 qua
1647 1881 1760 1914 itatem
1771 1880 1788 1898 ⁴⁸
1801 1889 1834 1914 et
1851 1881 2027 1922 virtutem,
2051 1880 2164 1915 dicens
2184 1880 2276 1927 quod
2294 1881 2324 1916 si
2340 1880 2486 1916 nonx‘de'
2500 1885 2512 1896 '
2540 1896 2555 1940 ',

1401 1934 1635 1970 comparantur
1650 1924 1836 1959 adinvicem
1852 1924 2026 1966 elementa,
2035 1925 2159 1960 scilicet
2174 1925 2364 1960 secundum>
2375 1924 2477 1972 quan-

1400 1970 1537 2011 titatem,
1552 1979 1594 2004 ut
1614 1978 1776 2015 quantum
1794 1969 1852 2004 fiat
1874 1981 1914 2003 ex
1938 1978 2074 2015 quanto,
2098 1969 2156 2004 sed
2179 1978 2413 2016 comparentur
2426 1981 2476 2006 se-

1401 2014 1548 2048 cundum
1573 2015 1789 2060 quantitatem
1813 2015 1980 2066 potentiae
2003 2014 2057 2049 vel
2079 2015 2222 2055 virtutis,
2246 2014 2339 2050 verbi
2360 2015 2476 2062 gratia,

1401 2060 1428 2092 si
1447 2068 1591 2104 ponatur
1614 2071 1668 2093 aer
1691 2071 1762 2093 esse
1786 2058 1934 2104 frigidi-1⁵,
1959 2068 1991 2093 et
2015 2068 2191 2105 quaeratur
2214 2067 2327 2094 utrum
2345 2068 2476 2107 m

1401 2112 1511 2156 potest
1529 2103 1717 2148 infrigidare
1742 2115 1828 2138 unus
1875 2103 1998 2148 ugillus
2021 2115 2126 2149 aquae
2150 2113 2313 2150 quantum
2334 2103 2478 2150 possunt

1401 2147 1475 2182 infri
1501 2147 1589 2182 idare
1613 2147 1729 2182 decem
1752 2115 1874 2193 pugilli
1893 2149 1987 2190 aeris,
2011 2157 2090 2182 tunc
2117 2148 2176 2183 fiat
2199 2149 2403 2195 comparatio
2426 2159 2476 2183 se-

1402 2204 1466 2227 cun
1490 2204 1549 2226 um
1573 2202 1735 2238 quantum
1757 2193 1899 2234 virtutis,
1924 2201 1961 2226 ut
1984 2201 2147 2245 quantum
2170 2201 2327 2239 possunt,
2350 2200 2384 2228 et
2405 2204 2476 2228 non

1401 2237 1586 2271 secundum
1611 2238 1828 2283 quantitatem
1851 2236 2078 2272 dimensionis.
2103 2238 2196 2272 Haec
2214 2246 2478 2290 autem-compa-

1401 2283 1484 2316 ratio
1509 2291 1618 2327 potest
1641 2281 1711 2316 fieri
1735 2281 1931 2327 dupliciter,
1962 2281 2088 2316 scilicet
2116 2281 2302 2316 secundum
2324 2280 2476 2317 siniihtu-

1402 2326 1536 2368 dinem,
1569 2335 1602 2360 et
1631 2325 1817 2360 secundum
1841 2327 2104 2372 proportionem.
2135 2327 2223 2361 Dico
2246 2335 2359 2361 autem
2378 2336 2485 2368 eom<

1401 2372 1606 2416 parationem
1628 2370 1699 2405 fieri
1718 2370 1903 2405 secundum
1926 2370 2195 2413 similitudinem,
2222 2370 2359 2417 quando
2378 2370 2418 2406 fit
2439 2371 2476 2406 in

1402 2427 1468 2450 una
1491 2415 1647 2461 qualitate
1671 2427 1755 2460 quae
1779 2424 1828 2450 est
1851 2416 1886 2449 in
1909 2415 2046 2450 diversis
2069 2415 2246 2450 subiectis:
2277 2416 2356 2462 quia
2380 2415 2475 2451 cirni-

1401 2459 1508 2494 litudo
1531 2469 1581 2494 est
1603 2471 1715 2494 rerum
1738 2459 1941 2494 diversarum
1965 2459 2080 2494 eadem
2105 2460 2261 2505 qualitas3
2290 2458 2475 2507 secundum

1401 2505 1655 2550 proportionem
1679 2513 1790 2538 autem
1809 2504 1929 2538 dicitur
1943 2503 2025 2545 fieri,
2042 2504 2176 2550 quando
2199 2503 2237 2538 fit
2255 2504 2355 2550 in‘op
2420 2505 2475 2539 itis

1402 2549 1471 2583 sive
1496 2549 1632 2583 diversis
1657 2548 1886 2594 qualitatibus,
1918 2549 1952 2582 in
1974 2560 2042 2582 una
2064 2548 2256 2583 habitudine
2285 2560 2322 2583 se
2374 2548 2474 2584 aben-

1402 2593 1488 2627 tibus
1513 2593 1554 2627 ad
1570 2593 1638 2627 duo
1661 2592 1807 2627 subiecta
1829 2593 1883 2627 vel
1906 2592 2010 2638 plura.
2035 2593 2070 2627 Si
2087 2604 2167 2645 ergo
2189 2592 2247 2627 fiat
2270 2593 2475 2639 comparatio

1402 2637 1587 2672 secundum
1622 2637 1836 2683 qualitatem,
1871 2646 1950 2671 tunc
1985 2638 2099 2671 contin
2135 2646 2148 2671 t
2178 2649 2370 2683 comparare
2404 2649 2475 2673 non

1403 2683 1593 2728 quantitatis
1617 2682 1632 2699 ⁸
1656 2681 1791 2727 quidem
1819 2693 2024 2723 mensuram,
2054 2693 2089 2716 se
2141 2683 2253 2727 potius
2283 2693 2475 2717 mensuram
2501 2688 2512 2699 ·

1403 2739 1487 2772 quae
1510 2735 1560 2760 est
1582 2725 1766 2761 secundum
1789 2727 1953 2771 potentias
1974 2726 2134 2761 similium
2155 2726 2361 2772 qualitatum,
2376 2735 2411 2762 et
2424 2739 2475 2762 se-

1403 2771 1550 2806 cundum
1566 2771 1820 2816 proportionem
1843 2770 2047 2805 diversarum
2064 2770 2272 2817 qualitatum,
2294 2770 2386 2818 verbi
2401 2782 2475 2819 gra-

1403 2817 1457 2857 tia,
1477 2817 1562 2850 sicut
1585 2815 1650 2849 hoc
1666 2824 1716 2850 est
1740 2814 1884 2850 calidum
1907 2816 1952 2849 ita
1972 2815 2038 2850 hoc
2053 2824 2104 2850 est
2119 2815 2246 2858 album3
2269 2827 2348 2850 cum
2358 2824 2474 2852 eutem

1402 2860 1467 2895 hoc
1491 2860 1631 2895 dicimus
1652 2861 1671 2880 ⁹
1695 2869 1732 2894 ut
1755 2859 1837 2901 hoc,
1861 2858 2085 2905 significamus
2108 2860 2144 2894 in
2159 2859 2316 2905 qualitate
2339 2859 2474 2906 quidem
2499 2866 2512 2879 ⁸

1403 2904 1520 2945 simile,
1544 2914 1576 2938 et
1598 2905 1634 2938 in
1657 2905 1839 2950 quantitate
1863 2903 2008 2950 aequale.
2038 2904 2074 2939 Si
2097 2905 2198 2949 igitur
2223 2903 2281 2939 fiat
2302 2916 2344 2940 co
2440 2916 2473 2940 a-

1403 2950 1450 2984 tio
1475 2949 1715 2983 elementorum
1742 2960 1812 2983 non
1835 2947 2021 2983 secundum
2043 2949 2314 2994 proportionem,
2341 2961 2358 2984 s
2408 2960 2474 2984 'se-

1404 2993 1551 3028 cundum
1570 3005 1759 3027 mensuram
1782 2994 2016 3038 potentiarum,
2063 3005 2124 3027 uae
2147 3002 2197 3027 est
2216 2994 2421 3039 comparatio
2439 2994 2475 3028 in

1405 3037 1575 3083 qualitate,
1598 3039 1684 3072 sicut
1707 3038 1741 3071 in
1765 3037 1871 3072 calido
1896 3046 1953 3072 aut
1975 3038 2091 3079 simii,
2114 3038 2352 3072 inconveniens
2373 3038 2476 3073 estol

1404 3082 1484 3117 haec
1508 3091 1674 3127 ponantur
1696 3081 1913 3116 immutabilia
1936 3081 2115 3116 elementa:
2139 3081 2230 3117 verbi
2291 3083 2356 3117 atia
2377 3083 2411 3117 si-
2427 3082 2475 3118 di-

1405 3135 1506 3167 catur,
1525 3135 1686 3172 quantum
1705 3136 1755 3160 est
1774 3126 1898 3161 calidus
1914 3127 2000 3171 ignis
2016 3135 2146 3161 tantum
2161 3135 2212 3161 est
2280 3126 2352 3162 'dus
2367 3138 2423 3162 aer
2441 3127 2475 3170 ὃς

1406 3172 1482 3216 quia
1499 3171 1587 3205 idem
1603 3171 1678 3216 plus
1698 3171 1842 3206 calidum
1860 3183 1938 3206 cum
1968 3172 2011 3206 sit
2035 3171 2242 3216 homogeneos,
2266 3171 2352 3206 idest
2373 3171 2474 3207 unius

1398 3317 1458 3335 cum
1473 3317 1510 3335 ex
1523 3314 1625 3343 quanta
1639 3318 1718 3343 aqua,
1730 3314 1799 3343 puta
1811 3317 1850 3337 ex
1863 3318 1916 3336 uno
1926 3310 2032 3344 pugillo
2044 3317 2139 3343 aquae,
2146 3310 2202 3344 flat
2212 3314 2330 3344 quantun
2340 3313 2475 3344 aer-,puta

1401 3346 1490 3371 decem
1504 3346 1605 3379 pugilli
1622 3346 1702 3372 aeris.

1454 3379 1478 3413 ὃ)
1498 3384 1665 3414 quantum...
1682 3389 1739 3407 aer.
1753 3396 1773 3401 —
1790 3385 1919 3415 quantum
1938 3385 1979 3407 est
1992 3381 2096 3408 calidus
2115 3384 2202 3408 tactus
2221 3381 2292 3416 ignia
2310 3385 2416 3408 tantum
2434 3383 2475 3407 m

1400 3416 1504 3442 calidus
1523 3416 1592 3442 idem
1606 3417 1678 3442 aeris
1691 3417 1737 3448 Ca,
1758 3422 1879 3451 corrupte
1893 3425 1941 3450 pro
1954 3424 1986 3442 eo
2000 3417 2072 3451 quod
2087 3417 2147 3442 dicit
2165 3417 2195 3443 Β.
2209 3417 2345 3443 Albanus:
2361 3426 2375 3440 ε
2391 3423 2474 3451 quan—

1401 3457 1458 3476 tum
1477 3457 1517 3477 est
1535 3457 1637 3477 tantum
1656 3452 1723 3485 ignis
1742 3452 1867 3482 calidum.
1886 3458 1986 3478 tantum
2010 3457 2051 3478 eat
2075 3453 2188 3478 calidum
2213 3453 2349 3486 multiplex
2368 3452 2444 3478 ueris.
2458 3461 2472 3476 n

1402 3487 1472 3512 Idem
1488 3488 1669 3520 prosequitur:
1685 3498 1698 3511 ‹
1715 3488 1776 3521 quia
1790 3488 1859 3513 idem
1871 3489 1931 3520 plus
1945 3487 2066 3518 calidum.
2081 3495 2142 3514 cum
2155 3487 2188 3513 eit
2201 3487 2389 3521 homogeneoe.
2406 3487 2476 3513 idest

1403 3522 1479 3547 unius
1499 3527 1612 3552 naturae.
1632 3531 1692 3548 cum
1711 3523 1799 3548 minus
1818 3523 1901 3548 calido
1919 3523 1986 3549 sicut
2004 3524 2139 3558 multiplex
2158 3524 2191 3549 ad
2210 3523 2409 3557 submultiplex,
2428 3522 2476 3548 hn-

1403 3557 1473 3582 bebit
1497 3558 1649 3583 relationem
1672 3558 1751 3584 talem
1777 3559 1844 3584 sicut
1862 3558 2036 3592 comparabile
2054 3559 2080 3584 in
2099 3564 2211 3592 quanto,
2237 3566 2306 3592 quae
2323 3564 2364 3584 eat
2382 3558 2473 3584 minuo

1403 3593 1521 3618 univoca.
1537 3603 1550 3616 ι
1570 3594 1621 3618 Pro
1639 3596 1667 3619 et
1684 3594 1790 3619 habebit
1808 3594 1954 3625 rationem,
1973 3594 2078 3620 habebit
2096 3594 2267 3625 relationem,
2291 3598 2317 3620 et
2335 3601 2383 3628 pro
2401 3593 2473 3620 ratio

291 3625 346 3644 cem
354 3619 454 3651 pugilli
465 3620 536 3644 aeris
549 3620 595 3644 Ca.
605 3621 751 3646 Secundum
764 3622 794 3646 Β.
804 3622 939 3647 Albertum
953 3624 1092 3656 legendum
1106 3625 1183 3650 foret:
1197 3626 1250 3651 Hic
1259 3630 1348 3652 autem
1374 3637 1378 3664 1
1404 3628 1525 3657 univoca,
1545 3629 1641 3654 relatio
1661 3629 1740 3655 unica
1759 3629 1822 3655 Cab-
