2782 4134
362 284 439 309 200

1063 275 1133 311 DE
1164 274 1340 311 CAELO
1369 275 1441 310 ET
1470 273 1664 310 MUNDO
1695 273 1789 310 LIB.
1821 275 1852 310 ΙΙ

1072 464 1374 520 LECTIO
1413 465 1823 521 VIGESIMA

443 608 671 639 OPINIONES
694 607 1066 638 PHILOSOPHORUM
1089 607 1147 636 DE
1171 606 1270 637 SITU
1294 607 1468 637 TERRAE
1485 625 1503 630 -
1520 607 1787 640 SOLVUNTUR
1814 609 2032 640 RATIONES
2055 591 2486 648 PYTHAGORIEDRUM,

878 659 952 706 QUI
976 659 1068 690 NON
1092 659 1292 698 TERRAM,
1317 659 1396 690 SED
1421 660 1559 691 IGNEM
1583 660 1626 690 IN
1649 660 1789 692 MEDIO
1813 661 2047 693 PONEBANT

364 781 493 814 Λοιπὸν
518 776 556 812 δὲ
582 782 654 824 περὶ
679 781 741 817 τῆς
759 781 821 826 γῆς
840 781 959 821 εἰπεῖν,
979 780 1017 812 οὖ
1036 793 1074 813 τε
1092 780 1257 836 τυγχάνει
1281 781 1431 824 κειμένη,

431 828 489 857 καὶ
514 825 657 869 πότερον
683 825 749 856 τῶν
778 824 995 869 ἠρεμούντων
1027 826 1118 858 ἐστὶν
1146 828 1166 864 ἠ
1193 827 1259 859 τῶν
1284 826 1435 871 κινουμέ-

431 882 512 910 νων,
538 871 594 901 καὶ
621 870 694 912 περὶ
720 871 782 902 τοῦ
808 869 989 915 σχήματος
1016 870 1138 908 αὐτῆς.

363 917 437 958 Περὶ
463 914 521 968 μὲν
549 912 603 946 οὖν
629 915 691 950 τῆς
717 913 837 952 θέσεως
863 914 901 946 οὐ
927 915 991 952 τήν
1015 915 1126 951 αὐτήν
1147 915 1297 952 ἅπαντες
1317 915 1432 960 ἔχουσι

430 955 555 1000 δοξαν,
584 957 674 990 ἄλλα.
698 960 764 992 τῶν
790 961 960 991 πλείστων
994 959 1049 992 ἐπὶ
1075 961 1138 992 τοῦ
1164 959 1267 1004 μέσου
1301 959 1432 992 κεῖσθαι

430 1003 614 1049 λεγόντων,
643 1002 714 1036 ὅσοι
745 1004 804 1036 τόν
831 1002 908 1036 ὅλον
935 1004 1076 1048 οὐρανὸν
1109 1004 1362 1049 πεπερασμένον
1389 1002 1432 1036 εἶ-

431 1051 485 1080 ναί
503 1058 614 1091 φασιν,
635 1046 795 1086 ἐναντίως
816 1050 844 1080 οἱ
863 1051 936 1092 περὶ
955 1049 1019 1085 τήν
1039 1050 1211 1090 Ἰταλίαν,
1226 1049 1432 1093 καλούμενοι

430 1089 467 1125 δὲ
490 1091 708 1138 Πυθαγόρειοι
731 1092 904 1139 λέγουσιν·
930 1094 984 1126 ἐπὶ
1003 1094 1061 1138 μὲν
1078 1095 1144 1140 γοίρ
1161 1094 1225 1126 τοῦ
1246 1093 1348 1138 μέσου
1367 1096 1431 1139 πῦρ

430 1135 514 1169 εἶναί
539 1147 632 1179 φασι,
653 1139 716 1176 τήν
737 1133 776 1170 ’δὲ
791 1139 855 1185 γῆν
883 1139 915 1170 ἓν
941 1140 1007 1172 τῶν
1035 1138 1165 1184 ἄστρων
1186 1137 1303 1180 οὖσαν,
1322 1138 1431 1181 κύκλῳ

429 1182 608 1226 φερομένην
629 1186 702 1229 περὶ
721 1183 762 1216 τὸ
779 1182 880 1226 μέσον
899 1182 1009 1215 νύκτα
1027 1196 1065 1216 τε
1085 1186 1144 1216 καὶ
1162 1183 1290 1228 ἡμέραν
1309 1188 1429 1216 ποιεῖν.

421 1226 498 1258 Ἔτι
522 1223 552 1260 δ’
574 1227 733 1261 ἐναντίαν
762 1228 867 1265 ἄλλην
894 1227 1010 1270 ταύτῃ
1035 1228 1332 1271 κατασκευάζουσι
1352 1229 1430 1275 γῆν,

429 1272 469 1308 ἦν
497 1271 684 1318 ἀντίχθονα
710 1273 816 1317 ὄνομα
841 1273 1022 1314 καλοῦσιν,

365 1317 401 1349 οὐ
428 1317 508 1362 πρὸς
534 1317 582 1350 τοὶ
605 1317 792 1361 φαινόμενα
818 1318 897 1355 τους
921 1317 1043 1364 λόγους
1068 1319 1126 1350 καὶ
1152 1319 1215 1356 τοὶς
1236 1318 1351 1356 αἰτίας
1376 1319 1432 1362 ζη-

430 1362 584 1402 τοῦντες,
600 1363 691 1395 ἀλλοὶ
708 1362 788 1407 πρός
806 1374 901 1401 τινας
918 1362 1039 1409 λόγους
1055 1365 1112 1394 καὶ
1130 1358 1234 1404 δόξας
1254 1364 1366 1396 αὐτῶν
1385 1364 1432 1396 τοὶ

429 1407 528 1450 φαινό
556 1419 615 1439 ενα
641 1408 884 1451 προσέλκοντες
909 1410 967 1439 καὶ
993 1408 1191 1452 πειρώμενοι
1216 1413 1429 1454 συγκοσμεῖν.

361 1453 498 1490 Πολλοῖς
523 1419 553 1485 ἐξ
576 1451 614 1484 ἄν
639 1454 698 1485 καὶ
725 1452 851 1497 ἑτέροις
877 1447 1046 1493 συνδόξειε
1071 1452 1118 1496 μή
1144 1447 1213 1484 δεῖν
1239 1456 1285 1496 τῇ
1302 1454 1348 1498 γῇ
1366 1454 1431 1490 τήν

429 1498 491 1530 τοῦ
517 1495 619 1543 μέσου
644 1496 756 1542 χώραν
786 1491 1004 1538 ἀποδιδόναι,
1024 1496 1066 1529 τό
1085 1497 1207 1530 πιστὸν
1226 1499 1286 1530 οὐκ
1308 1498 1345 1531 ἐκ
1365 1499 1432 1530 τῶν

428 1540 635 1586 φαινομένων
663 1541 818 1587 ἀθροῦσιν
845 1542 935 1574 ἀλλά
959 1543 1090 1586 μᾶλλον
1117 1541 1152 1574 ἐκ
1177 1544 1243 1574 τῶν
1267 1542 1391 1590 λόγων.

362 1589 413 1630 Τῷ
438 1586 503 1632 γάρ
529 1586 728 1630 τιμιωτάτῳ
755 1589 887 1619 οἴονται
917 1586 1097 1630 προσήκειν
1124 1586 1188 1623 τήν
1214 1587 1431 1632 τιμιωτάτην

430 1630 593 1677 ύπάρχειν
619 1630 750 1676 χώραν’,
778 1629 864 1664 εἶναι
889 1627 926 1664 δὲ
952 1632 1015 1675 πῦρ
1041 1631 1101 1676 μέν
1126 1632 1189 1676 γῆς
1216 1632 1429 1676 τιμιώτερον,

430 1677 472 1708 τό
496 1673 534 1709 δὲ
565 1675 668 1720 πέρας
703 1677 769 1708 τῶν
802 1675 953 1720 μεταξύ,
988 1677 1029 1709 τό
1054 1671 1085 1708 δ’
1119 1678 1267 1721 ἔσχατον
1300 1680 1358 1710 καὶ
1389 1678 1431 1710 τό

429 1720 528 1766 μέσον
562 1719 681 1764 πέρας·
713 1719 794 1753 ὥστ’
828 1721 865 1754 ἑκ
891 1720 1023 1755 τούτων
1060 1718 1341 1767 ἀναλογιζόμενοι
1373 1723 1432 1755 οὐκ

431 1768 562 1799 οἴονται
587 1766 643 1798 ἐπὶ
669 1766 731 1798 τοῦ
755 1765 858 1809 μέσου
882 1764 1015 1798 κεῖσθαι
1040 1766 1103 1803 τῆς
1129 1768 1271 1810 σφαίρας
1304 1767 1430 1809 αὐτήν,

432 1811 521 1844 ἀλλα
544 1811 674 1856 μᾶλλον
701 1809 742 1841 τὸ
768 1811 845 1855 πῦρ.

353 1856 434 1887 Ἔτι
459 1850 488 1887 δ’
511 1855 540 1888 οἳ
557 1867 595 1902 γε
612 1853 830 1900 Πυθαγόρειοι
854 1856 912 1887 καὶ
937 1850 996 1887 διαὶ
1018 1854 1059 1887 τὸ
1077 1853 1230 1899 μάλιστα
1249 1854 1430 1898 προσήκειν

430 1898 664 1944 φυλάττεσθαι
691 1899 732 1931 τὸ
756 1899 967 1944 κυριώτατον
994 1900 1056 1931 τοῦ
1083 1899 1232 1937 παντός·
1260 1899 1301 1932 τὸ
1318 1894 1356 1932 δὲ
1373 1900 1432 1944 μέ-

430 1956 486 1976 σον
513 1942 598 1977 εἷναι
624 1944 803 1976 τοιοῦτον·
832 1945 847 1976 ὃ
873 1944 946 1982 Διὸς
972 1943 1124 1988 φυλακήν
1152 1942 1369 1987 ὀνομάζουσι,
1389 1946 1430 1977 τὸ

430 1989 564 2029 ταύτην
591 1988 668 2033 ἔχον
694 1989 758 2025 τήν
783 1988 896 2034 χώραν
923 1989 1006 2033 πῦρ,

362 2034 471 2078 ὥσπερ
498 2034 538 2066 τὸ
564 2033 664 2077 μέσον
693 2035 809 2071 ἁπλῶς
834 2032 1030 2079 λεγόμενον,
1048 2035 1106 2065 καὶ
1133 2032 1173 2065 τό
1192 2034 1254 2066 τοῦ
1272 2033 1432 2079 μεγέθους

429 2078 529 2123 μέσον
554 2080 611 2110 καὶ
637 2080 699 2110 τοῦ
726 2077 932 2124 πράγματος
953 2076 987 2109 ὃν
1006 2077 1107 2122 μέσον
1132 2079 1271 2116 καὶτῆς
1289 2081 1429 2123 φύσεως.

428 2125 551 2156 Καίτοι
575 2120 730 2166 καθάπερ
756 2123 788 2156 ἑν
816 2127 887 2160 τοῖς
911 2122 1006 2165 ζῴοις
1034 2123 1071 2154 οὐ
1097 2123 1228 2154 ταύτόν
1256 2125 1318 2155 τοῦ
1345 2123 1430 2166 ζῴου

427 2170 486 2200 καὶ
512 2169 574 2201 τοῦ
599 2166 758 2212 σώματος
785 2167 899 2212 μέσον,
921 2166 1027 2205 οὕτως
1055 2167 1274 2204 ὐποληπτέον
1301 2170 1431 2211 μᾶλλον

427 2214 485 2244 καὶ
511 2214 584 2257 περὶ
611 2213 670 2244 τόν
698 2212 773 2245 ὅλον
800 2211 953 2257 οὐρανόν.
980 2211 1043 2243 Δισὶ
1059 2212 1118 2255 μὲν
1138 2210 1194 2244 οὖν
1213 2212 1348 2251 ταύτην
1367 2213 1431 2249 τήν

429 2258 544 2290 αἰτίαν
577 2255 671 2289 οὐθὲν
706 2257 832 2295 αὐτούς
859 2251 912 2288 δεῖ
934 2255 1145 2299 θορυβεῖσθαι
1171 2258 1245 2300 περὶ
1270 2258 1312 2290 τό
1347 2258 1429 2299 πᾶν,

429 2297 498 2334 οὐδ’
528 2301 674 2347 εἰσάγειν
708 2301 860 2345 φυλακήν
888 2302 943 2333 ἐπὶ
969 2301 1010 2333 τὸ
1034 2300 1192 2345 κέντρον,
1221 2300 1294 2334 ἀλλ’
1324 2302 1431 2334 ἐκεῖνο

426 2347 541 2388 ζητεῖν
568 2346 609 2379 τὸ
634 2346 748 2391 μέσον,
769 2346 865 2378 ποῖόν
888 2358 925 2379 τε
950 2347 1008 2378 καὶ
1029 2347 1095 2378 ποῦ
1114 2345 1270 2390 πέφυκεν.
1300 2347 1431 2379 Ἐκεῖνο

427 2391 486 2435 μέν
505 2391 569 2437 γάρ
597 2391 684 2436 ἀρχή
707 2392 747 2423 τό
764 2391 866 2435 μέσον
895 2393 953 2422 καὶ
979 2393 1103 2434 τίμιον,
1123 2391 1164 2423 τό
1182 2386 1220 2422 δέ
1238 2392 1300 2423 τοῦ
1320 2391 1429 2424 τόπου

427 2435 529 2479 μέσον
548 2435 635 2468 ἔοικε
654 2436 802 2478 τελευτῇ
820 2436 949 2480 μᾶλλον
972 2434 994 2471 ἦ
1014 2435 1116 2480 ἀρχῇ·
1137 2434 1178 2468 τό
1201 2435 1260 2479 μὲν
1282 2436 1347 2481 γάρ
1368 2437 1431 2480 ὁρι-

426 2479 566 2557 {damme
585 2481 627 2512 τό
645 2480 760 2523 μέσον,
781 2481 822 2513 τὸ
840 2475 871 2512 δ’
893 2480 1000 2523 ὀρίζον
1027 2481 1068 2513 τό
1086 2479 1203 2523 πέρας.
1223 2479 1428 2523 Τιμιοὶτερον

451 2525 465 2556 ἐ
486 2525 529 2557 τό
548 2524 702 2570 περιέχον
727 2526 785 2556 καὶ
804 2525 846 2557 τό
865 2523 970 2567 πέρας
990 2523 1010 2560 ἦ
1029 2524 1070 2556 τό
1090 2536 1189 2568 περαι
1212 2523 1368 2567 νόμενον·
1388 2524 1429 2556 τό

427 2569 486 2614 μέν
512 2569 577 2614 γάρ
604 2569 665 2606 ὕλη
692 2569 734 2601 τὸ
759 2568 786 2600 δ’
817 2569 917 2600 οὐσία
942 2568 1006 2606 τῆς
1032 2567 1226 2606 συστασεώς
1254 2568 1360 2601 ἑστιν.

360 2614 433 2657 Περὶ
459 2613 517 2657 μὲν
551 2611 607 2645 οὖν
633 2614 695 2645 τοῦ
721 2612 832 2645 τόπου
859 2613 921 2650 τῆς
946 2613 1008 2659 γῆς
1035 2612 1168 2650 ταύτην
1201 2612 1315 2657 ἔχουσί
1341 2624 1429 2651 τινες

428 2658 492 2694 τήν
519 2652 644 2698 δόξαν,

415 2754 564 2782 ΞΥΝοΡειε.
581 2769 616 2774 -
645 2763 668 2781 1.
692 2754 851 2790 Postquam
878 2752 986 2780 dictum
1008 2759 1050 2780 est
1076 2753 1112 2780 de
1133 2752 1228 2788 caelo,
1257 2752 1428 2789 relinquitur

361 2793 516 2822 dicendum
533 2794 568 2821 de
582 2800 665 2828 terra,
681 2794 841 2821 secundum
860 2793 940 2829 quod
955 2799 997 2820 est
1012 2799 1142 2820 centrum
1163 2798 1261 2820 motus
1282 2792 1425 2821 caelestis:

361 2843 395 2862 ac
410 2834 445 2861 de
458 2833 550 2861 tribus
564 2833 639 2861 circa
653 2833 744 2869 ipsam
767 2832 1019 2860 determinandum
1034 2839 1089 2867 est,
1109 2841 1214 2869 nempe
1236 2832 1271 2860 de
1286 2832 1346 2860 eius
1362 2832 1426 2867 situ,

361 2875 397 2902 de
425 2873 536 2910 quiete,
559 2879 586 2901 et
607 2874 643 2901 de
670 2873 769 2909 figura.
785 2890 804 2894 -
826 2880 852 2900 2.
875 2873 1086 2909 Argumentum
1114 2872 1198 2900 huius
1226 2872 1370 2907 lectionis,
1400 2879 1427 2900 et

361 2913 463 2941 divisio
485 2919 586 2941 textus,
601 2929 621 2934 -
637 2913 662 2940 3.
678 2914 721 2940 De
743 2912 798 2940 situ
819 2919 910 2940 terrae
931 2912 1124 2940 diversimode
1145 2912 1254 2949 opinati
1276 2918 1342 2940 sunt
1363 2912 1426 2948 phi-

360 2953 485 2989 losophi.
509 2952 566 2988 Qui
582 2952 659 2981 enim
674 2952 841 2981 universum
862 2952 1007 2980 infinitum
1025 2961 1087 2980 esse
1101 2953 1257 2988 ponebant,
1274 2952 1359 2980 situm
1375 2953 1425 2980 de-

360 2993 545 3021 terminatum
566 2999 658 3020 terrae
679 2992 824 3029 assignare
846 3001 906 3020 non
923 2998 1065 3028 poterant.
1088 2993 1160 3020 Earn
1179 2991 1208 3020 in
1224 2992 1320 3020 medio
1337 2993 1426 3020 collo-

361 3034 464 3061 cabant
489 3032 607 3069 plurimi
629 3042 730 3061 eorum
753 3032 802 3069 qui
817 3033 960 3060 mundum
982 3031 1095 3060 finitum
1117 3032 1258 3060 dicebant.
1282 3033 1426 3069 Pythago-

360 3073 410 3101 rici
424 3082 502 3108 vero,
523 3072 619 3109 ignem
634 3072 664 3100 in
678 3073 744 3100 loco
766 3071 863 3100 medio
886 3078 1050 3107 statuentes,
1073 3079 1177 3100 terram
1200 3078 1329 3100 nostram
1351 3072 1426 3101 circa

360 3112 455 3149 ipsum
483 3121 583 3149 gyrare
612 3113 834 3140 contendebant.
864 3112 1016 3140 Ponebant
1044 3111 1162 3148 insuper
1189 3111 1275 3140 aliam
1303 3119 1424 3147 terram,

360 3152 545 3180 antichthona
572 3153 758 3189 appellatam,
788 3161 862 3189 quae
890 3158 1019 3180 nostram
1047 3151 1076 3180 in
1098 3161 1152 3180 suo
1174 3161 1259 3180 cursu
1287 3152 1424 3189 sequitur,

360 3198 388 3220 et
409 3192 474 3220 ideo
490 3192 574 3220 nobis
594 3192 707 3220 occulta
728 3198 833 3227 manet,
855 3199 974 3229 propter
995 3198 1086 3220 terrae
1112 3198 1228 3220 nostrae
1254 3201 1359 3228 corpus
1381 3192 1424 3220 in-

360 3231 529 3268 terpositum
557 3231 630 3260 inter
658 3241 712 3260 nos
733 3238 760 3260 et
782 3231 883 3269 ipsam.
905 3248 925 3252 —
946 3231 1136 3269 Pythagorici,
1165 3231 1360 3268 metaphorice
1382 3232 1424 3260 lo-

337 3296 340 3299 .
361 3278 489 3308 quentes,
506 3281 556 3308 per
570 3271 665 3308 ignem
681 3281 767 3308 quem
783 3273 931 3308 ponebant
945 3271 975 3300 in
990 3271 1087 3300 medio
1103 3272 1214 3306 mundi,
1230 3271 1425 3309 intelligebant

361 3311 485 3339 calorem
507 3312 667 3340 naturalem
689 3321 722 3339 ex
744 3312 804 3340 sole
826 3318 854 3340 et
869 3311 955 3340 stellis
978 3318 1170 3348 procreatum.
1191 3312 1312 3340 Terram
1327 3318 1424 3340 autem

361 3350 493 3378 dicebant
515 3351 633 3386 stellam,
656 3351 723 3388 quia
745 3361 798 3380 suo
820 3358 903 3380 motu
924 3351 989 3380 facit
1011 3351 1088 3380 diem
1104 3361 1137 3380 ac
1152 3358 1277 3380 noctem.
1300 3353 1354 3380 Per
1373 3361 1424 3380 an·

362 3390 507 3418 tichehona
528 3400 596 3418 vero
618 3390 811 3428 intelligebant
833 3391 946 3419 lunam:
966 3392 1010 3419 vel
1033 3391 1100 3429 quia
1121 3392 1189 3420 luna
1204 3391 1317 3420 obsistit
1338 3391 1424 3420 solari

361 3429 472 3464 lumini,
493 3430 537 3457 vel
558 3430 626 3466 quia
647 3437 689 3458 est
710 3430 809 3458 infima
831 3430 904 3459 inter
925 3431 1057 3460 caelestia
1080 3441 1212 3468 corpora.
1228 3449 1248 3452 —
1269 3442 1296 3467 4.
1319 3432 1424 3468 Pytha-

362 3468 450 3505 gorici
479 3478 538 3496 non
567 3471 741 3506 quaerebant
767 3470 892 3498 rationes
921 3472 957 3499 ad
979 3471 1146 3507 explicanda
1174 3481 1208 3500 ea
1236 3481 1311 3509 quae
1339 3481 1425 3500 sensu

362 3514 514 3544 apparent;
536 3510 586 3536 sed
607 3509 702 3545 potius
724 3519 757 3537 ea
779 3519 851 3546 quae
873 3511 909 3538 ad
931 3520 1047 3539 sensum
1068 3511 1210 3547 videntur,
1232 3513 1269 3540 ad
1284 3521 1424 3548 praecon—

363 3554 459 3583 ceptas
480 3557 546 3575 suas
567 3548 692 3577 rationes
718 3550 853 3577 reducere
882 3551 1069 3578 conabantur.
1100 3552 1163 3579 Hoc
1191 3558 1287 3580 autem
1309 3551 1373 3580 licet
1395 3551 1424 3580 in

363 3587 503 3615 artefactis
524 3588 657 3616 humanis
679 3589 881 3617 convenienter
902 3589 965 3624 fiat,
989 3590 1017 3618 in
1039 3590 1072 3618 iis
1094 3597 1190 3619 tamen
1213 3601 1286 3628 quae
1308 3593 1343 3620 ab
1365 3598 1425 3620 arte

362 3626 460 3655 divina
475 3628 643 3663 procedunt,
665 3634 779 3664 oportet
794 3638 808 3656 e
830 3638 970 3657 converso
990 3639 1023 3658 ex
1039 3630 1173 3666 operibus
1196 3641 1269 3667 quae
1283 3631 1424 3667 videntur,

1487 787 1504 807 *
1522 788 1697 829 Reliquum
1721 795 1828 820 autem
1851 790 1890 821 de
1913 797 1994 822 terra
2022 791 2123 822 dicere
2137 815 2146 831 ,
2175 792 2230 823 ubi
2255 792 2364 823 existat
2386 792 2505 833 posita,
2529 800 2560 824 et

1555 840 1664 884 ptrum
1697 834 1930 874 quiescentium
1957 842 2004 867 est
2031 843 2086 867 aut
2114 843 2300 876 motorum,
2330 843 2361 868 et
2392 837 2430 868 de
2458 836 2560 878 figura

1554 887 1664 917 1ps1us.

1487 921 1535 952 De
1559 922 1719 962 positione
1750 922 1882 963 quidem
1911 923 2008 964 igitur
2036 934 2103 956 non
2134 926 2268 956 eandem
2299 936 2412 957 omnes
2442 926 2560 957 habent

1555 965 1761 1006 opinionem:
1796 968 1851 998 sed
1874 968 2019 1008 pluribus
2046 968 2080 999 in
2109 970 2216 1000 medio
2250 970 2328 1011 poni
2359 970 2558 1011 dicentibuS,

1554 1010 1751 1052 quicumque
1774 1017 1879 1042 totum
1905 1013 2029 1043 caelum
2051 1012 2179 1044 finitum
2199 1024 2265 1045 esse
2289 1014 2388 1054 aiunt,
2404 1015 2558 1046 contrarie

1554 1062 1663 1086 autem
1685 1055 1742 1096 qui
1766 1055 1847 1086 circa
1870 1056 1992 1087 Italiam
2014 1058 2119 1088 vocati
2141 1058 2342 1099 Pythagorici
2371 1059 2490 1091 dicunt.
2522 1060 2558 1090 In

1555 1100 1663 1130 medio
1687 1100 1819 1141 quidem
1842 1101 1929 1131 enim
1954 1101 2063 1142 ignem
2085 1112 2153 1133 esse
2175 1102 2341 1143 inquiunt;
2365 1110 2480 1135 terram
2503 1114 2559 1135 au-

1554 1151 1630 1183 tem,
1648 1155 1751 1176 unum
1774 1152 1934 1176 astrorum
1952 1145 2148 1185 existentem,
2161 1146 2352 1179 circulariter
2365 1148 2463 1180 latam
2478 1148 2559 1180 circa

1555 1189 1710 1228 medium,
1734 1197 1863 1221 noctem
1887 1197 1918 1222 et
1941 1190 2027 1221 diem
2050 1190 2160 1222 facere.
2185 1191 2301 1223 Adhuc
2323 1198 2432 1223 autem
2455 1202 2558 1234 oppo-

1555 1233 1647 1264 sitam
1671 1234 1766 1264 aliam
1784 1234 1859 1265 huic
1883 1235 2051 1266 adstruunt
2073 1241 2206 1275 terram,
2230 1246 2329 1277 quam
2353 1235 2560 1269 antichthona

1554 1288 1684 1309 nomme
1707 1286 1832 1310 vocant.

1486 1323 1562 1353 Non
1585 1323 1625 1353 ad
1648 1323 1830 1364 apparentia
1854 1323 1991 1354 rationes
2015 1330 2046 1354 et
2069 1333 2179 1355 causas
2202 1330 2409 1365 quaerentes,
2440 1324 2498 1356 sed
2519 1323 2559 1355 ad

1554 1368 1710 1408 quasdam
1733 1368 1870 1399 rationes
1895 1375 1926 1399 et
1948 1368 2117 1408 opiniones
2140 1369 2286 1409 ipsorum
2309 1369 2559 1410 apparentiam·

1554 1412 1711 1444 trahentes
1736 1420 1766 1444 et
1789 1419 1944 1444 tentantes
1968 1413 2130 1444 adornare.

1486 1457 1504 1476 *
1518 1457 1628 1488 Multis
1652 1464 1759 1488 autem
1782 1457 1893 1498 utique
1922 1464 1953 1488 et
1975 1457 2042 1488 aliis
2066 1458 2164 1488 simul
2186 1457 2344 1490 videbitur
2371 1467 2439 1489 non
2461 1467 2558 1499 opor-
2585 1468 2595 1478 ·

1554 1508 1618 1533 tere
1637 1508 1735 1533 terrae
1761 1502 1858 1532 medii
1881 1502 2045 1543 regionem
2068 1502 2236 1542 assignare,
2261 1502 2408 1534 credibile
2431 1511 2499 1534 non
2521 1511 2560 1534 ex

1555 1546 1779 1587 apparentibus
1796 1546 2080 1585 considerantibus,
2097 1547 2152 1577 sed
2169 1547 2270 1587 magis
2287 1557 2324 1578 ex
2339 1546 2526 1579 rationibus.

2587 802 2596 811 '¹
2639 807 2663 829 p.
2670 801 2782 824 mn'rex

2609 1466 2677 1490 Text.
2691 1472 2728 1496 7³—

1487 1590 1778 1622 Honorabilissimo
1803 1591 1888 1622 enim
1911 1598 2025 1631 putant
2048 1591 2217 1622 convenire
2244 1591 2560 1623 honorabilissimam

1553 1636 1668 1666 habere
1691 1635 1871 1676 regionem;
1895 1645 1963 1666 esse
1986 1642 2094 1666 autern
2116 1635 2224 1676 ignem
2247 1642 2327 1667 terra
2350 1636 2482 1677 quidem
2499 1636 2558 1667 ho-

1554 1680 1794 1719 norabiliorem,
1819 1680 1992 1711 terminum
2016 1687 2124 1711 autem
2146 1680 2356 1720 intermediis,
2380 1687 2558 1712 extremum

1554 1731 1661 1756 autem
1678 1731 1709 1755 et
1724 1724 1868 1755 medium
1891 1724 2055 1756 terminos.
2081 1725 2188 1762 Quare
2211 1734 2248 1756 ex
2270 1725 2320 1756 his
2338 1725 2557 1766 recogitantes,

1553 1779 1620 1800 non
1644 1775 1759 1809 putant
1780 1768 1813 1799 in
1836 1769 1944 1799 medio
1969 1769 2118 1809 sphaerae
2142 1769 2220 1810 poni
2243 1769 2358 1810 ipsam,
2382 1769 2439 1800 sed
2456 1770 2558 1811 magia

1553 1823 1670 1854 ignem.

1486 1858 1602 1889 Adhuc
1616 1865 1723 1889 autem
1746 1857 1947 1899 Pythagorici
1971 1857 2114 1898 quidem,
2130 1864 2260 1898 propter
2283 1858 2420 1889 maxime
2443 1867 2558 1890 conve-

1553 1903 1619 1933 nire
1643 1902 1758 1933 servari
1788 1901 2091 1942 principalissimum
2121 1902 2219 1933 totius
2233 1924 2241 1942 ‚
2274 1902 2419 1933 medium
2449 1908 2558 1934 autem

1554 1957 1620 1978 esse
1643 1947 1716 1984 tale,
1736 1946 1819 1977 Iovis
1844 1956 1999 1977 carcerem
2023 1946 2191 1978 nominant
2213 1946 2295 1978 hanc
2318 1946 2489 1978 habentem
2510 1956 2558 1978 re-

1553 1992 1683 2032 gionem
1706 1991 1823 2031 ignem.

1485 2036 1504 2055 ⁴*
1520 2037 1692 2078 Tanquam
1708 2035 1852 2066 medium
1867 2035 2051 2076 simpliciter
2067 2035 2106 2066 sit
2121 2035 2243 2066 dictum
2255 2042 2286 2066 et
2295 2036 2385 2077 quod
2397 2035 2557 2077 magnitu-

1555 2080 1636 2111 dinis
1653 2079 1807 2118 medium,
1825 2086 1855 2110 et
1869 2079 1912 2110 rei
1929 2080 2063 2111 existens
2080 2079 2223 2111 medium
2235 2086 2266 2111 et
2281 2086 2427 2111 naturae:
2443 2089 2557 2122 quam-

1554 2125 1612 2163 vis,
1630 2124 1907 2166 quemadmodum
1922 2124 1956 2155 in
1972 2124 2163 2155 animalibus
2179 2134 2245 2155 non
2261 2124 2348 2156 idem
2366 2124 2511 2156 animalis
2526 2131 2558 2156 et

1554 2169 1696 2210 corporis
1712 2168 1867 2207 medium,
1881 2169 1924 2199 sic
1940 2168 2186 2200 existimandum
2199 2168 2300 2209 magis
2313 2176 2344 2200 et
2356 2169 2436 2200 circa
2451 2175 2558 2201 totum

1555 2214 1687 2245 caelum.
1712 2214 1845 2254 Propter
1867 2213 1949 2244 hanc
1972 2213 2104 2254 quidem
2126 2213 2222 2254 igitur
2237 2223 2377 2253 causam,
2400 2212 2481 2245 nihil
2501 2223 2558 2245 eos

1554 2265 1682 2299 oportet
1698 2257 1807 2289 timere
1825 2257 1904 2288 circa
1919 2264 2036 2296 totum,
2054 2267 2158 2299 neque
2175 2258 2330 2289 adducere
2346 2267 2502 2289 carcerem
2516 2258 2558 2289 ad

1555 2309 1712 2334 centrum:
1735 2303 1789 2333 sed
1803 2301 1883 2333 illud
1899 2312 2049 2343 quaerere
2065 2302 2220 2341 medium,
2236 2302 2330 2343 quale
2346 2302 2436 2343 quid,
2452 2309 2484 2334 et
2500 2302 2557 2334 ubi

1552 2355 1664 2388 aptum
1683 2354 1795 2378 natum
1815 2353 1870 2378 est.
1889 2346 1972 2377 Illud
1996 2346 2127 2387 quidem
2143 2346 2229 2377 enim
2250 2346 2444 2387 principium
2466 2347 2557 2388 quod

1552 2392 1707 2429 medium,
1724 2398 1754 2422 et
1769 2391 1974 2421 honorabile:
1991 2391 2054 2421 loci
2078 2397 2187 2422 autem
2201 2391 2347 2421 medium
2366 2390 2558 2425 assimilatur

1552 2436 1668 2467 ultimo
1683 2435 1783 2475 magis
1799 2445 1898 2476 quam
1914 2434 2082 2475 principio.
2097 2435 2195 2472 Quod
2207 2435 2339 2476 quidem
2354 2434 2441 2465 enim
2456 2434 2555 2467 deter-

1551 2479 1720 2517 minatum,
1727 2479 1885 2510 medium:
1899 2479 1989 2520 quod
1999 2485 2106 2509 autem
2116 2478 2340 2518 determinans,
2350 2478 2431 2510 finis.
2443 2479 2555 2510 Hono—

1551 2523 1680 2554 rabilius
1695 2530 1802 2554 autem
1819 2523 1983 2554 continens
1999 2529 2029 2553 et
2045 2522 2116 2553 finis
2133 2533 2232 2564 quam
2246 2522 2388 2554 finitum:
2409 2523 2471 2554 hoc
2485 2523 2555 2564 qui-

1551 2568 1625 2598 dem
1638 2568 1723 2598 enim
1735 2567 1876 2606 materia,
1888 2567 1949 2598 hoc
1962 2574 2070 2598 autem
2082 2566 2255 2598 substantia
2266 2567 2486 2598 consistentiae
2497 2574 2554 2598 est.

1482 2612 1500 2631 *
1518 2612 1567 2644 De
1590 2611 1663 2643 loco
1686 2612 1818 2653 quidem
1841 2611 1936 2652 igitur
1962 2618 2060 2642 terrae
2084 2612 2165 2642 hanc
2189 2611 2306 2642 habent
2329 2611 2461 2653 quidam
2484 2612 2555 2653 opi-

1550 2666 1691 2688 monem.

1482 2751 1666 2780 considerare
1680 2752 1806 2780 rationes
1821 2761 1953 2788 operum.
1967 2768 1987 2773 —
2001 2751 2109 2780 Multos
2123 2751 2198 2780 alios
2212 2758 2326 2788 praeter
2345 2751 2552 2790 Pythagoricos

1482 2791 1605 2820 similem
1627 2792 1663 2820 de
1683 2798 1775 2820 terrae
1797 2791 1853 2820 situ
1874 2791 2045 2828 opinionem
2067 2792 2173 2820 habere
2194 2791 2331 2828 possibile
2352 2797 2427 2827 erat,
2449 2801 2551 2829 proce-

1482 2832 1588 2866 dendo,
1611 2831 1684 2860 sicut
1705 2831 1754 2867 illi,
1776 2841 1837 2860 non
1858 2840 1891 2859 ex
1913 2831 1957 2859 his
1979 2840 2053 2868 quae
2074 2838 2223 2868 apparent,
2245 2832 2297 2860 sed
2317 2840 2351 2860 ex
2376 2840 2552 2868 praeconce-

1482 2871 1537 2908 ptis
1566 2871 1725 2900 rationibus
1754 2871 1987 2908 intelligibilibus.
2010 2887 2028 2893 -
2059 2872 2084 2900 5.
2115 2871 2251 2900 Rationes
2280 2871 2548 2909 Pythagoricorum.

1480 2913 1508 2947 α)
1531 2911 1749 2940 Honorabiliori
1771 2911 1886 2948 corpori
1907 2911 1988 2940 locus
2011 2911 2101 2949 magis
2124 2911 2303 2940 honorabilis
2318 2911 2454 2948 debetur;
2476 2911 2550 2941 inter

1481 2952 1550 2982 loca
1566 2958 1662 2980 autem
1691 2961 1859 2988 supremum
1881 2958 1909 2979 et
1930 2951 2058 2980 medium
2081 2958 2148 2980 sunt
2168 2951 2328 2986 nobiliora,
2353 2957 2454 2988 utpote
2479 2961 2551 2981 con-

1480 2991 1615 3026 tinentia;
1644 3001 1704 3020 non
1726 2998 1817 3020 terrae
1839 2991 1938 3028 igitur,
1961 2992 2011 3020 sed
2032 2991 2107 3029 igni,
2130 2991 2179 3028 qui
2206 2992 2243 3020 ad
2265 3000 2390 3028 corpora
2417 2991 2550 3021 caelestia

1479 3031 1509 3059 in
1525 3031 1674 3060 nobilitate
1693 3031 1823 3068 proxime
1845 3031 1963 3067 accedit,
1986 3031 2115 3060 medium
2137 3031 2235 3060 locum
2257 3031 2402 3069 assignare
2423 3038 2549 3069 oportet.

1480 3089 1499 3093 -
1511 3073 1537 3099 6.
1554 3072 1582 3107 b)
1605 3072 1679 3100 Cum
1702 3071 1775 3100 inter
1789 3072 1931 3100 elementa
1945 3071 2217 3108 principalissimum
2239 3071 2275 3100 sit
2289 3071 2372 3109 ignis,
2391 3071 2550 3109 diligentis-

1480 3111 1551 3140 sime
1573 3111 1736 3140 conservari
1758 3112 1852 3146 debet,
1874 3111 1947 3140 sicut
1963 3120 2008 3139 res
2022 3111 2178 3148 pretiosae:
2202 3111 2256 3148 ipsi
2275 3121 2344 3149 ergo
2359 3111 2549 3149 assignandus

1480 3158 1522 3180 est
1543 3152 1623 3180 locus
1645 3151 1754 3188 optime
1775 3151 1896 3180 vallatus
1924 3158 1952 3179 et
1973 3151 2118 3187 firmatus,
2148 3151 2276 3180 medium
2303 3151 2409 3180 scilicet
2436 3151 2548 3180 mundi.

1481 3193 1569 3226 Quod
1580 3191 1686 3220 idcirco
1702 3191 1900 3228 mataphorice
1910 3200 1928 3220 a
1939 3191 2136 3228 Pythagoricis
2150 3201 2255 3220 carcer
2264 3201 2315 3220 seu
2329 3191 2459 3220 custodia
2469 3191 2549 3220 Iovis

1479 3238 1670 3268 nuncupatur.
1692 3248 1711 3252 -
1733 3232 1822 3267 Quod
1843 3231 1866 3259 si
1888 3231 2080 3268 intelligamus
2102 3231 2198 3269 ignem
2227 3240 2290 3260 esse
2317 3230 2546 3267 custodientem,

1479 3278 1594 3308 oportet
1615 3271 1772 3309 intelligere
1793 3271 1874 3308 quod
1895 3271 1955 3308 ipse
1977 3271 2049 3308 ignis
2071 3271 2182 3300 dicatur
2202 3280 2299 3300 carcer
2316 3271 2399 3300 lovis.
2414 3287 2433 3292 -
2449 3279 2476 3307 7.
2492 3271 2547 3299 So-

1478 3311 1558 3340 lutio.
1580 3311 1668 3340 Aliud
1683 3318 1725 3340 est
1741 3311 1869 3339 medium
1893 3311 2108 3348 magnitudinis,
2130 3311 2208 3340 aliud
2230 3310 2359 3339 medium
2381 3310 2422 3338 rei
2443 3319 2546 3338 secun-

1479 3352 1549 3379 dum
1571 3358 1713 3387 naturam,
1736 3360 1788 3388 per
1803 3351 1883 3388 quod
1898 3351 2003 3379 scilicet
2018 3358 2121 3380 natura
2135 3351 2175 3380 rei
2190 3357 2385 3386 conservatur,
2408 3349 2481 3378 sicut
2495 3359 2547 3379 cor

1480 3391 1508 3419 in
1530 3391 1657 3420 animali.
1681 3393 1713 3420 In
1731 3390 1866 3419 universo
1889 3391 2017 3419 medium
2039 3391 2199 3420 secundum
2221 3397 2354 3419 naturam
2369 3396 2411 3418 est
2425 3390 2548 3427 sphaera

1479 3431 1625 3460 stellarum
1647 3431 1783 3466 fixarum,
1806 3439 1880 3468 quae
1908 3438 1950 3459 est
1975 3431 2099 3460 aliorum
2125 3439 2283 3468 corporum
2306 3429 2496 3467 principium,
2518 3436 2548 3458 et

1479 3471 1552 3499 inter
1563 3471 1619 3499 alia
1630 3471 1754 3500 maxime
1769 3471 1959 3499 honorabilis:
1972 3471 2056 3508 eique
2071 3470 2193 3508 proinde
2204 3471 2325 3499 debetur
2335 3471 2416 3499 locus
2427 3469 2546 3498 extremi

1479 3511 1668 3546 continentis,
1690 3510 1752 3540 aliis
1773 3510 1922 3539 formalior
1943 3517 1970 3539 et
1992 3510 2199 3546 honorabilior,
2215 3510 2284 3547 quia
2298 3509 2450 3539 continens
2463 3515 2492 3538 et
2512 3509 2546 3537 fl-

1479 3551 1532 3579 nis.
1545 3552 1652 3580 Terrae
1667 3558 1773 3586 autem,
1789 3559 1863 3587 quae
1878 3557 1920 3578 est
1935 3551 2143 3590 ignobilissima
2152 3560 2319 3587 corporum,
2330 3551 2451 3578 debetur
2465 3549 2547 3577 locus

1479 3591 1600 3627 medius,
1623 3591 1672 3628 qui
1687 3590 1861 3620 assimilatur
1882 3590 1994 3627 ultimo,
2017 3600 2053 3619 eo
2075 3591 2156 3627 quod
2177 3590 2341 3618 continetur
2361 3595 2390 3618 et
2410 3588 2545 3617 determi—

1479 3638 1563 3660 natur
1583 3632 1619 3659 ab
1641 3631 1712 3660 aliis.
1727 3647 1746 3651 —
1761 3630 1927 3659 Conclusio.

2583 2045 2595 2062 '-
2608 2043 2678 2067 Text.
2691 2049 2733 2072 74.

2581 2623 2591 2634 ·
2605 2622 2674 2645 rut.
2689 2627 2727 2651 ⁷5·
