2782 4134
41 652 139 675 'terrae
152 657 201 674 om.
215 657 252 674 Ασ.

1096 248 1208 285 CAP.
1238 248 1344 296 VIII,
1374 249 1525 286 LECT.
1555 250 1661 287 XVII

276 335 336 364 >est
365 327 536 365 eiusdem
572 328 722 377 speciei.
754 327 794 365 Si
822 335 912 375 ergo
940 327 1044 372 hinc,
1079 327 1176 364 idest
1204 339 1249 364 ex
1277 327 1348 364 isto

280 380 451 428 mundo,
480 388 652 418 sumatur
679 381 805 430 aliqua
830 392 941 429 pars,
969 387 1062 428 puta
1089 387 1228 428 terrae,
1258 381 1348 418 nihil

281 433 407 470 differt
434 433 465 470 si
494 441 736 483 comparetur
762 433 811 470 ad
848 432 1015 480 aliquam
1051 433 1216 482 partium
1250 446 1348 482 quae

280 494 370 523 sunt
387 486 426 523 in
450 487 577 536 aliquo
596 487 670 524 alio
690 485 838 523 mundo
851 490 877 532 ⁷¹,
898 486 960 522 vel
980 485 1010 522 si
1034 494 1277 535 comparatur
1301 486 1350 524 ad

281 550 347 576 eas
365 551 466 588 quae
486 546 573 578 sunt
599 540 638 577 in
657 540 732 576 hoc
750 538 910 586 mundo,
932 538 999 575 sed
1019 538 1150 575 similis
1170 547 1226 576 est
1245 552 1349 576 com-

281 592 428 640 paratio
449 593 499 631 ad
524 600 722 641 utrasque;
751 591 840 640 quia
859 603 940 628 non
959 591 1138 628 differunt
1157 592 1282 640 specie
1301 592 1351 629 ad

280 645 447 683 invicem
459 653 586 694 partes
604 652 725 682 terrae
742 645 762 666 *
776 655 874 693 quae
890 651 978 681 sunt
995 644 1035 681 in
1049 645 1124 681 hoc
1138 645 1298 692 mundo,
1316 652 1352 681 et

282 710 381 746 quae
410 705 497 735 sunt
522 698 561 735 in
581 697 656 735 alio
684 697 845 734 mundo.
866 698 915 734 Et
935 697 1072 734 eadem
1101 697 1195 734 ratio
1226 705 1281 734 est
1305 697 1352 734 de

281 750 363 788 aliis
382 750 617 799 corporibus.
633 749 822 787 Videmus
842 758 971 787 autem
993 749 1100 798 quod
1115 762 1249 787 omnes
1268 762 1353 799 par—

282 811 340 842 tes
374 811 496 841 terrae
525 815 624 852 quae
661 810 750 840 sunt
775 803 815 840 in
842 804 924 854 ‘hoc
951 803 1118 851 mundo,
1148 811 1354 841 moventur

282 856 333 894 ad
360 867 479 894 unum
507 868 670 894 numero
698 857 845 903 locum3
874 863 911 893 et
938 856 1106 893 similiter
1135 863 1190 893 est
1217 856 1255 893 in
1274 856 1353 894 aliis

282 908 518 958 corporibus.
540 910 643 958 Ergo
663 921 800 947 omnes
814 916 941 959 partes
959 917 1094 958 terrae,
1110 909 1150 946 in
1169 921 1353 959 quocum-

283 974 359 1011 que
377 962 526 1000 mundo
546 962 630 1011 sint,
650 963 870 1000 naturaliter
886 971 1092 1000 moventur
1111 963 1160 1000 ad
1178 964 1253 1000 hoc
1273 975 1352 999 me-

198 1035 205 1043 ·
227 1031 256 1071 J
285 1014 391 1052 dium
419 1014 532 1052 huius
559 1016 694 1053 mundi
715 1018 747 1053 ²³².

341 1069 374 1106 5.
405 1069 492 1117 Ipsa
518 1068 628 1117 igitur
645 1069 824 1106 naturalis
851 1068 1043 1106 inclinatio
1073 1069 1249 1106 omnium
1271 1081 1353 1106 cor—

282 1133 426 1171 porum
454 1122 630 1170 gravium
662 1122 712 1160 ad
739 1135 861 1159 unum
889 1134 1053 1160 nurnero
1092 1122 1286 1168 medium,
1317 1129 1354 1158 et

284 1173 460 1225 omnium
478 1175 644 1215 levium
688 1187 896 1224 corporum
938 1175 988 1213 ad
1027 1188 1150 1213 unum
1190 1186 1353 1212 numero

246 1240 256 1243 ⁴
271 1221 512 1276 extremum,
533 1228 749 1266 manifestat
766 1228 950 1266 unitatem
967 1228 1112 1266 mundi.
1139 1229 1232 1265 Non
1251 1217 1353 1264 enirn

283 1288 412 1331 potest
443 1281 518 1318 dici
549 1282 656 1331 quod
682 1281 722 1319 in
749 1281 922 1331 pluribus
949 1282 1125 1320 mundis
1133 1281 1355 1318 ordinentur

238 1334 245 1340 '
285 1346 450 1383 corpora
489 1335 703 1373 secundum
742 1334 892 1372 diversa
929 1335 1057 1372 media
1095 1341 1132 1372 et
1164 1341 1352 1380 extrema,

44 1446 194 1470 ‘nomm

282 1386 383 1424 sicut
415 1395 454 1424 et
487 1387 527 1425 in
563 1388 735 1437 pluribus
771 1387 994 1425 hominibus
1030 1394 1119 1424 sunt
1154 1386 1282 1424 media
1319 1394 1356 1423 et

286 1447 458 1478 extrema
485 1440 636 1478 diversa
663 1452 840 1489 numero,
870 1440 996 1478 sedin
1010 1442 1031 1460 ⁴*
1051 1440 1188 1477 eadem
1215 1439 1353 1489 specie.

287 1493 390 1541 Quia
413 1500 548 1530 natura
575 1494 844 1530 membrorum
869 1493 1039 1531 hominis
1066 1494 1129 1530 vel
1158 1492 1356 1530 cuiuslibet

285 1545 459 1584 animalis
486 1558 567 1584 non
593 1545 866 1584 determinatur
890 1546 911 1568 *
933 1547 1146 1584 secundum
1180 1546 1355 1584 ordinem

284 1600 336 1638 ad
368 1599 536 1647 aliquem
570 1599 721 1647 locum,
755 1599 823 1637 sed
854 1599 975 1648 magis
1008 1599 1222 1637 secundum
1257 1599 1356 1636 ordi-

285 1664 378 1691 nem
406 1652 456 1689 ad
483 1652 651 1701 aliquem
684 1660 832 1699 actum3
864 1653 947 1690 talis
983 1660 1113 1690 autem
1147 1652 1239 1690 situs
1270 1665 1356 1702 par—

285 1704 382 1743 tium
399 1705 570 1743 animalis
590 1706 761 1754 congruit
775 1705 970 1743 decentiae
986 1705 1218 1755 operationis
1233 1717 1356 1743 mem-

285 1758 458 1797 brorum.
493 1758 572 1796 Sed
604 1766 739 1796 natura
775 1758 950 1807 gravium
989 1767 1025 1796 et
1058 1759 1201 1797 levium
1235 1758 1356 1796 deter-

285 1811 454 1849 minatur
485 1811 535 1849 ad
572 1819 674 1849 certa
700 1813 801 1859 loca;
830 1812 881 1849 ita
913 1812 1053 1850 scilicet
1085 1812 1191 1862 quod
1224 1812 1356 1850 omnia

285 1875 387 1913 quae
409 1865 552 1903 habent
571 1865 735 1902 eandem
761 1872 948 1914 naturam,
969 1866 1019 1903 ad
1045 1878 1168 1903 unum
1192 1877 1355 1903 numero

285 1917 417 1977 locum
444 1929 564 1955 unam
598 1930 760 1956 numero
789 1919 931 1956 habent
959 1919 1170 1956 naturalem
1202 1918 1355 1956 inclina—

284 1977 444 2008 tionem.

340 2025 378 2062 6.
398 2023 547 2062 Deinde
577 2036 666 2062 cum
695 2023 799 2062 dicit:
827 2025 963 2074 Itaque
990 2025 1242 2063 necessarium
1272 2032 1356 2074 etc.,

285 2075 397 2115 infert
423 2076 674 2126 principalem
694 2077 991 2115 conclusionem.
1013 2078 1115 2115 Cum
1135 2078 1238 2115 enim
1267 2091 1357 2116 con-

287 2129 406 2168 clusio
421 2130 636 2168 secundum
651 2131 818 2167 formam
834 2130 1002 2168 debitam
1018 2130 1176 2168 infertur
1190 2143 1235 2168 ex
1249 2144 1358 2180 prae·

233 2211 239 2217 .
286 2182 425 2230 missis,
445 2195 603 2220 necesse
631 2190 687 2220 est
713 2184 778 2220 vel
806 2183 1091 2220 conclusionem
1123 2185 1356 2233 concedere,

45 2242 204 2292 :tryga-‘⁸⁸⁴
219 2247 260 2265 oo-

45 2352 56 2363 ’
69 2351 189 2375 muchan
199 2358 240 2375 n.

51 2881 62 2891 ¹
77 2879 114 2903 cf.
122 2879 176 2902 leet.
186 2885 263 2908 praec.

51 2912 102 2934 πως
112 2909 134 2928 et
143 2912 215 2935 supra
221 2913 263 2929 ιι.ι.

286 2235 350 2273 vel
368 2235 600 2285 praemissas
616 2236 636 2258 ³¹
653 2248 805 2284 negare.
827 2236 1029 2273 Concludit
1056 2248 1146 2284 ergo
1169 2237 1275 2285 quod
1294 2245 1359 2274 aut

288 2295 344 2326 est
371 2301 528 2326 necesse
556 2301 755 2335 amovere,
784 2289 881 2326 idest
909 2301 1066 2337 negare,
1095 2291 1164 2327 has
1190 2291 1356 2340 supposi-

286 2342 416 2388 tiones,
435 2341 532 2379 idest
550 2342 734 2391 principia
753 2354 799 2379 ex
819 2341 957 2391 quibus
979 2343 1161 2380 conclusit
1177 2344 1197 2364 *
1215 2356 1357 2392 propo-

286 2394 420 2441 situm;
449 2402 515 2431 aut
541 2407 700 2432 necesse
723 2402 783 2432 est
811 2395 1024 2432 concedere
1058 2396 1355 2444 conclusionem,

287 2447 394 2497 quod
422 2447 561 2485 scilicet
588 2448 633 2485 sit
658 2460 783 2485 unum
811 2447 996 2496 medium,
1021 2448 1071 2485 ad
1099 2450 1204 2497 quod
1232 2450 1357 2487 ferun-

285 2506 348 2539 tur
375 2501 507 2538 omnia
533 2501 675 2549 gravia,
705 2509 743 2538 et
768 2513 891 2538 unum
919 2509 1145 2549 extremum,
1174 2502 1224 2539 ad
1252 2503 1359 2551 quod

287 2554 460 2592 feruntur
478 2554 610 2592 omnia
623 2554 723 2592 levia
731 2552 756 2591 θ.
773 2555 863 2601 Quo
880 2554 1060 2592 existente
1074 2567 1183 2602 vero,
1200 2567 1356 2593 necesse

289 2614 345 2644 est
373 2619 419 2644 ex
447 2608 696 2656 consequenti
725 2608 831 2657 quod
850 2607 896 2644 sit
918 2620 1042 2645 unum
1069 2608 1234 2655 caelum,
1264 2609 1361 2646 idest

287 2672 389 2698 unus
417 2660 601 2709 mundus,
629 2667 666 2698 et
693 2673 772 2698 non
799 2661 947 2710 plures3
966 2669 1014 2698 ⁴et
1041 2661 1116 2698 hoc
1143 2674 1214 2710 per
1240 2674 1358 2712 argu-

288 2719 437 2760 menta,
465 2713 563 2750 idest
589 2713 707 2762 signa,
726 2714 937 2763 praedicta,
967 2722 1004 2751 et
1026 2727 1096 2763 per
1115 2715 1358 2762 necessitates,

289 2766 387 2804 idest
414 2766 646 2804 necessarias
674 2767 854 2815 rationes,
882 2767 1108 2816 praedictas.

345 2832 382 2868 7.
398 2819 549 2857 Deinde
565 2832 654 2857 cum
671 2819 774 2857 dicit:
794 2820 907 2862 Quod.
916 2825 1042 2857 autem
1057 2826 1112 2857 est
1122 2820 1268 2869 aliquid
1275 2828 1358 2869 etc.,

292 2872 457 2910 ostendit
492 2873 691 2922 quoddam
726 2873 832 2921 quod
866 2880 1119 2922 supposuerat
1145 2874 1187 2921 *,
1222 2874 1362 2911 scilicet

292 2927 398 2974 quod
426 2937 590 2975 corpora
616 2925 801 2964 naturalia
827 2926 970 2963 habent
996 2927 1082 2963 loca
1101 2926 1361 2976 determinata,

293 2977 343 3015 ad
357 2990 456 3027 quae
470 2979 687 3016 naturaliter
700 2980 877 3016 ferantur.
894 2980 944 3016 Et
956 2979 1082 3028 primo
1098 2980 1261 3018 ostendit
1274 2993 1363 3030 pro-

292 3031 477 3080 positum3
507 3033 676 3070 secundo
698 3032 855 3070 destruit
877 3032 1101 3082 opinionem
1121 3034 1361 3082 contrariam,

293 3084 362 3120 ibi:
392 3084 466 3120 Sed
482 3085 606 3122 adhuc
632 3097 752 3134 neque
769 3086 818 3122 ab
837 3086 912 3123 alio
933 3087 953 3107 '¹‘
974 3093 1043 3123 etc.
1065 3085 1175 3123 Circa
1193 3087 1362 3135 primum

295 3137 373 3174 duo
401 3136 503 3174 facit:
533 3138 659 3186 primo
689 3138 852 3176 ostendit
886 3139 1128 3188 propositum
1156 3151 1224 3188 per
1251 3140 1363 3176 ratio-

2422 248 2471 296 69

1404 339 1494 364 nem
1522 329 1751 374 naturalem;
1781 330 1950 366 secundo
1973 340 2042 377 per
2060 328 2224 376 signum,
2244 327 2312 364 ibi:
2341 328 2469 378 Argu-

1404 386 1570 418 mentum
1598 387 1724 418 autem
1743 381 1763 402 '¹‘
1793 388 1861 418 etc.

1459 434 1570 471 Circa
1596 435 1765 483 primum
1785 434 1854 471 tria
1881 433 1978 470 facit.
1999 433 2129 470 Primo
2158 432 2338 482 proponit
2365 432 2470 481 quod

1404 486 1578 524 intendit:
1609 495 1645 524 et
1673 487 1761 524 dicit
1783 486 2027 524 manifestum
2056 498 2139 522 esse
2167 493 2247 522 tarn
2267 485 2287 506 ‘²
2317 497 2362 521 ex
2390 485 2469 522 aliis

1404 539 1613 577 rationibus
1631 552 1749 589 quam
1778 552 1824 577 ex
1842 539 2060 589 praemissis
2080 539 2155 585 (vel
2175 538 2289 575 etiam
2318 550 2364 574 ex
2391 537 2470 574 aliis

1404 592 1592 639 motibus)
1613 593 1717 642 quod
1737 601 1794 630 est
1812 593 1945 641 aliquis
1965 593 2070 629 locus
2091 590 2372 638 determinatus,
2393 603 2469 639 quo

1406 645 1623 682 naturaliter
1650 653 1749 683 terra
1768 646 1894 683 fertur.
1924 647 1973 682 Et
1996 644 2165 682 similiter
2193 644 2397 681 dicendum
2417 650 2472 680 est

1408 697 1455 734 de
1483 710 1583 746 aqua
1612 706 1648 735 et
1676 699 1722 735 de
1751 699 1920 747 quolibet
1948 698 2110 737 aliorum
2140 709 2357 746 corporum.

1462 751 1497 787 8.
1515 751 1694 787 Secundo
1710 751 1777 788 ibi:
1800 752 1960 789 Omnino
1975 751 2074 788 enim
2090 751 2192 800 quod
2204 755 2375 787 movetur
2387 756 2468 796 etc.,

1406 802 1515 851 ponit
1533 803 1736 840 rationem:
1759 804 1887 841 dicens
1907 804 2072 850 omnino,
2087 804 2185 841 idest
2197 802 2470 850 universaliter,

1406 856 1482 892 hoc
1520 867 1603 892 esse
1630 868 1767 893 verum
1786 864 1810 903 ⁴,
1846 857 1950 905 quod
1983 869 2099 894 omne
2133 856 2239 905 quod
2272 862 2470 902 movetur,

1406 915 1676 946 transmutatur
1696 921 1740 946 ex
1756 910 1924 958 quodam
1948 909 2196 947 determinato
2217 909 2256 946 in
2275 907 2472 957 quoddam

1408 961 1718 999 determinatum:
1749 962 1882 999 dicitur
1911 963 2012 999 enim
2041 962 2079 999 in
2108 962 2291 1011 IPhysic.
2320 961 2341 982 ’⁸
2369 960 2510 1009 quod

1407 1015 1538 1052 album
1558 1015 1601 1052 fit
1619 1027 1699 1052 non
1723 1027 1768 1051 ex
1787 1015 1955 1064 quolibet
1974 1028 2053 1052 non
2072 1015 2172 1063 albo,
2197 1014 2265 1052 sed
2286 1026 2331 1051 ex
2349 1013 2515 1062 nigr0.¹¹

1408 1068 1516 1104 Haec
1545 1075 1671 1105 autem
1695 1068 1785 1115 duo,
1806 1068 1944 1105 scilicet
1973 1081 2018 1105 ex
2047 1081 2123 1117 quo
2148 1075 2276 1105 motus
2302 1066 2475 1116 procedit

1408 1127 1446 1157 et
1463 1120 1502 1157 in
1523 1121 1629 1170 quod
1647 1121 1878 1168 terminatur,
1900 1121 2080 1158 differunt
2102 1121 2244 1170 specie:
2265 1127 2353 1157 sunt
2371 1119 2473 1156 enim

1409 1174 1616 1221 contraria,
1645 1182 1688 1211 ut
1722 1182 1826 1223 patet
1857 1174 1896 1211 in
1923 1175 1958 1211 V
1985 1175 2133 1223 Physic.
2164 1175 2201 1220 *3
2232 1173 2474 1211 contrarietas

1409 1233 1538 1263 autem
1567 1234 1623 1263 est
1651 1227 1860 1264 differentia
1880 1228 2091 1265 secundum
2119 1227 2294 1274 formam,
2314 1233 2357 1263 ut
2384 1225 2472 1263 dici-

1408 1279 1536 1326 turin
1562 1281 1598 1316 X
1626 1281 1843 1329 Metaphys.
1872 1282 1891 1302 '¹‘
1922 1281 2007 1317 Hoc
2041 1288 2170 1317 autem
2198 1279 2303 1328 quod
2332 1279 2511 1316 dictum

1409 1339 1491 1380 est,
1523 1333 1661 1382 probat
1697 1345 1767 1382 per
1802 1334 1878 1370 hoc
1911 1339 1944 1381 ¹,
1984 1333 2089 1382 quod
2125 1333 2250 1370 omnis
2286 1340 2474 1369 transmu-

1409 1385 1500 1422 tatio
1530 1394 1586 1423 est
1612 1386 1738 1433 finita,
1768 1393 1810 1423 ut
1836 1386 2018 1436 probatur
2045 1386 2085 1423 in
2111 1387 2163 1423 VI
2191 1385 2340 1434 Physic.
2372 1386 2408 1431 *‚
2440 1392 2476 1421 et

1410 1438 1526 1475 etiam
1544 1451 1614 1488 per
1633 1452 1679 1476 ea
1698 1452 1797 1490 quae
1817 1451 1932 1488 supra
1947 1441 1966 1461 ²¹²
1982 1440 2080 1477 dicta
2100 1446 2197 1486 sunt,
2213 1438 2351 1475 scilicet
2370 1437 2513 1486 quod

1410 1491 1501 1528 nihil
1530 1501 1709 1530 movetur
1741 1492 1789 1530 ad
1817 1492 1855 1530 id
1884 1492 1934 1529 ad
1954 1494 1974 1515 ’²²
1995 1492 2101 1541 quod
2132 1503 2211 1528 non
2238 1498 2363 1540 potest
2389 1502 2473 1540 per-

1409 1544 1558 1592 venire3
1579 1545 1670 1582 nihil
1690 1553 1819 1582 autem
1838 1553 1964 1594 potest
1977 1544 2177 1594 pervenire
2197 1545 2246 1581 ad
2265 1543 2473 1590 infinitum3

1410 1598 1514 1635 unde
1543 1606 1693 1647 oportet
1725 1611 1882 1635 omnem
1920 1598 2171 1635 mutationem
2205 1609 2286 1634 esse
2315 1596 2475 1634 finitam.

1412 1651 1452 1688 Si
1472 1659 1601 1688 autem
1620 1663 1700 1688 non
1720 1659 1818 1688 esset
1832 1651 1986 1700 aliquod
2001 1651 2294 1689 determinatum
2313 1649 2353 1686 in
2372 1649 2478 1698 quod

1411 1704 1530 1742 tendit
1557 1713 1697 1752 motus,
1719 1704 1898 1742 differens
1917 1704 2043 1753 specie
2071 1705 2119 1740 ab
2140 1716 2186 1740 eo
2207 1715 2230 1740 a
2249 1715 2326 1752 quo
2351 1709 2477 1739 motus

1412 1758 1566 1807 incipit,
1601 1765 1793 1807 oporteret
1829 1766 1979 1794 motum
2018 1770 2100 1794 esse
2133 1755 2343 1794 infinitum:
2377 1755 2478 1792 nulla

1413 1811 1516 1848 enim
1536 1811 1630 1848 ratio
1660 1818 1758 1848 esset
1777 1823 1894 1860 quare
1922 1818 2050 1848 motus
2070 1810 2189 1858 magis
2218 1809 2479 1846 terminaretur

1412 1864 1473 1901 hic
1502 1877 1619 1914 quam
1648 1864 1753 1911 alibi;
1783 1864 1851 1901 sed
1880 1864 2016 1901 eadem
2037 1863 2181 1900 ratione
2210 1874 2286 1911 qua
2313 1861 2479 1910 incoepit

1412 1918 1514 1955 illinc
1528 1918 1688 1965 moveri,
1705 1917 1886 1966 inciperet
1906 1916 2055 1954 moveri
2071 1924 2107 1953 et
2120 1916 2209 1953 hinc
2222 1914 2245 1952 λ.
2264 1914 2480 1952 Manifestat

1413 1971 1527 2008 etiam
1555 1983 1625 2020 per
1643 1971 1863 2020 exemplum
1883 1970 1988 2019 quod
2009 1970 2150 2007 dictum
2169 1976 2235 2006 est.
2257 1968 2350 2005 Illud
2379 1967 2480 2004 enim

1413 2024 1519 2073 quod
1547 2032 1716 2071 sanatur,
1746 2031 1924 2061 movetur
1952 2035 1997 2060 ex
2025 2022 2239 2060 infirmitate
2276 2021 2315 2058 in
2343 2021 2478 2058 sanita-

1413 2085 1509 2124 tem;
1530 2085 1568 2115 et
1585 2077 1676 2116 illud
1695 2078 1800 2126 quod
1819 2084 2083 2125 augmentatur
2094 2077 2126 2124 ²¹²,
2138 2082 2317 2112 movetur
2336 2086 2381 2110 ex
2395 2084 2518 2123 par-

1412 2131 1529 2168 vitate
1566 2130 1604 2168 in
1640 2130 1965 2178 magnitudinem:
2004 2136 2154 2179 oportet
2173 2130 2192 2150 *
2221 2128 2330 2176 igitur
2367 2127 2480 2163 etiam

1413 2184 1505 2221 illud
1525 2184 1630 2233 quod
1646 2185 1789 2232 fertur,
1809 2183 1905 2220 idest
1932 2184 2037 2232 quod
2065 2190 2243 2219 movetur
2269 2180 2481 2217 secundum

1414 2238 1555 2284 locum,
1571 2236 1721 2274 moveri
1735 2249 1758 2273 a
1772 2236 1942 2284 quodam
1963 2235 2212 2272 determinato
2228 2234 2267 2271 in
2281 2233 2480 2282 quoddam

1414 2290 1726 2335 determinatum;
1757 2296 1793 2326 et
1819 2290 1914 2326 haec
1942 2296 2029 2326 sunt
2056 2289 2162 2325 locus
2185 2289 2204 2309 *
2222 2288 2324 2324 unde
2352 2285 2480 2334 incipit

1414 2351 1554 2390 motus,
1571 2350 1607 2379 et
1625 2344 1732 2379 locus
1751 2354 1828 2390 quo
1848 2341 1976 2379 tendit.
1998 2342 2061 2379 Sic
2079 2341 2189 2389 igitur
2207 2347 2356 2390 oportet
2374 2339 2479 2388 quod

1414 2395 1540 2444 specie
1557 2395 1705 2433 differat
1723 2396 1829 2432 locus
1844 2395 1903 2431 a*
1922 2407 2000 2443 quo
2022 2394 2162 2443 aliquid
2181 2401 2360 2431 movetur
2377 2393 2477 2428 loca-

1413 2449 1505 2496 liter,
1527 2456 1564 2486 et
1582 2449 1621 2486 in
1639 2460 1755 2498 quem
1773 2447 2027 2485 *naturaliter
2046 2448 2176 2494 fertur3
2202 2447 2297 2483 sicut
2315 2445 2354 2482 id
2374 2444 2514 2493 quod

1415 2509 1568 2539 sanatur
1595 2514 1674 2538 non
1700 2501 1819 2538 tendit
1839 2501 1859 2522 ⁸
1886 2497 2119 2550 ubicumque
2148 2499 2341 2547 contingit,
2371 2497 2478 2546 quasi

1415 2567 1438 2592 a
1466 2567 1577 2602 casu,
1607 2566 1733 2602 neque
1763 2566 1807 2590 ex
1835 2555 1916 2590 sola
1947 2555 2141 2591 voluntate
2170 2552 2381 2599 moventis,
2411 2551 2479 2588 sed

1415 2608 1464 2645 ad
1492 2608 1634 2657 aliquid
1663 2607 1976 2655 determinatum,
2006 2607 2055 2644 ad
2083 2607 2188 2656 quod
2216 2613 2350 2643 natura
2372 2581 2479 2640 incli-

1416 2668 1536 2699 natur.
1559 2661 1621 2698 Sic
1649 2661 1759 2709 igitur
1787 2668 1823 2697 et
1842 2660 1936 2708 ignis
1966 2667 2002 2697 et
2028 2668 2127 2697 terra
2155 2667 2191 2696 et
2219 2659 2290 2695 alia
2319 2670 2480 2706 corpora

1416 2714 1600 2752 naturalia
1627 2726 1707 2751 non
1734 2714 1903 2750 feruntur
1926 2713 1975 2750 ad
2004 2714 2200 2761 infinitum,
2221 2712 2317 2749 idest
2345 2711 2393 2748 ad
2418 2710 2480 2747 ali-

1416 2768 1520 2818 quod
1558 2767 1914 2814 indeterminatum,
1945 2766 2040 2803 sicut
2066 2766 2193 2815 posuit
2220 2764 2479 2810 Democritus;

1417 2821 1486 2859 sed
1505 2820 1701 2858 feruntur
1693 2833 1731 2858 m
1751 2821 1835 2857 loca
1854 2819 2030 2869 opposita
2048 2819 2168 2857 locis
2159 2832 2197 2856 m
2222 2818 2358 2868 quibus
2376 2817 2480 2866 prius

1419 2882 1536 2912 erant.
1549 2873 1808 2911 Contrariatur
1822 2881 1949 2910 autem
1966 2885 2115 2910 sursum
2131 2872 2342 2909 secundum
2352 2873 2479 2908 locum

1419 2928 1454 2965 ei
1471 2927 1578 2977 quod
1607 2935 1662 2964 est
1681 2927 1874 2964 deorsum.
1896 2926 2072 2975 Sequitur
2092 2938 2180 2974 ergo
2205 2925 2310 2974 quod
2329 2935 2479 2961 sursum

1420 2988 1457 3018 et
1476 2981 1657 3019 deorsum
1677 2988 1764 3017 sunt
1782 2980 1931 3017 termini
1955 2980 2182 3017 naturalium
2202 2985 2376 3015 motuum
2397 2989 2477 3013 cor-

1418 3047 1560 3083 porum
1588 3033 1828 3083 simplicium.

1474 3100 1509 3135 9.
1540 3087 1671 3124 Tertio
1708 3087 1774 3123 ibi:
1813 3086 1997 3128 Quonzam
2035 3090 2159 3121 autem
2192 3089 2227 3119 et
2253 3083 2318 3132 qui
2343 3083 2380 3119 in
2409 3082 2480 3119 cir-

1420 3141 1520 3177 cuitu
1550 3148 1640 3187 etc.,
1672 3139 1832 3176 excludit
1865 3138 2056 3187 quandam
2095 3136 2375 3183 obviationem,
2405 3148 2481 3184 qua

349 3278 377 3311 η)
397 3278 424 3303 in
437 3277 528 3310 aliquo
541 3277 595 3302 alio
610 3277 719 3303 mundo.
730 3291 749 3297 —
762 3278 852 3311 aliquo
866 3287 920 3304 om.
933 3279 962 3304 P.
981 3280 1100 3312 Sequens
1113 3280 1309 3305 homoteleuton
1324 3282 1364 3306 vel

296 3315 352 3339 si
365 3314 392 3338 in
412 3314 462 3339 hoc
476 3313 575 3338 mundo
590 3321 643 3338 om.
657 3313 677 3337 P
692 3318 718 3338 et
732 3313 807 3338 codd.
821 3321 874 3338 exc.
887 3315 919 3345 A,
934 3315 1011 3344 male,
1023 3320 1052 3339 ut
1067 3320 1138 3348 patet
1150 3316 1237 3340 statim
1251 3324 1282 3341 ex
1293 3323 1363 3341 com-

292 3349 407 3382 paratio
422 3349 460 3373 ad
478 3351 620 3381 utrasque,·
639 3348 671 3373 cf.
686 3349 763 3373 etiam
780 3353 887 3374 textum.

351 3383 376 3417 Θ)
395 3384 468 3416 quod
490 3384 590 3409 scilicet
607 3384 643 3409 sit
692 3383 783 3408 omnia
804 3384 881 3409 levia.
893 3398 912 3403 —
925 3384 1025 3410 scilicet
1046 3393 1100 3410 om.
1114 3386 1188 3410 codd.
1203 3393 1257 3412 exc.
1270 3387 1306 3418 A;
1329 3387 1365 3411 sit

297 3427 351 3444 om.
366 3419 442 3444 codd.
457 3426 511 3444 exc.
525 3419 613 3450 AsG1;
633 3420 652 3443 P
671 3419 740 3443 hunc
758 3419 844 3443 locum
863 3419 985 3444 reformat
1003 3420 1051 3444 ita:
1075 3420 1174 3445 scilicet
1192 3422 1263 3453 quod
1282 3429 1363 3446 unum

299 3454 415 3479 medium
433 3454 471 3479 ad
488 3455 560 3486 quod
571 3455 703 3488 seruntur
720 3454 817 3487 gravia
835 3454 934 3487 aliqua,
947 3455 1078 3488 seruntur
1095 3456 1186 3481 omnia
1208 3457 1320 3489 gravia5
1339 3460 1366 3482 et

300 3497 383 3515 unum
397 3492 549 3514 extremum
563 3490 601 3514 ad
612 3490 684 3522 quod
692 3490 822 3523 feruntur
837 3489 913 3518 levia,
922 3490 1053 3523 seruntur
1065 3491 1155 3515 omnia
1168 3491 1237 3516 levia
1242 3500 1252 3522 ,·
1266 3492 1365 3516 clarum

300 3530 341 3550 est
350 3525 422 3557 quod
431 3524 495 3549 haec
505 3525 581 3549 lectio
590 3526 659 3550 idem
672 3525 780 3550 intendit
792 3533 821 3549 ac
835 3525 910 3549 lectio
920 3533 935 3549 a
945 3525 1019 3550 nobis
1029 3526 1156 3558 adoptata.
1167 3527 1214 3551 sed
1224 3527 1364 3559 quominus

302 3560 358 3592 ipsa
372 3560 510 3584 retineatur
524 3559 630 3592 impedit
643 3560 819 3593 grammatica.
831 3573 849 3580 -
858 3560 909 3584 Pro
924 3560 982 3590 Quo
998 3561 1130 3586 existente
1144 3568 1215 3590 vero,
1231 3562 1303 3594 quod
1316 3562 1363 3587 ha-

301 3595 365 3620 bent
377 3595 447 3626 AsD,
465 3595 524 3625 Quo
533 3595 665 3621 existente
679 3603 731 3621 non
746 3595 919 3628 BCpDEFG1;
934 3596 1003 3620 istud
1017 3603 1068 3621 non
1085 3602 1233 3629 expungunt
1241 3597 1365 3623 PsEFGI.

1473 3280 1492 3315 ι)
1504 3281 1592 3306 dicens
1605 3281 1719 3309 omnino,
1731 3280 1799 3304 idest
1815 3279 2008 3308 universaliter,
2020 3278 2068 3303 hoc
2077 3285 2132 3303 esse
2144 3277 2364 3302 verum-dicens
2374 3278 2481 3303 omnino

1419 3316 1468 3341 hoc
1487 3316 1672 3341 universaliter
1690 3322 1744 3340 esse
1763 3322 1853 3339 verum
1872 3314 1901 3338 P.

1473 3351 1498 3383 κ)
1517 3351 1588 3383 quod
1607 3351 1706 3375 dictum
1719 3353 1765 3378 est,
1777 3349 1877 3381 probat
1891 3356 1943 3380 per
1961 3349 2017 3374 hoc.
2031 3363 2050 3367 -
2063 3348 2135 3381 quod
2148 3348 2316 3380 praedictum
2333 3351 2373 3373 est
2382 3349 2481 3380 proba-

1420 3390 1465 3412 tur
1478 3394 1531 3418 per
1549 3387 1596 3411 hoc
1614 3387 1642 3415 P,
1662 3385 1783 3409 nimirum
1802 3392 1854 3408 non
1873 3384 1943 3416 quod
1962 3384 2109 3408 immediate
2129 3389 2193 3414 ante,
2214 3385 2260 3408 sed
2279 3384 2349 3416 quod
2368 3384 2394 3408 in
2412 3385 2481 3416 prin-

1420 3422 1485 3454 cipio
1499 3430 1570 3446 num.
1583 3422 1678 3445 dictum
1694 3426 1740 3448 est,
1756 3420 1852 3444 scilicet
1865 3428 1879 3442 α
1891 3419 1963 3451 quod
1975 3427 2054 3443 omne
2070 3419 2140 3451 quod
2156 3424 2281 3448 movetur,
2297 3424 2481 3444 transmutatur

1419 3465 1449 3482 ex
1469 3457 1583 3489 quodam
1598 3455 1765 3480 determinato
1778 3455 1804 3478 in
1818 3455 1950 3486 quoddam
1964 3454 2161 3478 determinatum
2174 3461 2201 3484 »;
2220 3455 2290 3479 unde
2308 3460 2358 3478 vox
2370 3455 2481 3487 praedi·-

1419 3496 1489 3517 ctum
1509 3493 1566 3516 loco
1586 3491 1685 3515 dictum
1703 3490 1803 3514 videtur
1822 3490 1905 3522 posita
1924 3489 2095 3522 explicationis
2114 3489 2202 3521 gratia.

1473 3526 1499 3561 λ)
1521 3526 1634 3557 incoepit
1648 3525 1720 3550 illinc
1734 3525 1842 3553 moveri,
1858 3525 1985 3556 inciperet
1999 3525 2100 3549 moveri
2112 3528 2138 3549 et
2151 3525 2220 3550 hinc.
2231 3539 2250 3543 -
2264 3525 2386 3557 Sequenti
2401 3525 2479 3549 modo

1421 3563 1481 3594 legit
1500 3562 1534 3586 P:
1554 3561 1667 3592 incoepit
1689 3560 1742 3585 illic
1761 3560 1869 3590 moveri,
1891 3560 1998 3592 incipiet
2017 3560 2117 3585 moveri
2135 3563 2161 3584 et
2177 3560 2245 3586 hinc.
2257 3574 2276 3579 -
2294 3560 2345 3585 Pro
2363 3560 2478 3592 Manife-

1420 3601 1482 3626 stat,
1501 3596 1675 3629 Manifestum
1691 3596 1781 3620 eadem
1800 3595 1830 3620 P.

2497 383 2506 393 ’
2521 382 2591 404 Num.
2607 388 2639 404 ιο.

2496 483 2507 494 ³
2522 474 2626 504 tam'om.
2637 483 2708 505 codd.

2498 515 2547 530 exc.
2561 516 2582 531 A.

2597 866 2606 882 ῐ

2500 959 2669 1008 s.Ci⁵i1.v1’eci¹.
2681 966 2710 1013 κζ

2500 1180 2598 1228 '‘Sca-111»,
2583 1185 2598 1207 ι,
2609 1185 2671 1201 num.
2681 1186 2710 1207 9:

2563 1186 2711 1233 h.lect.191,

2501 1239 2524 1254 n.
2540 1239 2566 1254 11.

2526 1285 2550 1308 S.
2560 1285 2606 1307 Th.
2620 1285 2674 1306 lect.
2683 1291 2711 1310 κς

2501 1312 2554 1334 Did.
2557 1312 2586 1334 lib
2590 1311 2637 1339 .‚1x
2639 1318 2659 1333 c.
2661 1317 2711 1333 vui.

2602 1348 2616 1364 κ

2501 1387 2677 1436 'SCaphxwlnq
2622 1386 2694 1414 6sqq
2697 1394 2710 1411 .;

2606 1417 2650 1435 eet.
2663 1419 2711 1434 iun.

2527 1449 2647 1476 Lect.x111‚
2660 1454 2683 1470 n.
2692 1455 2714 1476 9.

2502 1502 2513 1511 ¹
2528 1501 2561 1523 ad
2574 1507 2622 1523 om.
2638 1508 2659 1523 r.

2532 2086 2634 2112 augetur
2648 2090 2669 2105 ι’.

2509 2138 2518 2148 ·
2540 2139 2660 2165 oporteret
2680 2142 2718 2158 co-

2508 2164 2578 2185 dices.

2507 2294 2517 2304 ’
2532 2294 2583 2316 loca
2598 2300 2617 2316 p,

2504 2400 2516 2412 ⁴
2534 2400 2559 2421 in
2579 2406 2592 2421 Ρ
2607 2403 2629 2421 et
2648 2399 2716 2421 codd.

2504 2433 2532 2448 ex
2534 2433 2554 2448 c.
2564 2433 2593 2454 n,
2613 2430 2635 2448 et
2648 2433 2661 2447 A
2677 2427 2716 2453 qui

2504 2459 2552 2475 om.

2503 2479 2592 2507 quod
2605 2479 2674 2501 codd.

2505 2512 2513 2521 '¹
2529 2510 2629 2532 intendit
2641 2516 2662 2531 F.
