2782 4134
75 420 88 431 ⁴
104 418 167 440 Lect.
182 424 231 445 seq.

82 530 90 538 ·
106 528 220 549 dictorum
243 533 290 548 om.

79 561 102 576 r».

81 685 93 697 ⁴
107 685 177 707 Num.
192 691 204 706 2
219 691 254 713 sq.

81 791 90 799 ¹
106 789 203 811 debebat
215 789 265 811 Par.

180 838 192 863 0

322 291 398 326 244

320 357 544 403 Democriti;
566 356 735 394 secundo
756 356 977 405 opinionem
995 355 1173 402 Platonis,
1190 354 1257 391 ibi:
1278 354 1384 390 Idem

320 417 444 449 autem
472 412 543 447 hoc
570 410 739 447 accidere
759 412 776 428 ²⁴·
795 418 862 446 etc.

375 464 485 501 Circa
511 463 680 512 primum
709 463 785 499 duo
815 462 911 499 facit.
941 461 1071 498 Primo
1097 472 1142 496 ex
1167 459 1384 508 praemissis

322 516 510 554 concludit
524 515 827 552 insufficientiam
847 515 1034 551 dictorum
1047 515 1065 534 '³⁵
1077 512 1297 550 Democriti.
1311 513 1384 548 Po-

321 571 434 607 nebat
455 569 555 606 enim
578 581 737 617 corpora
753 567 1001 613 indivisibilia,
1018 578 1117 614 quae
1133 565 1282 602 dicebat
1302 577 1384 601 esse

320 622 518 673 principia,
540 634 692 670 semper
710 620 859 657 moveri
882 620 920 656 in
945 619 1065 668 spatio
1095 619 1242 655 infinito
1264 625 1299 655 et
1317 630 1384 655 va-

322 689 405 713 cuo.
437 676 643 712 Ostensum
672 681 727 710 est
747 674 766 694 *
787 680 913 709 autem
935 673 1040 721 quod
1060 683 1266 721 corporum
1294 671 1383 708 sim-

320 729 475 778 plicium
506 736 559 764 est
588 726 720 775 aliquis
752 725 929 762 naturalis
963 733 1108 766 motus:
1145 737 1234 772 ergo
1269 724 1382 761 debe-

321 784 412 819 bant
432 783 451 802 ⁸
472 780 720 818 determinare
749 790 824 827 qua
853 778 978 827 specie
1007 786 1135 815 motus
1163 778 1384 814 huiusmodi

322 847 482 883 corpora
510 840 724 878 moventur,
755 838 791 867 et
819 832 900 879 quis
929 839 984 868 est
1011 839 1138 868 motus
1166 829 1179 851 ⁰
1207 831 1383 867 naturalis

322 900 466 925 eorum.
494 887 593 922 Cum
617 893 744 921 autern
763 885 838 921 hoc
858 897 936 921 non
962 884 1306 931 determinaverint,
1327 884 1382 920 in-

321 940 549 978 sufficienter
575 944 793 987 posuerunt.

378 994 410 1030 5.
441 992 617 1029 Secundo
655 991 726 1027 ibi:
765 990 808 1026 Si
833 991 932 1027 enim
965 990 1070 1027 aliud
1104 991 1153 1027 ab
1185 990 1259 1026 alio
1290 997 1381 1036 etc.,

1010 278 1081 314 DE
1112 275 1287 313 CAELO
1317 276 1388 312 ET
1417 275 1612 312 MUNDO
1643 276 1737 313 LIB.
1768 277 1817 313 III

1439 354 1635 401 ponebant
1654 355 1853 402 elementa,
1870 361 2075 391 moveatur
2089 355 2109 375 *
2125 354 2173 391 ab
2189 354 2263 391 alio
2278 366 2348 403 per
2366 354 2511 394 violen-

1439 406 1543 443 tiam.
1560 427 1584 433 -
1607 407 1683 443 Sed
1702 408 1777 444 hoc
1797 407 1960 445 excludit
1980 407 2187 456 dupliciter.
2205 407 2335 444 Primo
2351 409 2510 456 quidem

1439 459 1539 507 quia,
1561 459 1591 495 si
1610 459 1764 507 ponitur
1787 469 1915 498 motus
1934 461 2136 507 violentus,
2157 473 2313 498 necesse
2334 469 2390 498 est
2404 463 2510 511 quod

1437 519 1602 560 ponatur
1620 519 1749 549 motus
1769 514 1981 551 secundum
1997 521 2184 561 naturam,
2201 521 2351 562 praeter
2362 515 2509 564 *quem

1439 572 1493 601 est
1509 573 1636 601 motus
1650 565 1852 613 violentus,
1869 575 1910 604 ut
1919 580 2034 616 supra
2051 569 2071 589 *
2085 568 2228 604 dictum
2245 575 2310 604 est.
2329 568 2508 605 Secundo

1438 618 1527 667 quia
1556 626 1706 666 oportet
1738 620 1844 668 quod
1876 621 2011 657 saltem
2038 621 2209 670 primum
2237 633 2402 658 movens
2430 633 2509 658 non

1438 679 1594 708 moveat
1621 684 1689 720 per
1716 672 1952 721 violentiam,
1982 675 2050 711 sed
2075 675 2289 711 secundum
2318 681 2506 711 naturam.

1439 724 1554 783 Quod
1577 724 1679 761 enim
1707 733 1842 762 movet
1868 739 1938 775 per
1963 727 2200 774 violentiam,
2229 728 2346 763 habet
2372 727 2509 775 princi-

1436 789 1542 826 pium
1573 790 1664 814 suae
1693 779 1873 815 motionis
1893 787 2017 827 extra,
2049 788 2084 817 et
2111 780 2162 817 ita
2187 793 2266 817 non
2286 788 2419 817 movet
2437 780 2509 817 nisi

1437 838 1599 866 motum.
1618 830 1658 867 Si
1673 843 1764 879 ergo
1784 844 1863 868 non
1876 840 2043 881 ponatur
2062 833 2218 883 aliquod
2233 833 2401 882 primum
2422 845 2509 870 mo-

1436 896 1531 920 vens
1556 884 1769 920 secundum
1790 893 1977 933 naturam,
1990 886 2057 923 sed
2073 899 2227 935 semper
2240 887 2426 924 moveat*
2439 898 2510 935 per

1436 936 1657 973 violentiam
1678 937 1783 985 prius
1798 945 1949 975 motum
1965 939 2014 975 ab
2030 939 2157 987 aliquo
2174 939 2261 987 alio,
2276 939 2508 989 procedetur

1436 990 1474 1026 in
1490 989 1680 1026 infinitum
1694 990 1733 1026 in
1747 991 2010 1037 moventibus;
2022 992 2126 1040 quod
2138 1000 2194 1029 est
2207 992 2455 1042 impossibile⁷
2466 999 2509 1029 ut

319 1046 426 1095 ponit
454 1045 645 1093 quandam
676 1043 978 1080 excusationem:
1009 1043 1098 1092 quia
1117 1043 1187 1091 ipsi
1208 1042 1384 1080 dicebant
1436 1043 1643 1091 probatum
1655 1050 1710 1079 est
1725 1043 1763 1079 in
1773 1044 1860 1080 VIII
1871 1045 2020 1092 Physic.
2032 1045 2051 1066 *
2063 1046 2112 1081 Et
2126 1045 2176 1082 ita
2190 1058 2269 1082 non
2281 1053 2508 1096 excusantur

320 1099 423 1146 quod
438 1110 557 1135 unum
573 1098 733 1134 istorum
749 1109 955 1146 corporum
973 1096 1270 1143 indivisibilium,
1285 1108 1383 1145 quae

371 1251 395 1285 θ)
415 1259 528 1284 corpora
547 1254 697 1281 moventur,
717 1255 743 1276 et
761 1251 820 1284 quis
838 1254 877 1276 est
895 1255 991 1276 motus.
1010 1265 1029 1270 —
1048 1257 1163 1283 corpora
1183 1254 1340 1276 moveantur
1358 1254 1384 1275 et

318 1288 363 1322 qui
381 1291 420 1313 est
438 1291 524 1313 motus
542 1287 570 1312 P.
589 1301 607 1306 —
625 1287 706 1312 Linea
724 1287 842 1320 sequenti
862 1294 908 1319 pro
931 1287 995 1312 Cum
1015 1290 1105 1312 autem
1124 1287 1173 1312 hoc
1192 1294 1244 1311 non
1260 1286 1384 1311 determi-

1437 1095 1529 1144 quin
1549 1096 1758 1144 oportuerit
1777 1109 1844 1133 eos
1863 1097 2054 1145 assignare
2074 1105 2225 1135 motum
2244 1099 2471 1136 naturalem.

1438 1251 1575 1280 naverint,
1597 1251 1679 1281 Quem
1697 1259 1757 1276 cum
1777 1251 2022 1277 determinaverunt
2039 1252 2077 1283 A,
2099 1252 2178 1283 Quod
2194 1260 2254 1278 cum
2273 1260 2327 1278 non
2345 1252 2507 1278 determina-

1439 1286 1526 1311 verint
1545 1287 1628 1311 ceteri.

2538 367 2548 379 ⁸¹
2554 369 2675 389 moventur
2681 367 2752 390 codd.

2536 526 2547 537 ⁸
2557 527 2660 554 propter
2673 532 2695 548 P.

2536 579 2545 588 ·
2560 578 2631 600 Num.
2646 584 2668 600 2.

2532 899 2544 911 ⁸
2558 901 2636 922 mouet
2648 899 2718 922 codd.

2534 1059 2747 1114 ὲῗῆριὶἷίἓειῗῖἓῒ

2534 1118 2557 1134 n.
2571 1119 2588 1139 4
2602 1118 2638 1141 sq.
