2690 4062
1059 281 1171 317 CAP.
1202 281 1271 327 IX,
1301 281 1453 318 LECT.
1483 282 1571 318 XllI

460 370 467 378 -’
488 359 611 393 stendit
664 370 725 392 uae
755 360 820 392 sint
842 360 860 380 *
883 358 1026 391 ustibilia
1056 367 1089 391 et
1121 369 1203 402 quae
1231 369 1299 390 non

431 435 437 443 ,
487 403 640 437 ustibilia.
688 412 701 436 t
725 403 803 437 dicit
820 403 910 448 quod
956 402 1095 435 uaedam
1120 413 1298 446 corporum

430 488 435 492 Α
470 448 738 492 coagulatorum
761 456 838 481 sunt
853 446 950 480 ustibi
966 448 1004 487 ia,
1022 447 1106 479 sicut
1121 446 1249 490 lignum
1267 455 1299 479 et

406 496 408 498 ’
457 513 462 525 s
486 504 578 532 ossa,
605 492 767 537 quaedam
789 503 870 525 vero
894 500 972 524 sunt
995 490 1189 531 inustibilia,
1214 491 1299 523 sicut

419 557 424 561 ·
484 537 610 582 lapides
624 546 656 570 et
668 536 799 580 glacies.
815 535 969 569 Ustibilia
985 544 1094 568 autem
1110 544 1187 568 sunt
1200 546 1297 579 quae-

221 591 366 624 cumque
390 580 512 615 habent
536 593 637 626 poros
662 581 868 625 susceptivos
893 580 989 623 ignis,
1014 588 1046 612 et
1066 578 1295 612 humiditatem

222 624 443 668 superabilem
460 626 499 659 ab
517 627 602 670 igne.
617 625 715 659 Talia
734 634 846 667 autem
863 630 940 657 sunt
957 635 1040 668 quae
1057 623 1178 656 habent
1193 635 1294 667 poros

221 667 340 746 plenos
357 668 554 713 humiditate
571 682 664 704 aerea
680 669 764 703 bene
781 668 935 713 passibili.
953 669 1039 701 Dico
1060 667 1151 712 quod
1175 667 1296 700 debent

245 712 341 746 abere
365 725 482 758 poros:
509 716 586 759 quia
610 715 752 748 carentia
775 714 866 758 poris
890 724 958 745 non
982 721 1059 744 sunt
1083 711 1235 751 ustibilia,
1260 721 1295 744 ut

220 756 352 801 glacies,
362 770 446 803 quae
483 768 596 804 ropter
609 758 774 792 defectum
786 758 940 791 siccitatis
953 765 1040 790 caret
1052 757 1153 800 poris.
1164 755 1295 798 Debent

221 802 320 835 etiam
337 814 408 835 esse
432 815 453 848 p
469 804 522 837 eni
546 802 742 836 humiditate
759 814 862 843 aerea,
883 802 959 846 quia
979 812 1034 834 aer
1049 808 1098 834 est
1114 801 1293 833 nutrimen-

220 854 292 879 tum
316 846 420 898 ignis:
446 856 479 880 et
501 855 639 892 propter
662 847 727 881 hoc
751 847 886 887 ebenus,
903 846 959 891 qui
977 846 1061 878 inter
1078 845 1189 877 omnia
1205 843 1294 888 ligna

220 896 270 924 es‘t
293 902 404 925 minus
429 902 543 925 aereus
559 900 592 924 et
607 893 712 936 magis
736 892 896 925 terrestris
919 890 1027 936 (quod
1048 889 1193 922 ostendit
1212 901 1293 933 pon-

222 934 284 968 dus
301 943 335 968 et
357 935 495 980 nigredo
520 936 618 981 eius),
639 948 708 969 non
732 945 782 970 est
804 935 953 969 ustibilis.
971 933 1079 968 Debet
1102 934 1201 967 etiam
1220 933 1292 966 talis

218 978 399 1014 humiditas
416 991 488 1014 esse
504 980 587 1014 bene
603 981 779 1025 passibilis:
822 981 877 1013 uia
893 979 1045 1013 habentia
1062 977 1292 1011 humiditatem

218 1034 370 1068 grossam
393 1033 426 1058 et
449 1024 682 1065 fortem‚-non
706 1034 784 1058 sunt
829 1037 890 1058 ene
913 1023 1072 1064 ustibilia,
1097 1023 1182 1055 sicut
1205 1022 1292 1066 ligna

218 1067 363 1102 multum
385 1069 511 1103 viridia.
538 1070 774 1104 Universaliter
805 1070 903 1103 etiam
928 1069 1069 1102 carentia
1097 1066 1292 1100 humiditate

217 1123 312 1146 aerea
332 1124 402 1147 non
421 1123 499 1147 sunt
521 1114 676 1156 ustibilia,
691 1116 775 1148 sicut
798 1113 934 1159 lapide3‚
951 1114 1028 1158 quia
1051 1111 1123 1145 talis
1147 1111 1291 1144 humidi-

217 1165 267 1191 tas
291 1166 341 1191 est
363 1159 499 1192 materia
522 1160 673 1193 ustionis.

274 1211 306 1236 2·
322 1202 454 1243 Deinde
477 1214 554 1237 cum
579 1203 673 1237 dicit:
696 1203 896 1238 Exhalabilia
920 1208 1020 1236 autem
1043 1209 1120 1240 etc.‚
1141 1199 1292 1233 determi-

217 1243 346 1280 ηαῖἶε
376 1247 612 1281 exhalabilibus
643 1257 675 1282 et
702 1247 946 1293 vaporabilibus
978 1245 1086 1279 simul.
1114 1244 1166 1277 Ad
1198 1245 1292 1277 cuius

217 1290 418 1325 evidentiam
435 1292 607 1326 sciendum
622 1302 682 1334 est,
700 1292 791 1338 quod
815 1292 908 1326 aliter
923 1291 1055 1324 locutus
1076 1298 1125 1322 est
1141 1289 1292 1332 superius

182 1359 186 1363 ·
217 1334 259 1370 de
282 1335 489 1370 exhalatione
513 1346 545 1370 et
568 1349 607 1371 va
634 1349 702 1378 ore,
717 1346 751 1371 et
773 1337 866 1370 aliter
881 1337 915 1369 in
939 1337 1003 1368 isto
1026 1334 1114 1367 loco.
1130 1333 1219 1367 Nam
1236 1345 1291 1366 su-

216 1381 330 1430 perius
346 1380 428 1415 dixit
449 1381 540 1426 quod
564 1393 582 1416 e
629 1382 728 1416 alatio
749 1391 798 1415 est
821 1380 1007 1425 segregatio
1024 1379 1110 1412 sicca
1127 1386 1159 1410 et
1178 1377 1291 1418 calida,

217 1425 288 1458 sive
311 1435 539 1470 segregaretur
562 1438 583 1460 a*
605 1426 712 1460 calido
741 1427 852 1460 ustivo
881 1426 950 1458 sive
974 1423 1014 1456 ab
1043 1422 1125 1456 alio:
1155 1430 1188 1455 et
1211 1421 1291 1455 haec

217 1477 268 1503 est
282 1470 485 1515 principium
500 1471 608 1512 venti;
625 1482 731 1516 vapor
747 1479 856 1503 autem
874 1478 924 1502 est
940 1467 1124 1512 segregatio
1144 1466 1290 1507 humida,

216 1519 258 1548 ἐτ’
273 1513 347 1548 talis
372 1523 422 1548 est
452 1516 654 1560 principium
678 1515 821 1560 pluviae.
853 1514 918 1547 Hic
949 1521 1060 1546 autem
1091 1511 1169 1545 dicit
1200 1510 1291 1556 quod

216 1557 410 1593 exhalabilia
434 1569 522 1601 sunt,
543 1572 627 1605 quae
651 1559 773 1593 habent
795 1558 1027 1592 humiditatem
1043 1567 1112 1589 non
1135 1567 1290 1600 evapora-

215 1601 322 1637 bilem
340 1613 358 1636 a
382 1603 489 1638 calido
506 1606 617 1638 ustivo
641 1605 753 1649 posito
771 1603 832 1637 sub
856 1604 920 1644 eis,
945 1603 1022 1647 quia
1041 1601 1124 1640 talia,
1136 1600 1292 1634 dicuntur

141 1679 147 1689 ‚
183 1676 187 1678 μ
214 1647 435 1692 vaporabiliat
460 1648 518 1683 sed
542 1649 655 1694 p'otius
685 1647 878 1682 exhalabilia
902 1647 1079 1685 dicuntur,
1103 1657 1187 1696 qunae
1211 1656 1289 1689 pro-

215 1703 311 1727 cessu
334 1693 496 1738 temporis
511 1693 670 1738 paulatim
695 1701 910 1737 segregantur
925 1693 958 1724 in
982 1702 1101 1730 aerem,
1126 1698 1212 1722 sicut
1235 1701 1289 1734 ap-

238 1746 308 1771 aret
337 1737 373 1770 in
403 1739 514 1782 pomis
545 1739 707 1783 antiquis,
739 1739 774 1771 in
805 1736 924 1782 quibus
948 1744 1098 1780 separato
1130 1734 1289 1778 paulatim

262 1781 357 1816 mido
379 1792 496 1823 aereo,
525 1783 597 1828 ipsa
619 1792 792 1816 remanent
815 1783 900 1815 sicca
929 1779 1155 1813 contrahentia
1178 1790 1287 1822 rugas.

208 1825 341 1871 ,Vapor‘
354 1835 466 1860 autem
482 1835 531 1860 est
554 1828 739 1872 segregatio
755 1826 839 1860 facta
858 1827 978 1859 virtute
1003 1823 1098 1857 calidi
1117 1824 1231 1856 ustivi:
1257 1832 1289 1856 et

214 1870 292 1905 ideo
314 1882 420 1916 vapor
434 1871 604 1905 humectat
626 1871 816 1916 vaporabile
833 1873 968 1916 propter
991 1868 1222 1902 humiditatem
1239 1879 1288 1901 se-

214 1924 384 1960 gregatam
407 1915 498 1957 foris,
516 1925 549 1950 et
572 1916 698 1950 colorat
714 1917 823 1961 ipsum
847 1916 974 1949 ratione
999 1912 1094 1946 calidi
1118 1913 1233 1953 ustivi;
1258 1921 1290 1945 et

214 1969 265 1994 est
286 1961 489 2013 principium
512 1962 655 2007 spiritus,
677 1961 762 1995 idest
784 1961 886 2001 venti,
903 1960 930 1992 si
955 1959 997 1992 sit
1019 1969 1124 2002 vapor
1148 1958 1216 1990 sive
1241 1968 1289 1990 se-

213 2006 363 2050 gregatio
380 2017 466 2039 Slcca
490 2006 732 2050 praedominio.
751 2005 815 2039 Sed
840 2003 1003 2038 exhalatio
1023 2014 1092 2036 non
1115 2000 1289 2035 madefacit

213 2060 324 2095 neque
347 2049 475 2084 colorat
497 2050 869 2095 sensibiliter‚.propter
893 2049 1091 2093 paucitatem
1116 2055 1150 2080 et
1173 2045 1288 2080 debili-

213 2102 317 2129 tatem
339 2095 409 2135 sui,
433 2106 542 2140 neque
566 2096 665 2129 etiam
689 2104 739 2128 est
753 2094 954 2139 principium
978 2093 1078 2126 venti.
1096 2090 1216 2125 Differt
1232 2102 1288 2123 au-

213 2147 282 2174 tem
305 2139 379 2173 talis
411 2141 596 2184 segregatio
625 2141 659 2173 in
689 2139 843 2179 diversis3
868 2139 945 2183 quia
978 2138 1012 2170 in
1043 2136 1160 2180 lignis,
1182 2145 1215 2168 et
1238 2135 1288 2168 his

212 2183 387 2225 similibus,
407 2185 492 2218 sicut
515 2193 594 2217 sunt
617 2184 675 2229 pili
700 2193 733 2217 et
756 2195 880 2217 cornua
905 2191 938 2216 et
952 2182 1025 2222 alia,
1045 2192 1130 2226 quae
1153 2189 1230 2213 sunt
1247 2181 1288 2212 si-

212 2227 336 2262 militer
350 2229 456 2273 spissa
479 2237 512 2262 et
535 2228 714 2270 fumabilia,
734 2237 872 2262 vocatur
896 2226 1025 2267 fumus;
1050 2226 1127 2271 quia
1151 2236 1220 2258 non
1240 2234 1289 2258 est

212 2273 407 2319 impositum
431 2285 556 2307 nomen
580 2273 700 2307 talibus
724 2273 860 2307 diversis
885 2269 1179 2316 segregationibuS,
1203 2269 1288 2302 sicut

212 2316 342 2352 dicebat
366 2317 597 2363 Empedocles,
616 2317 694 2352 licet
710 2317 894 2351 secundum
918 2328 989 2349 rem
1005 2315 1088 2348 alius
1113 2315 1155 2347 sit
1175 2313 1287 2346 fumus

211 2361 380 2407 lignorum
412 2372 444 2396 et
473 2374 647 2396 cornuum.
675 2364 714 2397 In
746 2361 926 2408 pinguibus
950 2369 1061 2394 autem
1085 2367 1223 2392 vocatur
1253 2359 1287 2391 in

211 2418 332 2486 graeco
358 2408 482 2453 lignys,
501 2409 535 2443 in
566 2408 740 2441 unctuosis
771 2415 882 2440 autem
913 2405 1032 2439 dicitur
1064 2404 1160 2437 knisa.
1183 2403 1225 2436 Et
1249 2415 1288 2436 ex

235 2462 278 2486 oc
294 2452 407 2486 oleum
423 2461 474 2486 est
489 2452 681 2492 exhalabile,
697 2453 774 2497 quia
791 2460 841 2485 est
857 2459 1074 2489 unctuosum3
1091 2460 1160 2481 non
1175 2456 1286 2480 tamen

211 2505 263 2531 est
276 2497 478 2541 vaporabile,
495 2498 572 2542 quia
588 2497 659 2530 eius
683 2496 863 2530 humiditas
879 2506 948 2528 non
965 2494 1140 2539 permittit:
1159 2501 1191 2525 et
1210 2491 1286 2525 ideo

211 2540 324 2576 elixati
346 2553 417 2575 non
465 2550 569 2582 otest,
618 2542 672 2574 uia
697 2541 813 2574 elixata
841 2548 1031 2584 evaporant.
1055 2539 1152 2582 Aqua
1176 2545 1286 2570 autem

211 2594 263 2620 est
277 2596 318 2620 va
344 2586 434 2620 orabi
450 2587 477 2620 's
494 2599 512 2620 a
532 2553 638 2620 calido
658 2595 795 2631 propter
814 2583 1060 2618 humiditatem:
1084 2594 1154 2615 non
1176 2591 1286 2614 tamen
1328 2617 1330 2619 ,

211 2639 264 2664 est
351 2630 487 2672 alabilis,
504 2632 582 2676 quia
606 2640 694 2664 caret
717 2631 872 2667 siccitate,
895 2640 979 2673 quae
1004 2636 1054 2661 est
1075 2627 1211 2660 materia
1234 2638 1287 2659 ex-

211 2674 388 2710 halationis
404 2676 510 2709 siccae
529 2684 562 2708 et
578 2675 710 2708 calidae.
734 2673 849 2708 Simile
866 2682 916 2707 est
931 2674 1029 2706 etiam
1047 2672 1086 2706 de
1102 2672 1182 2704 vino
1199 2670 1286 2704 dulci

212 2720 304 2773 quod
327 2729 379 2754 est
401 2721 526 2765 pingue
545 2729 579 2753 et
601 2731 769 2764 grossum,
787 2718 878 2763 quod
902 2718 1025 2762 patitur
1044 2716 1286 2750 exhalationem

211 2773 297 2799 sicut
321 2765 451 2799 oleum:
474 2776 551 2798 nam
580 2766 666 2798 sicut
689 2763 801 2797 oleum
826 2774 896 2796 non
920 2761 1113 2805 coagulatur
1136 2772 1154 2794 a
1179 2759 1285 2793 calido

210 2821 320 2856 neque
337 2822 355 2844 a
370 2809 503 2854 frigido,
519 2810 724 2852 ingrossatur
738 2817 850 2841 tamen
866 2807 905 2840 ab
921 2815 1074 2851 utroque,
1088 2806 1134 2838 sic
1151 2814 1183 2838 et
1198 2804 1286 2837 istud

209 2856 338 2889 vinum.
359 2857 400 2888 Et
416 2855 444 2887 si
467 2854 611 2899 figantur
627 2853 743 2887 calami
758 2853 850 2897 parvi
867 2852 901 2884 in
923 2852 1008 2895 ipso,
1028 2850 1284 2883 inflammantur.

210 2900 254 2934 Et
276 2901 303 2933 si
327 2898 535 2939 sublimetur,
551 2908 585 2932 et
601 2898 836 2943 permisceatur
857 2908 933 2930 cum
981 2895 1093 2928 uivere
1117 2893 1285 2939 sulphuris

209 2953 244 2978 et
266 2944 345 2985 sale,
368 2952 512 2989 praestat
534 2943 721 2977 fomentum
745 2942 898 2975 flammae
922 2953 960 2974 su
986 2940 1048 2973 tili:
1077 2940 1154 2984 quia
1177 2950 1195 2971 a
1218 2939 1284 2972 sul-

233 2988 316 3023 hure
340 2997 480 3033 augetur
502 2989 537 3021 in
556 3000 597 3022 eo
621 2987 837 3027 unctuositas‚
855 2998 873 3019 a
897 2985 963 3019 sale
983 2994 1122 3029 augetur
1145 2984 1282 3016 siccitas.

238 3042 252 3067 t
275 3033 351 3068 ideo
375 3042 426 3067 est
443 3034 560 3067 vinum
585 3033 658 3066 solo
683 3032 838 3072 nomine,
862 3031 938 3076 quia
961 3030 1030 3063 vini
1055 3029 1283 3073 operationem

207 3089 279 3112 non
302 3078 411 3120 habet,
429 3090 513 3123 quae
538 3086 588 3111 est
611 3076 786 3111 inebriare:
811 3087 851 3109 eo
876 3074 968 3120 quod
990 3085 1060 3108 non
1084 3082 1194 3118 potest
1213 3085 1291 3106 eva--

2284 298 2374 323 CXXX
2380 299 2413 323 IX

1354 371 1479 403 porare.
1505 362 1585 395 Non
1618 370 1667 395 est
1690 370 1800 395 autem
1825 361 2072 406 intelligendum
2101 363 2190 407 quod
2209 371 2339 408 tempus
2360 366 2412 406 sit,

1354 404 1434 438 illud
1459 406 1549 450 quod
1573 418 1631 450 per
1653 418 1687 439 se
1706 406 1783 439 facit
1799 407 1867 439 sive
1890 415 2037 450 segregat
2061 406 2312 441 exhalationem:
2358 410 2412 442 uia

1354 457 1483 493 tempus
1497 450 1618 483 nullius
1632 451 1770 483 actionis
1786 459 1896 494 potest
1908 462 1978 483 esse
1993 462 2050 494 per
2065 462 2098 483 se
2116 462 2222 492 causa,
2233 452 2289 485 sed
2302 464 2340 485 so
2354 465 2411 486 um

1353 502 1402 526 est
1424 506 1483 538 per
1507 506 1541 528 se
1565 506 1719 528 mensura
1735 494 1916 540 aliquarum
1942 496 2119 528 actionum.
2138 496 2332 539 Segregatur
2356 509 2410 530 au-

1352 546 1419 570 tem
1442 538 1514 572 talis
1538 538 1699 572 exhalatio
1721 539 1775 572 vel
1798 551 1816 572 a
1838 539 1998 572 caliditate
2022 540 2205 580 intrinseca,
2220 540 2272 573 vel
2296 553 2313 573 a
2338 541 2411 574 cali-

1352 582 1450 615 ditate
1475 583 1565 624 solis,
1585 585 1653 616 sive
1670 585 1879 623 continentis,
1895 595 1964 616 non
1984 584 2048 616 cito
2066 592 2098 616 et
2114 585 2147 616 in
2163 595 2280 627 magna
2304 585 2411 618 multi-

1350 626 1463 660 tudine
1488 628 1572 660 sicut
1595 640 1708 672 vapor,
1734 628 1791 661 sed
1814 628 1971 672 paulatim
1999 637 2031 660 et
2055 629 2147 672 quasi
2172 628 2409 662 insensibiliter.

1350 670 1392 703 Et
1408 671 1482 704 ideo
1507 672 1625 705 dicitur
1639 672 1710 705 fieri
1730 685 1748 706 a
1763 682 1924 716 tempore,
1941 672 2018 716 quia
2033 683 2101 705 non
2117 672 2153 705 fit
2175 673 2238 705 nisi
2255 673 2288 705 in
2305 673 2410 706 multo

1350 724 1382 747 et
1405 715 1507 758 longo
1531 725 1689 760 tempore.

1406 770 1434 802 3.
1451 760 1580 793 Deinde
1596 772 1671 793 curn
1688 760 1784 794 dicit:
1805 761 1946 794 Ustibilia
1960 767 2059 794 autem
2079 769 2151 800 etc.‚
2169 760 2311 794 ostendit
2349 773 2410 794 uae

1350 812 1427 836 sunt
1450 803 1703 845 inflammabilia,
1720 814 1752 838 et
1776 817 1859 850 quae
1883 816 1960 838 non.
1979 805 2044 839 Sed
2069 805 2144 849 quia
2168 804 2334 838 inflamma
2358 805 2411 838 ilia

1349 856 1427 880 sunt
1450 848 1610 892 quaedam
1625 851 1642 870 *
1663 860 1736 893 pars
1765 849 1960 890 ustibilium,
1991 858 2028 882 ut
2051 848 2168 882 melius
2193 858 2411 893 cognoscatur

1349 903 1432 936 quae
1457 893 1522 925 sint
1541 892 1794 934 inflammabilia,
1809 894 1929 927 iterum
1943 905 1976 926 re
2003 894 2060 926 etit
2075 893 2135 926 sub
2155 893 2310 926 brevitate
2328 906 2410 939 quae

1348 937 1412 969 sint
1425 936 1576 970 ustibilia.
1594 937 1635 970 Et
1648 937 1725 970 dicit
1741 938 1830 982 quod
1842 938 1917 971 talia
1929 905 2080 971 videntur
2095 949 2166 970 esse
2184 949 2411 983 quaecumque

1372 990 1489 1014 ossunt
1512 981 1631 1014 resolvi
1649 982 1681 1014 in
1706 983 1865 1015 cinerem:
1890 981 2080 1016 huiusmodi
2097 991 2207 1015 autem
2230 991 2306 1015 sunt
2350 995 2410 1016 uae

1361 1034 1480 1058 uerunt
1503 1026 1674 1070 coagulata
1698 1038 1715 1059 a
1739 1026 1812 1059 solo
1837 1026 1952 1067 calido,
1968 1026 2020 1059 vel
2044 1026 2082 1059 ab
2106 1035 2263 1070 utroque,
2288 1028 2332 1059 sci
2348 1028 2411 1060 icet

1348 1081 1365 1102 a
1390 1069 1496 1103 calido
1527 1079 1560 1104 et
1582 1070 1719 1114 frigido,
1742 1072 1775 1103 in
1799 1070 1918 1115 quibus
1949 1070 2091 1104 abundat
2118 1071 2245 1103 siccitas
2277 1080 2410 1115 propter

1349 1114 1545 1148 caliditatem
1560 1127 1644 1160 quae
1668 1116 1701 1148 in
1726 1115 1953 1159 coagulatione
1969 1126 2144 1159 evaporare
2169 1114 2243 1148 fecit
2267 1115 2409 1149 humidi-

1347 1167 1458 1191 tatem.
1475 1159 1555 1192 Non
1579 1168 1688 1192 autem
1708 1168 1784 1192 sunt
1807 1159 2055 1192 inflammabiles
2069 1159 2203 1203 lapides,
2221 1168 2252 1192 et
2267 1161 2409 1193 maxime

1346 1202 1429 1247 lapis
1461 1203 1678 1237 carbunculus
1710 1205 1766 1248 qui
1796 1213 1933 1236 vocatur
1963 1203 2107 1247 sigillum
2137 1202 2284 1247 lapidum
2311 1203 2410 1248 (licet

1346 1248 1495 1280 videatur
1519 1248 1629 1281 ardere
1646 1257 1780 1292 propter
1796 1247 1956 1291 fulgorem
1974 1259 2051 1281 suae
2067 1248 2176 1292 lucis),
2193 1249 2268 1292 quia
2284 1249 2318 1281 in
2334 1249 2408 1292 ipso

1347 1301 1396 1324 est
1419 1292 1547 1326 fortiter
1577 1293 1794 1325 commixtum
1818 1292 1990 1326 humidum
2023 1304 2098 1325 cum
2122 1293 2229 1332 sicco,
2251 1293 2294 1325 ita
2318 1292 2409 1337 quod

1346 1347 1415 1369 non
1439 1346 1548 1380 potest
1571 1337 1691 1370 resolvi
1716 1338 1749 1370 in
1773 1338 1925 1370 cinerem.
1959 1336 2023 1370 Sed
2046 1336 2227 1369 ustibilium
2248 1336 2408 1381 quaedam

1347 1389 1423 1413 sunt
1440 1380 1684 1414 inflammabilia
1700 1390 1732 1414 et
1756 1381 1916 1425 quaedam
1932 1392 2017 1413 non:
2035 1381 2146 1413 omnia
2165 1382 2253 1414 enim
2270 1392 2408 1425 corpora

1347 1426 1537 1458 communia
1554 1434 1657 1458 terrae
1672 1434 1704 1458 et
1723 1437 1740 1458 a
1765 1437 1837 1466 uae,
1855 1436 1937 1469 quae
1961 1437 2029 1458 non
2053 1425 2174 1458 habent
2189 1424 2326 1458 multam
2350 1425 2409 1458 hu-

1347 1469 1528 1503 miditatem
1548 1481 1687 1514 aqueam
1707 1437 1764 1502 sed
1781 1481 1918 1510 aeream,
1932 1478 1964 1502 et
1980 1478 2054 1502 sunt
2070 1469 2272 1510 exhalabilia,
2283 1469 2408 1502 inflam—

1346 1523 1492 1555 mantur3
1515 1525 1591 1547 nam
1617 1514 1692 1547 talia
1716 1513 1906 1547 exhalabilia
1929 1513 2079 1546 exhalant
2106 1513 2250 1554 fumum,
2298 1514 2333 1546 ui
2357 1525 2407 1546 ac-

1347 1570 1464 1591 census
1488 1558 1606 1592 dicitur
1629 1558 1770 1592 flamma.
1796 1559 1940 1592 Istorum
1964 1567 2073 1591 autem
2097 1557 2257 1602 quaedam
2298 1559 2408 1591 aciunt

1345 1614 1405 1680 ger
1420 1615 1454 1636 se
1474 1602 1652 1641 flammam,
1670 1604 1754 1635 sicut
1773 1602 1871 1646 ligna,
1889 1614 1971 1647 quae
1995 1601 2114 1635 habent
2137 1603 2315 1635 siccitatem
2339 1602 2406 1635 suf-

1369 1648 1510 1680 cientem
1542 1656 1574 1680 et
1604 1647 1756 1680 exhalant
1779 1646 1917 1680 fumum.
1946 1646 2066 1690 Aliqua
2089 1658 2167 1679 vero
2194 1658 2251 1690 per
2277 1658 2311 1680 se
2335 1647 2406 1691 qui-

1346 1691 1421 1725 dem
1441 1703 1509 1725 non
1525 1694 1542 1713 '⁸‘
1558 1691 1682 1725 faciunt
1704 1691 1871 1724 flammam
1883 1717 1892 1731 ,
1915 1690 1972 1724 sed
1996 1692 2144 1734 apposita
2160 1691 2254 1724 siccis
2273 1690 2407 1732 faciunt,

1345 1737 1430 1769 sicut
1454 1736 1581 1776 oleum,
1598 1737 1653 1781 pix
1677 1745 1709 1769 et
1732 1735 1939 1769 huiusmodi:
1962 1744 1994 1768 et
2016 1736 2099 1768 ratio
2119 1735 2216 1768 huius
2241 1744 2307 1775 est,
2331 1736 2408 1779 quia

1345 1780 1419 1814 talia
1436 1790 1609 1820 unctuosa,
1629 1781 1704 1813 licet
1722 1780 1863 1813 habeant
1878 1779 2106 1812 humiditatem
2126 1791 2252 1812 aeream
2269 1779 2407 1813 multam

1367 1837 1428 1858 uae
1452 1834 1501 1858 est
1529 1825 1612 1858 bene
1644 1824 1900 1864 inflammabilis,
1924 1823 2079 1857 deficiunt
2102 1832 2212 1856 tamen
2245 1825 2279 1856 in
2307 1824 2405 1857 sicco.

1344 1837 1369 1903 ἒ
1395 1881 1557 1903 converso
1581 1879 1691 1903 autem
1715 1878 1792 1902 sunt
1815 1869 1922 1913 aliqua
1947 1880 2029 1912 quae
2061 1868 2227 1901 abundant
2250 1869 2283 1900 in
2308 1869 2406 1908 sicco,

1343 1914 1401 1948 sed
1425 1914 1582 1948 deficiunt
1606 1914 1639 1947 in
1663 1913 1802 1947 humido
1827 1922 2006 1953 unctuoso,
2030 1921 2062 1945 et
2084 1912 2159 1946 ideo
2183 1913 2335 1956 apposito
2360 1913 2406 1945 eis

1343 1969 1509 1992 unctuoso
1534 1958 1657 1992 faciunt
1681 1958 1847 1991 flammam
1871 1956 2052 1990 meliorem.
2077 1957 2161 1990 Sunt
2184 1957 2283 1990 etiam
2307 1969 2406 2001 quae-

1343 2003 1418 2037 dam
1452 2015 1536 2048 quae
1566 2012 1643 2036 sunt
1673 2002 1840 2047 liquabilia
1871 2010 1903 2035 et
1932 2011 2000 2034 non
2030 1997 2294 2041 inflainmabilia,
2323 2002 2407 2034 sicut

1343 2048 1490 2081 metalla:
1516 2047 1677 2093 quaedam
1702 2056 1779 2080 sunt
1803 2058 1820 2079 e
1845 2057 2004 2079 converso
2022 2045 2264 2078 inflammabilia
2288 2054 2319 2078 et
2338 2057 2406 2078 non

1342 2092 1520 2137 liquabilia,
1537 2093 1622 2125 sicut
1644 2092 1750 2135 ligna:
1771 2090 1879 2135 aliqua
1903 2100 2012 2123 autem
2032 2090 2200 2134 patiuntur
2218 2098 2406 2134 utrumque,

1342 2139 1428 2170 sicut
1451 2137 1539 2170 thus.
1553 2137 1666 2170 -Causa
1690 2145 1800 2169 autem
1824 2147 1924 2180 quare
1947 2134 2035 2178 ligna
2052 2143 2128 2167 sunt
2152 2133 2405 2174 inflammabilia,

1342 2191 1391 2215 est
1408 2182 1484 2226 quia
1508 2181 1628 2214 habent
1643 2179 1818 2214 humidum
1843 2191 1974 2212 aereum
1991 2178 2073 2212 bene
2097 2178 2253 2211 diffusum
2278 2187 2309 2211 et
2326 2190 2405 2211 con-

1342 2227 1472 2259 tinuum
1497 2227 1531 2259 in
1555 2235 1626 2258 toto
1651 2225 1758 2268 ligno:
1783 2224 1847 2257 hoc
1871 2233 1980 2257 autem
2000 2222 2175 2256 humidum
2199 2231 2247 2256 est
2270 2223 2404 2256 materia

1342 2272 1351 2304 i
1401 2272 1437 2304 is.
1453 2271 1533 2305 Non
1549 2279 1626 2303 sunt
1641 2278 1751 2302 autem
1771 2268 1947 2313 liquabilia,
1962 2277 2033 2300 tum
2051 2268 2126 2312 quia
2143 2266 2313 2310 coagulata
2328 2276 2405 2300 sunt

1342 2283 1558 2360 affinutroque,
1575 2324 1646 2348 tum
1671 2314 1747 2358 quia
1771 2312 1976 2357 liquabilium
2000 2312 2134 2345 materia
2157 2320 2206 2344 est
2230 2311 2403 2345 humidum

1342 2372 1359 2392 a
1383 2372 1496 2399 ueurn,
1513 2371 1582 2393 non
1599 2370 1729 2392 aereum
1755 2357 1844 2402 quod
1864 2356 2129 2401 praedominatur
2152 2357 2185 2388 in
2209 2355 2315 2399 lignis.
2333 2356 2403 2388 Me-

1341 2372 1417 2437 tailla
1449 2413 1560 2437 autem
1591 2415 1660 2437 non
1688 2402 1949 2441 inflammantur,
1976 2401 2052 2446 quia
2080 2400 2200 2435 habent
2229 2399 2403 2433 humidum

1341 2461 1484 2493 aqueum
1509 2448 1652 2482 multum
1677 2447 1768 2492 quod
1791 2455 1952 2491 repugnat
1969 2446 2048 2489 igni,
2065 2453 2097 2478 et
2112 2456 2242 2478 aereum
2259 2456 2403 2488 paucum

1342 2494 1431 2538 quod
1448 2503 1497 2526 est
1513 2494 1648 2527 materia
1667 2492 1766 2536 ignis:
1792 2500 1824 2524 et
1845 2499 1978 2536 propter
1998 2489 2135 2523 eandem
2150 2489 2311 2522 radonem
2327 2497 2404 2521 sunt

1341 2538 1518 2583 liquabilia.
1543 2537 1640 2571 Thus
1674 2545 1784 2569 autem
1808 2537 1928 2579 patitur
1959 2543 2152 2578 utrumque:
2177 2545 2253 2566 nam
2277 2534 2402 2566 ratione

1342 2582 1469 2616 humidi
1493 2583 1578 2615 aerei
1613 2581 1855 2619 inflammatur,
1883 2580 2007 2613 ratione
2040 2590 2118 2611 vero
2150 2577 2278 2611 humidi
2309 2578 2402 2621 aquei

1342 2627 1432 2672 quod
1458 2628 1499 2660 in‘
1515 2628 1588 2671 ipso
1612 2635 1661 2659 est
1686 2625 1902 2658 commixtum
1927 2635 2002 2656 cum
2026 2634 2132 2661 aereo,
2149 2622 2300 2666 liquatur.
2318 2622 2402 2655 Uni-

1333 2671 1508 2705 *versaliter
1531 2672 1628 2714 igitur
1652 2681 1735 2715 quae
1759 2677 1836 2702 sunt
1859 2669 1961 2708 sicca,
1994 2669 2061 2700 sive
2085 2676 2187 2700 terrea
2215 2667 2282 2699 sive
2306 2665 2403 2699 etiam

1341 2715 1478 2749 humida
1509 2715 1703 2748 humiditate
1735 2725 1841 2754 aerea,
1869 2721 1946 2746 sunt
1973 2712 2055 2745 bene
2086 2710 2347 2751 inflammabilia;
2372 2719 2404 2743 et

1341 2770 1476 2805 propter
1499 2760 1564 2793 hoc
1594 2759 1727 2792 flamma
1750 2770 1819 2792 non
1851 2767 1899 2791 est
1923 2757 2011 2790 aliud
2042 2767 2140 2801 quam
2171 2756 2303 2799 spiritus
2335 2755 2402 2787 sive

1340 2805 1451 2838 fumus
1476 2804 1610 2838 ardens:
1635 2803 1746 2836 fumus
1771 2803 1859 2836 enim
1877 2811 1925 2835 est
1948 2802 2130 2845 segregatio
2154 2811 2256 2838 aerea,
2273 2808 2304 2832 et
2327 2798 2402 2832 ideo

1340 2860 1389 2883 est
1412 2850 1547 2883 materia
1570 2849 1732 2882 flammae.
1759 2848 1884 2881 Eorum
1909 2855 2018 2879 autem
2049 2856 2131 2890 quae
2163 2853 2238 2876 sunt
2262 2843 2401 2876 ustibilia

1340 2904 1372 2928 et
1395 2906 1464 2928 non
1495 2903 1572 2927 sunt
1602 2892 1864 2932 inflammabilia,
1888 2890 2047 2936 quaedam
2071 2898 2147 2922 sunt
2171 2887 2400 2921 carbonabilia:

1341 2949 1373 2973 et
1395 2939 1472 2972 talia
1492 2948 1568 2972 sunt
1589 2949 1816 2983 quaecumque
1833 2935 1952 2969 habent
1976 2934 2050 2979 plus
2074 2943 2176 2966 terrae
2194 2944 2291 2977 quam
2309 2933 2400 2972 aeris,

1340 2985 1409 3017 sive
1425 2983 1507 3017 fumi
1519 2984 1575 3028 qui
1589 2992 1638 3016 est
1650 2982 1812 3015 exhalatio
1825 2992 1926 3020 aerea,
1943 2981 2026 3012 sicut
2041 2979 2128 3022 ligna
2140 2977 2254 3010 viridia
2271 2986 2302 3009 et
2315 2987 2399 3009 ossa.

1338 3029 1427 3063 Nam
1451 3028 1526 3061 talia
1550 3028 1676 3061 ratione
1700 3027 1778 3059 sicci
1797 3025 1953 3058 terrestris
1978 3032 2054 3056 sunt
2078 3021 2240 3067 passibilia
2256 3020 2294 3054 ab
2314 3021 2399 3064 igne,

1340 3082 1477 3118 propter
1502 3072 1665 3109 defectum
1688 3082 1768 3104 vero
1792 3069 1920 3103 humidi
1945 3069 2029 3102 aerei
2053 3079 2121 3100 non
2145 3065 2397 3099 inflammantur.

2439 858 2447 866 '¹
2462 864 2522 886 quae
2535 865 2575 881 Pa.

2435 1698 2446 1709 ⁸
2460 1705 2522 1727 quae
2535 1705 2581 1721 non
2595 1706 2617 1721 p.
