2782 4134
1116 281 1228 318 CAP.
1256 281 1303 328 V,
1334 281 1486 318 LECT.
1516 281 1603 317 VIII

272 356 452 405 contingit
471 357 577 406 quod
596 369 662 394 aer
689 357 926 406 aliquatenus
953 357 1174 407 inspissatus
1202 371 1338 396 omnes

271 410 412 448 modos
432 411 606 448 colorum
625 418 900 459 repraesentet:
930 423 1009 448 uno
1036 412 1154 449 modo
1185 412 1337 461 quando

271 463 425 512 aliquod
453 463 581 501 minus
608 464 752 510 lumen,
781 465 887 512 quod
914 476 994 500 non
1023 465 1161 502 sufficit
1178 466 1340 502 totaliter

270 516 502 565 illuminare,
531 524 744 565 transparet
778 529 849 566 per
882 517 1049 565 aliquem
1086 518 1238 555 fumum
1276 526 1340 555 aut

270 582 459 620 vaporem
487 570 729 619 spissiorem;
759 570 832 607 alio
862 570 981 607 modo
1020 571 1175 619 quando
1213 571 1256 608 fit
1283 584 1340 608 re-

270 623 467 673 percussio
495 623 649 660 luminis
677 623 728 660 ad
755 623 922 672 aliquem
945 635 1075 660 aerem
1103 623 1340 672 aliquatenus

209 682 214 687 '
271 677 526 726 inspissatum.
557 676 636 713 Sed
664 676 831 713 maxime
861 688 906 712 ex
934 676 1012 713 istis
1041 676 1190 713 duabus
1219 677 1341 714 causis

272 737 456 781 apparent
491 730 530 766 in
568 741 655 766 aere
689 730 796 766 color
830 729 1015 778 puniceus
1051 738 1086 766 et
1112 742 1340 779 purpureus,

271 784 368 822 idest
395 784 537 820 rubeus
555 788 570 810 ⁷
599 790 635 820 et
654 783 890 820 subrubeus:
921 782 1011 832 quia
1032 783 1199 819 maxime
1218 782 1258 819 hi
1278 796 1340 819 co-

271 838 373 876 lores
401 843 587 886 apparent
606 848 651 873 ex
671 836 800 884 aliquo
829 835 940 884 igneo
963 843 999 873 et
1017 837 1104 873 albo
1134 836 1258 873 mixtis
1286 836 1341 873 ni-

271 902 351 940 gro.
381 891 493 938 Quae
522 889 679 938 quidem
708 889 839 926 mixtio
863 897 990 938 potest
1015 889 1099 927 fieri
1127 889 1341 927 secundum

271 943 368 983 duas
391 942 628 993 supradictas
648 955 798 980 causas:
819 942 960 980 scilicet
979 943 1192 981 secundum
1212 955 1342 992 super-

270 997 531 1047 appositiones
565 996 694 1045 (quod
721 1009 837 1045 supra
866 996 956 1034 dixit
977 996 997 1018 ³⁸
1024 996 1341 1046 transparentiam

271 1050 430 1089 minoris
448 1049 600 1087 luminis
627 1062 698 1099 per
724 1050 880 1098 aliquod
909 1050 1094 1099 spissius),
1115 1050 1210 1087 sicut
1229 1051 1286 1087 sol
1306 1057 1343 1087 et

269 1104 360 1143 luna
379 1111 416 1141 et
435 1103 508 1141 alia
527 1111 627 1140 astra
646 1111 832 1152 apparent
857 1103 1022 1153 punicea
1049 1103 1088 1140 in
1117 1110 1202 1140 ortu
1222 1111 1258 1140 et
1278 1116 1341 1140 oc-

271 1169 362 1197 casu
390 1163 428 1194 et
455 1157 785 1208 quasibsubrubea
804 1155 836 1204 δ,
865 1157 1022 1205 quando
1047 1169 1182 1194 eorum
1210 1157 1342 1193 lumen

255 1206 676 1260 west—perfectum.
707 1210 785 1248 Sed
812 1211 888 1248 hoc
906 1210 990 1248 dico
1019 1210 1050 1247 si
1079 1210 1190 1247 fuerit
1217 1210 1340 1246 calor:

270 1263 360 1315 quia
387 1264 544 1313 quando
575 1271 630 1301 est
656 1263 783 1312 frigus,
802 1276 969 1313 vapores
994 1270 1081 1300 sunt
1108 1263 1340 1310 condensati,

269 1325 308 1356 et
325 1317 446 1366 magis
466 1318 673 1355 obscurant
698 1319 828 1354 lumen
848 1325 1036 1354 astrorum
1057 1316 1260 1353 orientium
1278 1317 1341 1353 vel

219 1394 226 1400 -
269 1370 538 1419 occidentium,
558 1377 601 1408 ut
618 1378 855 1420 transparere
879 1370 900 1392 '¹‘
918 1382 997 1408 non
1015 1369 1155 1419 possit;
1184 1369 1340 1418 quando

269 1428 400 1470 autem
421 1432 477 1462 est
502 1425 616 1471 calor,
637 1424 897 1462 exhalationes
916 1430 1004 1460 sunt
1031 1422 1204 1470 rariores,
1226 1430 1262 1459 et
1289 1422 1342 1460 sic

268 1490 340 1528 per
367 1490 432 1516 eas
459 1478 592 1516 lumen
625 1485 815 1515 astrorum
844 1484 1083 1525 transparere
1118 1483 1253 1525 potest.
1293 1477 1342 1513 Et

268 1531 441 1570 similiter
459 1532 490 1569 si
509 1538 608 1568 astra
625 1530 830 1568 videantur
849 1529 1042 1567 mediante
1070 1530 1188 1576 fumo,
1209 1529 1342 1566 viden-

268 1593 331 1623 tur
347 1585 431 1622 talis
450 1583 600 1624 coloris.
629 1585 679 1621 Et
706 1583 919 1621 secundum
948 1583 1062 1620 etiarn
1091 1582 1204 1620 aliam
1232 1595 1341 1632 prae-

235 1657 242 1664 ·
269 1637 445 1677 dictam*
473 1649 629 1675 causam
657 1637 701 1674 fit
717 1636 913 1686 praedicta
940 1636 1084 1683 mixtio,
1105 1636 1245 1673 scilicet
1271 1649 1342 1685 per

268 1690 555 1740 refractionem3
595 1703 684 1728 cum
721 1690 813 1728 illud
836 1696 847 1711 ‘
876 1691 925 1728 ad
962 1689 1068 1740 quod
1096 1690 1140 1727 fit
1167 1689 1339 1726 refractio

267 1744 423 1784 luminis
451 1744 573 1793 (quod
600 1744 663 1781 hic
685 1744 878 1793 speculum
899 1743 1013 1791 dicit),
1035 1743 1116 1781 sive
1144 1742 1191 1780 sit
1217 1743 1341 1780 nubes

267 1808 416 1848 aquosa
443 1798 525 1836 sive
555 1797 697 1847 aliquid
724 1797 958 1844 huiusmodi,
978 1796 1089 1834 fuerit
1108 1797 1182 1834 tale
1200 1803 1242 1833 ut
1261 1809 1340 1834 non

267 1859 528 1902 repraesentet
544 1852 722 1899 figuram,
743 1851 812 1888 sed
837 1851 1019 1888 colorem.
1050 1851 1158 1887 Haec
1171 1849 1192 1871 '¹‘
1211 1857 1339 1887 autem

138 1945 145 1952 ,
267 1913 435 1956 'exponet
454 1917 542 1943 cum
570 1905 619 1943 de
646 1904 740 1942 iride
761 1911 892 1953 agetur
910 1903 941 1941 ³¹⁵.
962 1925 986 1931 -
1006 1903 1183 1951 Assignat
1211 1911 1340 1941 autem

267 1971 426 1998 causam
464 1965 744 2007 consequenter
781 1970 899 2007 quare
936 1956 1159 1994 huiusmodi
1192 1957 1340 1994 colores

268 2013 342 2051 cito
373 2013 567 2062 disparent
605 2019 642 2049 et
678 2024 758 2049 non
790 2011 911 2048 multo
947 2019 1122 2060 tempore
1161 2018 1338 2048 manent:

267 2066 359 2116 quia
386 2066 528 2104 scilicet
545 2078 662 2103 eausa
680 2064 927 2115 apparitionis
946 2064 1119 2113 ipsorum
1141 2071 1197 2100 est
1214 2064 1338 2110 velox,

266 2119 367 2158 idest
385 2119 458 2157 cito
478 2119 766 2168 pertransiens;.
782 2131 848 2156 aer
876 2117 979 2155 enirn
999 2130 1079 2154 non
1098 2118 1220 2154 multo
1243 2125 1340 2154 tem-

265 2185 362 2223 pore
390 2180 522 2211 manet
549 2173 693 2221 similis,
719 2171 787 2209 sed
816 2172 863 2210 de
891 2170 989 2208 facili
1018 2171 1251 2219 ingrossatur
1277 2172 1340 2208 vel

267 2226 491 2265 subtiliatur.

325 2281 359 2318 3.
371 2279 522 2318 Deinde
543 2291 632 2316 cum
648 2278 753 2316 dicit:
773 2279 915 2315 Hiatus
934 2283 1060 2315 autem
1076 2284 1160 2324 etc.,
1177 2276 1342 2324 assignat

319 2437 348 2472 γ)
368 2437 437 2463 idest
456 2437 561 2462 rubeus.
572 2451 592 2456 -
603 2437 669 2461 Hoc.
684 2443 738 2461 om.
757 2437 791 2466 133
810 2439 837 2461 et
856 2436 952 2461 rubeus
967 2436 1014 2466 Pa,
1034 2435 1200 2468 corruptione
1218 2434 1341 2467 frequen-

267 2473 377 2499 tissima.

320 2507 347 2544 δ)
361 2508 515 2541 punicea...
528 2507 669 2533 subrubea.
686 2521 706 2526 -
719 2507 850 2540 punicea,
870 2507 948 2540 quasi
967 2507 1107 2536 subrubea,
1127 2506 1154 2532 in
1174 2509 1235 2532 ortu
1254 2509 1281 2531 et
1299 2513 1342 2531 oc-

266 2551 331 2571 casu
349 2545 404 2570 AB.
421 2559 442 2564 —
459 2543 518 2568 Lin.
532 2551 590 2576 seq.
608 2551 656 2576 pro
675 2543 731 2568 Sed
748 2543 805 2572 hoc,
826 2543 862 2568 Et
880 2543 930 2568 hoc
947 2543 979 2574 A,
998 2543 1058 2568 Hoc
1076 2543 1107 2567 B.

322 2588 333 2605 ε
365 2587 424 2605 cum
445 2579 520 2605 illud.
538 2593 558 2599 -
575 2582 744 2614 eum1tamen
763 2578 832 2603 illud
849 2579 904 2604 ΑΒ.
917 2593 936 2598 -
948 2578 998 2602 Pro
1017 2578 1072 2603 sive
1090 2577 1134 2606 sit,
1153 2577 1190 2602 sit
1207 2577 1276 2602 sicut
1294 2578 1340 2602 Pa.

321 2579 349 2651 ὅ
369 2622 455 2648 vapor
472 2615 519 2648 qui
538 2614 711 2647 interrumpit
729 2615 828 2640 lumen.
847 2627 867 2634 -
885 2621 970 2646 vapor
989 2613 1170 2646 interrumpat
1187 2613 1275 2638 lumen
1294 2613 1341 2642 Pa,

268 2659 338 2684 quae
355 2657 416 2676 ante
439 2658 478 2676 ex
501 2650 599 2676 talibus
623 2650 721 2675 addunt
738 2653 779 2680 et,
799 2650 846 2675 sed
865 2657 973 2675 sensum
997 2649 1141 2674 obscurum
1166 2648 1299 2679 exhibent;
1317 2649 1341 2673 A

269 2687 412 2719 corrumpit
429 2687 476 2720 qui
493 2687 521 2712 in
539 2693 625 2719 quem,
644 2686 666 2711 B
684 2686 711 2711 in
729 2686 809 2719 quod.

2384 284 2458 331 347

1396 371 1551 396 causam
1579 358 1703 396 hiatus
1733 367 1769 396 et
1796 359 1999 407 voraginis.
2030 360 2079 396 Et
2107 360 2195 397 dicit
2231 361 2337 410 quod
2371 374 2459 399 cum

1395 413 1527 449 lumen
1555 412 1662 461 quod
1696 419 1854 462 apparet
1881 412 1920 450 in
1949 425 2052 460 aere,
2083 413 2382 451 discontinuatur
2415 427 2460 452 ex

1395 466 1523 514 aliquo
1543 467 1709 503 obscuro
1730 473 1766 502 et
1790 465 1909 514 nigro,
1931 466 2036 515 quod
2065 466 2204 503 scilicet
2224 475 2280 503 est
2304 475 2461 516 propter

1396 519 1562 567 aliquem
1590 531 1779 568 vaporem
1809 519 1930 567 magis
1958 519 2138 568 spissum,
2169 528 2326 569 apparet
2355 521 2460 569 quod

1396 572 1442 609 sit
1469 572 1595 621 aliqua
1626 572 1864 621 profunditas
1903 580 1939 610 et
1975 580 2152 621 apertura
2188 573 2226 610 in
2264 574 2381 611 caelo.
2412 574 2461 611 Et

1395 625 1507 662 huius
1536 625 1685 673 signum
1714 633 1769 662 est
1796 626 1920 674 quod,
1950 638 2038 662 cum
2066 625 2126 662 ille
2153 638 2277 675 vapor
2312 627 2378 675 qui
2405 626 2460 663 in-

1395 679 1593 727 terrumpit
1626 680 1758 716 lumen
1778 678 1807 726 3,
1837 678 1958 727 magis
1983 679 2221 728 inspissatur,
2251 691 2297 716 ex
2323 680 2460 717 talibus

1395 730 1558 768 hiatibus
1588 739 1724 768 exeunt
1741 733 1804 769 vel
1837 732 2014 769 excidunt
2044 732 2195 770 titiones
2221 732 2333 781 ignei,
2353 734 2461 781 quasi

1398 783 1519 821 calido
1540 785 1696 833 expulso
1713 798 1735 821 a
1754 785 1890 833 frigore
1909 797 2097 835 vaporem
2116 785 2353 836 inspissante.
2385 786 2461 823 Sed

1397 837 1552 884 quando
1572 837 1632 873 ille
1650 850 1775 886 vapor
1795 839 1991 886 obscurus,
2014 839 2299 876 discontinuans
2317 840 2460 887 lumen,

1398 897 1597 927 concretus
1626 898 1663 927 et
1689 890 1910 940 inspissatus
1947 892 2056 929 fuerit
2083 892 2203 941 magis
2230 898 2264 940 ⁷¹,
2294 892 2381 930 facit
2407 893 2462 930 vi-

1398 943 1480 980 deri
1506 943 1692 980 maiorem
1711 945 2021 993 profunditatem,
2042 946 2131 994 quia
2150 946 2280 983 album
2309 958 2463 995 supera-

1397 1003 1457 1033 tur
1484 1009 1507 1033 a
1534 996 1661 1045 nigro:
1691 1009 1778 1034 curn
1807 1006 1934 1035 autem
1962 999 2073 1036 fuerit
2101 1011 2121 1036 e
2151 1008 2352 1047 converso,
2373 1007 2462 1036 tunc

1396 1049 1550 1087 videtur
1577 1050 1701 1087 solum
1729 1050 1852 1087 hiatus
1871 1052 1933 1088 vel
1952 1051 1972 1073 '¹‘
2001 1060 2222 1100 apertura.—
2238 1054 2346 1089 Patet
2372 1065 2461 1101 ergo
2490 1064 2499 1073 ·

1398 1103 1505 1150 quod
1523 1110 1683 1152 utraque
1703 1104 1901 1153 apparitio,
1923 1111 1958 1141 et
1979 1106 2152 1142 colorum
2171 1105 2191 1127 ’¹‘
2221 1113 2256 1143 et
2275 1105 2460 1154 hiatuum,
2491 1118 2499 1126 ·

1396 1157 1539 1193 habent
1558 1156 1722 1194 similem
1752 1169 1917 1204 causam,
1939 1158 2076 1195 scilicet
2104 1159 2377 1196 admixtionem
2398 1160 2463 1197 ad-

1397 1209 1564 1247 invicem
1593 1210 1667 1247 albi
1697 1217 1733 1246 et
1760 1210 1854 1258 nigri
1873 1208 1900 1247 ⁰:
1931 1211 1998 1249 sed
2028 1213 2134 1248 color
2163 1225 2379 1262 purpureus
2399 1221 2464 1250 aut

1395 1262 1584 1312 puniceus
1619 1263 1663 1300 fit
1696 1276 1740 1300 ex
1769 1264 1855 1300 albo
1893 1271 2152 1313 transparente
2186 1278 2256 1314 per
2291 1266 2462 1314 nigrum3

1395 1316 1520 1353 hiatus
1549 1324 1677 1353 autem
1707 1324 1743 1354 et
1769 1329 1914 1365 vorago
1954 1330 1999 1354 ex
2027 1318 2133 1366 nigro
2166 1318 2463 1368 interrumpente

1396 1369 1539 1406 album.
2458 1382 2460 1384 ·

1447 1435 1485 1470 4.
1516 1422 1666 1460 Deinde
1696 1435 1785 1460 cum
1814 1423 2116 1463 dicit:.Omnino
2145 1430 2270 1461 autem
2291 1426 2329 1462 in
2349 1426 2462 1475 nigro

1394 1476 1523 1513 album
1545 1484 1627 1524 ete„
1648 1476 1813 1514 ostendit
1832 1476 1938 1524 quod
1957 1478 2076 1515 multa
2093 1478 2315 1516 huiusmodi
2334 1479 2430 1516 fiunt
2443 1478 2463 1500 ’¹‘

1395 1541 1496 1577 quae
1515 1541 1595 1566 non
1614 1537 1809 1579 apparent.
1840 1531 1890 1566 Et
1918 1530 2006 1567 dicit
2031 1531 2136 1580 quod
2155 1531 2286 1568 album
2307 1532 2463 1569 coniun-

1396 1590 1500 1620 ctum
1520 1582 1627 1631 nigro
1642 1583 1781 1620 multas
1801 1583 1887 1620 facit
1907 1583 2136 1621 differentias
2157 1585 2347 1631 colorum;
2369 1586 2464 1622 sicut

1396 1643 1554 1686 apparet
1581 1636 1629 1674 de
1657 1636 1816 1674 flamma
1842 1636 1882 1673 in
1901 1636 1921 1658 ’¹⁶
1940 1637 2069 1685 fumo,
2099 1650 2197 1687 quae
2226 1638 2313 1675 facit
2339 1638 2462 1676 diver·
2491 1650 2499 1658 ·

1397 1702 1460 1727 sos
1481 1690 1638 1734 colores,
1659 1690 1874 1727 secundum
1893 1690 1999 1738 quod
2027 1691 2155 1728 furnus
2184 1691 2293 1729 fuerit
2311 1692 2463 1729 densior

1395 1743 1458 1780 vel
1486 1742 1605 1780 rarior
1624 1750 1643 1780 ⁴.
1675 1743 1752 1781 Sed
1773 1743 1819 1780 de
1841 1743 1902 1780 die
1923 1744 1979 1780 sol
1999 1757 2067 1781 sua
2096 1745 2259 1782 claritate
2286 1746 2464 1794 prohibet

1395 1796 1618 1834 huiusmodi
1647 1797 1794 1833 colores
1823 1808 2028 1846 apparere:
2059 1797 2106 1834 de
2134 1805 2245 1835 nocte
2270 1811 2364 1836 vero
2384 1811 2463 1836 non

1396 1857 1581 1899 apparent
1608 1849 1628 1871 ’¹‘
1655 1849 1727 1887 nisi
1764 1850 1925 1898 rubeus,
1956 1851 2046 1899 quia
2074 1851 2135 1888 alii
2173 1852 2339 1900 colores,
2369 1853 2463 1890 sicut
2492 1868 2501 1875 ·

1395 1903 1526 1941 viridis
1555 1910 1592 1940 et
1620 1902 1681 1940 alii
1700 1903 1953 1950 obscuriores,
1975 1911 2061 1941 sunt
2080 1904 2221 1942 similes
2250 1905 2367 1942 colori
2396 1918 2463 1943 no-

1396 1957 1481 2003 ctis,
1510 1964 1667 2006 propter
1695 1956 1977 1994 obscuritatem.

1448 2010 1592 2048 Ultimo
1609 2010 1772 2059 epilogat
1785 2011 2129 2059 praedeterminata
2142 2011 2173 2048 ²⁸.
2194 2012 2244 2048 Et
2258 2011 2346 2049 dicit
2361 2012 2465 2061 quod

1394 2063 1605 2113 praedictas
1627 2076 1760 2100 causas
1789 2071 1941 2112 oportet
1962 2064 2174 2101 existimare
2196 2065 2244 2102 de
2264 2065 2371 2102 astris
2391 2065 2465 2103 dis-

1397 2117 1632 2154 currentibus
1661 2125 1696 2154 et
1723 2117 1858 2165 ignitis,
1879 2125 1917 2154 et
1936 2117 1984 2155 de
2003 2117 2085 2154 aliis
2106 2118 2329 2155 huiusmodi
2349 2131 2464 2168 appa-

1396 2170 1615 2217 ritionibus,
1645 2182 1904 2219 quaecumque
1930 2171 2093 2219 festinas
2118 2171 2275 2220 faciunt
2303 2173 2464 2221 phanta-

1394 2224 1481 2270 sias,
1502 2223 1599 2261 idest
1626 2235 1894 2273 quaecumque
1909 2222 1930 2245 ’¹‘
1953 2231 2261 2273 pertranseuntes
2288 2224 2466 2262 videntur

1396 2278 1542 2326 absque
1571 2289 1711 2324 magna
1738 2289 1850 2314 mora
1875 2277 2071 2326 temporis.

1449 2434 1476 2468 η)
1492 2438 1631 2460 concretus
1644 2438 1671 2460 et
1684 2434 1843 2467 inspissatus
1851 2435 1939 2468 suerit
1952 2435 2047 2468 magis.
2056 2449 2075 2454 -
2085 2435 2131 2467 qui
2143 2439 2182 2460 est
2197 2433 2279 2468 (quod
2293 2439 2333 2460 est
2345 2436 2422 2468 quasi
2431 2435 2462 2470 Β)

1395 2473 1542 2500 concretus,
1559 2470 1628 2495 idest
1646 2470 1812 2502 inspIssatus,
1821 2471 1910 2504 fuerit
1921 2471 2036 2502 amplius
2048 2471 2093 2495 ΑΒ
2098 2478 2106 2501 ;
2125 2474 2276 2496 concretum
2294 2474 2320 2496 et
2339 2471 2464 2504 inspissa-

1395 2509 1452 2530 tum
1463 2506 1554 2538 suerit
1572 2506 1660 2539 magis
1678 2506 1725 2531 Pa.
1742 2520 1761 2524 -
1779 2506 1836 2531 Lin.
1849 2513 1907 2538 seq.
1920 2514 1969 2539 pro
1987 2509 2142 2538 superatur,
2162 2509 2305 2538 separatur
2323 2507 2370 2532 Pa.

1448 2539 1473 2575 θ)
1493 2541 1604 2566 similem
1623 2548 1732 2566 causam
1784 2544 1811 2566 et
1828 2541 1909 2574 nigri.
1927 2555 1947 2560 -
1963 2541 2075 2566 similem
2099 2549 2208 2567 causam
2227 2542 2374 2567 adinvicem
2394 2542 2465 2575 quod

1397 2575 1451 2609 (vel
1468 2575 1500 2611 B)
1519 2577 1557 2601 ad
1575 2577 1734 2602 mixtionem
1755 2575 1807 2610 (vel
1825 2576 2107 2611 admixtionemffialbi
2125 2581 2151 2602 et
2169 2577 2243 2610 nigri
2260 2578 2313 2602 AB.

1450 2613 1469 2646 ι)
1490 2612 1598 2637 densior
1616 2613 1658 2637 vel
1676 2612 1777 2637 rarior.
1794 2626 1814 2631 -
1832 2612 1982 2644 depressior
2001 2613 2042 2637 vel
2062 2613 2153 2638 rarior
2171 2613 2206 2643 A;
2227 2613 2258 2638 cf.
2277 2613 2341 2637 infra
2359 2613 2418 2638 lect.
2431 2620 2464 2642 xi,

1395 2653 1451 2673 not.
1465 2656 1488 2677 κ,
1502 2653 1527 2672 et
1541 2648 1645 2672 Comm.
1659 2648 1685 2672 in
1700 2648 1734 2673 de
1748 2649 1883 2679 Generat„
1898 2648 1955 2672 lect.
1970 2655 1993 2677 x,
2012 2653 2067 2673 not.
2082 2657 2096 2673 κ
2102 2655 2110 2679 3
2130 2649 2280 2681 depressior
2298 2649 2339 2673 vel
2357 2648 2465 2673 densior

1395 2684 1437 2709 vel
1454 2684 1547 2709 rarior
1566 2684 1640 2714 PaB;
1660 2683 1691 2709 cf.
1710 2691 1791 2716 supra
1810 2684 1869 2709 lect.
1883 2691 1924 2715 m,
1944 2688 1998 2709 not.
2012 2682 2037 2708 λ.

2515 1066 2538 1084 el
2551 1070 2588 1085 Pa.

2516 1116 2636 1138 caelorum
2650 1124 2687 1139 pa.

2585 1220 2598 1244 θ

2492 1486 2499 1494 ·
2516 1487 2570 1506 sunt
2582 1491 2603 1506 Α.

2515 1651 2538 1669 et
2552 1655 2575 1670 Λ.

2594 1761 2601 1776 t

2517 1867 2619 1893 apparet
2632 1872 2654 1886 A.

2494 2022 2502 2030 ’
2514 2020 2671 2041 determinata
2682 2026 2704 2041 A.

2493 2232 2500 2239 ”
2517 2231 2588 2259 quasi
2601 2231 2654 2252 add.
2669 2237 2692 2252 Β.
