2554 4062
749 403 1841 520 PRAEFATIO

476 1224 493 1237 χ
536 1196 623 1237 icut
643 1197 687 1238 in
710 1197 840 1238 rebus
863 1197 1129 1238 naturalibus
1150 1198 1252 1239 nihil
1276 1205 1343 1239 est
1363 1199 1597 1254 perfectum
1621 1200 1724 1242 dum
1749 1208 1813 1243 est
1844 1202 1887 1243 in
1916 1204 2117 1258 potentia,
2141 1204 2220 1245 sed
2241 1205 2384 1247 solum

535 1264 636 1299 tunc
670 1258 918 1313 simpliciter
949 1259 1184 1313 perfectum
1219 1266 1301 1309 est,
1335 1261 1512 1315 quando
1549 1269 1615 1304 est
1647 1262 1689 1304 in
1721 1264 1870 1305 ultimo
1912 1271 2026 1315 actu;
2061 1266 2236 1320 quando
2275 1281 2380 1309 vero

262 1372 266 1380 Δ
302 1353 308 1378 ἱ
414 1317 479 1363 '⁴5
502 1332 511 1351 κ
535 1319 681 1361 medio
716 1320 851 1361 modo
892 1333 939 1362 se
982 1321 1147 1363 habens
1192 1322 1316 1363 fuerit
1357 1323 1466 1364 inter
1507 1338 1657 1379 puram
1694 1327 1930 1380 potentiam
1974 1333 2015 1368 et
2047 1341 2200 1382 purum
2239 1335 2381 1370 actum

259 1374 325 1408 >⁷⁴³2
348 1374 426 1438 [3311
462 1387 636 1455 etune
671 1387 737 1423 est
758 1382 936 1436 quidem
968 1383 1208 1425 secundum
1231 1385 1347 1443 ‘quid
1381 1385 1627 1440 perfectum,
1658 1401 1747 1428 non
1779 1394 1922 1430 tamen
1956 1389 2216 1444 simpliciter;
2249 1391 2310 1431 sic
2340 1397 2381 1432 et

358 1463 363 1474 ›
407 1464 419 1467 -
440 1454 496 1470 ‘w
535 1444 646 1486 circa
677 1444 899 1486 scientiam
933 1445 1097 1487 accidit.
1135 1443 1325 1488 Scientia
1356 1454 1501 1488 autem
1528 1461 1639 1503 quae
1662 1449 1843 1491 habetur
1871 1450 1924 1492 de
1958 1464 2002 1491 re
2035 1457 2198 1492 tantum
2221 1452 2264 1492 in
2287 1453 2380 1493 uni-

181 1506 353 1555 versali,
388 1519 478 1556 non
513 1512 579 1548 est
611 1506 790 1548 scientia
823 1508 1039 1562 completa
1071 1508 1311 1550 secundum
1345 1510 1543 1551 ultimum
1577 1517 1743 1560 actum,
1779 1512 1856 1552 sed
1890 1518 1955 1553 est
1987 1513 2132 1554 medio
2167 1513 2299 1554 modo
2334 1528 2380 1556 se

182 1567 350 1611 habens
372 1568 483 1610 inter
503 1582 656 1624 puram
678 1569 918 1624 potentiam
941 1576 984 1611 et
1005 1570 1202 1612 ultimum
1225 1577 1380 1613 actum.
1404 1572 1519 1613 Nam
1542 1572 1696 1627 aliquis
1719 1573 1860 1615 sciens
1882 1574 2044 1628 aliquid
2067 1575 2109 1615 in
2138 1576 2379 1626 universali,

182 1631 263 1672 scit
291 1631 469 1686 quidem
502 1631 666 1686 aliquid
701 1645 851 1673 eorum
884 1638 982 1674 actu
1017 1646 1130 1687 quae
1162 1639 1263 1674 sunt
1295 1634 1337 1674 in
1371 1634 1545 1689 propria
1578 1635 1742 1677 ratione
1777 1636 1888 1677 eius:
1923 1637 2005 1677 alia
2031 1650 2136 1678 vero
2166 1638 2305 1678 sciens
2338 1639 2380 1679 in

182 1693 415 1736 universali
449 1707 538 1735 non
571 1694 652 1735 scit
674 1700 784 1743 actu,
809 1694 887 1735 sed
910 1694 1054 1736 solum
1077 1694 1120 1736 in
1143 1695 1383 1749 potentia...
1409 1696 1538 1738 Unde
1562 1697 1834 1739 manifestum
1859 1696 2065 1753 estquod
2089 1700 2379 1754 complemen-

132 1805 134 1807 ‚
182 1761 275 1798 tum
318 1756 522 1797 scientiae
562 1756 740 1811 requirit
781 1755 903 1811 quod
948 1770 1036 1798 non
1070 1756 1244 1798 sistatur
1282 1758 1325 1798 in
1359 1759 1692 1808 communibus,
1744 1759 1821 1801 sed
1854 1761 2112 1815 procedatur
2144 1774 2281 1816 usque
2325 1762 2380 1803 ad

182 1818 351 1873 species
385 1818 443 1872 (s.
466 1818 548 1859 Th.
572 1818 616 1859 in
649 1819 828 1860 Meteor.
853 1819 882 1867 I,
906 1831 932 1867 1,
965 1818 1014 1875 1).
1041 1837 1056 1856 ι
1095 1820 1336 1874 Postquam
1360 1833 1466 1876 ergo
1501 1820 1543 1861 in
1567 1827 1667 1862 octo
1691 1821 1809 1863 libris
1831 1823 2124 1875 Physicorum,
2151 1823 2223 1878 qui
2257 1837 2379 1878 prae-

183 1879 352 1922 cedenti
374 1880 599 1922 volumine
622 1881 906 1929 continentur,
930 1881 1085 1922 tradita
1107 1888 1208 1922 sunt
1229 1882 1435 1937 principia
1458 1884 1706 1925 communia
1733 1884 1936 1925 scientiae
1959 1885 2170 1934 naturalis,
2197 1892 2377 1940 oportet,

181 1942 239 1983 ad
262 1942 628 1998 complementum
652 1943 778 1984 huius
801 1943 1017 1992 scientiae,
1042 1944 1248 1998 principia
1271 1944 1340 1985 illa
1362 1945 1576 1999 applicare
1600 1945 1655 1986 ad
1677 1946 1850 2001 propria
1874 1953 1914 1987 et
1932 1947 2211 1988 determinata
2234 1947 2378 1989 subie-

182 2010 261 2046 cta.
298 2005 398 2046 Hoc
419 2011 563 2046 autern
597 2005 646 2046 fit
678 2005 734 2047 ab
769 2005 1005 2047 Aristotele
1039 2006 1081 2047 in
1114 2006 1224 2047 libro
1257 2006 1311 2047 de
1348 2006 1492 2054 Caelo,
1529 2008 1633 2048 etin
1667 2009 1759 2049 aliis
1787 2008 1990 2050 scientiae
2013 2009 2214 2050 naturalis
2248 2009 2376 2059 libris,

181 2066 225 2108 in
259 2066 419 2122 quibus
453 2067 508 2108 de
540 2067 672 2108 variis
704 2068 934 2123 speciebus
969 2081 1111 2109 rerum
1134 2069 1388 2110 naturalium
1412 2075 1624 2111 tractatur.
1659 2071 1707 2111 In
1735 2070 1844 2111 libro
1879 2071 1991 2111 enim
2013 2071 2066 2111 de
2092 2071 2218 2111 Caelo
2240 2072 2379 2126 agitur

189 2146 204 2166 c
236 2129 291 2170 de
324 2129 475 2170 mobili
509 2129 750 2170 secundum
790 2136 957 2171 motum
997 2130 1196 2179 localem,
1233 2131 1306 2184 qui
1341 2137 1406 2172 est
1437 2131 1575 2186 prima
1607 2132 1773 2187 species
1812 2139 1982 2181 motus;
2018 2133 2059 2173 in
2092 2133 2202 2173 libro
2235 2139 2377 2174 autem

181 2190 236 2232 de
275 2190 571 2239 Generatione,
608 2191 662 2232 de
697 2198 819 2232 motu
853 2191 908 2232 ad
942 2192 1124 2233 formam
1159 2198 1201 2233 et
1232 2193 1380 2246 primis
1414 2193 1670 2243 mobilibus,
1709 2195 1869 2236 scilicet
1901 2195 2134 2244 elementis,
2170 2201 2377 2249 quantum

181 2252 238 2294 ad
271 2253 651 2294 transmutationes
686 2267 838 2294 eorum
872 2254 914 2294 in
949 2254 1190 2303 communi;
1226 2260 1434 2308 quantum
1469 2268 1574 2296 vero
1608 2256 1663 2296 ad
1697 2257 1904 2311 speciales
1938 2270 2087 2297 eorum
2121 2262 2377 2298 transmuta-

181 2315 335 2364 tiones,
360 2314 403 2356 in
426 2315 536 2356 libro
560 2316 878 2363 Meteororum,·
911 2316 964 2356 de
1002 2312 1238 2357 mobilibus
1270 2329 1376 2357 vero
1411 2317 1554 2357 mixtis
1584 2317 1838 2367 inanimatis,
1863 2318 1906 2358 in
1929 2318 2038 2359 libro
2072 2318 2125 2359 de
2150 2319 2377 2360 ,Minerali-

181 2377 285 2425 bus:
307 2377 361 2418 de
384 2377 582 2419 animatis
615 2391 735 2426 vero,
761 2378 803 2418 in
827 2378 936 2419 libro
959 2377 1012 2419 de
1031 2378 1200 2418 Anima
1224 2384 1266 2418 et
1288 2379 1654 2432 consequentibus
1678 2380 1733 2421 ad
1756 2381 1896 2435 ipsum
1931 2380 2066 2434 (idem
2089 2381 2131 2420 in
2154 2381 2321 2432 Physz'c.
2346 2382 2375 2430 I,

180 2451 208 2488 1,
233 2440 290 2494 4).
317 2457 332 2477 ›
373 2440 443 2481 Ex
474 2440 541 2481 his
574 2446 719 2481 autem
753 2440 1000 2482 Aristotelis
1035 2440 1152 2481 libris
1185 2440 1330 2494 plures
1363 2454 1395 2481 s.
1421 2440 1616 2482 Thomas
1649 2442 1740 2483 suis
1777 2442 2376 2497 praeclarissimis-commen-

180 2501 298 2543 tariis
332 2501 575 2552 illustravit;
610 2508 653 2543 et
675 2503 831 2544 horum
855 2502 1265 2544 commentariorum
1287 2502 1458 2543 tertium
1482 2503 1564 2543 hoc
1586 2504 1792 2545 volumen
1816 2504 1912 2544 illos
1936 2503 2240 2558 complectitur,
2265 2518 2376 2558 quos

182 2564 422 2620 Angelicus
457 2565 726 2606 elucubravit
759 2578 890 2620 super
922 2565 1056 2606 libros
1089 2564 1142 2606 de
1180 2564 1308 2605 Caelo
1341 2568 1385 2605 et
1402 2565 1588 2613 Mundo,
1624 2565 1678 2606 de
1717 2566 2000 2607 Generatione
2021 2569 2064 2606 et
2087 2566 2374 2620 Corruptz'one,

182 2632 226 2667 et
256 2627 700 2681 Meteorologicorum.
721 2628 806 2677 ‚De
840 2628 957 2669 hisce
990 2627 1126 2668 tribus
1170 2627 1418 2668 Aristotelis
1453 2627 1583 2675 libris,
1608 2627 1750 2682 deque
1779 2628 2095 2669 commentariis
2129 2641 2161 2668 s.
2181 2628 2377 2670 Thomae

181 2701 313 2743 super
345 2702 702 2744 unumquemque
736 2689 943 2744 ipsorum,
979 2703 1149 2730 necnon
1184 2688 1238 2729 (16
1273 2688 1497 2730 codicibus
1531 2689 1689 2743 quibus
1712 2691 1776 2731 usi
1806 2704 1955 2731 sumus
1978 2690 2020 2731 in
2043 2691 2125 2731 hoc
2158 2690 2376 2737 volumine

181 2751 451 2800 adornando,
486 2765 624 2807 pauca
657 2751 700 2792 in
734 2752 916 2793 modum
949 2751 1234 2793 Praefationis
1265 2757 1366 2791 sunt
1400 2751 1667 2793 declaranda.

878 2882 967 2933 DE
1008 2880 1248 2934 CAELO
1291 2881 1375 2932 ET
1417 2881 1689 2934 MUNDO

308 3000 338 3040 I.
362 3000 504 3041 LIBER
526 3001 847 3042 ARISTOTEus.
872 3025 891 3032 -
913 3000 1084 3042 Titulus
1119 3006 1162 3041 et
1194 3000 1436 3041 subiectum
1470 3000 1596 3041 huius
1630 3001 1736 3049 libri,
1762 3000 1834 3054 qui
1868 3000 1982 3054 apud
2006 3000 2197 3040 Graecos
2226 2999 2377 3040 dicitur

182 3061 432 3116 simpliciter
462 3061 517 3102 de
552 3062 697 3111 Caelo,
733 3063 1000 3118 explicantur
1032 3063 1087 3103 ab
1122 3063 1217 3117 ipso
1252 3076 1286 3103 s.
1310 3062 1483 3103 Thoma
1517 3063 1559 3103 in
1592 3063 1818 3117 prooemio
1854 3061 1973 3116 quod
2007 3061 2062 3102 ad
2094 3075 2222 3103 suum
2256 3075 2375 3102 com-

183 3123 439 3165 mentarium
471 3124 715 3178 praemittit.
749 3125 813 3166 Ibi
847 3125 962 3166 enim
997 3125 1175 3179 exponit
1207 3130 1251 3180 et
1283 3124 1340 3164 ad
1374 3138 1555 3165 examen
1589 3131 1764 3166 revocat
1797 3124 2023 3178 opiniones
2059 3137 2188 3178 super
2221 3124 2299 3164 hac
2331 3136 2376 3165 re

181 3185 460 3240 antiquorum
494 3192 896 3237 commentatorum,
921 3186 1171 3235 Alexandri,
1208 3186 1636 3241 Syriani‚1amblichi
1670 3193 1712 3227 et
1745 3186 1972 3240 Simplicii;
2009 3192 2050 3226 et
2072 3185 2287 3227 concludit
2309 3200 2375 3226 ra-

181 3247 501 3289 tionabiliorem
534 3247 671 3288 videri
705 3249 963 3290 sententiam
996 3241 1247 3297 Alexandri,
1278 3249 1352 3303 qui
1393 3267 1406 3284 ‹
1438 3249 1637 3303 opinatus
1671 3254 1736 3289 est
1770 3248 1890 3303 quod
1923 3248 2163 3288 subiectum
2200 3247 2253 3288 de
2287 3261 2375 3302 quo

181 3310 470 3365 principaliter
501 3309 544 3350 in
578 3310 661 3350 hoc
693 3309 804 3351 libro
838 3311 991 3367 agitur,
1019 3311 1075 3352 sit
1107 3311 1250 3366 ipsum
1283 3310 1544 3351 universum.
1570 3309 1710 3359 Unde,
1735 3323 1834 3351 cum
1866 3310 2031 3350 caelum
2064 3310 2279 3364 tripliciter
2311 3309 2376 3350 di-

183 3378 319 3421 catur,
355 3372 622 3427 quandoque
655 3372 749 3427 ipsa
781 3372 931 3413 ultima
963 3373 1156 3427 sphaera,
1182 3373 1447 3427 quandoque
1481 3378 1620 3413 totum
1655 3386 1810 3427 corpus
1845 3372 1965 3426 quod
1994 3372 2248 3412 circulariter
2280 3385 2375 3412 mo-

181 3441 327 3484 vetur,
363 3434 630 3489 quandoque
665 3440 809 3475 autem
852 3434 994 3489 ipsum
1038 3435 1310 3483 universum,
1353 3435 1504 3475 asserit
1546 3434 1658 3475 hunc
1698 3435 1852 3475 librum
1892 3434 2090 3475 intitulari
2129 3434 2181 3474 de
2223 3433 2373 3480 Caelo,

182 3497 308 3551 quasi
340 3496 394 3537 de
433 3498 643 3538 Um'verso
674 3497 744 3538 vel
777 3497 830 3537 de
862 3496 1040 3537 Mundo.
1066 3514 1082 3533 1>
1111 3498 1192 3537 Est
1225 3510 1331 3552 ergo
1354 3497 1534 3537 intentio
1567 3497 1820 3551 Philosophi
1855 3497 1896 3536 in
1929 3497 2012 3536 hoc
2041 3496 2150 3536 libro
2176 3495 2375 3536 determi-

183 3572 284 3607 nare
318 3558 373 3599 de
406 3559 624 3608 universo,
650 3565 692 3600 et
714 3559 768 3600 de
802 3559 882 3600 illis
904 3559 1096 3613 partibus
1137 3576 1152 3594 α
1176 3572 1288 3612 quae
1311 3559 1450 3612 primo
1477 3565 1518 3599 et
1539 3572 1615 3613 per
1645 3572 1692 3599 se
1717 3559 1876 3599 habent
1898 3558 2026 3599 situm
2049 3558 2091 3598 in
2115 3557 2315 3598 universo
2340 3575 2375 3605 »,
