2690 4062
1093 214 1206 251 CAP.
1238 215 1268 262 1,
1300 215 1452 253 LECT.
1484 218 1514 253 11

2272 234 2415 260 Lxxxvu

882 441 1242 500 LECTIO
1296 446 1758 506 SECUNDA

996 599 1054 629 DE
1078 599 1337 632 INCENSIONE
1361 604 1418 634 ET
1442 605 1634 637 FULMINE

207 725 316 758 Ὃταν
341 720 380 757 δὲ
403 723 680 769 κατασπώμενον
706 725 884 770 ἐκπυρωθῇ
912 728 1039 771 (τοῦτο
1064 723 1093 759 δ’
1116 729 1222 769 ἐστὶν,
1251 729 1289 762 ἂν

282 769 494 813 λεπτότερον
515 771 558 802 ‘ro‘
585 771 721 814 πνεῦμα
737 770 916 816 γένηται),
934 774 1095 805 καλεῖται
1112 774 1269 818 πρηστήρ
1281 787 1288 794 ·

254 817 552 892 ὰσυδνεκπίμπρησι
565 814 631 860 γάρ
649 817 708 848 τὸν
726 815 810 860 ἀέρα
825 817 870 859 τῇ
888 816 1032 861 πυρώσει
1048 819 1286 863 χρωματίζων.

208 859 250 892 'E
277 870 293 890 ν
337 859 346 870 θ
525 860 539 868 C
605 860 623 867 “⁸
683 859 690 870 Ι

283 903 433 947 πνεῦμα,
459 904 569 937 τοῦτο
593 906 729 949 γίνεται
752 905 930 948 κεραυνός,Ι
956 906 1016 938 ἑοὶν
1041 907 1101 951 μὲν
1127 907 1217 941 πάνυ
1237 909 1291 940 λε-

283 947 394 990 πτὸν,
421 946 481 980 οὐκ
507 949 656 982 ἐπικαίων
681 945 742 983 δια
769 950 999 992 λεπτότητα,
1027 951 1062 983 ὃν
1089 954 1118 984 οἱ
1144 955 1289 990 ποιηταὶ

284 992 424 1039 ἀργῆτα
457 994 642 1036 καλοῦσιν,
670 994 729 1028 ἐὰν
753 990 782 1026 δ’
812 995 944 1037 ἧττον,
971 995 1141 1038 ἐπικαίων,
1169 997 1203 1029 ὃν
1234 996 1289 1041 ψο-

281 1036 411 1070 λόεντα
435 1039 616 1071 καλοῦσιν·

214 1081 234 1114 ὀ
258 1081 319 1126 μὲν
343 1082 409 1129 γοὶρ
434 1077 495 1116 διά
519 1083 583 1120 τήν
607 1083 816 1122 λεπτότητα
841 1083 996 1128 φέρεται,
1014 1079 1075 1117 διαὶ
1097 1080 1135 1116 δὲ
1160 1085 1202 1117 τὸ
1227 1085 1289 1118 τά-

282 1137 343 1172 χος
367 1126 485 1172 φθάνει
509 1123 638 1170 διεξιών
657 1130 733 1172 πρὶν
755 1130 948 1174 ἐκπυρῶσαι
971 1131 1030 1161 καὶ
1049 1124 1288 1173 ἐπιδιατρίψας

225 1198 234 1208 x
248 1168 548 1214 &ffli'rmudsse‘
567 1168 774 1218 βραδύτερος
801 1174 925 1219 ἔχρωσε
950 1174 1024 1218 μὲν,
1043 1174 1164 1206 ἔκαυσε
1181 1170 1211 1206 δ’
1235 1175 1286 1216 οδ,

284 1215 358 1248 ἀλλ’
389 1215 514 1261 ἔφθασε
539 1212 650 1249 διιών·
677 1213 731 1251 διὸ
755 1219 814 1250 καὶ
839 1218 887 1250 τοὶ
911 1219 971 1263 μὲν
999 1217 1290 1255 ἀντιτυπήσαντα

282 1260 412 1307 πάσχει
437 1273 493 1303 τι,
519 1262 568 1295 τοὶ
591 1257 630 1294 δὲ
655 1263 703 1307 μή
734 1262 850 1304 οὐθὲν,
877 1263 946 1295 οἷον
978 1259 1121 1300 ἀσπίδος
1153 1259 1219 1301 ἤδη
1247 1264 1289 1296 τὸ

282 1304 344 1348 μὲν
368 1305 539 1351 χάλκωμα
565 1305 689 1348 ἐτάκη,
709 1307 750 1340 τὸ
769 1304 807 1340 δὲ
827 1307 928 1349 ξύλον
947 1306 1043 1340 οὐθὲν
1062 1305 1204 1340 ἔπαθεν·
1232 1304 1291 1340 διαὶ

218 1355 222 1363 ·’
309 1350 348 1395 alp
373 1350 562 1394 μανότητα
587 1350 710 1396 ἔφθασε
733 1352 774 1384 τό
793 1352 929 1395 πνεῦμα
945 1347 1102 1389 διηθηθὲν
1127 1355 1185 1384 καὶ
1203 1347 1287 1384 διελ·

231 1422 235 1426 .
281 1361 353 1428 ³6³0.
379 1396 446 1428 Καὶ
470 1392 508 1428 δι’
537 1398 684 1438 ἱματίων
711 1397 834 1439 ὁμοίως
859 1397 919 1428 οὐκ
945 1396 1100 1438 ἔκαυσεν,
1125 1396 1197 1429 ἀλλ’
1221 1397 1288 1429 οἷον

283 1439 408 1485 τρῦχος
433 1438 608 1478 ἐποίησεν·

214 1480 292 1518 ὥσθ’
313 1482 368 1517 ὅτι
384 1497 424 1531 γε
448 1485 632 1529 πνεύματα
652 1485 773 1518 ταῦτα
794 1485 928 1525 πάντα,
946 1481 1051 1523 δῆλον
1075 1488 1134 1518 καὶ
1160 1486 1196 1518 ἐκ
1222 1487 1288 1519 τῶν

283 1528 465 1563 τοιούτων.
495 1529 596 1563 Ἔστι
619 1524 649 1561 δ’
672 1529 782 1562 ἐνίοτε
806 1532 864 1562 καὶ
891 1534 962 1568 τοῖς
990 1530 1118 1575 ὄμμασι
1140 1529 1286 1575 θεωρεῖν,

254 1576 255 1579 ’
284 1573 353 1606 οἷον
385 1575 445 1606 καὶ
469 1574 526 1606 νῦν
558 1572 762 1618 ἐθεωροῧμεν
794 1577 867 1619 περὶ
901 1575 960 1607 τὸν
993 1576 1026 1607 ἑν
1053 1574 1181 1620 Ἐφέσῳ
1206 1575 1288 1608 ναὸν

240 1616 469 1662 ’,καόμενον
501 1619 665 1664 πολλαχῇ
696 1619 763 1665 ’γάρ
789 1620 810 1656 ἥ
836 1618 919 1664 φλὸξ
951 1619 1091 1664 ἐφέρετο
1122 1620 1287 1665 συνεχής,

284 1662 518 1707 ἀποσπωμένη
539 1666 657 1708 χωρίς·
677 1661 732 1696 ὅτι
749 1664 809 1708 μὲν
827 1664 892 1710 γάρ
912 1662 928 1696 ὅ
946 1676 985 1697 τε
1005 1664 1134 1702 καπνὸς
1154 1666 1289 1709 πνεῦμα

216 1719 225 1739 2
245 1708 340 1740 Ϊξκαῑ
359 1706 487 1740 καίεται
505 1708 521 1740 ὁ
540 1708 685 1749 καπνὸς,
704 1709 861 1753 φανερὸν,
881 1710 940 1741 καὶ
956 1711 1092 1753 εἴρηται
1109 1710 1142 1741 ἐν
1160 1709 1287 1752 ἑτέροις

221 1763 224 1769 ·
243 1765 255 1784 -τ
282 1749 467 1796 πρότερον·
495 1751 580 1786 ὅταν
606 1749 635 1784 δ’
658 1750 778 1798 ἀθρόον
803 1754 911 1798 χωρῇ,
930 1752 1014 1786 τότε
1031 1755 1179 1797 φανερῶς
1197 1753 1291 1786 δοκεῖ

282 1797 419 1841 πνεῦμα
443 1793 542 1830 εἶναι.
574 1796 678 1843 Ὅπερ
705 1795 762 1830 οὖν
788 1797 820 1830 ἐν
846 1801 924 1836 ταῖς
949 1802 1081 1842 μικραῖς
1107 1803 1288 1842 πυρκαϊαῖς

307 1842 464 1883 αίνεται,
495 1842 603 1875 τοῦτο
635 1844 696 1874 καὶ
728 1841 811 1876 τότε
844 1843 973 1880 πολλῆς
1007 1841 1088 1880 ὕλης
1119 1842 1289 1888 καομένης

281 1851 305 1919 ἵ
339 1897 416 1918 νετο
449 1887 566 1928 πολλῷ
595 1886 828 1943 ἰσχυρότερον.
865 1886 1097 1934 Ῥηγνυμένων
1130 1885 1187 1919 οὖν
1221 1889 1288 1920 τῶν

281 1929 300 1972 ξ
323 1931 406 1971 λων,
425 1929 500 1963 ὅθεν
518 1931 539 1968 ’ἦ
560 1931 650 1977 οἱρχη
676 1932 739 1964 τοῦ
765 1930 962 1976 πνεύματος
988 1931 1043 1973 ἥν,
1063 1932 1151 1964 πολὺ
1173 1930 1289 1978 ἐχώρει

260 2000 263 2003 ᾗ
283 1973 405 2020 ἀθρόον
420 1998 429 2016 ,
457 1974 655 2017 ᾐοέξέπνει,
680 1977 740 2008 καὶ
765 1974 902 2021 ἐφέρετο
930 1976 998 2008 ἄνω
1023 1978 1262 2021 πεπυρωμένον
1276 2002 1285 2019 ,

218 2043 232 2050 2.
259 2019 363 2053 ’.ὥστ’
392 2016 550 2064 ἐφαίνετο
576 2021 597 2057 ἡ
623 2019 706 2065 φλὸξ
738 2019 895 2065 φέρεσθαι
927 2023 986 2053 καὶ
1017 2021 1210 2053 εἰσπίπτειν
1241 2023 1287 2060 εἱς

269 2064 359 2105 ’τὰς’
375 2064 500 2102 οἰκίας·

215 2106 271 2141 ἀεὶ
286 2109 355 2156 γάρ
372 2107 502 2141 οἴεσθαι
519 2107 572 2141 δεῖ
587 2108 846 2142 συνακολουθεῖν
865 2114 936 2149 τοῖς
959 2114 1132 2155 κεραυνοῖς
1151 2111 1287 2156 πνεῦμα

219 2172 227 2176 -
259 2153 340 2186 υκαὶ
356 2152 530 2198 προϊέναι·
554 2154 627 2187 ἀλλ’
649 2155 713 2200 οὐχ
739 2155 865 2199 ὁρᾶται
881 2154 941 2187 διαὶ
958 2156 1000 2188 τό
1019 2155 1286 2200 ἀχρωμάτιστον

281 2195 388 2231 εἶναι·
413 2193 468 2230 διὸ
490 2200 548 2231 καὶ
567 2198 588 2241 ᾗ
605 2198 722 2243 μέλλει
741 2199 927 2241 πατάξειν,
945 2203 1091 2232 κινεῖται
1109 2202 1184 2244 πρὶν
1203 2202 1288 2238 πλη-

279 2243 400 2290 γῆναι,
420 2241 484 2275 ἅτε
509 2243 674 2288 πρότερον
699 2244 982 2288 προσπιπτούσης
1010 2245 1072 2282 τῆς
1096 2245 1203 2291 ἀρχῆς
1224 2246 1287 2278 τοῦ

282 2288 366 2320 πνεύ
396 2298 493 2324 ατος.

213 2331 282 2364 Καὶ
307 2333 343 2364 αἰ
355 2298 392 2371 g
410 2333 510 2365 ονταὶ
530 2327 569 2364 δὲ
592 2334 652 2365 καὶ
671 2333 849 2377 ἀστραπαὶ
866 2327 1037 2366 διιστᾶσιν
1057 2333 1095 2365 οὐ
1113 2334 1162 2375 τῷ
1179 2332 1285 2378 ψόφῳ,

222 2390 223 2393 ’
282 2376 357 2410 ἀλλ’
379 2343 433 2410 ἔτι
460 2375 532 2430 ἅμα
556 2379 807 2420 συνεκκρίνεται
833 2377 875 2410 τὸ
899 2378 964 2415 τήν
983 2378 1119 2425 πληγήν
1138 2378 1286 2415 ποιῆσαν

278 2420 338 2453 καὶ
363 2420 424 2453 τὸν
449 2421 553 2466 ψοφον
587 2423 738 2466 πνεῦμα·
767 2422 783 2453 ὃ
807 2421 868 2454 ἐάν
893 2422 1060 2466 πατάξῃ,
1086 2419 1285 2464 διέστησεν,

225 2492 230 2494 s
282 2463 452 2498 ἂπέκαυσε
472 2460 501 2497 δ’
523 2466 574 2498 οὔ.
599 2467 676 2508 Περὶ
700 2466 760 2510 μὲν
782 2464 839 2498 οὖν
858 2466 1002 2511 βροντῆς
1027 2469 1085 2499 καὶ
1105 2468 1286 2511 ἀστραπῆς

232 2524 234 2526 v
278 2511 340 2542 καὶ
364 2510 531 2555 ἐκνεφίου,
548 2510 603 2543 ἔτι
619 2506 656 2543 δὲ
674 2510 877 2555 πρηστήρων
903 2523 941 2543 τε
965 2513 1024 2543 καὶ
1045 2511 1202 2555 τυφώνων
1226 2513 1285 2544 καὶ

279 2551 462 2600 κεραυνῶν,
481 2556 628 2599 εἴρηται,
654 2557 716 2588 καὶ
741 2554 794 2589 ὅτι
820 2555 934 2590 ταύτὸ
960 2555 1094 2598 πάντα,
1112 2558 1170 2588 καὶ
1192 2558 1242 2594 τίς
1265 2557 1286 2593 ἡ

222 2616 226 2619 -
279 2595 429 2644 διαφορά
452 2599 580 2632 αὐτῶν.

451 2687 546 2722 einde
559 2697 647 2721 vcurn
672 2687 767 2722 dicit:
795 2688 875 2722 Cum
898 2695 999 2721 autem
1021 2689 1171 2722 detractus
1189 2690 1286 2733 ignia-

357 2744 398 2772 t..
415 2732 421 2740 ’“
451 2739 504 2766 tur
524 2740 602 2773 etc.‚
629 2732 824 2766 determinat
847 2732 887 2766 de
911 2734 1112 2766 incensione.
1133 2733 1175 2766 Et
1198 2733 1286 2773 dicit,

237 2787 255 2806 ,⁴
273 2790 282 2809 .·
378 2774 411 2805 ἱ*
451 2776 542 2821 quod
557 2788 635 2810 cum
651 2777 786 2821 spiritus
802 2777 953 2810 subtilior
992 2788 1069 2810 uam
1083 2776 1138 2810 ille
1157 2789 1197 2810 ex
1218 2788 1286 2821 quo

276 2819 282 2825 ¹
298 2830 301 2833 ’
322 2812 409 2872 θὶέἕ*
451 2829 626 2866 generatur
637 2821 754 2866 typho,
770 2830 959 2865 segregatus
969 2789 1073 2854 querit
1086 2833 1125 2854 ex
1142 2821 1240 2861 nube,
1254 2829 1287 2854 et

185 2902 188 2905 ,
325 2860 332 2866 ”
401 2860 575 2910 ’ignitus
598 2874 734 2910 propter
757 2877 852 2899 suam
868 2865 1080 2898 subtilitatem
1100 2874 1132 2898 et
1154 2874 1285 2898 motum

214 2910 400 2945 violentum
417 2909 524 2950 calidi,
541 2918 620 2944 tunc
633 2909 672 2943 fit
687 2911 798 2954 passio
819 2921 903 2955 quae
919 2909 1038 2943 dicitur
1059 2910 1218 2943 incensio.
1244 2910 1286 2942 Et

215 2955 298 2990 haec
313 2953 477 2988 exhalatio
493 2955 541 2987 sic
561 2955 704 2995 incensa,
726 2954 873 2988 cadendo
895 2953 1082 2987 coincendit
1103 2965 1211 2987 aerem
1251 2965 1286 2986 er

216 3011 318 3045 quem
330 2998 416 3032 cadit
421 3011 431 3039 3
446 2998 504 3032 sed
517 2999 594 3043 quia
610 2998 665 3032 illa
677 3000 825 3032 incensio
838 3010 907 3032 non
920 3007 970 3031 est
981 2997 1074 3031 fortis
1087 2997 1144 3031 sed
1157 2997 1231 3038 debi
1245 2998 1283 3038 is,

215 3043 346 3078 videtur
369 3043 480 3087 potius
505 3043 667 3088 quaedam
691 3043 850 3076 coloratio
874 3043 957 3076 aeris
981 3042 1022 3076 ad
1045 3042 1184 3075 modum
1208 3041 1282 3075 albi.

273 3098 303 3122 2.
320 3087 450 3122 Deinde
474 3099 551 3120 cum
567 3087 661 3121 dicit:
687 3087 720 3121 si
742 3094 843 3121 autem
861 3088 893 3120 in
916 3087 981 3132 ipsa
1000 3095 1072 3127 etc.‚
1092 3086 1286 3119 determinat

216 3132 258 3167 de
281 3132 428 3166 fulmine.
445 3132 487 3166 Et
510 3132 594 3165 circa
617 3131 682 3165 hoc
701 3133 761 3165 tria
784 3131 876 3165 facit:
902 3132 1010 3174 primo
1028 3131 1222 3164 determinat
1245 3130 1285 3163 de

216 3176 370 3217 fulmine;
385 3175 532 3210 secundo
545 3176 585 3209 de
598 3175 715 3209 effectu
729 3177 810 3217 eius,
819 3175 880 3209 ibi:
897 3175 959 3208 Hic
971 3175 1092 3219 quidem
1103 3174 1204 3208 enim*
1213 3183 1285 3215 etc.;

216 3222 314 3255 tertio
331 3220 499 3254 concludit
514 3220 683 3265 quoddam
700 3220 910 3253 corollarium
923 3231 963 3252 ex
978 3219 1083 3258 dictis,
1097 3219 1159 3251 ibi:
1181 3218 1287 3261 Quare

216 3272 244 3300 et
257 3265 338 3310 quod
351 3266 474 3316 spiritus
497 3266 515 3286 *
538 3274 599 3298 etc.
619 3265 671 3298 De
694 3265 803 3308 primo
827 3275 907 3307 ergo
924 3263 1011 3303 dicit,
1036 3262 1127 3307 quod
1150 3263 1176 3295 si
1194 3263 1286 3312 spiri-

217 3319 270 3344 tus
294 3309 422 3343 subtilis
446 3309 629 3342 secundum
652 3309 867 3342 substantiam
891 3316 923 3340 et
946 3307 1070 3339 multus
1098 3307 1132 3339 in
1157 3315 1286 3350 quanti-

217 3362 293 3395 tate,
310 3353 500 3387 extrudatur
515 3365 534 3387 a
549 3352 669 3397 frigido
687 3352 777 3397 quod
793 3361 842 3384 est
858 3353 891 3384 in
907 3352 979 3395 ipsa
997 3350 1096 3390 nube,
1112 3359 1286 3400 generatur

217 3397 354 3438 fulmen,
371 3397 462 3442 quod
484 3405 634 3442 penetrat
657 3405 690 3430 et
711 3396 758 3429 fre
783 3404 898 3429 uenter
921 3395 1027 3428 adurit
1057 3394 1138 3427 illud
1162 3395 1215 3427 cui
1238 3405 1286 3426 in-

218 3442 307 3476 cidit.
335 3441 439 3483 Quod
464 3441 599 3487 quidem
623 3450 672 3474 est
703 3441 769 3484 dup
784 3452 840 3473 ex:
865 3451 942 3472 nam
967 3439 993 3471 si
1025 3439 1157 3482 spiritus
1189 3437 1287 3470 fuerit

218 3487 324 3530 magis
347 3485 474 3519 subtilis
499 3497 599 3531 quam
623 3484 762 3525 calidus,
785 3483 821 3516 fit
844 3483 969 3516 fulmen
992 3482 1285 3533 vehementer-pe-

219 3539 362 3571 netrans,
378 3530 436 3564 sed
459 3542 528 3564 non
552 3529 677 3569 adurit3
701 3529 728 3561 si
745 3537 855 3561 autem
879 3526 1041 3560 exhalatio
1060 3525 1157 3559 fuent
1175 3537 1285 3558 mmus

218 3574 346 3608 subtilis
370 3583 402 3608 et
418 3575 522 3618 magis
547 3573 661 3614 calida,
677 3572 714 3605 fit
729 3571 855 3605 fulmen
879 3570 969 3615 quod
985 3570 1107 3603 tardius
1127 3578 1284 3614 penetrat,

1315 737 1319 769 Ι
1343 733 1359 750 *
1375 736 1461 767 Cum
1484 745 1591 770 autem
1614 741 1769 773 detractus
1792 743 1929 783 igniatur
1952 743 2027 788 (hoc
2045 754 2152 778 autem
2176 755 2222 780 est
2238 760 2313 781 cum
2336 753 2408 782 sub·
2438 758 2449 769 ⁸
2463 758 2617 788 Seq.cap.1.

1411 782 1496 812 tilior
1512 783 1638 823 spiritus
1662 785 1761 816 factus
1785 787 1907 831 fuerit),
1931 797 2062 821 vocatur
2080 792 2239 825 incensio:
2265 795 2410 826 coincen-

1412 826 1458 857 dit
1480 827 1566 859 enirn
1588 838 1693 859 aerem
1715 830 1867 870 ignitione
1891 834 2044 866 colorans.

376 859 409 890 ὲν
445 860 540 900 αὐτῳ
573 871 622 900 τῳ
655 872 744 905 νεφει
777 862 865 893 πολι)
886 864 956 893 ’καὶ
987 862 1117 894 λεπτὸν
1149 863 1288 906 ἐκθλιβῇ
1344 869 1377 900 Si
1393 877 1500 902 autem
1515 871 1549 902 in
1564 872 1632 912 ipsa
1648 874 1732 904 nube
1748 876 1868 907 multus
1891 885 1922 908 et
1942 878 2064 910 subtilis
2081 882 2255 913 extruditur
2270 884 2408 924 spiritus,

1410 915 1473 946 hoc
1496 915 1531 947 fit
1554 916 1687 956 fulmen,
1711 919 1737 948 si
1760 920 1890 960 quidem
1912 923 2003 953 valde
2026 925 2160 964 subtilis,
2183 937 2250 957 non
2274 929 2408 959 adurens

1410 966 1542 1011 propter
1555 962 1770 1002 subtilitatem,
1787 974 1884 1004 quem
1903 974 2015 1006 poetae
2039 976 2143 1009 argeta
2158 978 2288 1012 vocant3
2312 972 2338 1003 si
2353 983 2408 1004 au-

1411 1011 1476 1035 tem
1499 1014 1618 1044 rmnuS,
1642 1007 1792 1046 adurens,
1817 1019 1915 1049 quem
1937 1012 2105 1051 psoloenta
2127 1022 2251 1046 vocant.

1343 1092 1406 1124 Hic
1421 1094 1553 1143 quidem
1568 1095 1654 1126 enirn
1669 1104 1797 1137 propter
1820 1100 2023 1132 subtilitatem
2046 1101 2154 1142 fertur,
2177 1111 2307 1145 propter
2323 1106 2409 1137 velo—

1411 1145 1537 1169 citatem
1552 1146 1661 1170 autem
1676 1143 1836 1181 praevenit
1851 1146 2058 1183 pertransiens
2075 1154 2245 1189 antequam
2259 1149 2406 1190 igniatur,

1411 1188 1442 1212 et
1464 1192 1590 1214 moram
1612 1184 1729 1215 faciens
1752 1186 1908 1227 denigret;
1932 1189 1982 1220 hic
1998 1197 2105 1222 autem
2123 1192 2240 1223 tardius
2257 1195 2409 1226 coloravit

1379 1254 1382 1258 ,
1411 1226 1553 1267 quidem,
1566 1228 1686 1260 adussit
1701 1236 1808 1261 autem
1824 1242 1900 1270 non,
1914 1234 1968 1264 sed
1981 1235 2151 1274 praevenit.
2168 1237 2302 1278 Propter
2319 1239 2408 1280 quod

1411 1277 1443 1301 et
1457 1271 1630 1303 resistentia
1645 1274 1776 1314 quidem
1793 1277 1955 1316 patiuntur
1970 1278 2100 1319 aliquid,
2111 1290 2193 1320 quae
2209 1289 2316 1312 autem
2329 1293 2407 1322 non,

1411 1314 1504 1346 nihil:
1529 1323 1565 1347 ut
1580 1318 1670 1358 quod
1692 1319 1794 1360 clypei
1816 1330 1960 1352 aeramen
1975 1322 2182 1363 liquefactum
2197 1325 2267 1365 fuit,
2283 1327 2407 1366 lignum

1412 1366 1519 1391 autem
1534 1361 1613 1392 nihil
1628 1372 1759 1402 passum
1775 1363 1850 1395 fuit:
1868 1372 1996 1406 propter
2007 1367 2165 1398 raritatem
2179 1369 2265 1400 enim
2277 1381 2404 1411 praeve-

1412 1404 1459 1435 nit
1475 1405 1602 1444 spiritus
1617 1413 1791 1449 *penetrans
1807 1415 1838 1439 et
1853 1410 2071 1449 pertransiens.
2095 1412 2136 1442 Et
2152 1423 2207 1452 per
2222 1415 2407 1446 vestimenta

1412 1448 1555 1480 similiter
1573 1460 1639 1480 non
1657 1452 1841 1490 combussit,
1860 1454 1914 1483 sed
1930 1455 2017 1486 velut
2037 1455 2229 1488 attritionem
2249 1458 2333 1490 fecit.

1344 1492 1451 1530 Quare
1474 1499 1506 1524 et
1520 1494 1609 1534 quod
1632 1494 1759 1534 spiritus
1782 1496 1859 1527 haec
1878 1498 1996 1537 omnia,
2019 1499 2126 1539 palam
2149 1511 2186 1532 ex
2203 1502 2327 1534 talibus.
2351 1504 2408 1535 Est

1411 1544 1519 1568 autem
1542 1538 1714 1578 aliquando
1738 1547 1768 1570 et
1792 1541 1893 1571 oculis
1911 1542 2016 1573 videre
2038 1544 2125 1575 velut
2140 1551 2171 1576 et
2189 1555 2274 1577 nunc
2296 1548 2408 1579 accidit

1411 1581 1491 1612 circa
1513 1582 1669 1622 templum
1686 1583 1719 1613 in
1735 1584 1862 1624 Epheso
1887 1588 2108 1619 combustum:
2133 1590 2172 1619 ad
2187 1591 2302 1621 multas
2322 1592 2407 1622 enim

1411 1633 1514 1666 partes
1546 1626 1676 1658 flamma
1708 1627 1864 1660 ferebatur
1893 1631 2059 1671 continua,
2091 1632 2221 1665 discreta
2251 1645 2405 1667 seorsum.

1412 1670 1511 1708 Quod
1526 1670 1657 1711 quidem
1676 1672 1762 1702 enim
1779 1672 1886 1704 fumus
1902 1675 2039 1715 spiritus,
2052 1683 2083 1707 et
2100 1677 2187 1708 ardet
2202 1678 2322 1718 fumus,
2337 1690 2406 1710 ma·

1411 1714 1561 1746 nifestum
1577 1722 1633 1754 est,
1651 1723 1682 1747 et
1696 1716 1817 1748 dictum
1839 1725 1886 1749 est
1907 1719 1940 1749 in
1963 1720 2065 1751 alteris
2081 1721 2185 1761 prius;
2211 1733 2284 1753 cum
2300 1731 2407 1755 autem

1409 1759 1530 1790 multus
1546 1760 1642 1791 simul
1663 1761 1762 1800 cedat,
1777 1769 1853 1793 tunc
1872 1764 2035 1795 manifeste
2049 1765 2173 1796 videtur
2188 1767 2313 1807 spiritus
2328 1778 2405 1799 esse.

1411 1804 1510 1841 Quod
1539 1804 1670 1845 quidem
1699 1805 1732 1836 in
1766 1807 1869 1847 parvis
1898 1807 2103 1848 ignitionibus
2126 1810 2249 1841 videtur
2259 1834 2268 1849 ,
2292 1812 2354 1843 hoc
2377 1819 2408 1843 et

1410 1855 1486 1879 tunc
1509 1849 1610 1879 multa
1633 1850 1762 1880 materia
1780 1852 1944 1882 combusta
1961 1852 2054 1884 fiebat
2076 1854 2179 1884 multo
2196 1854 2316 1886 fortius.
2340 1857 2405 1887 Ru-

1410 1892 1472 1933 ptis
1490 1893 1586 1933 igitur
1607 1893 1711 1933 lignis,
1728 1895 1813 1925 unde
1832 1896 2023 1937 principium
2046 1897 2172 1938 spiritus
2196 1906 2271 1938 erat,
2287 1901 2406 1932 multus

1410 1937 1573 1968 secedebat
1586 1937 1693 1976 simul,
1704 1949 1768 1979 qua
1780 1939 1914 1978 efflabat,
1927 1947 1958 1971 et
1970 1941 2125 1973 ferebatur
2139 1952 2266 1973 sursum
2279 1943 2406 1984 ignitus,

1409 1987 1453 2012 ut1
1468 1981 1625 2012 videretur
1646 1981 1775 2013 flamma
1798 1983 1869 2014 ferri
1893 1991 1924 2016 et
1945 1985 2092 2016 invadere
2115 1986 2240 2018 domos.

1343 2114 1475 2155 Semper
1498 2115 1583 2146 enim
1612 2122 1740 2156 oportet
1767 2123 1877 2157 putare
1901 2118 2025 2159 assequi
2048 2118 2234 2150 fulminibus
2258 2121 2405 2161 spiritus,

1410 2166 1440 2190 et
1456 2160 1651 2199 praecedere,
1666 2161 1720 2191 sed
1743 2171 1810 2192 non
1833 2162 1990 2201 videntur,
2007 2163 2082 2203 quia
2104 2164 2170 2194 sine
2194 2164 2299 2195 colore
2314 2173 2405 2204 sunt;

1409 2210 1539 2244 propter
1569 2205 1658 2245 quod
1682 2211 1713 2235 et
1735 2215 1799 2246 qua
1822 2206 1915 2237 debet
1937 2214 2116 2247 percutere,
2139 2215 2286 2240 movetur
2307 2210 2407 2250 prius-

1409 2258 1507 2289 quam
1532 2248 1743 2289 percutiatur,
1768 2256 1921 2292 tanquam
1951 2251 2038 2291 prius
2064 2251 2220 2283 incidente
2249 2253 2404 2295 principio

1409 2292 1546 2332 spiritus.
2115 2309 2120 2314 ¹
2279 2312 2284 2316 ·

1341 2336 1382 2368 Et
1403 2336 1545 2367 tonitrua
1567 2343 1675 2368 autem
1698 2338 1844 2370 dividunt
1866 2349 1933 2370 non
1956 2349 2048 2379 sono,
2073 2341 2128 2371 sed
2143 2341 2217 2382 quia
2242 2341 2336 2373 simul
2359 2353 2405 2373 se-

1408 2387 1555 2421 gregatur
1577 2382 1666 2422 quod
1685 2382 1812 2422 plagam
1833 2383 1905 2414 fecit
1921 2390 1951 2414 et
1966 2394 2084 2415 sonum
2107 2385 2251 2425 spiritus;
2274 2387 2363 2427 quod
2380 2387 2405 2417 si

1408 2425 1605 2466 percusserit,
1621 2425 1743 2465 dividit,
1760 2427 1862 2458 exurit
1884 2434 1991 2458 autem
2014 2438 2090 2459 non.
2114 2429 2162 2459 De
2178 2430 2318 2461 tonitruo
2334 2431 2405 2471 qui-

1408 2470 1483 2500 dem
1505 2469 1600 2510 igitur
1629 2476 1661 2500 et
1683 2471 1901 2502 coruscatione
1924 2479 1955 2503 et
1977 2473 2144 2513 ecnephia,
2168 2474 2271 2505 adhuc
2298 2481 2405 2505 autem

1409 2514 1448 2544 de
1470 2513 1707 2545 incensionibus
1739 2521 1770 2546 et
1798 2516 1994 2556 typhonibus
2014 2523 2049 2547 -et
2072 2517 2257 2548 fulminibus
2285 2518 2405 2549 dictum

1409 2564 1466 2596 est,
1490 2565 1521 2589 et
1543 2559 1633 2599 quod
1655 2559 1741 2589 idem
1764 2560 1883 2600 omnia,
1908 2567 1939 2591 et
1960 2571 2042 2602 quae
2065 2561 2236 2592 differentia
2258 2563 2404 2593 omnium

1408 2612 1563 2642 ipsorum.

1341 2697 1374 2722 et
1396 2689 1556 2722 maiorem
1580 2700 1709 2722 moram
1732 2689 1881 2723 faciendo
1900 2691 2016 2724 adurit.
2038 2692 2184 2725 Primum
2208 2701 2324 2737 poetae
2347 2705 2403 2726 vo-

1341 2742 1415 2766 cant
1439 2742 1567 2776 argeta,
1591 2733 1774 2767 secundum
1797 2746 1875 2767 vero
1899 2734 2080 2778 psoloenta.

1394 2787 1422 2820 3.
1443 2776 1572 2810 Deinde
1596 2789 1672 2810 cum
1692 2777 1785 2810 dicit:
1807 2778 1869 2812 Hic
1889 2779 2006 2822 quidem
2022 2780 2100 2812 enim
2118 2788 2190 2820 etc.‚
2209 2780 2402 2814 determinat

1340 2821 1380 2854 de
1404 2820 1547 2854 efficacia
1570 2822 1638 2854 sive
1662 2821 1778 2854 effectu
1803 2822 1958 2855 fulminis.
1979 2823 2020 2856 Et
2044 2823 2121 2856 dicit
2144 2823 2234 2867 quod
2255 2826 2400 2868 primum

1339 2865 1482 2906 fulmen,
1509 2865 1599 2909 quod
1622 2865 1745 2898 scilicet
1768 2874 1817 2899 est
1847 2867 1951 2910 magis
1974 2866 2091 2899 subtile
2115 2879 2213 2911 quam
2237 2868 2399 2909 calidum,

1340 2918 1474 2954 propter
1490 2910 1560 2942 eius
1576 2909 1787 2942 subtilitatem
1803 2910 2008 2943 velocissime
2027 2919 2189 2952 movetur,
2206 2920 2238 2944 et
2253 2921 2400 2956 penetrat

1340 2953 1394 2986 illa
1417 2965 1516 2997 super
1540 2965 1623 2997 quae
1647 2953 1732 2986 cadit
1755 2962 1930 2998 antequam
1958 2955 2029 2998 ipsa
2051 2956 2167 2998 igniat,
2191 2963 2224 2988 et
2246 2964 2296 2989 est
2318 2956 2400 2989 adeo

1340 2997 1468 3038 subtile,
1480 2997 1569 3042 quod
1587 3006 1733 3041 penetrat
1744 2998 1827 3030 intra
1842 3010 1893 3030 res
1905 3010 1964 3042 per
1976 3010 2094 3042 parvos
2106 3010 2207 3042 poros
2221 3009 2252 3032 et
2263 3001 2400 3033 insensi-

1340 3041 1430 3074 biles.
1445 3042 1493 3074 Ex
1506 3053 1572 3085 quo
1586 3042 1683 3074 etiam
1698 3042 1780 3074 ratio
1796 3041 1887 3075 reddi
1926 3051 2010 3075 otest
2025 3042 2206 3075 multorum
2223 3043 2400 3077 effectuum

1340 3085 1559 3125 mirabilium,
1590 3086 1646 3129 qui
1681 3085 1866 3118 efficiuntur
1888 3097 1906 3118 a
1950 3086 2015 3119 hoc
2038 3086 2184 3119 fulmine.
2213 3087 2400 3131 Aliquando

1341 3131 1430 3162 enim
1453 3130 1562 3162 visum
1586 3138 1643 3169 est,
1662 3129 1752 3173 quod
1774 3130 1840 3162 ictu
1864 3129 2009 3162 fulminis
2033 3130 2204 3174 liquefacta
2232 3140 2280 3164 est
2303 3143 2401 3175 pecu-

1340 3175 1394 3206 nia
1417 3174 1451 3205 in
1474 3174 1660 3217 marsupio,
1682 3173 1794 3206 illaeso
1818 3175 2003 3217 marsupio:
2031 3183 2063 3207 et
2086 3174 2150 3207 hoc
2173 3184 2307 3219 propter
2331 3177 2401 3208 eius

1341 3228 1495 3260 magnam
1518 3216 1740 3258 subtilitatem,
1757 3226 1892 3261 propter
1907 3229 2006 3262 quam
2029 3230 2087 3262 per
2107 3230 2208 3262 poros
2232 3228 2287 3252 aut
2303 3231 2402 3263 parva

1341 3261 1511 3301 foramina,
1527 3269 1584 3293 aut
1607 3273 1665 3305 per
1689 3273 1726 3294 os
1750 3262 1908 3305 marsupii
1938 3263 2119 3305 penetravit
2142 3262 2182 3296 ad
2205 3265 2401 3307 pecuniam,

1341 3305 1453 3338 illaeso
1477 3306 1655 3349 marsupio.
1673 3305 1715 3338 Et
1737 3305 1835 3338 simili
1858 3306 1983 3339 ratione
2006 3307 2131 3339 inventi
2150 3315 2227 3339 sunt
2249 3307 2400 3341 homines

1341 3349 1464 3382 mortui
1488 3361 1506 3382 a
1529 3348 1676 3390 fulmine,
1699 3350 1902 3382 vestimentis
1926 3350 2138 3383 exterioribus
2162 3350 2295 3392 illaesis;
2319 3363 2402 3395 puer

1341 3402 1438 3426 etlam
1462 3404 1496 3425 1n
1519 3401 1612 3426 utero
1629 3402 1740 3426 matris
1764 3402 1995 3426 exterminatus
2014 3403 2073 3434 est,
2092 3403 2194 3428 matre
2213 3405 2401 3429 remanente

1340 3433 1470 3470 intacta.
1487 3437 1577 3470 Dicit
1600 3438 1697 3470 etiam
1718 3437 1851 3478 Seneca,
1868 3437 1958 3482 quod
1974 3439 2089 3471 vinum
2113 3438 2311 3483 quandoque
2332 3441 2401 3473 sine

1342 3480 1569 3514 combustione
1592 3482 1721 3522 mansit,
1739 3490 1771 3514 et
1793 3482 1948 3514 remansit
1963 3482 1997 3514 in
2021 3481 2122 3523 dolio,
2143 3483 2265 3516 adustis
2289 3485 2400 3517 asseri-

1341 3525 1402 3558 bus
1426 3534 1458 3558 et
1480 3524 1521 3558 ad
1545 3534 1663 3558 terram
1692 3526 1855 3569 proiectis.
1880 3526 1921 3559 Et
1943 3525 2041 3559 huius
2064 3527 2147 3560 ratio
2172 3539 2241 3560 esse
2271 3536 2400 3571 potest,

1341 3570 1417 3613 quia
1440 3570 1541 3602 virtus
1566 3570 1766 3613 penetrativa
1788 3569 1932 3603 fulminis
1959 3582 2017 3614 per
2041 3582 2139 3615 quam
2163 3571 2322 3615 confregit
2350 3583 2399 3604 as-
