2782 4134
1174 282 1286 320 CAP.
1317 284 1348 331 1,
1379 283 1531 321 LECT.
1562 286 1575 321 1

2392 288 2469 327 263

1073 453 1374 512 LECTIO
1411 458 1673 514 PRIMA

353 585 637 617 ARISTOTELIS
659 585 924 617 PROOEMIUM
949 604 967 609 -
991 587 1048 618 DE
1073 588 1265 620 DIVERSIS
1288 591 1585 629 ANTIQUORUM
1608 594 1881 628 OPINIONIBUS
1901 597 2032 630 CIRCA
2055 599 2379 633 DIFFERENTIAM

731 643 1054 690 GENERATIONIS
1078 645 1136 675 ET
1159 646 1481 680 ALTERATIONIS
1506 668 1524 672 -
1548 651 1682 683 RATIO
1705 653 2004 687 DIVERSITATIS

269 753 346 799 Περὶ
369 747 408 784 δὲ
429 752 592 799 γενέσεως

335 795 578 841 φθειρομένων,
612 799 733 842 ὁμοίως
757 800 855 831 κατά
884 811 1045 841 παντων,
1072 812 1136 838 τας
1161 812 1201 832 τε
1227 801 1342 839 αἰτίας

335 838 526 886 διαιρετέον
550 843 610 874 καὶ
633 843 715 881 τούς
739 843 860 890 λόγους
886 844 1015 886 αὐτῶν,

269 887 322 920 ἔτι
346 882 385 919 δὲ
409 887 484 931 περὶ
509 885 683 927 αὐξήσεως
714 890 774 920 καὶ
798 888 1030 930 ἀλλοιώσεως,
1057 892 1091 920 τί
1117 889 1293 934 ἑκάτερον,

267 934 326 965 καὶ
352 930 497 976 πότερον
523 931 587 968 τὴν
607 930 720 969 αὑτήν
740 933 960 971 ὑποληπτέον
979 934 1075 978 φύσιν
1093 930 1179 966 εἶναι
1199 934 1339 967 ἀλλοιώ-

334 988 416 1014 σεως
445 976 504 1007 καὶ
527 975 710 1022 γενέσεως,
737 976 758 1015 ἦ
782 980 900 1023 χωρίς,
931 977 1043 1023 ὥσπερ
1074 973 1252 1024 διώρισται
1280 982 1338 1012 καὶ

335 1024 417 1059 τοῖς·
433 1019 607 1064 ὀνόμασιν.

265 1065 337 1097 Τῶν
361 1066 422 1110 μὲν
455 1063 512 1098 οὖν
545 1066 694 1111 ἀρχαίων
725 1069 755 1098 οἱ
788 1066 848 1110 μὲν
881 1067 945 1104 τήν
977 1067 1190 1111 καλουμένην
1224 1068 1338 1106 οἱπλῆν

281 1139 284 1142 .
331 1110 463 1156 γένεσιν
490 1108 668 1142 ἀλλοίωσιν
695 1108 780 1144 εἶναί
806 1123 920 1156 φασιν,
948 1114 977 1144 οἱ
1002 1113 1030 1145 δ’
1058 1111 1171 1157 ἕτερον
1192 1112 1350 1149 ἀλλοίωῳ

332 1166 384 1186 σιν
407 1156 466 1187 καὶ
489 1154 634 1201 γένεσιν.

258 1198 354 1232 Ὅσοι
378 1199 439 1244 μὲν
464 1202 531 1246 γάρ
546 1198 588 1232 Ῑὲν
615 1212 649 1232 τι
675 1200 717 1233 τὸ
742 1201 811 1233 πᾶν
835 1200 990 1248 λέγουσιν
1003 1198 1104 1234 ἐἶναι
1127 1203 1187 1233 καὶ
1211 1200 1335 1233 πάντα

232 1269 255 1271 7-
284 1266 297 1269 ι
323 1242 369 1285 ἐξ
380 1244 464 1282 ’ἔν’ὂς
489 1245 668 1291 γεννῶσιν,
695 1244 834 1284 τούτοις
867 1246 927 1290 μὲν
953 1246 1085 1293 ἀνάγκη
1112 1245 1176 1283 τήν
1207 1245 1336 1292 γένεσιν

332 1289 512 1322 ἀλλοίωσιν
543 1289 648 1333 φάναι
680 1291 740 1322 καὶ
773 1290 815 1323 τὸ
845 1293 962 1334 κυρίως
993 1290 1191 1337 γιγνόμενον
1223 1287 1336 1322 ἀλλοι-

332 1332 469 1366 οῦσθαι·

263 1375 336 1410 ὅσοι
355 1373 394 1410 δὲ
411 1380 517 1411 πλείω
536 1378 600 1415 τήν
627 1378 708 1417 ὕλην
734 1378 805 1417 ἑνὸς
824 1378 990 1421 τιθέασιν,
1009 1380 1078 1411 οἷον
1097 1373 1334 1422 Ἐμπεδοκλῆς

327 1425 387 1456 καὶ
405 1423 644 1470 Ἀναξαγόρας
667 1426 726 1456 καὶ
750 1423 962 1466 Λεύκιππος,
986 1423 1124 1462 τούτοις
1148 1418 1187 1455 δὲ
1204 1422 1331 1465 ἕτερον.
1368 1438 1372 1440 “

260 1467 386 1501 Καίτοι
410 1466 646 1515 ’Δναξαγορας
675 1481 714 1515 γε
746 1468 810 1506 τήν
844 1469 970 1501 οἰκείαν
1003 1468 1113 1512 φωνην
1146 1467 1331 1514 ἠγνόησεν·

326 1512 420 1559 λέγει
443 1514 525 1559 γοῦν
550 1514 593 1551 ὥς
618 1511 660 1546 τὸ
684 1512 858 1559 γίγνεσθαι
881 1514 941 1545 καὶ
968 1511 1181 1546 ἀπόλλυσθαι
1199 1512 1331 1545 ταύτὸν

326 1557 520 1594 καθέστηκε
537 1559 587 1599 τῷ
610 1557 845 1590 ἀλλοιοῦσθαι.
870 1558 987 1591 Πολλά
1010 1553 1048 1590 δὲ
1063 1557 1158 1605 λέγει
1175 1557 1223 1591 ταὶ
1238 1569 1331 1590 στοι-

325 1607 420 1648 χεῖα,
445 1601 601 1647 καθάπερ
624 1604 683 1634 καὶ
709 1602 830 1648 ἕτεροι.

253 1644 489 1689 Ἐμπεδοκλῆς
508 1646 568 1691 μὲν
591 1646 658 1691 γὰρ
683 1647 732 1679 τοὶ
751 1647 811 1691 μὲν
836 1647 1020 1690 σωματικαὶ
1036 1645 1210 1690 τέτταρα,
1228 1646 1277 1679 τά
1291 1641 1330 1678 δὲ

324 1691 446 1726 πάντα
470 1691 563 1735 μετά
585 1692 652 1724 τῶν
676 1694 860 1724 κινούντων
887 1691 922 1732 ἓξ
941 1691 1007 1726 ,τόν
1031 1691 1188 1737 ἀριθμόν,
1209 1690 1332 1732 Ἀναξ-

325 1736 454 1784 αγόρας
479 1734 518 1770 δὲ
544 1736 669 1781 ἄπειρα
692 1739 750 1769 καὶ
775 1737 970 1774 Λεύκιππος
995 1737 1053 1769 καὶ
1078 1736 1300 1781 Δημόκριτος.

253 1778 291 1824 ’.0
314 1781 374 1826 μὲν
398 1782 464 1829 γάρ
490 1780 538 1815 τά
563 1782 745 1826 ὁμοιομερῆ
770 1785 930 1827 στοιχεῖα
954 1781 1099 1823 τίθησιν,
1119 1782 1187 1814 οἷον
1206 1779 1328 1814 ὀστοῦν

322 1828 382 1859 καὶ
406 1827 517 1872 σάρκα
545 1828 604 1858 καὶ
629 1826 770 1871 μυελόν,
796 1827 947 1860 καὶτῶν
975 1826 1084 1859 ἄλλων
1110 1826 1152 1858 ὧν
1178 1826 1328 1859 ἑκάστου

323 1871 512 1917 συνώνυμον
538 1870 579 1904 τό
604 1870 701 1915 μέρος
726 1871 838 1904 ἐστίν·
864 1870 1072 1916 Δημόκριτος
1096 1866 1134 1903 δέ
1162 1873 1220 1903 καὶ
1245 1870 1328 1902 Λεύ-

321 1927 449 1955 κιππος
480 1917 516 1948 ἐκ
548 1916 718 1959 σωμάτων
753 1911 955 1960 ἀδιαιρέτων
982 1915 1098 1948 τᾶλλα
1131 1915 1326 1962 συγκεῖσθαι

322 1971 419 2006 φασι,
439 1963 558 1994 ταῦτα
582 1956 612 1992 δ’
636 1960 760 2004 ἄπειρα
783 1962 844 1993 καὶ
863 1961 906 1993 τὸ
927 1961 1055 1998 πλῆθος
1076 1957 1163 1992 εἶναι
1187 1962 1246 1993 καὶ
1263 1961 1326 1998 τοὶς

322 2005 471 2051 μορφάς,
499 2005 596 2039 αὐτοὶ
625 2001 663 2038 δὲ
687 2006 769 2050 προς
802 2004 898 2038 αὐτοὶ
927 2001 1094 2051 διαφέρειν
1127 2005 1264 2043 τούτοις
1291 2004 1326 2046 ἐξ

322 2050 366 2083 ὥν
391 2051 454 2083 εἰσὶ
478 2052 537 2083 καὶ
560 2049 649 2082 θέσει
672 2052 730 2082 καὶ
757 2049 855 2091 τάξει
881 2048 1028 2083 τούτων.
1141 2088 1145 2094 .

248 2093 434 2134 Ἔναντίως
465 2090 504 2128 δὲ
533 2097 712 2140 φαίνονται
743 2094 904 2140 λέγοντες
931 2097 960 2127 οἱ
990 2097 1063 2140 περὶ
1088 2094 1325 2142 Ἀναξαγόραν

322 2144 394 2179 τοῖς
427 2142 500 2185 περὶ
526 2136 785 2184 Ἐμπεδοκλέα·
819 2140 836 2171 ὀ
871 2140 930 2184 μὲν
964 2139 1030 2186 γάρ
1063 2151 1141 2185 φησι
1175 2141 1240 2185 πῦρ
1266 2142 1325 2172 καὶ

321 2180 408 2230 ὕδωρ
432 2186 492 2217 καὶ
519 2184 604 2227 ἀέρα
628 2187 686 2217 καὶ
711 2185 776 2230 γῆν
797 2188 956 2230 στοιχεῖα
973 2184 1127 2230 τέσσαρα
1151 2187 1210 2217 καὶ
1229 2186 1327 2218 άπλᾶ

320 2227 408 2262 εἶναι
432 2231 562 2274 μᾶλλον
587 2228 609 2266 ἦ
634 2228 746 2274 σάρκα
774 2231 833 2261 καὶ
858 2227 982 2262 ὀστοῦν
1013 2230 1073 2261 καὶ
1098 2229 1148 2262 τα
1171 2231 1324 2262 τοιαῦτα

320 2276 388 2308 τῶν
414 2275 640 2319 ὁμοιομερῶν,
666 2277 696 2306 οἱ
721 2269 760 2306 δὲ
786 2274 904 2306 ταῦτα
928 2275 988 2318 μὲν
1019 2275 1116 2307 οἱπλόἰ
1147 2276 1207 2307 καὶ
1231 2286 1324 2307 στοι-

318 2323 412 2366 χεῖα,
438 2320 503 2365 γῆν
528 2315 566 2351 δὲ
589 2320 649 2351 καὶ
675 2319 739 2363 πῦρ
764 2321 822 2350 καὶ
849 2313 935 2363 ὕδωρ
959 2321 1019 2351 καὶ
1047 2317 1130 2362 ἀέρα
1155 2318 1322 2352 σύνθετα·

320 2366 559 2409 πανσπερμίαν
583 2363 649 2410 γάρ
674 2360 761 2395 εἶναι
786 2362 934 2397 τούτων.

305 2463 447 2492 8ΥΝοΡεις
461 2478 499 2484 -
519 2472 544 2490 1.
567 2461 690 2490 Intentio
713 2461 884 2498 Philosophi
905 2461 935 2489 in
956 2462 1013 2490 hoc
1035 2462 1119 2490 libro.
1134 2479 1155 2483 —
1169 2470 1197 2490 2.
1213 2462 1324 2491 Divisio

250 2503 316 2532 libri
329 2509 358 2532 et
371 2509 475 2531 textus.
491 2519 510 2524 —
524 2503 648 2539 Oportet
662 2502 758 2539 primo
777 2501 923 2539 inquirere
937 2508 1035 2530 utrum
1048 2503 1197 2539 generatio
1213 2503 1326 2531 differat

251 2545 288 2573 ab
309 2542 488 2572 alteratione.
509 2559 529 2562 —
549 2542 748 2580 Antiquorum
770 2541 889 2579 quidam
918 2542 1079 2579 simplicem
1106 2543 1324 2580 generationem

251 2593 314 2612 esse
328 2583 406 2612 idem
420 2592 454 2611 ac
467 2582 678 2618 alterationem,
693 2582 740 2610 alii
761 2582 840 2610 aliud
855 2591 918 2610 esse
939 2581 1080 2610 dixerunt.
1097 2600 1116 2604 -
1132 2583 1158 2610 3.
1174 2583 1259 2611 Ratio
1281 2583 1324 2611 di-

250 2623 400 2653 versitatis.
412 2622 539 2658 Quidam
553 2628 715 2660 posuerunt
729 2631 821 2650 unum
834 2622 980 2651 materiale
993 2622 1168 2659 principium
1179 2623 1322 2658 omnium,

251 2671 280 2692 et
300 2664 382 2701 quod
402 2662 523 2691 materia
543 2669 587 2691 est
606 2669 668 2691 tota
688 2662 849 2691 substantia
869 2662 925 2690 rei:
948 2662 1015 2691 ideo
1037 2662 1067 2690 in
1083 2663 1212 2700 qualibet
1226 2670 1322 2692 muta-

251 2703 331 2732 tione
352 2703 513 2731 substantia
533 2702 575 2730 rei
599 2711 715 2739 semper
741 2709 853 2730 manet:
885 2709 1097 2740 consequenter
1123 2703 1271 2740 generatio
1292 2703 1323 2731 in

250 2753 282 2772 re
303 2753 365 2772 non
386 2743 481 2771 differt
494 2743 531 2771 ab
545 2742 726 2771 alteratione.
740 2759 759 2763 -
774 2751 803 2778 4.
818 2741 876 2770 Alii
890 2751 959 2771 vero
973 2749 1134 2779 posuerunt
1149 2743 1231 2780 plura
1244 2743 1322 2780 prin-

251 2783 327 2821 cipia
347 2782 522 2812 materialia:
544 2789 573 2811 et
593 2782 633 2811 ita
646 2782 798 2811 videbatur
811 2782 852 2810 eis
866 2782 944 2810 aliud
960 2792 1022 2811 esse
1040 2782 1188 2820 generatio
1203 2790 1231 2811 et
1244 2783 1323 2811 aliud

251 2823 410 2860 corruptio.
440 2823 583 2851 Dicebant
609 2831 737 2859 namque
758 2821 1014 2859 congregationem
1036 2829 1064 2851 et
1093 2823 1322 2860 segregationem

250 2864 368 2893 illorum
387 2862 598 2900 principiorum
620 2871 682 2891 esse
710 2862 926 2900 generationem
948 2869 976 2890 et
997 2863 1230 2899 corruptionem
1252 2863 1322 2891 alte-

250 2904 394 2933 rationem
407 2913 476 2932 vero
487 2902 548 2931 fieri
558 2911 610 2940 per
624 2902 867 2940 qualemcumque
877 2902 1002 2939 partium
1014 2903 1295 2931 transmutationem.
1303 2920 1323 2924 α

253 2944 279 2973 5.
300 2945 488 2981 Anaxagoras
509 2950 608 2971 tamen
628 2952 690 2971 non
704 2942 756 2971 fuit
771 2952 839 2971 suae
854 2942 992 2979 positioni
1012 2943 1205 2971 consentiens.
1222 2943 1323 2971 Posuit

251 2983 330 3013 enim
351 2993 419 3012 cum
439 2983 502 3012 aliis
523 2983 614 3011 multa
634 2982 785 3019 principia,
800 2989 828 3011 et
841 2989 940 3011 tamen
953 2982 1135 3020 singulariter
1155 2982 1226 3011 dixit
1241 2984 1322 3020 quod

250 3023 381 3063 generari
402 3030 430 3052 et
451 3022 598 3060 corrumpi
620 3029 687 3050 sunt
701 3022 778 3051 idem
793 3032 827 3051 ac
842 3022 964 3051 alterari.
987 3022 1071 3051 Ratio
1087 3022 1234 3059 opinionis
1249 3023 1319 3051 eius.

251 3081 270 3086 -
292 3065 320 3093 6.
348 3063 548 3092 Manifestatur
574 3062 648 3091 ratio
678 3062 842 3099 praedictae
877 3062 1048 3091 diversitatis
1076 3062 1150 3091 inter
1184 3063 1321 3100 antiquos

251 3106 292 3139 (n.
311 3104 349 3140 3).
370 3105 408 3132 Et
427 3103 524 3140 primo
545 3102 707 3131 ostenditur
721 3102 883 3131 differentia
901 3102 976 3131 inter
989 3109 1132 3139 ponentes
1146 3103 1228 3140 plura
1242 3103 1321 3140 prin-

251 3143 334 3181 cipia.
356 3144 548 3180 Empedocles
568 3144 697 3180 ponebat
718 3149 844 3180 quatuor
864 3142 1006 3180 principia
1026 3143 1194 3179 materialia,
1215 3143 1322 3171 scilicet

250 3190 367 3220 terram,
389 3193 506 3221 aquam,
528 3193 625 3212 aerem
647 3189 675 3211 et
695 3183 802 3220 ignem,
818 3190 846 3212 et
867 3184 927 3211 duo
949 3183 1105 3218 moventia,
1127 3183 1234 3211 scilicet
1247 3183 1320 3211 ami-

251 3223 357 3260 citiam,
379 3233 454 3261 quae
475 3229 640 3260 congregat,
662 3229 690 3251 et
710 3223 799 3259 litem,
822 3232 897 3260 quae
918 3229 1062 3260 segregat:
1084 3224 1163 3251 unde
1184 3223 1245 3260 ipse
1266 3232 1320 3259 po-

317 3359 383 3410 ³³⁴⁸?ss
416 3360 489 3424 ”39⁸
511 3378 577 3402 mo
610 3366 719 3415 ponit
754 3365 1018 3414 prooemium,
1050 3365 1316 3402 demOHStrassS

326 3427 383 3452 -4
418 3404 477 3467 *ᾗ
492 3441 495 3443 -
511 3431 622 3456 suam
642 3419 910 3456 intentionem:
932 3418 1102 3455 secundo
1117 3418 1316 3466 prosequi-

323 3446 361 3491 ’ς
375 3471 388 3502 ‘1
419 3462 482 3504 *2242
497 3479 572 3516 dtur
589 3471 844 3521 propositum,
866 3471 934 3507 ibi:
960 3471 1215 3518 Antiquorum
1235 3471 1316 3518 qui-

252 3524 337 3562 dem
367 3524 484 3574 igitur
501 3524 522 3546 '¹‘
550 3532 619 3562 etc.

281 3341 288 3350 .
328 3320 491 3505 ’ςῚῃτγ
511 3325 537 3349 n
564 3313 641 3350 hoc
667 3312 778 3361 igitur
801 3313 899 3349 libro
919 3318 936 3333 ⁰‘
957 3312 1215 3360 Philosophus
1242 3312 1317 3360 pri-

1462 851 1636 901 videndum
1660 861 1691 884 et
1712 855 1848 886 rationes
1872 867 1985 889 eorum
2009 859 2286 891 determinandum
2309 868 2365 892 est.

1395 895 1544 936 Ampllus
1556 897 1595 927 de
1611 897 1793 930 alteratione
1806 907 1837 931 et
1852 903 2120 943 augmentatione,
2133 904 2211 946 quid
2223 912 2396 947 utrumque
2407 906 2460 938 sit:

1395 946 1425 970 et
1447 946 1557 990 utrum
1585 941 1828 975 existimandum
1855 946 1895 976 sit
1924 948 2057 978 eandem
2080 958 2147 979 esse
2177 956 2324 980 naturam
2353 950 2462 981 altera-

1459 985 1555 1015 tionis
1571 992 1603 1016 et
1615 987 1835 1028 generationis,
1860 997 1914 1021 aut
1927 998 2094 1031 semotam,
2114 1000 2150 1024 ut
2165 993 2371 1026 determinata
2387 1002 2462 1026 sunt

1461 1036 1492 1060 et
1514 1030 1710 1062 nominibus.

1393 1073 1611 1114 Antiquomm
1625 1075 1757 1116 quidem
1770 1076 1866 1117 igitur
1877 1078 1909 1108 hi
1921 1079 2052 1120 quidem
2065 1087 2211 1112 vocatam
2224 1082 2458 1122 generationem

1460 1117 1638 1158 simplicem
1657 1120 1875 1152 alterationem
1897 1132 1964 1154 esse
1979 1124 2138 1165 inquiunt,
2158 1125 2191 1156 hi
2209 1136 2285 1157 vero
2304 1126 2391 1157 aliud
2406 1137 2460 1168 ge-

1459 1162 1656 1194 nerationem
1680 1171 1711 1195 et
1732 1165 1819 1196 aliud
1842 1167 2068 1200 alterationem.

1393 1206 1599 1248 Quicumque
1614 1208 1709 1249 igitur
1724 1219 1827 1240 unum
1839 1210 1958 1252 aliquid
1973 1222 2069 1243 omne
2086 1222 2152 1244 esse
2169 1214 2288 1253 dicunt,
2300 1213 2337 1246 'et
2349 1215 2459 1246 omnia

1459 1260 1496 1281 ex
1519 1261 1586 1282 uno
1609 1261 1770 1293 generant,
1793 1254 1842 1285 his
1866 1255 1996 1296 quidem
2019 1267 2144 1288 necesse
2165 1265 2211 1290 est
2234 1259 2345 1300 utique
2363 1269 2457 1300 gene-

1458 1295 1614 1327 rationem
1637 1297 1853 1329 alterationem
1878 1310 1945 1331 esse
1969 1300 2080 1341 dicere,
2098 1308 2128 1332 et
2142 1303 2231 1343 quod
2246 1303 2458 1344 principaliter

1457 1339 1507 1378 fit,
1532 1341 1663 1372 alterari.

1390 1383 1596 1426 Quicumque
1627 1393 1735 1417 autem
1769 1388 1875 1428 plures
1903 1389 2047 1420 materias
2075 1400 2139 1421 una
2168 1399 2314 1431 ponunt,
2345 1398 2457 1433 utpote

1454 1429 1667 1469 Empedocles
1691 1438 1721 1462 et
1738 1434 1939 1473 Anaxagoras
1963 1441 1993 1465 et
2015 1435 2209 1476 Leucippus,
2232 1436 2281 1467 his
2303 1436 2400 1467 aliud.

1389 1472 1451 1503 Sed
1478 1480 1585 1505 tamen
1615 1477 1818 1516 Anaxagoras
1846 1478 2009 1518 propriam
2037 1489 2151 1510 vocem
2180 1479 2344 1520 ignoravit.
2372 1481 2457 1512 Dicit

1455 1517 1541 1548 enim
1563 1520 1653 1560 quod
1676 1519 1743 1551 fieri
1767 1528 1797 1552 et
1821 1522 1938 1553 destrui
1965 1522 2051 1553 idem
2079 1523 2180 1554 existit
2207 1525 2296 1565 quod
2318 1525 2455 1556 alterari:

1452 1562 1554 1593 multa
1577 1570 1685 1594 autem
1708 1565 1783 1596 dicit
1806 1565 1971 1605 elementa,
1995 1567 2271 1608 quemadmodum
2293 1576 2324 1600 et
2344 1569 2409 1601 alii.

1385 1651 1599 1692 Empedocles
1622 1653 1754 1693 quidem
1769 1653 1855 1684 enim
1879 1664 2031 1695 corporea
2053 1663 2201 1696 quatuor,
2217 1658 2326 1688 omnia
2347 1666 2454 1690 autem

1453 1706 1528 1726 cum
1543 1697 1746 1728 moventibus
1769 1708 1822 1729 sex
1838 1698 1882 1729 ait
1897 1707 2047 1730 numero:
2071 1703 2273 1742 Anaxagoras
2297 1710 2404 1734 autem
2423 1710 2454 1734 et

1451 1741 1634 1782 Leucippus
1658 1748 1689 1773 et
1710 1742 1924 1782 DemocrituS,
1942 1743 2075 1775 infinita.

1384 1783 1446 1815 Hic
1469 1785 1601 1826 quidem
1623 1786 1854 1818 homoeomera
1877 1788 2032 1819 elementa
2054 1789 2156 1829 ponit,
2182 1797 2292 1831 utpote
2316 1802 2364 1830 os,
2389 1802 2453 1822 car-

1452 1839 1527 1860 nem
1551 1837 1582 1861 et
1604 1831 1798 1870 medullam,
1823 1839 1853 1863 et
1875 1832 1935 1863 alia
1964 1843 2105 1874 quorum
2129 1834 2378 1877 uniuscuiusque
2402 1847 2452 1877 sy-

1450 1884 1594 1916 nonyma
1616 1885 1688 1915 pars
1712 1883 1768 1907 est.
1792 1876 1994 1908 Democritus
2022 1885 2130 1909 autem
2158 1885 2188 1910 et
2211 1880 2392 1921 Leucippus
2417 1891 2453 1911 ex

1450 1919 1904 1959 corporibusvindivisibilibus
1927 1921 2003 1952 haec
2028 1922 2088 1953 alia
2112 1924 2264 1964 componi
2287 1924 2451 1966 inquiunt:

1449 1963 1527 1994 haec
1550 1970 1658 1995 autem
1680 1964 1803 1996 infinita
1826 1973 1856 1997 et
1878 1966 2083 1998 multitudine
2106 1974 2137 1998 et
2159 1967 2270 1999 formis
2294 1979 2369 2000 esse.
2400 1970 2454 2000 Illa

1450 2016 1557 2039 autem
1579 2008 1660 2039 inter
1679 2019 1711 2040 se
1731 2009 1878 2041 differunt
1896 2010 1944 2041 his
1961 2011 2129 2052 exquibus
2146 2019 2230 2052 sunt,
2248 2019 2278 2044 et
2293 2014 2453 2054 positione

1450 2060 1480 2084 et
1503 2053 1614 2084 ordine
1637 2054 1766 2085 horum.

1382 2095 1548 2128 Contrarie
1572 2105 1679 2129 autem
1703 2099 1850 2130 videntur
1873 2099 1974 2131 dicere
1990 2100 2046 2142 qui
2061 2099 2141 2131 circa
2156 2103 2391 2142 Anaxagoram,
2407 2103 2451 2134 eis

1448 2142 1504 2182 qui
1521 2142 1601 2173 circa
1617 2143 1858 2184 Empedoclem.
1876 2144 1919 2174 Hi
1934 2145 2065 2186 quidem
2081 2145 2167 2175 enim
2181 2145 2332 2187 inquiunt
2344 2147 2451 2187 ignem

1449 2194 1479 2217 et
1508 2197 1625 2228 aquam
1654 2195 1685 2218 et
1711 2198 1816 2219 aerem
1849 2195 1879 2219 et
1906 2196 2021 2219 terram
2053 2197 2192 2230 quatuor
2220 2191 2393 2230 elementa,
2421 2199 2452 2223 et

1448 2231 1602 2271 simplicia
1617 2232 1718 2272 magis
1731 2243 1797 2264 esse
1813 2243 1911 2274 quam
1926 2244 2052 2264 carnem
2068 2241 2099 2266 et
2114 2244 2150 2265 os
2165 2242 2196 2266 et
2209 2235 2282 2266 talia
2298 2235 2451 2267 similium

1447 2276 1601 2317 partium:
1626 2277 1659 2307 hi
1683 2285 1790 2308 autem
1813 2278 1890 2308 haec
1913 2278 2045 2319 quidem
2068 2278 2224 2319 simplicia
2247 2286 2278 2310 et
2296 2280 2451 2311 elementa

1447 2332 1524 2360 esse,
1549 2329 1664 2353 terram
1688 2329 1796 2353 autem
1819 2329 1850 2353 et
1865 2332 1982 2363 aquam
2006 2330 2037 2354 et
2062 2333 2166 2354 aerem
2185 2330 2216 2354 et
2235 2323 2343 2365 ignem
2362 2335 2449 2356 com-

1445 2366 1566 2407 posita;
1590 2366 1826 2407 panspermiam
1850 2367 1935 2397 enim
1959 2367 2076 2398 horum
2100 2378 2176 2399 esse.

1379 2464 1467 2492 nebat
1487 2463 1628 2500 principia
1649 2463 1739 2492 finita.
1762 2463 1820 2492 Alii
1838 2473 1917 2499 vero,
1933 2463 2039 2492 scilicet
2052 2465 2248 2502 Anaxagoras,
2264 2465 2448 2494 Democritus

1379 2510 1408 2532 et
1429 2503 1601 2540 Leucippus,
1623 2503 1744 2532 infinita.
1757 2519 1778 2524 —
1793 2513 1820 2541 7.
1842 2504 1890 2532 Isti
1911 2510 2008 2532 autem
2029 2504 2060 2532 in
2081 2505 2138 2533 hoc
2158 2504 2344 2540 differebant,
2367 2507 2448 2542 quod

1378 2545 1567 2581 Anaxagoras
1588 2545 1717 2580 ponebat
1738 2553 1862 2580 corpora
1890 2543 2027 2572 similium
2048 2544 2173 2581 partium
2201 2554 2263 2573 esse
2290 2545 2446 2582 principia,

1377 2590 1448 2621 puta
1475 2583 1601 2612 infinitas
1626 2590 1722 2620 partes
1751 2583 1844 2612 carnis
1866 2590 1893 2612 et
1914 2584 1987 2612 ossis
2011 2590 2039 2612 et
2060 2584 2241 2613 huiusmodi:
2264 2585 2447 2614 Democritus

1377 2633 1446 2652 vero
1469 2630 1497 2652 et
1518 2623 1680 2660 Leucippus
1701 2624 1835 2652 dixerunt
1855 2624 1956 2652 omnia
1983 2634 2108 2661 corpora
2134 2625 2281 2653 sensibilia
2308 2625 2446 2662 componi

1377 2673 1411 2692 ex
1426 2664 1600 2701 quibusdam
1617 2664 1836 2703 indivisibilibus
1851 2663 2032 2701 corporibus,
2055 2673 2129 2702 quae
2150 2666 2299 2702 ponebant
2319 2675 2381 2694 esse
2402 2665 2446 2693 in-

1377 2703 1458 2732 finita
1486 2703 1670 2732 multitudine
1698 2710 1726 2732 et
1753 2704 1853 2742 figura.
1883 2705 2034 2732 Ponebant
2060 2711 2173 2740 autem,
2204 2711 2305 2733 contra
2331 2706 2445 2733 Anaxa-

1376 2753 1495 2781 goram,
1517 2745 1588 2772 haec
1615 2743 1799 2773 indivisibilia
1825 2753 1949 2781 corpora
1975 2754 2036 2773 esse
2058 2744 2245 2773 indifferentis
2270 2751 2390 2773 naturae
2418 2752 2446 2773 et

1377 2784 1500 2821 speciei:
1529 2790 1558 2812 et
1584 2783 1773 2812 nihilominus
1801 2784 1916 2812 aiebant
1941 2794 2066 2821 corpora
2094 2784 2238 2813 sensibilia
2259 2784 2372 2812 differre
2393 2786 2444 2813 ab-

1376 2824 1510 2859 invicem,
1525 2825 1687 2852 secundum
1702 2823 1893 2852 differentiam
1915 2833 2017 2852 eorum
2037 2834 2070 2852 ex
2086 2824 2190 2861 quibus
2212 2831 2442 2860 componuntur,

1376 2873 1437 2892 non
1459 2864 1578 2900 quidem
1604 2865 1765 2892 secundum
1787 2864 1979 2892 differentiam
2000 2864 2030 2892 in
2052 2864 2146 2900 specie
2170 2870 2304 2899 naturae,
2327 2864 2377 2891 sed
2398 2873 2443 2891 se-

1377 2904 1503 2932 cundum
1534 2903 1726 2932 differentiam
1758 2904 1912 2940 positionis
1941 2911 1968 2931 et
2001 2904 2119 2932 ordinis.
2147 2920 2167 2925 -
2195 2904 2222 2931 8.
2251 2903 2442 2939 Empedocles

1376 2950 1490 2979 autem,
1525 2953 1639 2981 ponens
1670 2953 1715 2972 res
1747 2944 1808 2972 fieri
1838 2953 1890 2980 per
1921 2943 2174 2980 congregationem
2209 2952 2243 2971 ex
2274 2943 2441 2978 elementis,

1376 2983 1446 3011 dixit
1467 2985 1547 3021 quod
1567 2983 1655 3021 ignis,
1677 2990 1768 3019 terra,
1790 2992 1839 3011 aer
1860 2990 1888 3011 et
1908 2992 1984 3020 aqua
2005 2990 2072 3011 sunt
2093 2989 2217 3020 quatuor
2237 2982 2391 3017 elementa,
2414 2989 2442 3010 et

1375 3030 1443 3051 sunt
1463 3023 1555 3061 magis
1577 3023 1717 3060 simplicia
1738 3033 1826 3060 quam
1848 3032 1915 3051 caro
1937 3029 1965 3050 et
1985 3032 2018 3050 os
2039 3029 2067 3050 et
2084 3022 2140 3050 alia
2160 3031 2284 3058 corpora
2298 3022 2442 3050 homoeo-

1375 3073 1464 3092 mera.
1486 3065 1510 3091 E
1536 3070 1638 3092 contra
1662 3065 1864 3100 Anaxagoras,
1893 3062 1961 3099 quia
1987 3063 2115 3098 ponebat
2142 3071 2187 3089 res
2215 3061 2276 3089 fieri
2302 3070 2354 3097 per
2374 3062 2441 3089 abs-

1374 3103 1547 3131 tractionem
1575 3113 1592 3131 a
1618 3103 1724 3138 mixto,
1754 3109 1782 3130 et
1809 3102 1925 3130 videbat
1952 3102 2033 3138 quod
2064 3111 2098 3130 ex
2129 3107 2255 3138 quatuor
2283 3101 2437 3137 praedictis

1375 3143 1524 3171 elementis
1545 3143 1646 3171 omnia
1672 3142 1728 3171 alia
1755 3148 1943 3179 generantur,
1972 3141 2038 3169 ideo
2066 3142 2186 3177 putabat
2213 3141 2294 3177 quod
2321 3140 2351 3168 in
2379 3140 2440 3169 istis

1374 3183 1522 3211 elementis
1544 3189 1619 3210 esset
1641 3182 1765 3210 maxima
1786 3181 1895 3216 mixtio,
1918 3181 1957 3208 ita
1978 3181 2059 3217 quod
2080 3190 2114 3208 ex
2134 3180 2188 3208 illis
2209 3179 2309 3209 omnIa
2330 3181 2440 3209 extrahi

1374 3229 1500 3260 possent.

1427 3311 1536 3347 Circa
1563 3310 1729 3359 primum
1757 3309 1826 3346 tria
1854 3309 1951 3346 facit.
1982 3309 2112 3346 Primo
2143 3309 2245 3346 enim
2273 3310 2382 3358 ponit
2401 3311 2439 3348 id

1371 3365 1476 3412 quod
1494 3363 1747 3411 principaliter
1769 3362 1937 3399 intendit.
1969 3363 2018 3398 Et
2050 3362 2290 3399 continuatur
2317 3363 2367 3400 ad
2395 3365 2439 3401 fi-

1371 3429 1460 3453 nem
1480 3416 1563 3452 libri
1581 3417 1627 3452 de
1649 3413 1773 3460 Caelo,
1795 3415 1860 3451 ubi
1881 3415 2024 3452 dictum
2045 3423 2118 3452 est:
2144 3417 2203 3452 De
2220 3416 2337 3466 gravi
2359 3418 2438 3465 qui-

1370 3470 1454 3506 dem
1479 3469 1595 3518 igitur
1613 3474 1649 3504 et
1666 3468 1740 3505 levi
1764 3468 2050 3505 determinatum
2078 3469 2127 3505 sit
2151 3469 2222 3506 hoc
2240 3470 2363 3506 modo.
2390 3471 2440 3507 Et

1370 3521 1562 3564 subditur:
1595 3522 1655 3557 De
1692 3521 1937 3570 generatione
1970 3527 2094 3558 autem
2130 3527 2166 3559 et
2200 3523 2440 3570 corruptione

305 3644 333 3679 α)
355 3645 384 3670 In
404 3645 453 3671 hoc
472 3646 556 3679 igitur
574 3646 649 3672 libro.
665 3660 680 3665 -
694 3646 759 3671 Vide
773 3653 820 3678 pro
835 3645 997 3678 incoeptione
1009 3645 1085 3670 huius
1099 3645 1223 3674 lectionis,
1238 3650 1326 3669 notam
1344 3645 1461 3669 ultimam
1480 3643 1617 3668 Prooemii.

623 755 682 785 καὶ
706 752 830 798 φθορᾶς
859 755 935 809 τῶν,
951 754 1047 800 φύσει
1071 757 1262 808 γινομένωνγ
1282 759 1341 789 καὶ
1394 761 1411 780 *
1434 763 1482 793 De
1500 765 1702 803 generatione
1721 774 1828 798 autem
1847 775 1877 800 et
1893 770 2095 811 corruptione
2114 778 2226 803 namra
2240 779 2463 813 generatorum
2490 780 2500 789 ·
2519 779 2596 801 Βωοτ
2618 785 2670 808 σψ-
2686 788 2703 804 ι.

1463 814 1494 837 et
1514 815 1748 850 corruptorum,
1764 812 1980 845 universaliter
1999 815 2037 845 de
2057 815 2207 846 omnibus
2231 824 2261 848 et
2284 827 2393 848 causas
2417 818 2463 848 di·
2489 805 2578 854 ..l-“¹¹⁰⁸
2595 812 2703 830 commu-
