2782 4134
1110 304 1222 341 CAP.
1251 305 1302 351 11,
1333 303 1484 340 LECT.
1513 303 1582 340 v11

2369 315 2446 351 249

1000 516 1296 572 LECTIO
1335 517 1699 573 SEPTIMA

253 679 378 711 OMNE
393 678 562 710 CORPUS
576 677 700 715 QUOD
717 676 866 708 RECTO
882 676 1011 708 MOTU
1027 677 1340 708 NATURALITER
1355 678 1582 717 MOVETUR,
1596 679 1884 711 GRAVITATEM
1900 680 2048 711 HABET
2064 681 2149 711 VEL
2164 680 2446 711 LEVITATEM-

669 734 892 772 QUOMODO
916 734 1163 765 NATURALIS
1186 734 1337 765 MOTUS
1361 735 1419 765 ET
1443 735 1690 768 VIOLENTUS
1712 737 2034 769 PERFICIANTUR

254 866 308 901 ὅτι
332 861 361 897 δ’
391 866 463 898 ἔνια
490 866 578 911 ἔχειν
613 865 800 910 ἀναγκαῖον
826 863 935 909 ῥοπήν
961 863 1081 909 βάρους
1114 866 1173 896 καὶ
1203 863 1323 908 κουφό-

321 922 446 952 τητος,
473 911 510 942 ἑκ
535 906 641 942 τῶνδε
667 905 786 946 δῆλον.

252 953 423 987 Κινεῖσθαι
448 955 508 999 μὲν
534 953 599 1001 γάρ
617 965 726 998 φαμεν
751 953 939 999 ἀναγκαῖον
957 950 1061 985 εἶναι·
1089 954 1117 985 εἱ
1134 949 1172 985 δὲ
1189 952 1235 997 μή
1256 951 1323 990 ἔξει

319 998 414 1042 φύσει
444 999 552 1044 ῥοπήν
584 998 625 1032 τὰ
654 997 870 1042 κινούμενον,
906 992 1078 1030 ἀδύνατον
1111 997 1277 1030 κινεῖσθαι
1302 995 1324 1034 ἦ

321 1043 402 1088 πρὸς
428 1044 469 1078 τὸ
494 1043 595 1088 μέσον
621 1041 642 1079 ἦ
670 1041 740 1076 ἀπὸ
766 1043 829 1075 τοῦ
855 1041 970 1086 μέσου.

245 1089 360 1121 Ἔστω
384 1089 449 1135 γάρ
471 1089 512 1121 τό
531 1088 590 1132 μὲν
616 1089 630 1120 ὲ
655 1089 662 1099 ’
685 1087 724 1119 οὖ
741 1088 766 1119 Α
785 1086 921 1130 ἀβαρές,
941 1086 983 1119 τὸ
1004 1082 1033 1118 δ’
1055 1084 1102 1131 ἐφ’
1125 1086 1163 1119 οὗ
1179 1089 1203 1118 Β
1222 1085 1323 1131 βάρος

321 1132 420 1178 ἔχον,
447 1132 614 1178 ἑνηνέχθω
662 1133 677 1165 ὲ
702 1132 744 1165 τὸ
771 1132 895 1176 ἀβαρὲς
925 1131 991 1168 τήν
1017 1133 1083 1172 ΓΔ,
1110 1132 1152 1164 τό
1177 1127 1216 1163 δὲ
1240 1133 1264 1162 Β
1290 1131 1323 1163 ἑν

321 1179 369 1219 τῷ
401 1180 460 1220 ἴσῳ
490 1179 597 1224 χρόνῳ
633 1178 697 1215 τήν
729 1178 796 1208 ΓΕ·
824 1177 926 1219 μείζω
958 1176 1024 1222 γαρ
1058 1175 1256 1213 οἰσθήσεται
1281 1175 1323 1208 τό

320 1222 422 1268 βάρος
448 1223 540 1268 ἕχον.
573 1223 656 1255 'Rev
680 1218 724 1259 δὴ
749 1217 902 1265 διαιρεθῇ
928 1223 970 1253 τὸ
988 1221 1087 1265 σῶμα
1108 1221 1150 1253 τὸ
1168 1221 1246 1266 ἔχον
1263 1219 1324 1260 βά-

275 1281 278 1283 ·
320 1277 373 1310 ρος
399 1269 441 1306 ὠς
459 1268 479 1304 ἡ
501 1269 550 1299 ΓΕ
575 1269 656 1311 πρὸς
674 1268 739 1304 τήν
756 1266 805 1296 ΓΔ
830 1261 1000 1309 (δυνατόν
1025 1266 1090 1311 γοίρ
1110 1264 1215 1303 οὕτως
1235 1266 1324 1310 ἔχειν

322 1311 403 1357 πρός
429 1324 464 1345 τι
489 1313 556 1345 τῶν
581 1312 614 1345 ἑν
642 1312 736 1354 αὐτῷ
768 1311 930 1365 μορίων),
957 1311 985 1342 εἰ
1011 1310 1052 1343 τὸ
1079 1309 1156 1342 ὅλον
1185 1309 1326 1354 φέρεται

321 1357 386 1394 τήν
414 1356 493 1394 ὅλην
520 1356 583 1394 τήν
609 1358 678 1399 ΓΕ,
706 1356 747 1389 τό
772 1366 885 1398 μοριον
921 1355 1052 1401 ἀνάγκη
1089 1354 1121 1387 ἑν
1148 1355 1195 1396 τῷ
1230 1355 1324 1396 αὐτῷ

319 1401 427 1445 χρόνῳ
454 1402 518 1438 τήν
544 1402 593 1432 ΓΔ
624 1400 800 1446 φέρεσθαι,
837 1398 924 1431 ὥστε
954 1401 1026 1431 ἴσον
1060 1397 1259 1435 οἰσθήσεται
1285 1398 1326 1432 τὸ

324 1446 448 1489 ἀβαρὲς
479 1447 539 1478 καὶ
572 1446 614 1478 τό
644 1445 746 1488 βάρος
776 1443 872 1488 ’έχον-
899 1442 980 1488 ὅπερ
1007 1438 1193 1476 ἀδύνατον.
1231 1444 1268 1475 ‘0
1292 1441 1323 1475 δ’

323 1490 429 1528 αὐτὸς
452 1490 554 1536 λόγος
578 1493 637 1522 καὶ
664 1491 719 1522 ἐπὶ
743 1487 971 1532 κουφότητος.

247 1582 325 1614 Ἔτι
349 1574 379 1611 δ’
407 1579 436 1611 εἰ
468 1578 568 1612 ἔσται
593 1589 627 1611 τι
651 1578 752 1621 σῶμα
782 1575 977 1620 κινούμενον
1003 1574 1093 1620 μήτε
1123 1575 1327 1620 κουφότητα

348 1622 412 1660 ήτε
438 1622 538 1668 βάρος
565 1621 657 1668 ἔχον,
686 1621 818 1667 ἀνάγκη
845 1621 952 1654 τοῦτο
978 1620 1036 1661 βίᾳ
1063 1622 1240 1662 κινεῖσθαι,
1268 1621 1326 1662 βία

344 1668 359 1701 ἐ
381 1667 577 1712 κινούμενον
597 1666 734 1711 α”πειρον
760 1669 868 1697 ποιεῖν
887 1665 952 1702 τήν
976 1667 1117 1702 κίνησιν.
1147 1667 1244 1698 Ἐπεὶ
1261 1665 1326 1719 γάρ

320 1709 462 1756 δύναμίς
480 1723 531 1749 τις
558 1712 578 1748 ή
602 1712 758 1751 κινοῦσα,
778 1710 819 1742 τό
840 1706 870 1741 δ’
893 1710 1041 1742 ἔλαττον
1065 1712 1123 1742 καὶ
1142 1710 1183 1743 τὸ
1207 1721 1328 1753 κουφο-

321 1769 418 1802 τερον
443 1757 510 1788 dvi-d
536 1756 598 1793 τῆς
625 1756 735 1793 αὐτῆς
753 1752 924 1810 δυνάμεως
944 1756 1059 1786 πλεῖον
1087 1754 1324 1795 κινηθήσεται,

320 1800 506 1838 κεκινήσθω
531 1800 572 1834 τό
597 1801 656 1843 μὲν
683 1799 730 1845 ἐφ’
760 1800 783 1842 ᾦ
810 1811 851 1832 το
876 1799 915 1841 Α,
941 1798 982 1832 τὸ
1009 1798 1148 1844 ἀβαρὲς,
1171 1799 1236 1836 τήν
1261 1801 1324 1841 ΓΕ,

321 1847 364 1880 τὸ
389 1841 418 1878 δ’
440 1846 487 1889 ἐφ’
510 1845 534 1886 qi
560 1845 601 1878 τό
625 1846 663 1886 Β,
688 1845 728 1878 τὰ
754 1843 855 1889 βάρος
882 1844 975 1889 ἔχον,
1001 1844 1034 1876 ὲν
1062 1845 1109 1885 τῷ
1134 1847 1192 1886 ἴσῳ
1217 1844 1325 1890 χρόνῳ

321 1891 386 1929 τήν
412 1891 473 1923 ΓΔ.
505 1889 735 1933 Διαιρεθέντος
761 1885 804 1926 δή
830 1889 893 1921 τοῦ
919 1887 1020 1932 βάρος
1046 1889 1186 1933 ἔχοντος
1211 1889 1326 1934 σώμα-

322 1948 379 1973 τος
405 1935 447 1973 ὥς
473 1935 493 1971 ἡ
511 1935 560 1965 ΓΕ
578 1934 658 1977 πρὸς
685 1934 748 1972 τήν
775 1935 837 1975 ΓΔ,
856 1933 1071 1978 συμβήσεται
1097 1934 1138 1966 τό
1166 1932 1326 1979 ἀφαιρού-

322 1991 420 2026 μενον
448 1978 516 2011 ἀπὸ
543 1980 606 2011 τοῦ
631 1978 732 2024 βάρος
759 1979 899 2024 ἔχοντος
923 1977 1082 2022 σώματος
1110 1977 1173 2015 τήν
1199 1980 1247 2009 ΓΕ
1273 1977 1327 2023 φέ-

321 2023 438 2071 ρεσθαι
462 2022 495 2055 ἐν
523 2024 570 2065 τῷ
595 2025 654 2064 ἴσῳ
711 2022 814 2067 ρόνῳ,
846 2023 983 2066 ἐπείπερ
1010 2022 1051 2054 τὸ
1078 2021 1154 2054 ὅλον
1188 2021 1326 2068 ἐφέρετο

323 2070 388 2106 τήν
413 2069 475 2101 ΓΔ.
501 2068 547 2100 Τό
571 2068 637 2114 γάρ
663 2079 772 2113 ταχος
799 2066 865 2107 ἕξει
890 2066 932 2100 τὸ
958 2068 1020 2100 τοῦ
1039 2066 1228 2105 ἐλάττονος
1245 2068 1326 2112 πρὸς

322 2115 364 2148 τὸ
390 2113 453 2147 τοῦ
478 2113 629 2156 μείζονος
654 2113 695 2151 ὠς
722 2113 763 2144 τό
789 2112 901 2157 μεῖζον
927 2113 1024 2156 σῶμα
1050 2112 1131 2156 πρὸς
1156 2112 1197 2145 τό
1223 2112 1326 2145 ἔλατ-

322 2170 395 2191 τον.
426 2158 517 2189 Ἴσον
545 2157 610 2201 ἄρα
637 2157 678 2189 τὸ
705 2157 831 2202 ἀβαρὲς
858 2155 1058 2192 οἰσθήσεται
1082 2158 1182 2200 σῶμα
1206 2159 1264 2189 καὶ
1283 2158 1325 2190 τό

323 2202 424 2248 βάρος
450 2201 527 2246 ἔχον
546 2200 580 2233 ἐν
599 2202 647 2242 τῷ
674 2202 770 2243 αὐτῷ·
796 2199 915 2247 χρόνῳ.
943 2201 1054 2233 Τοῦτο
1080 2197 1111 2231 δ’
1133 2196 1322 2235 ἀδύνατον·

321 2245 401 2280 ὥστ’
431 2246 504 2278 ἐπεὶ
529 2246 660 2284 παντός
687 2248 750 2278 τοῦ
776 2244 1023 2291 προστεθέντος
1050 2246 1162 2290 μεῖζον
1194 2246 1328 2283 κινήσε-

321 2303 382 2325 ται
407 2287 585 2334 διάστημα
610 2290 652 2322 τὰ
679 2288 817 2333 ἀβαρές,
847 2290 982 2334 ἄπειρον
1010 2289 1049 2322 ἂν
1074 2289 1222 2334 φέροιτο.

253 2336 402 2379 Φανερόν
429 2333 486 2368 οὖν
513 2334 568 2371 ὅτι
595 2333 727 2381 ἀνάγκη
754 2336 823 2367 πᾶν
848 2336 946 2379 σῶμα
963 2333 1065 2379 βάρος
1091 2334 1179 2379 ἔχειν
1205 2333 1226 2371 ἦ
1250 2346 1326 2366 κου-

321 2380 462 2426 φότητα
488 2379 530 2412 τό
555 2376 784 2424 διωρισμένον.

247 2427 345 2460 Ἐπεὶ
370 2420 408 2457 δὲ
434 2423 528 2468 φύσις
553 2425 613 2468 μέν
648 2425 739 2458 ἐστιν
765 2425 786 2461 ἡ
814 2424 846 2455 ἐν
873 2423 968 2464 αὐτῷ
1002 2422 1073 2455 ὀποί
1095 2427 1204 2467 χούσα
1235 2423 1329 2460 κινή-

322 2482 403 2507 σεως
437 2469 543 2514 ἀρχή,
571 2463 712 2512 δύναμις
738 2463 767 2500 δ’
797 2469 818 2504 ἡ
845 2468 878 2500 ἐν
906 2467 995 2508 ἄλλῳ
1023 2467 1042 2509 ᾗ
1071 2469 1174 2508 αλλο,
1199 2470 1326 2506 κίνησις

322 2510 360 2546 δὲ
384 2515 405 2551 ἧ
431 2514 490 2558 μὲν
515 2513 613 2546 κατσὶ
637 2512 733 2556 φύσιν
759 2514 779 2549 ἡ
805 2508 843 2544 δὲ
868 2512 977 2552 βίαιος
1002 2513 1114 2553 πᾶσα,

256 2603 321 2642 τήν
351 2603 410 2647 μὲν
435 2602 531 2636 κατά
550 2601 660 2647 φύσιν,
690 2602 758 2633 οἷον
782 2601 831 2642 τῷ
853 2599 934 2641 λίθῳ
963 2599 1028 2636 τήν
1057 2599 1168 2640 κάτω,
1195 2599 1326 2633 θάττον

323 2646 460 2684 ποιήσει
482 2647 523 2679 τό
547 2646 644 2679 κατά
666 2641 824 2690 δύναμιν,
851 2644 916 2681 τήν
941 2639 980 2676 δὲ
1003 2645 1099 2690 παρά
1122 2644 1218 2688 φύσιν
1245 2644 1327 2683 ὅλως

324 2690 432 2728 αὐτή.

254 2739 336 2782 Πρὸς
364 2734 540 2780 ἀμφότερα
565 2731 603 2767 δὲ
627 2733 736 2779 ὥσπερ
764 2733 892 2780 ὀργάνῳ
918 2733 1052 2790 χρῆται
1078 2733 1125 2775 τῷ
1153 2732 1242 2778 ἀέρι·
1270 2733 1328 2766 ‘tte'-

322 2792 402 2826 φυκε
426 2780 492 2839 γάρ
524 2779 624 2817 οὗτος
654 2781 713 2810 καὶ
746 2780 868 2822 κοῦφος
901 2789 987 2810 ειναι
1018 2779 1076 2809 καὶ
1103 2777 1218 2822 βαρύς.
1258 2778 1326 2815 Τήν

322 2825 382 2870 μὲν
409 2837 465 2858 ουν
493 2824 560 2856 ἄνω
595 2823 731 2860 ποιήσει
763 2822 865 2868 φοράν
896 2823 916 2865 ᾖ
947 2822 1090 2866 κοῦφος,
1125 2823 1210 2855 ὅταν
1235 2820 1326 2865 ὠσθῇ

321 2872 381 2903 καὶ
412 2869 504 2912 λάβῃ
535 2868 599 2905 τήν
632 2868 740 2913 ἀρχὴν
776 2868 846 2901 ἀπὸ
877 2869 940 2906 τῆς
972 2862 1165 2910 δυνάμεως,
1201 2867 1264 2904 τὴν
1289 2863 1327 2900 δὲ

321 2914 420 2947 κάτω
447 2913 548 2948 πάλιν
568 2913 588 2955 ᾖ
608 2913 731 2955 βαρύς·
756 2912 868 2955 ὥσπερ
894 2913 958 2958 γὰρ
985 2910 1190 2955 ὲναφάψασα
1217 2924 1328 2956 παρα-

323 2955 458 2991 δίδωσιν
485 2956 646 2998 ἑκατέρῳ.
674 2957 732 2989 Διὸ
756 2959 815 2989 καὶ
840 2955 878 2989 οὐ
904 2954 1244 3000 παρακολουθοῦντος
1265 2957 1326 2988 τοῦ

321 3002 526 3041 κινήσαντος
552 3001 692 3047 φέρεται
718 3001 758 3034 τὸ
783 3002 841 3042 βία
866 3000 1009 3039 κινηθέν.
1037 3001 1074 3031 Εἰ
1098 3000 1163 3046 γάρ
1189 3001 1235 3044 μή
1257 3012 1327 3033 τοι-

325 3048 424 3080 οῦτόν
444 3059 478 3080 τι
496 3047 537 3079 τό
561 3047 659 3101 σῶμα
682 3047 846 3091 ὑπῆρχεν,
869 3044 927 3077 οὐκ
947 3046 986 3078 ἇὶν
1004 3042 1044 3083 ἦν
1063 3046 1083 3082 ἡ
1103 3047 1160 3085 βίᾳ
1184 3048 1323 3083 κίνησις.

255 3094 322 3124 Καὶ
349 3092 412 3129 τήν
443 3091 542 3124 κατά
572 3102 668 3135 φυσιν
700 3086 729 3122 δ’
759 3091 908 3123 ἑκάστου
938 3093 1067 3128 κίνησιν
1099 3090 1326 3134 συνεπουρίζει

322 3136 383 3169 τὸν
411 3137 519 3168 αὗτὲν
546 3135 685 3180 τρόπον.

248 3179 326 3214 “οτι
350 3180 409 3225 μὲν
436 3180 492 3213 οὖν
520 3179 612 3212 ἅπαν
638 3178 659 3215 ἦ
683 3180 806 3224 κοῦφον
833 3178 853 3216 ἦ
880 3178 980 3221 βαρύ,
999 3181 1056 3211 καὶ
1083 3179 1152 3216 πῶς
1176 3180 1210 3210 αἱ
1232 3177 1326 3222 παραὶ

323 3224 417 3268 φύσιν
439 3225 559 3270 ’ἔχουσι
582 3223 748 3265 κινήσεις,
776 3221 812 3255 ἐκ
837 3223 971 3256 τούτων
997 3222 1151 3268 φανερόν.

309 3331 457 3358 SYNOPSIS.
475 3347 510 3351 —
534 3340 557 3358 1.
573 3330 786 3367 Argumentum
807 3336 908 3358 textuS.
925 3347 944 3351 -
965 3330 1098 3365 Corpora
1112 3337 1186 3365 quae
1207 3334 1322 3356 natura-

255 3370 319 3398 liter
333 3376 416 3398 motu
430 3376 509 3398 recto
530 3376 693 3405 moventur,
715 3370 821 3398 habent
842 3369 1011 3407 gravitatem
1032 3374 1059 3396 et
1080 3367 1232 3402 levitatem,
1259 3366 1322 3403 qui-

255 3411 310 3438 bus
331 3410 368 3438 ad
388 3410 507 3446 propria
526 3410 591 3438 loca
611 3409 794 3438 inclinantur.
809 3426 829 3431 -
843 3417 870 3437 2.
889 3408 920 3436 Si
941 3408 1023 3436 enim.
1038 3407 1067 3435 id
1089 3408 1169 3443 quod
1191 3413 1322 3434 movetur

255 3459 317 3478 non
338 3450 443 3477 habeat
468 3449 686 3478 inclinationem
707 3449 868 3477 naturalem
893 3449 931 3476 ad
959 3447 1181 3475 determinatum
1209 3446 1322 3480 locum,

256 3488 436 3525 impossibile
462 3495 504 3516 est
531 3490 611 3526 quod
638 3495 789 3517 moveatur
814 3489 858 3516 vel
886 3488 923 3515 ad
945 3487 1073 3514 medium
1096 3486 1193 3522 (quod
1219 3485 1251 3512 fit
1271 3494 1323 3520 per

255 3528 472 3557 inclinationem
493 3529 658 3565 gravitatis),
673 3529 717 3556 vel
732 3538 749 3556 a
763 3527 861 3556 medio
880 3527 973 3563 (quod
988 3526 1019 3553 fit
1033 3535 1084 3561 per
1105 3524 1321 3553 inclinationem

255 3568 396 3603 levitatis).
419 3569 496 3605 Ergo
517 3577 635 3597 necesse
649 3575 691 3596 est
711 3576 835 3604 corpora
856 3575 930 3603 quae
952 3572 1034 3592 motu
1054 3571 1133 3592 recto
1155 3570 1321 3598 moventur,

256 3608 425 3645 gravitatem
446 3608 552 3636 habere
574 3614 602 3636 et
622 3607 777 3636 levitatem.
793 3624 811 3628 -
829 3607 853 3634 3.
869 3606 1012 3633 Probatur
1028 3605 1108 3640 quod
1123 3612 1246 3640 corpora
1260 3612 1321 3630 non

256 3647 392 3676 habentia
412 3647 580 3684 gravitatem
601 3654 629 3675 et
649 3646 803 3681 levitatem,
825 3654 886 3673 non
908 3650 1100 3672 moverentur.
1121 3645 1149 3679 a)
1171 3644 1238 3671 Non
1260 3652 1323 3670 mo-

435 3707 504 3739 Opp.
523 3706 555 3731 D.
570 3706 684 3730 Tuomst:
704 3705 735 3728 T.
751 3705 790 3728 111.

1379 866 1396 885 *
1414 867 1513 904 Quod
1536 874 1644 898 autern
1668 869 1825 909 quaedam
1847 870 1960 901 habere
1984 871 2196 902 necessarium
2212 871 2449 904 inclinationem

1446 911 1604 951 gravitatis
1629 919 1659 942 et
1681 913 1825 952 levitatis,
1851 924 1887 945 ex
1910 915 1959 945 his
1982 916 2099 955 palam.

1378 955 1501 986 Moveri
1525 956 1657 996 quidem
1674 957 1759 987 enim
1778 958 1941 998 inquimus
1958 960 2168 991 necessarium
2188 968 2271 992 esse:
2297 961 2322 991 si
2341 968 2449 992 autem

1447 1010 1514 1031 non
1537 1001 1665 1040 habebit
1688 1008 1799 1032 natura
1822 1002 2058 1034 inclinationem
2087 1005 2175 1046 quod
2199 1012 2361 1045 movetur,
2390 1006 2449 1036 im-

1445 1045 1597 1085 possibile
1620 1046 1743 1076 moveri
1767 1053 1823 1077 aut
1845 1048 1884 1077 ad
1908 1048 2051 1079 medium
2075 1056 2129 1080 aut
2153 1060 2170 1079 a
2194 1050 2311 1081 medio.

1448 1089 1535 1120 enim
1557 1090 1647 1130 quod
1661 1090 1792 1131 quidem
1814 1090 1848 1121 in
1870 1102 1937 1132 quo
1961 1095 1989 1123 A
2013 1103 2078 1123 non
2101 1104 2211 1134 grave,
2235 1095 2324 1135 quod
2343 1102 2450 1125 autem

1446 1133 1479 1164 in
1503 1144 1569 1175 quo
1592 1134 1618 1165 Β
1641 1134 1827 1175 gravitatem
1852 1136 1979 1167 habens.
2005 1137 2135 1168 Feratur
2151 1145 2258 1169 autem
2274 1149 2340 1169 non
2356 1149 2449 1179 grave

1447 1189 1504 1219 per
1527 1189 1598 1209 eam
1621 1189 1703 1220 quae
1728 1179 1798 1217 GD,
1823 1181 1911 1220 quod
1935 1188 2041 1211 autem
2061 1182 2086 1212 B
2102 1182 2135 1212 in
2158 1183 2282 1223 aequali
2306 1191 2449 1224 tempore

1447 1233 1503 1263 per
1527 1233 1597 1253 eam
1621 1234 1703 1264 quae
1727 1223 1798 1254 GE:
1823 1234 1878 1264 per
1894 1225 1996 1255 maius
2021 1226 2105 1256 enim
2129 1226 2245 1257 feretur
2267 1228 2450 1268 gravitatem

1447 1268 1576 1298 habens.
1601 1268 1633 1298 Si
1657 1268 1764 1308 itaque
1789 1268 1945 1299 dividatur
1972 1279 2087 1309 corpus
2115 1271 2233 1302 habens
2262 1273 2447 1312 gravitatem

1448 1320 1484 1344 ut
1507 1322 1589 1353 quae
1613 1312 1670 1343 GE
1694 1313 1733 1342 ad
1757 1322 1828 1343 eam
1851 1323 1932 1354 quae
1957 1313 2014 1344 GD
2039 1312 2210 1356 (possibile
2241 1316 2327 1347 enim
2350 1317 2394 1347 sic
2417 1327 2450 1347 se

1448 1357 1563 1388 habere
1586 1357 1626 1387 ad
1649 1356 1768 1398 aliquid
1792 1367 1901 1388 earum
1917 1368 1998 1399 quae
2021 1357 2054 1388 in
2077 1359 2148 1399 ipso
2164 1359 2337 1403 partium),
2361 1361 2386 1391 si
2402 1368 2450 1392 to-

1449 1408 1519 1432 tum
1542 1401 1640 1432 fertur
1655 1412 1711 1442 per
1734 1408 1835 1432 totam
1850 1402 1918 1440 GE,
1938 1409 2060 1442 partem
2076 1413 2201 1434 necesse
2220 1412 2266 1435 est
2283 1405 2316 1435 in
2336 1406 2451 1436 eodem

1448 1453 1593 1486 tempore
1617 1456 1686 1476 eam
1707 1456 1789 1487 quae
1806 1446 1864 1477 GD
1882 1446 1962 1477 ferri.
1988 1447 2096 1488 Itaque
2120 1458 2175 1488 per
2191 1449 2321 1489 aequale
2336 1449 2451 1480 feretur

1449 1500 1515 1521 non
1535 1500 1639 1531 grave,
1660 1497 1691 1521 et
1708 1490 1892 1530 gravitatem
1916 1491 2049 1522 habens:
2074 1493 2162 1532 quod
2179 1493 2307 1533 quidem
2331 1493 2449 1534 impos-

1379 1089 1425 1120 Sit

1449 1535 1548 1566 sibile.
1573 1535 1695 1565 Eadem
1719 1541 1826 1565 autem
1850 1535 1929 1566 ra'tio
1954 1542 1984 1566 et
2007 1536 2039 1566 in
2063 1536 2197 1567 levitate.

1381 1580 1398 1599 *
1411 1580 1528 1611 Adhuc
1551 1586 1670 1618 autem,
1687 1579 1713 1610 si
1737 1579 1795 1610 erit
1817 1579 1947 1620 aliquod
1964 1590 2079 1620 corpus
2104 1588 2231 1612 motum
2250 1592 2353 1622 neque
2375 1583 2450 1613 levi-

1449 1631 1547 1656 tatem
1571 1634 1675 1665 neque
1696 1623 1882 1666 gravitatem
1897 1624 2027 1662 habens,
2044 1635 2170 1656 necesse
2185 1625 2246 1656 hoc
2264 1626 2295 1656 vi
2318 1627 2449 1658 moveri.

1450 1669 1549 1706 Quod
1572 1675 1679 1699 autem
1702 1668 1733 1698 vi
1757 1675 1915 1706 movetur,
1935 1668 2095 1700 infinitum
2114 1669 2187 1700 facit
2204 1677 2340 1701 motum.
2361 1671 2450 1709 Quo-

1450 1714 1535 1744 niam
1560 1713 1646 1744 enim
1668 1712 1767 1743 virtus
1791 1713 1948 1753 quaedam
1965 1723 2109 1752 movens,
2125 1714 2232 1744 minus
2249 1722 2279 1745 et
2297 1715 2395 1746 levius
2412 1716 2450 1746 ab

1450 1759 1562 1789 eadem
1583 1757 1698 1788 virtute
1715 1757 1787 1797 plus
1803 1757 1991 1789 movebitur.
2016 1759 2143 1789 Motum
2159 1759 2198 1789 sit
2213 1760 2302 1799 quod
2321 1760 2451 1800 quidem

1449 1803 1483 1833 in
1506 1813 1573 1843 quo
1596 1804 1626 1833 A
1644 1811 1709 1832 non
1732 1812 1836 1841 grave,
1853 1812 1909 1842 per
1932 1812 2002 1832 eam
2026 1813 2107 1843 quae
2131 1803 2207 1841 GE3
2232 1804 2321 1844 quod
2344 1811 2451 1835 autem

1449 1847 1482 1878 in
1506 1857 1572 1888 quo
1595 1847 1622 1878 B
1645 1846 1830 1887 gravitatem
1857 1847 1996 1885 habens,
2019 1847 2053 1877 in
2077 1848 2200 1888 aequali
2229 1854 2372 1888 tempore
2395 1859 2451 1889 per

1450 1902 1522 1922 eam
1545 1901 1626 1932 quae
1651 1891 1719 1922 GD.
1754 1890 1864 1921 Diviso
1889 1898 1996 1921 autem
2019 1892 2203 1931 gravitatem
2225 1892 2359 1923 habente
2384 1903 2451 1924 cor-

1450 1946 1528 1978 pore
1552 1943 1588 1967 ut
1610 1945 1692 1977 quae
1709 1935 1765 1966 GE
1790 1935 1829 1965 ad
1853 1945 1924 1966 eam
1940 1946 2022 1976 quae
2039 1936 2108 1974 GD,
2126 1937 2244 1967 accidet
2267 1937 2408 1968 ablatum
2432 1948 2450 1968 a

1449 1981 1635 2022 gravitatem
1661 1980 1796 2010 habente
1827 1990 1975 2020 corpore,
2000 1990 2056 2020 per
2079 1980 2135 2012 GE
2163 1981 2235 2011 ferri
2265 1981 2298 2011 in
2328 1982 2452 2022 aequali

1450 2032 1614 2066 tempore;
1630 2024 1786 2065 quoniam
1809 2031 1915 2055 totum
1939 2024 2095 2056 ferebatur
2118 2035 2174 2066 per
2190 2036 2259 2056 eam
2279 2036 2360 2066 quae
2380 2026 2449 2057 GD.

1450 2070 1659 2101 Velocitatem
1684 2069 1769 2099 enim
1792 2068 1920 2099 habebit
1943 2070 2032 2110 quod
2051 2069 2183 2100 minoris
2213 2070 2253 2100 ad
2276 2070 2338 2100 hoc
2362 2071 2451 2111 quod

1450 2114 1590 2152 maioris,
1612 2121 1648 2144 ut
1663 2113 1767 2144 maius
1784 2123 1899 2154 corpus
1916 2114 1955 2144 ad
1970 2113 2086 2145 minus.
2110 2114 2252 2155 Aequale
2275 2114 2370 2154 igitur
2384 2125 2451 2145 non

1449 2169 1542 2199 grave
1566 2158 1682 2188 feretur
1706 2168 1838 2198 corpus,
1863 2165 1893 2189 et
1915 2158 2099 2198 gravitatem
2122 2159 2256 2196 habens,
2280 2159 2313 2189 in
2337 2159 2451 2189 eodem

1449 2211 1605 2244 ternpore.
1626 2203 1698 2233 Hoc
1714 2209 1822 2232 autem
1837 2202 2043 2242 impossibile.
2062 2203 2181 2244 Itaque,
2195 2203 2349 2244 quoniam
2362 2203 2451 2233 omni

1450 2247 1598 2288 apposito
1622 2247 1778 2276 maiorem
1802 2247 1982 2277 movebitur
2006 2247 2233 2285 distensionem
2257 2258 2322 2278 non
2346 2257 2450 2287 grave,

1450 2291 1612 2322 infinitum
1635 2291 1746 2331 utique
1770 2291 1960 2322 movebitur.

1382 2336 1588 2367 Manifestum
1614 2335 1711 2375 igitur
1733 2335 1822 2375 quod
1851 2345 1977 2366 necesse
2001 2345 2117 2375 corpus
2146 2345 2243 2366 omne
2266 2336 2450 2376 gravitatem

1450 2381 1564 2411 habere
1585 2386 1640 2410 aut
1662 2379 1832 2418 levitatem,
1857 2380 1947 2420 quod
1971 2379 2226 2410 determinatum.

1381 2425 1399 2444 *
1415 2425 1579 2463 Quoniam
1603 2431 1710 2455 autem
1725 2431 1837 2454 natura
1854 2431 1900 2454 est
1913 2424 1946 2454 in
1962 2424 2032 2464 ipso
2058 2424 2190 2454 existens
2210 2431 2318 2455 motus
2337 2424 2451 2464 princi-

1449 2469 1552 2510 pium,
1575 2468 1674 2499 virtus
1698 2475 1806 2499 autem
1829 2468 1862 2498 in
1886 2468 1948 2498 alio
1968 2469 2144 2498 secundum
2161 2469 2250 2509 quod
2265 2468 2366 2507 aliud;
2384 2479 2452 2499 mo-

1448 2520 1499 2544 tus
1524 2519 1632 2543 autem
1650 2512 1701 2543 hic
1724 2513 1856 2554 quidem
1879 2513 2057 2543 secundum
2081 2519 2244 2551 naturam,
2269 2513 2319 2543 hic
2343 2520 2450 2544 autem

1449 2557 1620 2595 violentus,
1644 2557 1759 2588 omnis.

1382 2603 1469 2633 Eum
1492 2602 1622 2643 quidem
1639 2601 1695 2642 qui
1711 2601 1888 2632 secundum
1911 2609 2068 2638 naturam,
2088 2607 2166 2641 puta
2181 2601 2279 2641 lapidi
2300 2611 2374 2631 eum
2394 2602 2450 2642 qui

1450 2647 1612 2684 deorsum,
1638 2646 1832 2676 velociorem
1855 2645 1947 2676 faciet
1974 2646 2064 2686 quod
2087 2646 2264 2676 secundum
2286 2646 2450 2677 virtutem:

1450 2701 1525 2722 eum
1549 2697 1656 2721 autem
1680 2690 1736 2731 qui
1760 2697 1880 2730 praeter
1899 2697 2055 2728 naturam,
2080 2690 2216 2720 totaliter
2238 2690 2317 2730 ipsa.

1382 2736 1433 2767 Ad
1456 2736 1552 2766 ambo
1577 2742 1685 2765 autem
1715 2741 1868 2775 tanquam
1899 2744 2019 2774 organo
2047 2734 2146 2764 utitur
2176 2744 2255 2764 aere.
2281 2735 2380 2765 Natus
2405 2741 2452 2765 est

1450 2780 1535 2810 enim
1558 2779 1609 2809 hic
1633 2786 1664 2809 et
1686 2779 1763 2809 levis
1794 2789 1860 2809 esse
1892 2786 1922 2809 et
1953 2778 2064 2818 gravis.
2094 2779 2173 2808 Eam
2198 2778 2327 2819 quidem
2355 2778 2450 2818 igitur

1449 2834 1531 2865 quae
1547 2833 1675 2854 sursum
1694 2823 1787 2853 faciet
1802 2823 1953 2860 lationem
1970 2823 2146 2853 secundum
2162 2823 2250 2863 quod
2269 2823 2356 2860 levis,
2375 2833 2449 2853 cum

1449 2868 1566 2899 feratur
1589 2874 1619 2898 et
1642 2874 1748 2898 sumat
1771 2867 1965 2907 principium
1989 2878 2006 2897 a
2028 2867 2160 2904 virtute;
2185 2867 2274 2907 quod
2298 2867 2449 2897 deorsum

1447 2913 1564 2944 iterum
1587 2912 1764 2942 secundum
1788 2912 1877 2952 quod
1900 2911 2018 2951 gravis:
2042 2911 2129 2941 velut
2152 2911 2236 2941 enim
2264 2911 2448 2950 imprimens

1445 2957 1538 2988 tradit
1555 2956 1691 2997 utrique.
1712 2957 1845 2995 Propter
1861 2956 1950 2996 quod
1967 2962 1996 2985 et
2012 2965 2078 2985 non
2097 2962 2282 2995 assequente
2303 2965 2340 2985 eo
2358 2955 2446 2995 quod

1449 3001 1561 3039 movit,
1578 3000 1676 3031 fertur
1691 3000 1722 3030 vi
1737 3007 1874 3030 motum.
1899 3000 1931 3030 Si
1948 2999 2033 3030 enim
2057 3009 2122 3029 non
2147 2999 2207 3029 tale
2230 2999 2361 3039 aliquod
2383 3008 2448 3028 cor-

1449 3056 1509 3086 pus
1534 3045 1687 3082 existeret,
1712 3055 1778 3074 non
1803 3044 1912 3084 utique
1937 3050 2018 3073 esset
2040 3043 2095 3083 qui
2118 3042 2149 3072 vi
2173 3049 2291 3072 motus.

1381 3090 1422 3121 Et
1445 3100 1519 3120 eum
1544 3096 1652 3120 autem
1670 3088 1726 3129 qui
1742 3089 1918 3118 secundum
1943 3094 2087 3117 naturam
2111 3086 2363 3127 uniuscuiusque
2380 3096 2447 3116 mo-

1448 3141 1518 3164 tum
1541 3140 1710 3173 promovet
1733 3133 1847 3162 eodem
1871 3132 1981 3162 modo.

1381 3178 1480 3216 Quod
1503 3178 1634 3218 quidem
1656 3177 1751 3216 igitur
1775 3186 1870 3206 omne
1894 3182 1948 3206 aut
1971 3175 2038 3205 leve
2053 3181 2108 3204 aut
2130 3184 2233 3213 grave,
2259 3181 2288 3204 et
2312 3174 2446 3214 qualiter

1446 3229 1568 3262 praeter
1592 3228 1737 3251 naturam
1759 3220 1876 3250 habent
1899 3229 1931 3249 se
1950 3226 2073 3256 motuS,
2098 3228 2135 3248 ex
2157 3218 2205 3248 his
2229 3218 2443 3249 manifestum.

1378 3332 1514 3354 verentur
1536 3324 1719 3352 naturaliter.
1743 3325 1817 3351 Nam
1839 3323 1862 3351 si
1883 3323 1923 3350 ita
1944 3329 2026 3357 esset,
2049 3329 2216 3359 sequeretur
2238 3323 2318 3359 quod
2340 3332 2444 3359 corpus

1379 3366 1488 3393 habens
1510 3364 1679 3401 gravitatem
1695 3370 1722 3391 et
1737 3372 1841 3399 corpus
1855 3372 1916 3390 non
1936 3363 2045 3390 habens
2059 3362 2236 3399 gravitatem,
2253 3363 2357 3390 eodem
2371 3369 2444 3391 tem-

1378 3414 1449 3441 pore
1470 3413 1522 3440 per
1543 3404 1694 3440 aequalem
1719 3402 1949 3439 magnitudinem
1977 3402 2133 3437 ferrentur3
2155 3403 2235 3438 quod
2265 3408 2307 3430 est
2334 3402 2444 3439 impos-

1378 3444 1468 3472 sibile.
1490 3460 1510 3464 —
1532 3442 1749 3479 Consequentia
1774 3442 1980 3470 manifestatur.
2002 3441 2032 3469 Si
2053 3443 2094 3477 A,
2117 3451 2223 3478 corpus
2248 3451 2309 3469 non
2335 3442 2444 3470 habens

1377 3483 1555 3520 gravitatem,
1578 3488 1718 3516 movetur,
1740 3488 1823 3509 motu
1845 3481 1894 3518 qui
1909 3487 1951 3509 est
1966 3482 2003 3509 ad
2017 3481 2161 3516 medium,
2184 3491 2236 3517 per
2250 3481 2374 3517 spatium
2390 3482 2442 3509 GD

1377 3523 1407 3550 in
1429 3522 1622 3550 determinato
1643 3528 1789 3557 tempore,
1813 3530 1917 3557 corpus
1940 3522 1977 3555 B,
1999 3521 2166 3557 gravitatem
2188 3522 2310 3556 habens,
2339 3522 2443 3549 eodem

1376 3569 1507 3598 tempore
1537 3567 1702 3589 moveretur
1729 3570 1781 3597 per
1809 3560 1901 3588 maius
1930 3560 2053 3597 spatium
2084 3561 2142 3588 GE.
2156 3554 2255 3589 'Unde
2284 3561 2347 3588 talis
2377 3570 2443 3597 pars

1376 3607 1475 3638 posset
1502 3601 1579 3629 sumi
1607 3610 1624 3628 a
1645 3609 1767 3637 corpore
1797 3601 1834 3635 B,
1864 3610 1953 3637 quae,
1983 3600 2150 3637 gravitatem
2175 3601 2302 3636 habens,
2330 3601 2442 3637 aequali

1376 3648 1506 3677 tempore
1535 3650 1603 3669 cum
1632 3641 1657 3668 A
1685 3640 1853 3677 gravitatem
1881 3649 1942 3668 non
1971 3640 2109 3676 habente,
2141 3640 2266 3677 spatium
2295 3641 2346 3667 GD
2377 3649 2441 3676 per-

2230 3698 2260 3722 32

2478 884 2487 893 '
2503 882 2558 910 Seq.
2575 888 2653 911 cap.11
2668 886 2692 904 et

2476 913 2532 931 text.
2545 909 2581 931 26.

2476 1592 2487 1602 ⁸
2502 1591 2569 1613 Text.
2584 1597 2618 1619 27.

2476 2434 2487 2445 ⁴*
2502 2433 2569 2455 Text.
2585 2434 2621 2456 28.
