2690 4062
233 381 243 387 ’
271 390 347 414 sunt
363 383 446 414 sicca
464 390 495 414 et
512 381 604 414 humi

33 651 43 660 ·
57 648 180 671 secundum
194 654 232 671 να.

272 273 376 298 CXXVI

272 349 362 371 cum:
388 346 419 370 et
435 338 540 381 prima
564 348 621 370 cor
645 348 701 370 ora
718 335 880 380 passibilia
900 343 976 368 sunt
992 343 1074 367 terra
1091 342 1123 365 et
1139 344 1233 376 aqua,
1251 343 1334 375 quae

607 348 656 414 cii.
675 381 715 414 Et
734 389 867 424 propter
889 379 953 412 hoc
976 377 1131 421 frigidum
1151 375 1241 427 quod
1256 387 1334 409 con-

270 426 360 459 venit
383 435 485 458 terrae
510 434 542 458 et
565 437 679 470 aquae,
704 434 752 458 est
775 425 883 456 minus
909 423 1052 455 activum
1076 430 1108 454 et
1131 432 1236 464 magis
1262 431 1333 464 pas-

270 470 362 503 sibile
387 481 485 514 quain
510 469 662 510 calidum,
687 469 777 513 quod
805 468 958 501 convenit
985 466 1060 516 aeri.
1074 473 1106 498 et
1130 465 1210 508 igni.
1237 464 1333 504 Quo-

270 513 372 547 modo
397 523 506 547 autem
530 513 685 557 frigidum
708 514 750 545 sit
773 513 915 545 activum
933 509 1087 549 ostendit,
1104 509 1216 542 dicens
1242 508 1332 553 quod

270 567 319 592 est
341 559 484 591 activum
501 557 681 602 dupliciter.
702 557 814 590 Primo
839 556 914 600 quia
931 565 1140 597 corrumpere
1160 562 1212 604 est
1227 552 1332 597 quod-

270 602 344 636 dam
368 614 480 646 agere:
504 601 659 646 frigidum
682 610 790 634 autem
819 608 867 633 est
891 599 1132 642 corruptivum,
1157 608 1234 641 quia
1258 608 1330 630 cor-

268 647 393 691 rumpit
416 646 569 687 calidum,
586 657 668 690 quae
692 654 741 678 est
764 644 900 689 qualitas
920 643 1121 687 generativa;
1146 640 1291 675 secundo
1314 643 1332 662 *

269 691 388 724 dicitur
411 703 504 735 agere
528 702 586 734 per
609 689 776 729 accidens,
802 689 878 732 quia
902 689 1090 721 circumstat
1113 685 1272 737 calidum,
1298 695 1330 719 et

269 747 308 768 ex
330 735 395 769 hoc
421 734 560 768 calidum
608 745 642 767 er
661 733 923 777 antiperistasim‚
940 731 1004 764 hoc
1028 739 1078 764 est
1101 739 1330 764 contrasisten-

267 781 347 813 tiam
370 779 487 823 frigidi,
505 778 579 811 forti
605 786 705 818 catur,
722 786 754 810 et
773 779 819 810 sic
842 775 998 819 frigidum
1022 775 1229 809 fortificando
1254 775 1329 808 cali-

268 823 347 858 dum
395 835 429 857 er
451 822 599 856 accidens
623 822 690 865 agit
713 821 753 855 ad
777 821 1032 865 generationem.
1232 855 1234 857 ,

323 868 365 902 Se
405 866 677 900 considerandum
701 874 749 899 est
765 874 926 910 quantum
949 864 990 898 ad
1013 864 1078 897 hoc
1094 864 1185 909 quod
1200 863 1328 905 dicitur,

268 912 357 957 quod
379 911 535 955 frigiditas
559 920 608 944 est
631 922 690 954 per
705 922 740 943 se
764 910 950 953 corruptiva
978 918 1010 942 et
1029 921 1088 953 per
1111 908 1260 942 accidens
1276 921 1329 952 ge-

266 957 419 995 nerativa,
446 955 535 999 quod
565 955 732 998 generatio
757 953 930 998 dupliciter
958 952 1094 994 dicitur,
1112 954 1206 986 -sicut
1229 965 1327 997 supra

266 1001 388 1035 dictum
412 1009 477 1033 est:
526 1000 609 1032 rimo
640 1000 835 1043 inquantum
859 1007 909 1031 est
939 999 1079 1031 mutatio
1108 1010 1125 1031 a
1156 1009 1225 1030 non
1255 1009 1326 1031 esse

265 1045 305 1079 ad
329 1056 398 1078 esse
422 1043 500 1077 abso
515 1052 586 1084 ute;
611 1042 758 1076 secundo
783 1042 901 1076 dicitur
924 1043 1111 1086 generatio,
1136 1042 1268 1086 quando
1292 1042 1326 1075 id

265 1089 354 1134 quod
377 1088 569 1132 producitur
585 1088 618 1120 in
635 1099 715 1128 esse,
732 1095 781 1120 est
799 1087 954 1127 nobilius,
972 1096 1003 1120 et
1021 1099 1039 1120 e
1057 1098 1217 1120 converso
1235 1086 1326 1131 quod

264 1133 493 1177 corrumpitur,
507 1141 556 1165 est
568 1131 761 1176 ignobilius:
779 1132 948 1176 corruptio
961 1143 1040 1165 vero
1054 1131 1182 1171 dicitur,
1192 1131 1324 1176 quando

263 1177 352 1223 quod
377 1178 607 1221 corrumpitur,
625 1185 674 1210 est
696 1175 850 1216 nobilius,
865 1176 942 1209 licet
964 1177 1062 1209 etiam
1086 1175 1130 1209 ibi
1151 1185 1326 1219 generetur

262 1221 383 1266 aliquid
414 1221 502 1254 aliud
534 1220 680 1254 absolute
689 1234 698 1262 ς
722 1229 759 1254 ut
781 1221 950 1265 generatio
975 1220 1103 1262 dicitur,
1128 1220 1261 1265 quando
1285 1233 1325 1254 ex

262 1275 344 1299 terra
366 1265 418 1299 vel
434 1277 518 1310 aqua
541 1274 714 1309 generatur
733 1276 787 1298 aer
803 1265 855 1298 vel
871 1266 966 1309 ignis,
992 1266 1170 1313 corruptio,
1213 1265 1323 1299 uando

261 1323 278 1343 e
303 1311 464 1343 contrario
489 1322 528 1343 ex
558 1311 633 1354 igne
661 1309 713 1343 vel
737 1321 809 1343 aere
840 1318 1014 1354 generatur
1045 1322 1129 1354 aqua
1152 1322 1192 1343 ve
1229 1319 1323 1343 terra.

261 1356 302 1388 Et
325 1354 388 1388 hoc
411 1353 514 1387 modo
538 1355 644 1398 agitur
667 1354 707 1388 de
730 1355 941 1398 generatione
965 1355 999 1388 in
1021 1355 1087 1388 Ide
1113 1354 1320 1389 Generatione.

260 1398 444 1444 Loquendo
469 1399 567 1442 igitur
590 1398 629 1433 de
653 1399 863 1443 generatione
888 1400 996 1444 primo
1020 1399 1144 1439 modo,
1164 1398 1323 1443 frigiditas

260 1453 309 1477 est
331 1455 389 1488 per
412 1455 446 1483 se
470 1444 665 1487 generativa,
687 1453 719 1477 et
741 1455 811 1477 non
835 1443 944 1477 solum
968 1455 1027 1488 per
1049 1444 1218 1485 accidens,
1246 1445 1323 1489 quia

260 1488 426 1532 corruptio
451 1489 548 1521 unius
573 1497 622 1521 est
652 1489 819 1532 generatio
849 1488 997 1529 alterius,
1019 1497 1051 1522 et
1075 1489 1166 1533 quod
1197 1501 1256 1533 per
1288 1501 1322 1522 se

260 1533 440 1576 corrumpit
457 1544 572 1574 unum,
592 1532 705 1566 eadem
720 1534 848 1577 actione
867 1542 1001 1578 generat
1017 1545 1075 1578 per
1091 1545 1125 1567 se
1142 1533 1321 1578 reliquum:

258 1586 372 1610 natura
395 1578 483 1610 enim
507 1589 575 1610 non
600 1587 789 1622 operaretur
836 1590 871 1611 er
895 1590 928 1612 se
953 1577 1126 1612 intendens
1151 1578 1191 1612 ad
1216 1578 1322 1612 solam

259 1623 523 1666 corruptionem,
549 1634 632 1667 quae
657 1631 705 1656 est
739 1634 806 1667 quo
831 1622 907 1656 dam
938 1623 1085 1664 malum,
1116 1624 1178 1657 nisi
1207 1623 1322 1657 eadem

258 1666 384 1699 actione
415 1666 537 1711 aliquid
564 1676 743 1710 generaret.
769 1667 833 1701 Sed
865 1667 904 1701 de
933 1669 1144 1712 generatione
1175 1668 1322 1702 secundo

969 253 1558 294 METEOROLOGICORUM
1585 253 1680 290 LIB.
1712 253 1764 290 IV

1389 330 1492 363 modo
1521 341 1636 363 verum
1661 338 1710 363 est
1734 329 1825 374 quod
1849 329 2005 374 frigidum
2029 342 2088 375 per
2116 343 2151 365 se
2175 341 2225 366 est
2248 332 2465 368 solummodo

1390 375 1634 418 corruptivum:
1687 375 1740 407 uia
1760 373 1920 418 frigiditas
1945 376 2128 420 corrumpit
2151 377 2263 421 ignem
2287 386 2320 411 et
2344 390 2464 420 aerem,

1389 431 1472 463 quae
1496 427 1574 451 sunt
1597 418 1675 451 nobi
1691 419 1778 459 iora,
1802 428 1835 451 et
1858 428 1993 463 generat
2016 429 2136 454 terram
2160 430 2192 455 et
2216 434 2355 467 aquam,
2379 435 2464 468 quae

1387 472 1464 496 sunt
1487 462 1694 506 ignobiliora.

1442 517 1471 540 2.
1491 506 1622 540 Deinde
1647 518 1724 540 curn
1748 506 1843 541 dicit:
1867 507 2068 543 Desiccantur
2090 516 2192 543 autem
2215 519 2288 552 etc.‚
2310 510 2464 546 determi-

1386 560 1442 584 nat
1457 551 1497 585 de
1510 552 1624 584 siccari
1641 563 1716 585 exse
1741 551 1852 585 uendo
1865 553 2085 587 intentionem
2097 556 2371 599 propositam.'Et
2384 556 2464 590 dicit

1387 595 1476 640 quod
1501 597 1614 629 omnia
1638 595 1693 629 illa
1740 597 1872 630 icuntur
1903 597 2059 632 desiccari
2083 610 2168 643 quae
2192 608 2270 633 sunt
2297 612 2383 645 aqua
2406 610 2464 635 aut

1386 652 1489 684 aquae
1506 652 1521 673 s
1547 641 1644 681 ecies,
1661 641 1746 674 sicut
1760 642 1888 682 vinum,
1905 653 2016 675 serum
2034 652 2066 676 et
2082 642 2288 686 huiusmodi,
2305 654 2362 678 aut
2377 657 2462 690 quae

1385 684 1507 718 habent
1554 684 1762 719 umiditatem
1790 687 2050 729 connaturalem,
2077 697 2115 721 ut
2143 687 2204 729 lac,
2230 688 2284 722 vel
2311 691 2462 734 superin-

1385 729 1517 762 ductam
1530 756 1540 770 ,
1573 730 1665 763 velut
1697 730 1771 764 lana
1799 730 1980 765 madefacta
1993 758 2002 773 ,
2034 741 2067 766 et
2089 733 2318 768 universaliter
2348 735 2462 768 omnia

1384 773 1531 815 humida,
1549 786 1642 819 quae,
1657 786 1726 808 non
1753 774 1878 809 faciunt
1900 776 2112 811 residentiam
2143 778 2178 811 in
2197 777 2301 812 fundo
2325 787 2462 830 propter

1383 819 1571 862 puritatem,
1591 828 1624 852 et
1646 830 1716 852 non
1735 828 1872 864 propter
1894 821 2129 856 viscositatem.
2147 822 2253 864 Quod
2277 822 2366 864 dic1t,
2383 824 2461 869 quia

1383 872 1461 896 sunt
1485 863 1647 908 quaedam
1663 875 1748 908 quae
1771 873 1850 897 sunt
1870 873 1974 899 terrea
1996 874 2029 900 et
2051 878 2177 911 grossa,
2193 876 2227 901 et
2249 877 2361 902 tamen
2384 880 2460 913 par-

1382 916 1430 941 tes
1455 917 1578 941 terreae
1602 919 1673 942 non
1695 907 1841 942 resident
1864 910 1898 942 in
1930 910 2099 954 profundo
2122 921 2260 957 propter
2289 913 2461 947 viscosita-
2512 931 2514 933 ·

1382 961 1450 985 tem
1474 953 1702 986 continentem
1734 953 1860 986 siccum
1884 962 2056 996 terrestre,
2081 957 2168 990 sicut
2191 956 2303 991 oleum
2331 966 2365 991 et
2393 959 2459 1003 pix.

1382 996 1509 1031 Omnia
1525 1006 1637 1031 autem
1660 998 1722 1031 ista
1738 1006 1795 1032 aut
1815 997 2023 1033 desiccantur
2041 1011 2060 1034 a
2077 999 2184 1034 calido
2201 1002 2355 1036 exteriori
2370 1001 2459 1036 foras

1381 1041 1542 1075 educente
1566 1042 1762 1084 humidum,
1791 1042 1878 1076 sicut
1900 1052 1991 1088 patet
2014 1045 2048 1078 in
2072 1055 2170 1079 carne
2194 1045 2332 1080 elixata:
2359 1056 2416 1081 aut
2439 1059 2460 1082 a

1381 1086 1487 1120 calido
1512 1087 1660 1120 interiori
1684 1096 1718 1121 et
1740 1099 1759 1121 a
1781 1086 1904 1132 frigore
1929 1089 2174 1130 circumstante,
2191 1090 2282 1135 quod
2305 1090 2461 1126 fortificat

1381 1130 1524 1165 calidum
1548 1132 1685 1165 interius
1709 1143 1769 1176 per
1792 1133 2063 1177 antiperistasim,
2087 1135 2173 1169 sicut
2196 1146 2237 1179 ap
2263 1144 2333 1169 aret
2354 1136 2390 1170 in
2413 1136 2462 1170 in-

1380 1175 1547 1210 dumentis
1564 1175 1734 1210 desiccatis
1750 1177 1786 1210 in
1800 1176 1910 1213 hieme
1927 1189 1946 1211 a
1961 1187 2063 1212 vento
2080 1178 2211 1224 frigido.
2253 1188 2267 1213 t
2283 1180 2330 1214 sic
2345 1181 2460 1215 omnia

1380 1220 1587 1255 desiccantur
1610 1230 1667 1255 aut
1690 1233 1709 1255 a
1731 1220 1852 1266 frigido
1876 1233 1936 1267 per
1959 1223 2123 1266 accidens,
2142 1233 2200 1259 aut
2222 1236 2282 1269 per
2304 1236 2340 1259 se
2363 1237 2383 1260 a
2406 1236 2460 1260 ca·

1378 1265 1458 1306 lido,
1476 1266 1545 1299 sive
1569 1267 1717 1300 interiori
1741 1267 1812 1300 sive
1837 1268 2002 1302 exteriori.

1433 1321 1461 1354 3.
1487 1310 1618 1345 Deinde
1649 1322 1727 1344 cum
1758 1311 1851 1346 dicit:
1875 1312 2060 1348 Humectan'
2081 1319 2183 1347 autem
2205 1322 2288 1355 etc.‚
2313 1313 2461 1349 ostendit

1379 1354 1459 1399 quid
1483 1355 1525 1389 sit
1547 1355 1740 1390 humectari.
1766 1357 1808 1390 Et
1832 1356 1912 1391 dicit
1935 1357 2027 1403 quod
2050 1357 2235 1392 humectari
2258 1358 2378 1393 dicitur
2397 1358 2458 1394 du-

1378 1399 1523 1444 pliciter:
1551 1412 1621 1434 uno
1645 1401 1782 1446 quidem
1806 1401 1910 1436 modo
1935 1411 1985 1436 est
2011 1402 2083 1437 fieri
2107 1414 2244 1448 aquam,
2268 1404 2355 1438 sicut
2377 1414 2457 1438 cum

1378 1456 1419 1478 ex
1441 1445 1530 1479 nube
1576 1454 1730 1480 eneratur
1753 1458 1839 1492 aqua
1862 1446 2010 1491 pluviae3
2035 1447 2185 1482 secundo
2209 1447 2312 1482 modo
2335 1447 2456 1483 hume-

1379 1490 1456 1523 ctari
1480 1498 1530 1524 est
1566 1489 1725 1535 iquefieri,
1751 1492 1838 1526 sicut
1861 1503 1938 1525 cum
1962 1491 2083 1536 glacies
2115 1492 2170 1526 vel
2192 1492 2325 1529 metalla
2351 1492 2458 1539 lique-

1378 1543 1484 1568 scunt.
1501 1535 1578 1568 Hoc
1601 1543 1713 1568 autem
1737 1537 1891 1580 provenit
1914 1548 1984 1570 non
2008 1536 2046 1571 ab
2071 1536 2188 1572 eadem
2219 1548 2335 1580 causa,
2354 1537 2416 1572 sed
2437 1549 2459 1572 a

1378 1579 1533 1613 diversis:
1559 1579 1792 1614 humectantur
1815 1582 1906 1615 enim
1937 1593 1988 1615 res
2013 1582 2122 1626 primo
2153 1581 2257 1616 modo
2288 1594 2307 1616 a
2333 1581 2457 1628 frigido

1379 1623 1604 1659 condensante
1627 1636 1788 1669 vaporem
1811 1626 1846 1659 in
1862 1637 1994 1671 aquam,
2011 1626 2097 1660 sicut
2121 1638 2159 1661 su
2185 1638 2221 1660 ra
2237 1626 2365 1661 dictum
2385 1635 2456 1670 est,

1378 1668 1582 1703 humectatio
1607 1678 1719 1709 autem
1743 1669 1891 1705 secundo
1907 1670 2011 1705 modo
2034 1670 2072 1705 fit
2093 1683 2111 1705 a
2135 1683 2152 1706 c
2186 1671 2242 1706 ido
2257 1671 2455 1708 resolvente.
