2782 4134
124 1435 134 1445 ·
147 1433 254 1461 reqm'rat
263 1438 286 1454 Α.

125 1487 136 1498 ¹⁸
147 1486 182 1508 Cf.
189 1486 273 1512 iect.m,
283 1490 328 1506 n.2.

124 1598 133 1608 ⁹
146 1595 215 1618 Num.
229 1601 276 1623 seq.

125 1650 134 1659 ¹
144 1648 273 1677 praedictis
286 1654 307 1669 r.

124 1703 134 1712 '
142 1706 241 1729 corpora
250 1706 298 1722 om.
306 1706 328 1723 r.

124 1861 134 1870 “
149 1859 211 1881 Lect.
222 1864 259 1886 m,
273 1864 296 1880 n.
304 1864 329 1880 u.

125 2017 135 2027 ·
148 2015 204 2037 xbid.
219 2021 242 2037 n.
252 2020 274 2044 9-

129 2491 139 2500 *
155 2489 219 2512 aliud
231 2495 278 2512 om.
291 2495 333 2512 nt.

352 259 398 296 32
1042 242 1112 280 DE
1143 237 1315 276 CAELO
1345 234 1415 271 ET
1444 227 1637 269 MUNDO
1667 226 1761 263 LIB.
1793 225 1806 259 I

353 337 422 364 dum
436 334 560 363 diversas
579 331 726 369 portiones
747 326 917 356 circulorum
939 321 1092 364 descriptas
1114 319 1186 347 inter
1209 317 1398 361 duo'puncta.

354 377 428 405 Cum
441 374 518 403 enim
531 373 605 400 inter
615 372 674 399 duo
688 374 802 406 puncta,
813 367 838 394 A
849 370 918 401 puta
932 369 958 390 et
970 364 1001 397 B,
1014 365 1124 398 possint
1138 357 1258 402 describi
1272 353 1398 381 infinitae

354 415 445 449 lineae
466 421 575 447 curvae,
598 411 621 439 si
640 409 733 438 motui
753 408 788 436 ab
809 407 835 434 A
857 404 886 432 in
907 404 930 430 B
950 411 1000 439 per
1020 400 1123 428 lineam
1138 395 1303 440 circularem
1325 397 1398 420 esset

355 453 511 484 contrarius
536 457 631 480 motus
651 458 669 477 a
689 450 712 476 B
732 447 761 475 in
781 447 822 481 A,
844 448 1008 479 sequeretur
1035 438 1113 482 quod
1138 445 1188 464 um
1215 439 1308 477 essent
1329 440 1398 476 con-

353 493 431 522 trarii
445 491 546 521 infiniti
566 496 669 518 motus.
691 480 773 516 Unde
793 493 853 513 non
874 488 915 511 est
936 481 1035 509 eadem
1055 477 1355 521 ratio-contrarietatis
1369 478 1399 497 in

355 539 436 562 motu
456 541 506 568 per
527 531 631 559 lineam
652 527 829 560 circularem,
851 530 878 552 et
898 521 927 564 in
948 526 1028 548 motu
1055 526 1105 554 per
1125 516 1229 543 lineam
1249 517 1364 557 rectam.
1380 525 1399 530 -

356 583 382 610 7.
398 572 551 600 Solvuntur
565 570 637 597 duae
651 565 803 602 Philoponi
817 563 989 592 obiectiones
1004 564 1103 601 contra
1123 556 1196 599 hanc
1203 559 1368 596 mationem..
1379 565 1399 569 -

356 613 383 640 8.
399 611 529 639 Secundo
549 607 708 637 ostenditur
721 605 799 642 quod
815 612 875 631 non
893 607 934 630 est
952 602 1144 639 contrarietas.
1155 603 1185 639 in
1199 592 1324 620 motibus
1345 597 1399 617 cir-

356 650 495 680 cularibus
516 648 564 686 qui
585 654 650 676 sunt
670 654 754 682 super
772 651 862 671 unum
881 648 908 669 et
931 638 1054 667 eundem
1076 632 1294 663 semicirculum.
1321 630 1398 657 Con-

355 690 482 719 trarietas
504 688 579 717 enim
605 694 646 715 est
666 684 787 714 maxima
812 680 957 710 distantia:
986 678 1055 706 haec
1080 681 1176 718 autem
1199 681 1260 700 non
1283 678 1399 698 mensu-

356 736 433 758 ratur
447 729 602 757 secundum
623 726 725 754 lineam
749 731 878 756 curvam,
900 719 950 748 sed
973 716 1140 760 secundum·
1154 713 1269 755 lineam.
1282 716 1398 753 rectam.

355 771 431 806 Ergo
446 767 627 797 contrarietas
646 763 832 793 terminorum
852 769 912 788 non
933 757 998 786 facit
1018 759 1247 798 contrarietatem
1262 760 1292 778 in
1312 754 1398 795 ruotr-

355 810 409 837 bus
430 808 478 845 qui
499 813 563 835 sunt
583 814 667 842 super
686 803 789 831 lineam
811 808 925 828 curvam
939 820 946 832 ‚
966 797 1017 825 sed
1038 795 1182 840 so‘lumttn
1197 791 1256 836 ¹illis
1271 794 1400 827 quisunt

355 857 407 885 per
429 847 606 876 diametrum.
623 861 640 866 -
654 853 680 880 9.
696 844 775 870 Duae
798 840 900 867 iterum
923 837 1077 872 Philopom
1101 834 1277 876 obiectiones
1301 834 1400 857 contra

355 887 538 924 praemissam
551 885 690 913 rationem
704 881 859 910 solvuntur.
874 895 893 900 -
911 886 955 905 10.
976 875 1072 919 Tertio
1087 873 1245 916 ostenditur
1262 878 1323 914 non
1338 876 1399 912 esse

356 926 527 956 contrarium
553 930 662 953 motum
690 921 739 958 qui
762 926 803 948 est
823 918 853 946 in
873 927 933 946 uno
960 914 1152 957 semicirculo,
1177 921 1203 939 ei
1228 919 1277 947 qui
1302 915 1344 937 est
1370 916 1399 934 in

356 966 420 995 alio.
435 967 462 1002 a)
477 964 594 994 Ratione
615 961 728 991 inducta
745 960 782 988 ad
795 958 1011 996 praecedentem
1025 953 1257 994 conclusionem..
1270 949 1296 994 If)
1318 948 1398 976 Unus

355 1012 450 1034 motus
471 1004 619 1033 continuus
640 1007 697 1036 est,
727 999 776 1036 qui
796 1007 847 1035 per
867 1006 958 1025 unum
986 1001 1013 1023 et
1039 994 1158 1022 alterurn
1188 987 1398 1034 semicirculum

355 1044 427 1073 redit
446 1045 481 1073 ad
498 1053 579 1072 suum
599 1039 786 1079 principium:
809 1039 867 1066 duo
882 1043 979 1065 autem
997 1040 1093 1063 motus
1108 1037 1241 1060 contrarii
1255 1038 1315 1057 non
1330 1036 1397 1071 pos-

355 1090 421 1112 sunt
434 1083 486 1112 sibi
506 1082 623 1111 invicem
638 1077 804 1109 continuari.
820 1094 839 1099 -
861 1086 904 1104 11.
926 1075 1019 1103 Etiam
1033 1073 1055 1102 si
1077 1078 1170 1109 partes
1190 1075 1396 1112 motuum-elr-

355 1123 491 1152 cularium
511 1127 602 1150 essent
627 1118 801 1153 contrariae,
829 1125 890 1145 non
917 1119 1081 1152 sequeretur
1106 1111 1185 1149 quod
1203 1113 1396 1156 'contrarietas

355 1169 427 1191 esset
451 1162 480 1190 in
500 1168 580 1190 motu
600 1158 726 1188 circulari
740 1157 896 1186 secundum
917 1162 1018 1183 totum.
1036 1169 1055 1174 -
1075 1159 1117 1180 12.
1146 1151 1206 1179 Tou
1229 1154 1316 1177 motut
1339 1156 1396 1175 ctr-

549 1280 583 1305 ·,·
610 1268 783 1309 ostquam
799 1256 1051 1304 Philosophus
1066 1251 1228 1290 ostendit
1243 1262 1397 1287 necesse

439 1311 443 1324 ¹
480 1306 526 1357 ζ’
566 1313 690 1351 ‘esse
718 1310 871 1361 aliquod
899 1320 1034 1357 corpus
1061 1314 1209 1355 praeter
1236 1311 1398 1353 quatuor

496 1396 508 1407 2
524 1367 809 1415 elementa,
838 1363 899 1400 hic
926 1360 1090 1398 ostendit
1117 1358 1221 1408 quod
1250 1364 1398 1406 praeter

486 1431 491 1443 ‘
544 1414 591 1459 „if
609 1420 677 1456 ista
710 1428 867 1467 corpora
895 1427 979 1461 non,
1001 1412 1190 1462 requirit*
1210 1409 1397 1459 integritas

352 1474 516 1512 universi
536 1472 687 1522 aliquod
705 1471 804 1508 aliud
824 1481 959 1518 corpus
974 1469 1005 1504 ⁵³.
1027 1468 1075 1504 Et
1093 1465 1217 1516 primo
1238 1463 1400 1501 ostendit

354 1527 607 1578 propositum;
627 1526 791 1563 secundo
820 1523 956 1572 probat
974 1520 1168 1570 quoddam
1189 1517 1293 1567 quod
1312 1529 1398 1566 sup-

354 1587 539 1630 posuerat,
554 1579 621 1616 ibi:
647 1578 753 1621 Quod
765 1583 887 1614 autem
903 1588 976 1612 non
991 1579 1045 1611 est
1056 1572 1288 1610 circulationi
1299 1572 1317 1592 '¹‘
1329 1578 1397 1608 etc.

408 1633 505 1671 Dicit
532 1645 618 1680 ergo
641 1631 764 1681 primo
793 1629 896 1680 quod
921 1640 966 1665 ex
985 1626 1087 1665 dictis
1103 1626 1138 1673 ²⁸²,
1160 1625 1295 1674 quibus
1313 1637 1399 1674 pro-

356 1687 483 1724 batum
504 1693 558 1723 est
577 1697 657 1722 esse
685 1684 854 1734 quintum
884 1693 1020 1730 corpus
1037 1686 1185 1729 praeter
1205 1690 1364 1728 corpora
1379 1677 1399 1698 *

356 1739 482 1788 gravia
501 1746 536 1776 et
553 1738 658 1785 levia,
678 1744 801 1787 potest
829 1735 939 1772 etiarn
959 1732 1186 1771 manifestari
1210 1733 1311 1781 quod
1330 1731 1398 1769 im—

355 1791 528 1842 possibile
557 1799 709 1828 estesse
737 1789 919 1827 maiorem
946 1798 1147 1824 numerum
1175 1785 1399 1835 simplicium

357 1857 568 1894 corporum.
589 1844 698 1891 Quia,
715 1843 807 1880 sicut
825 1854 935 1891 supra
957 1842 976 1862 '¹⁴
997 1840 1138 1877 dictum
1158 1847 1223 1886 est,
1245 1851 1399 1876 necesse

359 1906 412 1935 est
439 1899 539 1947 quod
568 1897 758 1934 cuiuslibet
796 1894 972 1944 simplicis
1001 1894 1167 1942 corporis
1196 1893 1241 1930 sit
1269 1892 1400 1941 aliquis

358 1958 482 1988 motus
510 1951 676 1999 simplex.
698 1949 773 1987 Sed
796 1961 873 1986 non
901 1955 956 1985 est
984 1947 1076 1984 alius
1095 1955 1222 1985 motus
1243 1946 1402 1995 simplex

357 2011 503 2053 praeter
515 2003 722 2053 praedictos
738 2005 769 2050 ⁴⁵,
790 2014 951 2052 quorum
970 2012 1067 2038 unus
1083 2007 1138 2037 est
1158 1999 1343 2038 circularis
1364 2007 1399 2036 et

359 2057 449 2094 alius
469 2065 522 2094 est
540 2065 676 2104 rectus,
697 2055 760 2105 qui
778 2056 815 2093 in
843 2056 936 2093 duas
954 2062 1078 2103 partes
1098 2053 1293 2092 dividitur:
1314 2065 1403 2091 nam

358 2117 526 2147 motuum
549 2118 733 2147 rectorum
752 2122 848 2146 unus
876 2108 1028 2158 quidem
1055 2115 1110 2144 est
1137 2121 1159 2145 a
1177 2107 1316 2154 medio,
1338 2106 1402 2156 qui

360 2162 489 2201 dicitur
523 2170 647 2200 motus
675 2162 841 2209 sursum;
871 2161 962 2199 alius
997 2169 1123 2198 autem
1159 2168 1214 2198 est
1246 2161 1294 2198 ad
1322 2173 1401 2198 me-

360 2215 473 2263 dium,
494 2216 557 2264 qui
585 2215 715 2254 dicitur
741 2223 864 2253 motus
883 2215 1072 2253 deorsum.
1103 2215 1252 2252 Horum
1276 2221 1403 2251 autem

359 2276 531 2306 motuum
550 2269 608 2306 ille
628 2269 691 2318 qui
711 2277 764 2306 est
782 2268 829 2306 ad
848 2268 1027 2316 medium,
1055 2276 1108 2306 est
1134 2267 1301 2318 corporis
1320 2280 1401 2317 gra-

357 2321 426 2369 vis,
446 2322 582 2359 scilicet
608 2330 725 2360 terrae
754 2330 789 2359 et
816 2334 953 2371 aquae;
982 2322 1040 2359 ille
1059 2330 1186 2360 autem
1214 2321 1278 2371 qui
1307 2329 1362 2359 est
1381 2334 1403 2359 a

358 2375 495 2422 medio,
526 2382 579 2412 est
610 2376 774 2425 corporis
801 2375 905 2422 levis,
935 2375 1072 2412 scilicet
1099 2375 1191 2424 ignis
1220 2382 1256 2412 et
1283 2375 1401 2420 aeris;

359 2427 417 2464 ille
444 2435 568 2465 autem
589 2428 651 2478 qui
679 2436 734 2466 est
757 2428 954 2476 circularis,
976 2435 1030 2466 est
1048 2429 1158 2478 primi
1178 2436 1213 2466 et
1236 2428 1403 2478 supremi

361 2481 536 2530 corporis.
555 2481 665 2520 Unde
685 2481 899 2531 relinquitur
919 2482 1021 2531 quod
1049 2490 1196 2532 praeter
1214 2482 1404 2531 praedicta

362 2545 518 2582 corpora
546 2534 725 2583 simplicia
753 2547 829 2572 non
849 2535 893 2572 sit
921 2535 1073 2583 aliquod
1101 2535 1201 2573 aliud
1219 2535 1238 2556 '¹‘
1267 2547 1403 2584 corpus

362 2585 532 2635 simplex:
562 2595 598 2624 et
618 2588 668 2625 ita
686 2587 872 2636 integritas
889 2588 1054 2626 universi
1074 2601 1119 2626 ex
1139 2588 1214 2626 istis
1238 2588 1404 2639 quinque

364 2639 579 2687 corporibus
608 2640 800 2678 consistit.-

417 2703 452 2728 2.
472 2692 616 2730 Deinde
645 2706 731 2731 curn
759 2693 861 2731 dicit:
893 2694 1002 2736 Quod
1027 2700 1149 2732 autem
1173 2707 1245 2732 non
1266 2701 1320 2733 est
1335 2696 1405 2733 cir-

364 2744 539 2782 culationi
555 2753 636 2793 etc.,
655 2747 789 2796 probat
807 2747 999 2796 quoddam
1019 2748 1122 2797 quod
1146 2757 1404 2798 supposuerat,

365 2796 501 2835 scilicet
527 2799 631 2847 quod
655 2799 774 2837 motui
802 2800 968 2838 circulari
995 2813 1073 2839 non
1091 2801 1138 2839 sit
1164 2801 1295 2851 aliquis
1323 2815 1405 2840 mo-

353 2857 422 2892 ‚tus
460 2852 674 2890 contrarius.
703 2854 752 2890 Et
786 2854 859 2890 hoc
895 2853 1050 2902 quidem
1086 2863 1334 2904 supposuerat
1368 2856 1406 2893 in

366 2903 680 2943 demonstratione
717 2918 792 2956 qua
818 2907 993 2956 probavit
1010 2913 1027 2929 ²
1047 2920 1182 2957 corpus
1211 2909 1302 2946 caeli
1329 2922 1406 2947 non

420 3063 445 3097 σι)
459 3064 591 3097 probavit.
602 3064 728 3097 -probat
744 3065 775 3095 D,
789 3064 922 3099 probabat
941 3066 972 3096 H,
987 3066 1105 3098 probant
1123 3066 1210 3092 EFGI.
1223 3081 1241 3086 —
1254 3067 1315 3093 Post
1332 3076 1410 3093 unam

367 3098 411 3123 lin.
430 3106 476 3131 pro
495 3106 544 3123 non
563 3099 652 3125 statim
671 3100 713 3131 ibi,
731 3100 780 3126 hoc
797 3101 887 3126 statim
907 3108 958 3126 non
978 3101 1007 3127 P.

386 3167 392 3174 .
421 3131 445 3165 β)
465 3137 547 3158 motus
565 3135 721 3160 contrarius.
734 3150 753 3154 —
765 3139 848 3162 motus
873 3137 1010 3162 circularis
1031 3138 1182 3163 contrarius
1201 3139 1233 3169 1>;
1253 3146 1319 3171 quae
1337 3140 1412 3164 lectio

368 3168 466 3208 videtur
478 3168 570 3193 habere
583 3169 685 3202 aliquod
702 3170 894 3197 fundamentum
912 3172 936 3197 in
950 3172 989 3197 his
1010 3181 1077 3206 quae
1091 3173 1236 3198 immediate
1250 3175 1412 3206 praecedunt.

371 3203 396 3227 Si
408 3210 480 3244 ⁸enim
499 3205 578 3229 motui
596 3205 706 3230 circulari
724 3214 776 3231 non
794 3207 826 3232 sit
844 3207 935 3240 aliquis
955 3213 1042 3234 motus
1056 3209 1195 3234 circularis
1209 3210 1358 3241 contrarius,
1372 3218 1413 3235 se-

372 3242 455 3278 quitur
473 3238 541 3271 quod
559 3246 609 3263 non
628 3239 659 3264 sit
678 3240 768 3273 duplex
787 3249 878 3275 corpus
898 3243 968 3276 quod
986 3244 1132 3269 naturaliter
1150 3250 1268 3270 movetur
1282 3251 1353 3270 motu
1367 3246 1414 3270 cir—

373 3273 458 3298 culari.
476 3273 592 3314 'Attamen
611 3275 754 3300 auctoritate
773 3277 846 3302 codd.
860 3279 1027 3311 expungimus
1046 3279 1191 3310 circularis,
1207 3281 1266 3313 quia
1285 3286 1310 3306 et
1322 3282 1413 3306 eadem

373 3308 501 3333 conclusio
518 3308 624 3334 habetur
642 3309 705 3335 circa
717 3318 850 3337 numerum
869 3313 1021 3345 simplicium
1040 3323 1185 3348 corporum,
1199 3316 1220 3341 si
1240 3317 1337 3350 legatur
1354 3324 1413 3342 cum

373 3342 459 3374 codd.;
478 3347 503 3384 et
519 3349 648 3375 praeterea
666 3345 789 3371 intentum
810 3347 949 3373 Aristotelis
967 3355 992 3374 et
1010 3351 1035 3376 S.
1054 3350 1171 3376 Thomae
1189 3352 1214 3377 in
1237 3351 1284 3377 hac
1302 3353 1414 3378 secunda

373 3382 444 3418 parte
458 3377 532 3403 huius
546 3379 658 3405 lectionis
677 3385 715 3406 est
733 3382 867 3407 ostendere
882 3385 1019 3416 generatim
1034 3387 1104 3419 quod
1123 3387 1204 3412 motui
1226 3387 1340 3413 circulari
1361 3396 1414 3413 non

374 3417 406 3438 sit
418 3413 485 3437 ullus
499 3418 584 3439 motus
602 3415 689 3440 localis
707 3417 855 3443 contrarius.

426 3446 452 3488 γ)
467 3448 490 3473 εἰ
503 3448 529 3473 in
543 3452 613 3490 motu
627 3450 750 3476 circulari
762 3451 797 3477 sit
808 3454 991 3480 contrarietas.
1000 3468 1018 3476 -
1031 3457 1080 3481 Pro
1094 3457 1120 3482 in
1134 3461 1214 3488 motu,
1229 3458 1312 3484 motui
1326 3458 1414 3490 codd-5

375 3482 421 3507 sed
439 3490 465 3507 m
484 3486 555 3523 »potu
575 3484 673 3510 videtur
687 3486 766 3519 magis
786 3487 915 3514 conforme
935 3490 1011 3515 modo
1026 3492 1160 3525 loquendi,
1179 3494 1223 3527 qui
1242 3493 1267 3519 in
1285 3494 1414 3527 sequenti-

374 3517 422 3543 bus
441 3517 580 3544 adhibetur.

428 3551 460 3594 ⁶6)-
472 3553 675 3595 quodlmaxf'me
692 3556 823 3597 cfrjculart'-
836 3559 901 3585 -Ita
919 3560 954 3591 Ας
973 3561 1043 3593 quod
1061 3563 1143 3588 motui
1160 3564 1285 3590 circulari
1303 3565 1331 3594 Β,
1345 3566 1416 3598 quod

376 3590 458 3613 motui
478 3595 594 3614 maxime
607 3591 730 3616 circulart
744 3591 763 3616 P
778 3596 803 3617 et
815 3598 862 3618 cet.
881 3594 960 3620 Posse
971 3596 1052 3622 omitti
1064 3596 1113 3623 hoc
1126 3599 1232 3624 verbum
1252 3600 1335 3625 motui
1348 3606 1417 3633 petet

1452 308 1546 338 culari
1560 316 1615 335 non
1628 310 1670 333 est
1680 303 1756 332 alius
1771 306 1846 330 totus
1863 304 1957 327 motus
1971 294 2128 326 circularis
2138 293 2315 323 contrarius.
2326 292 2458 321 -Prima
2473 300 2523 321 ra-

1452 349 1498 376 tio.
1511 349 1637 382 Uterque
1651 352 1753 372 eorum
1769 347 1903 370 motuum
1918 338 1968 375 qui
1982 336 2116 364 videntur
2131 343 2193 362 esse
2206 332 2353 369 contrarii,
2365 334 2402 362 ab
2417 333 2523 362 eodem

1451 387 1549 423 incipit
1563 392 1590 413 et
1604 385 1634 412 in
1649 384 1725 411 idem
1740 380 1910 410 terminatur
1922 390 1928 406 :
1951 374 2088 405 contrarii
2103 381 2201 403 autem
2216 380 2315 408 motus
2330 373 2437 402 locales
2456 379 2524 401 sunt

1451 437 1468 456 a
1483 425 1628 455 contrario
1649 423 1679 451 in
1701 420 1886 450 contrarium.
1904 435 1922 439 -
1941 417 1984 445 13.
2000 418 2082 443 Duae
2096 423 2196 442 rursus
2210 413 2368 450 Philoponi
2382 413 2524 442 obiectio-

1451 475 1502 495 nes
1513 465 1672 494 solvuntur.
1688 463 1759 490 Esse
1773 469 1791 488 a
1806 457 1952 488 contrario
1970 456 2000 484 in
2018 454 2198 483 contrarium
2211 460 2255 482 est
2268 453 2435 482 communis
2448 453 2524 482 ratio

1451 503 1659 535 contrarietatis
1680 502 1710 530 in
1734 499 1870 529 omnibus
1893 496 2029 531 motibus,
2055 504 2091 523 eo
2107 494 2189 531 quod
2211 500 2311 522 motus
2335 494 2444 522 habent
2464 493 2524 522 for-

1452 555 1530 574 mam
1545 554 1595 572 seu
1610 542 1733 580 speciem
1756 550 1773 568 a
1794 538 1928 567 termino.
1945 553 1964 558 -
1978 537 2048 564 Pars
2069 541 2168 562 motus
2189 533 2336 562 circularis
2354 540 2397 562 est
2411 534 2448 562 de
2462 542 2523 562 uno

1452 586 1481 614 in
1496 585 1573 614 aliud
1589 583 1722 611 differens
1743 579 1888 613 subiecto;
1910 577 1961 605 sed
1980 581 2059 603 totus
2074 580 2172 603 motus
2187 573 2334 610 circularis
2354 580 2398 602 est
2411 574 2448 602 de
2461 582 2525 602 uno

1451 626 1481 653 in
1502 625 1580 653 aliud
1601 622 1735 651 differens
1763 619 1826 648 sola
1852 617 1973 646 ratione.
1995 616 2032 643 Et
2053 615 2110 643 hoc
2130 614 2267 644 convenit
2294 613 2392 651 primo
2414 613 2525 649 motui,

1452 665 1502 703 qui
1523 664 1676 693 minimum
1697 661 1784 689 habet
1804 659 1840 687 de
1861 656 2032 685 diversitate.
2047 671 2067 676 -
2092 664 2137 690 14.
2163 655 2267 683 Altera
2284 654 2370 683 ratio.
2392 653 2423 683 Si
2447 663 2526 682 unus

1452 711 1548 734 motus
1563 701 1707 732 circularis
1728 705 1802 728 esset
1815 697 1896 727 alteri
1910 695 2082 731 contrarius,
2104 695 2176 724 alter
2189 704 2294 724 eorum
2313 700 2388 724 esset
2408 695 2524 723 frusu-a.

1452 747 1526 774 Nam
1548 751 1671 780 corpora
1698 749 1773 778 quae
1801 745 1869 766 nata
1890 742 1986 766 essent
2007 735 2061 764 illis
2082 734 2212 764 motibus
2232 734 2362 771 moveri,
2385 735 2526 763 deberent

1451 785 1571 813 transire
1599 792 1650 819 per
1675 781 1776 809 eadem
1798 779 1862 807 loca
1883 777 1995 814 signata
2015 775 2046 804 in
2067 775 2194 805 circulo:
2223 782 2252 804 et
2272 782 2358 812 tunc,
2380 775 2404 804 si
2425 780 2524 804 essent

1452 824 1578 861 aequalis
1598 821 1718 856 virtutis,
1737 829 1767 848 se
1785 818 1908 847 invicem
1929 816 2118 853 impedirent,
2140 822 2169 844 et
2182 822 2320 845 neutrum
2341 822 2524 851 moveretur;

1452 864 1532 902 quod
1553 863 1576 891 si
1590 871 1682 890 unum
1696 869 1749 888 sua
1761 859 1864 887 virtute
1885 856 2087 885 dominaretur
2106 855 2138 884 in
2158 856 2291 893 alterum,
2310 856 2388 885 istud
2401 855 2526 893 impedi-

1451 911 1529 933 retur
1541 913 1559 932 a
1572 901 1684 931 fortiori
1705 899 1862 937 quominus
1884 903 2058 926 moveretur.
2080 897 2200 926 Frustra
2220 905 2291 934 ergo
2312 902 2388 926 esset
2400 897 2525 926 alterum

1451 945 1571 973 istorum
1600 950 1756 978 corporum
1778 939 1897 975 eiusque
1918 943 2026 966 motus.
2042 937 2234 972 —Quomodo
2248 936 2422 966 Aristoteles
2434 942 2528 974 ponat

1451 987 1545 1012 Deum
1559 991 1621 1011 esse
1638 989 1755 1009 causam
1770 978 1937 1015 caelestium
1958 986 2127 1015 corporum.
2141 993 2162 1000 -
2180 977 2224 1006 15.
2244 977 2359 1014 Duplex
2371 976 2526 1015 responsio

1450 1025 1487 1053 ad
1509 1023 1704 1059 Philoponum
1726 1019 1912 1048 obiicientem
1944 1018 2026 1055 quod
2043 1016 2107 1054 pari
2129 1016 2243 1047 ratione
2267 1023 2367 1054 posset
2392 1015 2458 1055 quis
2479 1025 2527 1045 ex-

1450 1064 1564 1093 cludere
1585 1060 1817 1091 contrarietatem
1832 1068 1850 1087 a
1864 1057 1993 1087 motibus
2014 1057 2108 1087 rectis.
2122 1074 2143 1080 -
2161 1057 2205 1086 16.
2227 1057 2355 1086 Solvitur
2367 1056 2425 1086 alia
2445 1056 2528 1086 obie-

1451 1104 1507 1133 ctio
1537 1112 1570 1131 ex
1599 1108 1681 1130 motu
1707 1100 1906 1137 planetarum,
1937 1098 1988 1136 qui
2015 1098 2129 1127 videtur
2156 1106 2219 1127 esse
2240 1096 2404 1136 contrarius
2433 1095 2529 1126 motui

1450 1142 1631 1172 firmamenti.

1452 1258 1534 1284 esse
1562 1243 1774 1282 subiectum
1798 1239 2035 1290 generationi
2064 1247 2102 1278 et
2129 1239 2366 1290 corruptioni
2396 1239 2432 1277 *ε
2459 1239 2534 1281 sed
2557 1230 2749 1279 ‘Lama‘

1451 1300 1537 1338 ideo
1558 1310 1635 1336 non
1654 1296 1780 1334 statim
1798 1295 1850 1332 ibi
1868 1294 2060 1344 probavit,
2085 1295 2156 1332 sed
2175 1293 2316 1332 distulit
2333 1288 2530 1343 probatioss

1451 1365 1541 1391 nem
1560 1363 1681 1400 usque
1710 1350 1798 1398 huc,
1819 1349 1910 1398 quia
1934 1349 2011 1386 hoc
2039 1347 2154 1385 etiam
2171 1349 2191 1370 *¹
2209 1348 2314 1386 valet
2333 1347 2385 1385 ad
2403 1354 2529 1386 osten-
2557 1353 2568 1364 ·

1453 1405 1621 1444 dendum
1641 1404 1747 1453 quod
1775 1404 1855 1440 no'n
1873 1402 1920 1440 sit
1937 1401 2063 1440 maior
2090 1413 2275 1440 numerus
2295 1400 2528 1452 simplicium

1453 1470 1668 1509 corporum.
1700 1457 1741 1494 Si
1769 1456 1874 1494 enim
1903 1455 2026 1494 motui
2064 1455 2236 1494 circulari
2266 1452 2366 1493 esset
2393 1453 2530 1506 aliquis

1453 1522 1579 1551 motus
1609 1510 1832 1558 contrarius,
1851 1517 1984 1560 posset
2011 1509 2085 1548 dici
2113 1509 2221 1560 quod
2249 1508 2345 1547 sicut
2373 1515 2431 1547 est
2455 1509 2529 1547 du-

1452 1569 1538 1618 plex
1567 1578 1705 1615 corpus
1734 1565 1842 1614 quod
1869 1571 2052 1602 movetur
2079 1571 2191 1602 motu
2218 1570 2342 1612 recto,
2370 1569 2531 1613 propter

1454 1619 1756 1658 contrarietatem
1776 1617 1889 1656 huius
1918 1624 2060 1665 motus,
2079 1617 2133 1656 ita
2157 1617 2273 1656 etiam
2300 1624 2359 1655 est
2384 1617 2530 1667 duplex

1453 1686 1590 1724 corpus
1610 1672 1716 1723 quod
1736 1678 1916 1710 movetur
1943 1679 2054 1710 motu
2075 1670 2260 1710 circulari.
2282 1671 2370 1709 Hoc
2397 1677 2529 1709 autem

1453 1741 1531 1766 non
1559 1726 1751 1775 continget
1771 1727 1810 1774 ⁸,
1831 1725 1861 1763 si
1890 1732 2037 1764 constet
2060 1725 2168 1776 quod
2187 1725 2339 1775 corpori
2358 1723 2530 1769 circulari
2558 1729 2569 1739 ·

1453 1795 1532 1820 non
1563 1780 1609 1819 sit
1642 1779 1776 1830 aliquis
1810 1787 1938 1818 motus
1957 1778 2184 1817 -contrarius
2209 1777 2238 1817 Ρ.
2262 1800 2287 1808 -
2313 1778 2427 1818 Circa
2449 1777 2531 1829 hoc

1454 1848 1543 1884 ergo
1562 1834 1689 1885 primo
1713 1833 1896 1884 proponit
1914 1833 2023 1882 quod
2046 1832 2218 1872 intendit.
2243 1833 2295 1871 Et
2313 1832 2404 1871 dicit
2421 1831 2531 1882 quod

1453 1902 1522 1940 per
1539 1889 1678 1926 multas
1700 1887 1864 1925 rationes
1887 1894 2015 1938 potest
2042 1886 2177 1936 aliquis
2205 1885 2381 1936 accipere
2407 1882 2530 1924 fidem

1454 1943 1559 1994 quod
1583 1941 1704 1980 motui
1724 1941 1896 1980 circulari
1919 1953 2000 1979 non
2028 1940 2075 1978 sit
2097 1940 2233 1992 aliquis
2251 1947 2380 1979 motus
2399 1937 2540 1979 locetis·

1607 2009 1618 2033 i
1668 2024 1677 2034 .

1456 2005 1747 2088 cogirgreldgndo
1776 2048 1847 2086 ibi:
1876 2047 2052 2087 Primum
2081 2047 2232 2098 quidem
2261 2054 2345 2096 etc„
2366 2046 2534 2090 ostendit

1455 2104 1708 2154 propositum.
1729 2102 1842 2140 Circa
1861 2103 1967 2152 quod
1987 2102 2312 2140 considerandum
2334 2100 2539 2150 estfiquody

1456 2158 1486 2196 si
1505 2158 1543 2196 in
1561 2165 1670 2195 motu
1690 2156 1861 2194 circulari
1889 2155 1936 2194 sit
1955 2155 2201 2194 contrarietas
2219 2160 2246 2203 ⁷,
2277 2162 2430 2206 oportet
2454 2155 2533 2194 hoc

1456 2225 1538 2250 esse
1576 2212 1692 2249 altero
1728 2210 1843 2248 trium
1881 2210 2108 2248 modorum:
2143 2220 2314 2260 quorum
2346 2219 2458 2246 unus·
2477 2215 2535 2247 est

1455 2274 1496 2304 ut
1514 2265 1635 2304 motui
1655 2263 1827 2302 circulari
1846 2271 1971 2302 rectus
1991 2263 2067 2301 sit*
2081 2262 2304 2312 contrarius,
2331 2261 2431 2315 alius
2447 2262 2532 2311 ino·

1457 2320 1526 2358 dus
1551 2326 1606 2357 est
1634 2326 1676 2356 ut
1703 2318 1750 2356 sit
1777 2318 1905 2367 aliqua
1924 2317 2170 2356 contrarietas
2189 2316 2228 2355 in
2252 2315 2345 2367 ipsis
2360 2313 2535 2367 partibus

1457 2381 1583 2411 motus
1603 2371 1803 2420 circulariS,
1831 2371 1962 2410 tertius
1981 2379 2039 2410 est
2055 2371 2077 2393 ⁴¹¹
2110 2378 2152 2409 ut
2171 2370 2238 2409 uni
2257 2369 2380 2409 motui
2413 2368 2534 2413 circu·

1456 2427 1523 2464 lari
1542 2427 1636 2465 alius
1651 2433 1780 2464 motus
1800 2425 1989 2463 circularis
2009 2424 2270 2463 contrarietur.
2290 2423 2424 2462 Primo
2436 2433 2532 2473 ergo

1458 2481 1619 2519 ostendit
1652 2480 1757 2530 quod
1795 2479 1918 2517 motui
1957 2478 2130 2521 circulari
2166 2490 2248 2518 non
2285 2476 2535 2516 contrariatur

1458 2542 1584 2572 motus
1624 2542 1769 2580 rectus;
1808 2531 1980 2572 secundo
2019 2531 2186 2572 ostendit
2222 2531 2330 2583 quod
2366 2542 2460 2579 non?
2488 2530 2536 2569 sit

1459 2588 1700 2626 contrarietas
1720 2587 1759 2625 in
1786 2586 1958 2637 partibus
1976 2594 2105 2625 motus
2131 2585 2334 2634 circularis,
2358 2583 2428 2625 ibi:
2454 2584 2535 2633 'Do-s

1459 2642 1543 2679 inde
1568 2642 1602 2680 si
1627 2641 1710 2691 quis
1736 2641 1929 2679 existimat
1944 2641 1965 2663 ⁴¹
1993 2648 2083 2688 etc.;
2111 2639 2222 2679 tertio
2250 2638 2358 2690 quod
2384 2650 2466 2679 non
2489 2632 2536 2677 sit

1453 2695 1702 2733 contrarietas
1730 2695 1769 2732 in
1798 2702 1879 2733 toto
1908 2701 2019 2743 motu
2048 2693 2231 2742 circulari,
2251 2693 2366 2731 unius
2391 2691 2536 2738 seilicet

1460 2757 1586 2787 motus
1623 2748 1813 2786 circularis
1850 2748 1900 2786 ad
1929 2748 2069 2796 alium,
2099 2744 2169 2787 ibi:
2198 2748 2252 2785 At
2287 2756 2536 2796 veroneque

1460 2814 1556 2852 quae
1582 2803 1631 2841 ab
1658 2803 1694 2839 A
1725 2803 1745 2824 *
1775 2810 1845 2840 etc.
2413 2802 2415 2804 ’

1512 2868 1549 2904 4.
1575 2855 1675 2894 Dicit
1702 2868 1792 2904 ergo
1819 2854 1946 2906 primo
1984 2854 2092 2906 quod
2126 2853 2293 2893 maxime
2330 2851 2503 2893 circulari
2522 2849 2536 2875 ⁸

1460 2909 1608 2948 videtur
1627 2909 1773 2960 opponi
1792 2917 1950 2948 rectum.
1981 2908 2103 2947 Linea
2129 2907 2233 2947 enim
2261 2914 2365 2945 recta
2390 2904 2536 2947 nuliam

1462 3077 1492 3094 ex
1510 3075 1620 3103 utroque
1635 3075 1712 3102 textu,
1727 3075 1753 3096 et
1767 3079 1797 3096 ex
1811 3070 1870 3104 ipsu
1888 3069 2049 3104 expositione
2068 3077 2090 3095 s.
2103 3067 2233 3095 Thomue.
2253 3067 2343 3094 Primo
2356 3068 2426 3094 euin
2438 3073 2538 3102 propo-

1463 3105 1529 3130 nitur
1547 3105 1698 3139 «impliciter
1712 3107 1881 3132 contrarieta-
1900 3113 1968 3139 quae
1981 3105 2084 3131 videtur
2097 3111 2157 3130 ene
2170 3105 2238 3130 inter
2250 3110 2352 3130 oecmm
2363 3108 2392 3130 ot
2403 3103 2538 3131 &uuae-

1463 3141 1560 3166 Dcinde
1579 3149 1609 3166 ea
1628 3150 1694 3175 quae
1713 3143 1780 3168 dicta
1798 3147 1867 3174 sunt,
1883 3141 2045 3175 applicentur
2063 3148 2110 3175 per
2128 3141 2238 3167 modum
2252 3139 2379 3166 illationi·
2397 3139 2430 3165 nd
2448 3143 2538 3165 nom

1464 3177 1508 3209 qui
1527 3182 1587 3201 sunt
1599 3186 1677 3210 super
1691 3178 1785 3203 lineam
1797 3183 1895 3203 rectam
1910 3182 1936 3202 et
1950 3177 2045 3202 lineam
2067 3175 2231 3202 circularem.
2246 3174 2286 3203 Cf.
2301 3175 2380 3201 etim
2392 3181 2466 3200 num.
2479 3181 2537 3208 neq.

1464 3212 1578 3244 insuper,
1597 3213 1618 3237 si
1639 3214 1722 3238 motui
1741 3214 1836 3239 servari
1852 3213 1972 3243 deberet.
1992 3213 2036 3238 lin.
2049 3220 2107 3246 seq.
2120 3220 2168 3246 pro
2182 3215 2285 3238 rectum
2305 3210 2447 3244 legendum
2465 3209 2539 3235 vido-

1464 3251 1533 3272 retur
1547 3251 1640 3273 rectus.
1656 3249 1733 3274 Forte
1749 3249 1860 3282 scriptor
1873 3249 1949 3282 primi
1963 3247 2107 3283 apographi
2125 3247 2238 3274 famniae
2249 3247 2271 3272 F
2285 3251 2334 3272 etc.
2353 3245 2399 3279 (cf.
2413 3244 2537 3281 mec-t.)

1465 3283 1550 3315 posuit
1561 3284 1644 3309 motui
1653 3292 1700 3318 pro
1711 3285 1838 3315 maxime,
1853 3290 1879 3310 et
1895 3290 1995 3318 postea,
2009 3291 2126 3310 errorem
2139 3283 2288 3313 ms,
2297 3281 2402 3315 ncipnit
2416 3281 2542 3308 maxime

1466 3318 1527 3350 quin
1541 3319 1622 3344 motui
1632 3326 1798 3353 expungeret.
1807 3321 1882 3346 Talia
1896 3321 1992 3346 menda
2012 3319 2117 3353 sapiu·
2130 3319 2157 3345 in
2172 3316 2315 3347 codicibus.
2329 3317 2394 3351 quin
2412 3317 2492 3343 etium
2510 3317 2538 3343 in

1466 3354 1616 3379 editionibus
1642 3356 1836 3389 antiquioribus,
1857 3356 2097 3390 deprehenduntur.
2119 3354 2209 3381 Lectio
2228 3358 2316 3379 nutem
2336 3353 2356 3378 Ρ
2381 3357 2408 3378 et
2426 3352 2539 3380 aliorum

1466 3390 1591 3421 codicum,
1606 3390 1664 3416 iioet
1682 3392 1769 3425 quoad
1787 3391 1899 3418 formam
1919 3400 1971 3418 non
1989 3392 2056 3418 adeo
2080 3390 2194 3425 pisce-t,
2214 3389 2301 3423 quoad
2321 3396 2430 3415 sensum
2449 3393 2538 3415 nmen

1466 3424 1531 3450 bene
1550 3426 1668 3452 sustineri
1688 3432 1782 3460 potest.
1801 3427 1893 3454 Dicere
1912 3435 2026 3461 namque
2050 3433 2195 3460 pontumue
2223 3425 2295 3458 quod
2314 3424 2403 3450 statim
2420 3423 2447 3450 in
2465 3423 2538 3458 prin-

1467 3460 2050 3530 33513203235„5⁰235:}⁰.22.‘55¹⁸id”t‘.”.?5
2055 3461 2147 3523 ..335¹
2161 3458 2540 3529 Zssss'isssssssssff'ss‘fflss'ss

1468 3532 1607 3557 assumitur
1631 3538 1656 3558 et
1685 3533 1827 3559 declaratur
1855 3534 1940 3568 primo
1964 3533 2119 3568 principium
2145 3532 2266 3566 generale
2295 3532 2328 3557 de
2358 3530 2539 3557 enuntiet-te

1468 3567 1532 3592 inter
1557 3573 1654 3593 rectum
1680 3573 1705 3594 et
1735 3570 1858 3595 circulare
1883 3569 2053 3604 simplic-,item
2078 3572 2170 3602 ponte·
2194 3575 2227 3594 ex
2251 3568 2301 3594 hoe
2324 3567 2383 3601 ipso
2410 3565 2541 3600 prindpio

1468 3602 1573 3628 infertur
1592 3604 1732 3629 conclusio.

2561 2640 2696 2668 ‘Nmfi
2745 2618 2750 2623 ⁴
