2782 4134
21 519 32 530 ·
46 518 176 546 requiritur
193 523 235 539 co-

21 545 93 567 dices.

674 261 691 274 Ἰ

1126 281 1237 318 CAP.
1266 283 1318 330 11,
1346 281 1501 319 LECT.
1530 281 1612 318 vn>

262 367 369 397 rante
397 359 590 397 mediante
619 359 691 395 alio
717 359 902 408 principio
932 367 1115 396 movente
1142 366 1175 406 ’ς
1205 372 1330 409 neque

263 412 377 450 etiam
402 419 552 461 oportet
571 411 683 448 aliam
703 411 953 448 resistentiam
977 425 1160 460 quaerere
1189 413 1227 450 in
1255 414 1330 450 hoc

262 473 389 512 motu,
420 477 538 513 quam
565 464 668 501 illam
697 476 796 513 quae
817 472 873 500 est
893 465 989 501 inter
1007 477 1194 512 generans
1214 473 1250 502 et
1268 478 1330 513 ge-

262 518 396 556 nitum.
419 519 468 555 Et
483 518 536 555 sic
551 517 774 565 relinquitur
794 517 898 565 quod
915 529 979 553 aer
993 530 1071 554 non
1088 518 1299 565 requiratur
1311 520 1329 538 ⁴*

262 571 311 609 ad
326 579 477 608 motum
497 571 707 607 naturalem
727 582 773 606 ex
792 570 1026 616 necessitate,
1048 570 1144 607 sicut
1161 571 1200 607 in
1220 578 1340 619 motu!

260 624 443 662 violento.
465 623 566 671 Quia
585 623 624 660 id
644 623 748 672 quod
767 622 985 659 naturaliter
1008 630 1199 669 movetur,
1215 623 1330 659 habet

261 677 332 714 sibi
359 677 519 714 inditam
546 675 742 722 virtutem,
773 687 871 724 quae
901 682 956 712 est
984 675 1212 724 principium
1246 688 1328 712 mo-

260 738 338 767 tus:
363 730 467 767 unde
495 742 575 766 non
607 736 757 778 oportet
789 729 892 777 quod
927 728 976 764 ab
1006 727 1078 764 alio
1112 728 1329 776 impellente

259 790 473 829 moveatur,
495 782 591 819 sicut
608 782 646 819 id
666 781 772 830 quod
800 794 869 830 per
886 781 1109 818 violentiam
1138 788 1328 828 movetur,

260 836 350 885 quia
369 836 512 873 nullam
533 835 712 872 virtutem
732 834 891 871 inditam
914 835 1042 882 habet,
1065 835 1113 872 ad
1134 846 1253 882 quam
1273 847 1330 870 se-

311 994 336 1030 ν)
356 1001 409 1020 non
425 994 551 1027 procedit
568 1001 586 1019 a
603 996 751 1027 generante
776 993 910 1019 mediante
934 993 988 1018 alio
1003 993 1139 1025 principio
1162 996 1292 1018 movente.
1309 1007 1329 1012 -

253 1030 379 1063 procedit
401 1037 419 1055 a
436 1033 584 1063 generante
607 1029 760 1054 immediate
780 1029 813 1059 Ρ,
838 1029 899 1062 quia
923 1030 997 1054 codd.
1018 1037 1073 1054 exc.
1091 1030 1114 1053 A
1133 1029 1255 1053 omittunt
1273 1029 1327 1053 alio
1381 1028 1462 1053 Linea
1485 1028 1604 1061 sequenti
1627 1028 1660 1052 ad
1684 1028 1763 1053 verba
1781 1029 1827 1061 qui
1845 1029 1871 1053 vi
1890 1032 1989 1058 motus,
2013 1037 2061 1062 pro
2084 1029 2130 1062 qui
2148 1031 2189 1058 vi,
2214 1029 2320 1061 quidem
2339 1029 2375 1060 E,
2400 1029 2448 1062 qui

199 1079 206 1082 t
253 1065 390 1098 principio
409 1068 536 1095 movente,
552 1065 631 1098 quod,
646 1064 798 1098 praesertim
818 1065 840 1089 si
859 1065 1020 1097 compendiis
1039 1064 1166 1094 scribitur,
1181 1064 1328 1097 aequivalet
1379 1063 1722 1124 lnggfgogtarzeiffirtrijum
1741 1064 1792 1088 alb.
1804 1064 1836 1088 A.
1854 1064 1942 1089 Altera
1960 1065 2026 1089 linea
2044 1072 2092 1097 pro
2106 1068 2263 1097 promovet,
2278 1065 2373 1097 primo'
2389 1072 2447 1089 mo-

1429 1126 1431 1128 v
1469 1116 1476 1129 ‚
1556 1116 1563 1123 .
1682 1115 1690 1123 .

258 1101 446 1126 homoteleuto.
459 1115 477 1120 -
490 1100 582 1126 Statim
600 1108 649 1134 pro
667 1100 758 1130 aliam,
778 1101 892 1125 alteram
912 1100 932 1124 P
952 1105 977 1125 et
996 1100 1072 1125 codd.
1085 1107 1139 1124 exc.
1152 1100 1184 1124 A.

2376 282 2451 319 253

1385 368 1522 409 quatur
1549 359 1631 397 talis
1659 367 1798 397 motus,
1819 381 1843 387 -
1864 361 1913 396 Et
1940 360 2039 397 hanc
2064 360 2177 397 etiam
2197 360 2450 399 differentiam

1385 413 1582 461 designant
1612 414 1732 450 verba
1759 412 1994 450 Aristotelis:
2029 425 2119 450 nam
2151 413 2198 450 de
2228 421 2337 450 motu
2368 414 2452 451 vio-

1384 467 1485 503 lento
1514 467 1690 515 loquens,
1721 465 1809 503 dicit
1828 463 1843 490 ξ
1865 466 1970 514 quod
1999 466 2072 502 nisi
2089 472 2181 502 esset
2206 466 2360 515 aliquod
2377 467 2451 504 tale

1384 531 1534 568 corpus,
1565 531 1640 556 non
1669 524 1763 556 esset
1783 519 1849 568 qui
1874 519 1915 555 vi
1940 524 2077 565 motus;
2108 519 2155 556 de
2184 526 2292 556 motu
2321 527 2449 556 autem

1383 572 1543 609 naturali
1564 572 1652 608 dicit
1669 572 1776 621 quod
1804 584 1869 608 aer
1889 577 2092 620 promovet
2116 583 2202 608 eum
2227 572 2292 620 qui
2316 584 2447 609 secun-

1383 625 1473 660 dum
1502 630 1679 661 naturam
1708 625 1998 673 uniuscuiusque
2025 630 2179 661 motum.

1436 677 1578 714 Ultimo
1599 685 1726 714 autem
1743 677 1970 726 epilogando
1991 677 2182 714 concludit
2204 676 2449 714 manifestum

1385 741 1466 765 esse
1488 741 1532 765 ex
1551 730 1752 777 praedictis
1776 731 1881 779 quod
1906 743 2022 767 omne
2043 742 2182 779 corpus
2205 737 2270 766 aut
2290 737 2346 766 est
2362 731 2448 767 leve

1383 789 1447 818 aut
1475 794 1601 829 grave,
1633 790 1668 818 et
1696 784 1854 831 qualiter
1873 796 1913 820 se
1932 784 2099 820 habeant
2122 790 2250 819 motus
2275 783 2338 831 qui
2360 791 2448 820 sunt

1382 842 1533 883 praeter
1560 842 1747 872 naturam.

1437 990 1460 1024 ξ)
1480 993 1601 1024 loquens,
1621 993 1696 1018 dicit.
1713 1006 1732 1011 -
1749 994 1857 1025 loquens
1875 1001 1927 1018 om.
1946 994 2052 1025 AEFG,
2071 975 2119 1026 pro
2138 976 2216 1024 dicit,
2242 994 2316 1019 dixit
2340 994 2416 1018 codd.
2429 1006 2448 1014 —-
