2690 4062
282 268 412 294 CXXXIV

284 344 371 369 stum
387 333 448 366 fuit
464 332 614 376 superius
631 331 665 363 in
683 329 872 364 definitione
889 327 1007 360 mollis.
1035 326 1160 365 Quinta
1180 332 1238 373 est,
1256 321 1347 366 quod

282 390 352 413 non
368 379 432 410 sint
446 375 687 414 humectabilia‚
701 373 839 407 humido
856 369 977 405 scilicet
989 370 1096 403 alieno
1109 377 1141 401 et
1153 376 1346 417 extrinseco,

284 432 321 457 ut
333 422 416 462 lana,
429 420 486 455 sed
498 418 716 453 mollificabile
732 417 826 451 debet
842 416 958 449 habere
976 413 1149 447 humidum
1162 422 1344 487 proprium:

285 476 333 501 est
356 467 444 500 enim
472 464 600 498 humidi
631 462 720 508 quod
749 462 870 505 ubique
898 459 998 498 fluat,
1032 466 1064 490 et
1092 457 1137 489 ita
1167 467 1224 488 mo
1234 454 1344 506 lificet.

286 512 382 545 Sexta
402 509 547 543 conditio
570 516 628 548 est,
646 506 735 552 quod
758 517 826 538 non
843 505 906 537 sint
926 501 1107 536 ductibilia:
1133 509 1165 533 et
1183 508 1266 533 ratio
1286 507 1345 539 est,

308 556 361 588 uia
384 554 459 587 talia
482 553 602 586 habent
625 552 698 596 plus
718 561 820 594 aquae
845 559 943 592 quam
967 555 1079 585 terrae,
1097 542 1344 595 sicut-metalla.

285 568 321 634 ξί
345 607 454 632 autem
477 599 542 630 sint
565 596 671 640 aliqua
695 606 777 639 quae
802 604 877 625 cum
900 602 1021 634 magno
1045 589 1155 622 labore
1179 588 1347 632 liquentur

285 653 318 677 et
341 643 515 682 ducantur,
539 650 570 674 et
594 650 702 673 tamen
726 649 794 670 non
817 636 956 669 habeant
979 633 1122 667 multum
1146 632 1220 677 plus
1242 643 1345 676 aquae

286 699 385 732 quam
404 696 516 726 terrae,
535 686 637 718 immo
661 683 743 716 forte
767 681 887 720 minus,
912 680 996 712 sicut
1018 678 1151 717 ferrum,
1172 676 1247 710 talia
1261 674 1345 727 mol-

284 731 453 765 lificantur.
471 731 521 763 Fit
536 738 645 762 autem
658 725 858 759 mollificatio
874 733 1030 768 tanquam
1043 734 1060 755 a
1074 733 1170 755 causa
1185 720 1345 754 efficiente

286 785 322 810 ut
336 777 370 809 in
386 774 531 819 pluribus
555 772 593 805 ab
617 773 702 815 igne,
727 771 811 803 sicut
834 769 922 812 ligna
938 776 971 800 et
986 778 1088 800 cornu
1113 764 1346 799 mollificantur

285 820 324 854 ab
342 831 521 896 {gnsseinde
546 871 621 893 cum
645 858 738 892 dicit:
764 858 841 892 Sunt
856 863 955 889 autem
973 855 1166 900 liquabilium
1181 863 1254 894 etc„
1271 864 1345 897 pro-

285 908 431 952 sequitur
454 906 493 939 de
517 902 690 947 intingibili
721 910 753 935 et
776 913 844 934 non
868 899 1054 944 intingibili.
1085 899 1138 933 Ad
1162 899 1255 932 cuius
1279 898 1346 931 evi-

286 952 427 986 dentiam
444 948 613 982 sciendum
630 956 688 987 est,
728 946 795 979 uod
819 944 1001 988 intingibile
1025 944 1078 977 hic
1103 944 1230 983 dicitur,
1254 941 1345 986 quod

285 1004 334 1029 est
357 994 578 1038 susceptivum
599 991 698 1035 ‚humi
722 991 732 1023 i
756 990 926 1023 extrinseci
956 1000 1014 1033 per
1037 999 1138 1033 poros
1162 986 1290 1031 amplos
1314 995 1346 1019 et

263 1042 267 1046 '
286 1040 395 1074 duros.
419 1038 557 1072 Ratione
577 1036 673 1080 primi
693 1047 730 1068 ea
753 1046 836 1079 quae
853 1042 929 1067 sunt
945 1045 1059 1111 atq-luca,
1079 1044 1147 1065 non
1163 1030 1344 1082 madefiuunt

284 1094 390 1127 neque
413 1082 633 1125 intinguntur,
658 1080 734 1124 quia
757 1090 860 1123 aquea
883 1089 952 1111 non
1000 1077 1096 1110 abent
1118 1087 1237 1120 porOS,
1261 1084 1346 1108 sicut

284 1128 420 1172 glacies;
451 1125 580 1159 metalla
603 1133 713 1157 autem
737 1135 805 1156 non
833 1123 1054 1166 intinguntur,
1083 1122 1159 1166 quia
1182 1120 1258 1153 licet
1281 1121 1347 1153 sint

285 1183 420 1217 porosa,
451 1182 519 1203 non
543 1179 652 1203 tamen
675 1167 795 1201 habent
823 1178 923 1211 poros
955 1165 1082 1210 amplos
1113 1165 1171 1199 sed
1195 1165 1345 1205 strictos,

284 1218 327 1249 ita
351 1214 440 1260 quod
470 1213 643 1247 humidum
674 1223 742 1245 non
773 1220 883 1255 potest
913 1210 1039 1255 ingredi
1064 1219 1096 1243 et
1125 1208 1346 1250 madefacere3

284 1261 408 1294 ratione
432 1259 516 1291 tertii
544 1257 646 1290 multa
677 1267 759 1301 quae
785 1255 952 1300 liquantur
981 1255 1019 1288 ab
1051 1266 1152 1299 aqua,
1177 1265 1246 1286 non
1270 1262 1347 1287 sunt

284 1302 491 1347 intingibilia,
515 1303 599 1335 sicut
622 1302 744 1334 nitrum
768 1309 799 1334 et
823 1299 886 1340 sal,
911 1300 987 1343 quia
1010 1299 1086 1332 licet
1108 1298 1183 1332 talia
1207 1297 1348 1332 habeant

285 1359 384 1393 poros
408 1346 550 1390 amplos,
574 1357 643 1379 non
666 1354 776 1378 tamen
799 1345 871 1388 pori
895 1352 971 1377 sunt
995 1343 1067 1377 duri
1091 1343 1149 1376 sed
1173 1342 1291 1376 molles
1316 1351 1347 1376 et

285 1391 468 1437 passibiles,
492 1391 536 1423 ita
560 1389 650 1435 quod
673 1388 847 1422 humidum
871 1387 1057 1432 ingrediens
1081 1399 1151 1421 non
1174 1387 1348 1421 madefacit

285 1436 341 1470 sed
366 1436 545 1479 corrumpit
568 1433 647 1467 illud
671 1434 705 1466 in
729 1433 819 1478 quod
843 1434 950 1466 intrat.
976 1433 1074 1473 Quae
1098 1441 1207 1465 autem
1228 1431 1349 1465 habent

285 1491 384 1526 poros
401 1479 527 1524 amplos
551 1487 583 1512 et
606 1478 717 1518 duros,
734 1479 819 1511 sicut
841 1477 925 1518 lana,
949 1488 1089 1521 pannuS,
1106 1486 1139 1510 et
1154 1476 1258 1510 multa
1274 1476 1348 1517 alia,

284 1525 504 1568 intinguntur:
528 1524 604 1568 quia
626 1522 801 1556 humidum
820 1521 1005 1566 ingrediens
1028 1533 1086 1565 per
1102 1532 1203 1573 poros
1219 1521 1349 1565 amplos

285 1568 455 1602 madefacit
478 1568 602 1601 siccum
626 1576 786 1607 terrestre,
802 1575 835 1600 et
850 1578 919 1599 non
943 1574 1126 1610 corrumpit
1146 1567 1256 1610 ipsum
1273 1577 1349 1610 pro-

285 1623 356 1658 pter
372 1612 534 1646 duritiem.
559 1612 607 1645 Ex
627 1611 677 1644 his
701 1620 811 1644 autem
833 1619 921 1655 patet
945 1610 1035 1655 und
1060 1610 1256 1654 intingibilia
1272 1619 1350 1644 sunt

285 1667 387 1692 terrea
403 1669 420 1690 a
437 1656 675 1701 praedominio,
700 1656 776 1700 quia
799 1656 833 1688 in
857 1656 903 1688 eis
928 1654 1117 1688 dominatur
1140 1656 1265 1688 siccum
1288 1664 1349 1688 ter-

286 1710 395 1742 restre,
415 1709 447 1734 et
471 1700 640 1744 coagulata
663 1709 740 1733 sunt
763 1712 780 1733 a
805 1699 910 1733 calido
935 1711 993 1743 per
1016 1699 1269 1733 abstractionem
1290 1699 1350 1732 hu-

287 1745 379 1779 midi:
397 1745 471 1779 ideo
488 1746 694 1789 intinguntur
706 1756 765 1788 per
776 1755 897 1777 novam
914 1743 1042 1777 humidi
1059 1743 1349 1778 introductionem.

287 1791 379 1824 Patet
406 1791 504 1823 etiam
527 1790 609 1822 ratio
638 1800 737 1833 quare
770 1798 852 1822 terra
882 1789 1063 1832 intingitur,
1092 1789 1216 1822 nitrum
1240 1797 1351 1822 autem

287 1844 319 1868 et
337 1834 383 1868 sal
407 1846 489 1879 quae
514 1843 590 1866 sunt
613 1842 727 1873 terrea,
751 1844 819 1866 non
846 1833 1064 1877 intinguntur.
1089 1833 1203 1866 Primo
1227 1832 1353 1866 scilicet

287 1880 362 1924 quia
377 1887 460 1912 terra
476 1877 571 1911 habet
590 1889 690 1922 poros
710 1877 858 1911 duriores
875 1889 975 1929 quam
992 1877 1078 1918 talia,
1095 1886 1231 1922 propter
1249 1879 1351 1911 maio-

286 1935 355 1957 rem
371 1922 603 1956 admixtionem
626 1921 753 1956 humidi
776 1921 869 1955 fluidi
885 1933 918 1955 in
942 1921 1060 1956 talibus
1086 1934 1186 1967 quam
1203 1923 1237 1955 in
1253 1931 1352 1963 terra;

288 1967 431 2001 secundo
456 1967 553 2000 etiam
577 1967 652 2011 quia
675 1966 751 2000 talia
775 1975 852 1999 sunt
875 1977 995 2010 porosa
1018 1978 1077 2011 per
1101 1975 1227 2008 totum,
1255 1976 1287 2000 et
1313 1979 1352 2000 ex

287 2012 351 2045 hoc
367 2011 540 2047 humidum
557 2022 614 2055 per
626 2019 734 2044 totum
749 2010 937 2055 ingrediens
950 2020 982 2044 et
995 2010 1143 2045 defluens
1157 2011 1223 2044 cito
1237 2011 1352 2045 dividit

288 2068 325 2090 ea
348 2057 382 2089 in
401 2064 506 2101 partes
532 2064 563 2089 et
582 2056 778 2100 corrumpit:
804 2064 887 2088 terra
909 2064 1019 2089 autem
1043 2055 1140 2089 habet
1159 2067 1259 2100 poros
1283 2067 1352 2090 non

288 2112 346 2146 per
361 2109 478 2141 totum,
494 2100 550 2134 sed
567 2099 619 2133 hic
636 2099 716 2140 illic,
736 2109 769 2133 et
785 2099 860 2133 ideo
880 2109 988 2144 partes
1004 2101 1109 2144 magis
1130 2101 1350 2134 continentur.

344 2156 372 2188 3.
396 2144 524 2178 Deinde
548 2156 623 2178 cum
647 2144 741 2178 dicit:
767 2144 844 2178 Sunt
867 2151 968 2178 autem
991 2151 1018 2178 ct
1039 2144 1109 2179 haec
1131 2145 1251 2196 quidem
1274 2154 1352 2186 etc.‚

288 2189 430 2223 ostendit
459 2201 541 2234 quae
569 2190 634 2222 sint
663 2188 815 2222 flexibilia
843 2198 876 2222 et
906 2201 990 2241 quae
1018 2188 1208 2234 dirigibilia,
1240 2189 1352 2223 dicens

289 2234 377 2278 quod
401 2233 559 2278 quaedam
583 2245 721 2278 corpora
751 2242 829 2267 sunt
858 2233 1012 2267 flexibilia
1039 2234 1072 2267 et
1101 2233 1291 2278 dirigibilia,
1315 2243 1353 2268 ut

288 2278 430 2312 calamus
451 2286 483 2312 et
497 2279 603 2322 virga,
620 2277 780 2323 quaedam
795 2289 875 2311 vero
898 2289 967 2311 non
983 2287 1061 2311 sunt
1076 2277 1229 2312 flexibilia
1244 2290 1353 2324 neque

289 2322 470 2367 dirigibilia,
481 2323 564 2356 sicut
580 2322 694 2356 lateres
710 2331 743 2356 et
758 2322 892 2367 lapides.
906 2322 959 2356 Ad
975 2322 1226 2367 intelligendum
1242 2332 1352 2357 autem

290 2379 371 2412 quae
395 2367 459 2400 sint
483 2366 634 2400 flexibilia
657 2375 689 2400 et
713 2366 896 2411 dirigibilia,
919 2376 952 2400 et
976 2379 1059 2412 quae
1083 2379 1163 2408 non,
1179 2367 1352 2402 sciendum

289 2420 337 2445 est
360 2410 449 2456 quod
479 2411 576 2444 flexio
606 2410 658 2445 vel
687 2412 785 2444 etiam
809 2411 1014 2452 rectificatio,
1043 2421 1093 2446 est
1115 2421 1228 2446 motus
1251 2423 1270 2445 a
1293 2413 1353 2446 cir-

290 2455 389 2489 culari
419 2455 601 2500 peripheria
631 2456 665 2488 in
688 2455 934 2497 rectitudinem,
966 2455 1018 2490 vel
1050 2467 1068 2490 a
1099 2456 1294 2491 rectitudine
1318 2458 1353 2491 in

289 2499 505 2544 peripheriam
523 2499 723 2541 circularem,
740 2510 892 2534 manente
910 2500 1024 2534 eadem
1041 2500 1249 2545 longitudine
1266 2501 1351 2535 flexi.

291 2544 415 2579 Omnia
431 2545 440 2577 i
466 2545 529 2577 itur
544 2556 682 2596 corpora
699 2556 781 2589 quae
798 2554 939 2590 possunt
954 2546 1080 2579 moveri
1097 2557 1137 2579 ex
1157 2545 1353 2580 rectitudine

290 2589 323 2621 in
347 2556 563 2632 peripfieriam
587 2588 792 2630 circularem,
816 2589 868 2623 vel
892 2601 909 2622 e
923 2601 1084 2624 converso
1108 2601 1149 2624 ex
1168 2591 1237 2635 peri
1264 2589 1353 2624 heria

291 2632 448 2673 circulari,
465 2634 532 2666 sive
556 2633 598 2666 sit
621 2645 764 2666 concava
787 2634 855 2667 sive
880 2645 1035 2675 convexa,
1058 2635 1091 2668 in
1110 2635 1227 2668 rectitu
1254 2635 1352 2676 inem,

291 2685 367 2710 sunt
395 2676 546 2710 flexibilia
572 2676 624 2710 vel
655 2677 842 2722 dirigibilia:
875 2690 957 2723 quae
986 2688 1096 2713 autem
1119 2690 1188 2713 non
1213 2688 1354 2724 possunt

291 2721 334 2753 ita
362 2722 508 2762 moveri,
538 2732 606 2754 non
635 2731 711 2755 sunt
741 2722 891 2755 flexibilia
922 2734 1029 2768 neque
1062 2723 1245 2768 dirigibilia,
1277 2727 1353 2757 Non

290 2773 399 2798 tamen
423 2774 472 2799 est
496 2765 582 2799 idem
606 2765 702 2799 flexio
726 2775 758 2800 et
782 2766 987 2808 rectificatio,
1012 2768 1116 2802 immo
1140 2777 1218 2802 sunt
1241 2778 1353 2802 motus

291 2811 457 2843 contrarii:
480 2810 555 2855 quia
570 2809 666 2844 flexio
687 2819 736 2844 est
751 2820 862 2845 motus
886 2811 926 2846 ad
951 2813 1190 2846 concavitatem
1205 2812 1259 2846 vel
1275 2824 1353 2846 con-

977 243 1565 286 METEOROLOGICORUM
1594 243 1688 279 LIB.
1720 242 1772 279 lV

1401 321 1587 360 vexitatem,
1607 318 1798 352 rectificatio
1823 326 1934 351 autem
1958 327 2007 351 est
2030 327 2143 352 motus
2167 318 2208 353 ad
2231 319 2473 355 rectitudinem.

1403 364 1467 398 Sed
1485 362 1710 406 Philosophus
1727 362 1780 395 hic
1803 374 1873 395 non
1898 363 2042 406 assignat
2062 374 2195 397 causam
2214 364 2474 408 praedictorum:

1402 418 1434 442 et
1457 408 1532 441 ideo
1557 407 1728 440 sciendum
1753 415 1812 447 est,
1837 406 1928 451 quod
1944 406 2122 441 humidum
2142 407 2260 449 fluens,
2277 409 2363 443 sicut
2378 422 2475 454 supe-

1401 454 1468 486 rius
1493 451 1750 492 declaravimus,
1781 452 1909 496 quaerit
1931 451 2091 485 terminos
2123 452 2267 494 alienos,
2298 455 2375 498 quia
2405 466 2476 488 non

1401 497 1484 530 bene
1508 497 1702 529 terminatur
1730 496 1878 529 terminis
1926 497 2063 540 ropriis,
2095 497 2221 530 siccum
2243 509 2324 531 vero
2349 500 2476 543 quaerit

1401 542 1560 574 terminos
1577 541 1742 584 proprios,
1767 539 1887 584 quibus
1933 552 1994 574 ene
2018 542 2220 575 terminatur.
2245 541 2386 576 Flexioi
2411 544 2477 577 itur

1402 594 1451 618 est
1467 594 1579 618 motus
1596 584 1636 618 ad
1653 585 1812 618 terminos
1836 584 1972 626 alienos,
1997 585 2075 630 quia
2095 597 2147 619 res
2189 586 2300 621 uando
2317 596 2366 621 est
2406 599 2475 629 exa,

1401 641 1469 663 non
1486 629 1584 662 habet
1601 629 1754 673 proprios
1773 630 1933 663 terminos
1950 641 2029 663 suae
2045 629 2174 675 longitu
2199 631 2274 672 inis,
2291 631 2349 666 sed
2365 641 2475 677 potest

1402 673 1543 718 amplius
1568 673 1715 717 elongari
1732 674 1760 707 si
1783 673 1958 718 dirigatur:
1982 674 2173 709 rectificatio
2195 687 2276 710 vero
2297 685 2347 710 est
2362 686 2475 711 motus

1402 718 1442 752 ad
1458 718 1617 751 terminos
1634 718 1728 763 quasi
1742 719 1897 763 proprios
1914 728 1947 752 et
1961 718 2022 752 sibi
2039 720 2275 754 convenientes
2290 721 2476 755 secundum

1401 774 1496 796 suam
1519 762 1765 806 longitudinem
1772 775 1782 804 3
1807 771 1840 796 et
1862 763 1938 797 ideo
1962 775 2014 797 res
2037 765 2164 798 ratione
2189 764 2318 799 humidi
2341 765 2476 800 fluentis

1401 807 1593 851 flectuntur,
1622 806 1680 840 sed
1703 808 1831 841 ratione
1855 809 1933 841 sicci
1956 808 2151 843 retrahentis
2174 809 2296 844 habent
2324 810 2420 855 dirigi
2443 819 2477 844 et

1401 851 1582 885 rectificari.
1616 851 1714 892 Quae
1743 852 1844 896 igitur
1871 861 1950 886 sunt
1972 853 2145 898 coagulata
2198 866 2234 888 er
2263 854 2477 889 eductionem

1401 895 1545 937 humidi,
1572 907 1641 929 non
1665 905 1743 929 sunt
1765 895 1920 930 flexibilia
1943 908 2052 942 neque
2076 898 2172 943 dirigi
2196 899 2261 940 ilia,
2285 899 2344 934 sed
2371 901 2477 934 'otius

1401 941 1607 985 franguntur,
1631 949 1669 974 ut
1683 940 1801 974 lateres
1825 949 1858 974 et
1879 940 1970 985 ligna
1991 943 2088 976 sicca.
2113 943 2212 984 Quae
2228 953 2339 984 autem
2379 944 2478 979 abent

1401 985 1578 1019 humidum
1596 986 1767 1019 viscosum
1786 996 1953 1030 grossum,
1970 985 2208 1022 flectuntur.de
2226 988 2324 1030 facili,
2340 998 2374 1023 et
2391 1001 2477 1023 sem-

1402 1042 1460 1075 per
1475 1029 1656 1064 flectuntur
1670 1029 1710 1064 ad
1724 1029 1814 1063 illam
1830 1039 1957 1074 partem
1973 1031 2008 1064 in
2047 1043 2090 1065 ua
2102 1041 2152 1066 est
2163 1033 2271 1066 maior
2285 1033 2476 1076 humiditas,

1401 1076 1487 1108 sicut
1496 1074 1626 1108 tabulae
1639 1074 1810 1108 calefactae
1830 1074 1871 1108 ad
1887 1075 2012 1119 ignem,
2051 1085 2205 1110 ectuntur
2219 1088 2335 1111 versus
2353 1078 2481 1123 ign-n,

1402 1119 1480 1165 quia
1503 1120 1589 1164 ignis
1616 1118 1837 1153 calefaciendo
1861 1131 1916 1153 eas
1940 1120 2051 1154 educit
2074 1120 2306 1156 humiditatem
2326 1122 2368 1156 ad
2386 1122 2478 1157 illam

1402 1173 1540 1209 partem.
1566 1163 1631 1198 Sed
1653 1176 1736 1209 quae
1752 1163 1875 1198 habent
1889 1164 2067 1199 humidum
2089 1166 2260 1200 viscosum
2279 1178 2334 1200 ma
2359 1167 2386 1200 ‘s
2401 1166 2478 1202 sub-

1402 1208 1477 1250 tile,
1505 1218 1538 1242 et
1561 1208 1644 1242 bene
1668 1209 1887 1242 commixtum
1913 1221 1991 1243 cum
2014 1210 2104 1244 sicco
2127 1222 2225 1244 aereo
2249 1210 2335 1245 subti
2352 1212 2379 1253 ',
2399 1223 2478 1250 „non

1402 1253 1581 1288 flectuntur
1604 1255 1649 1287 ita
1671 1253 1711 1287 de
1735 1252 1839 1287 facili:
1864 1253 1922 1288 sed
1947 1262 2059 1288 tamen
2081 1254 2166 1289 flexa
2189 1256 2256 1289 cito
2279 1255 2420 1290 redeunt
2436 1255 2498 1300 ad⁷

1402 1298 1645 1339 rectitudinem,
1659 1299 1746 1331 sicut
1763 1297 1843 1331 boni
1867 1309 1981 1340 enses;
2004 1298 2058 1332 vel
2076 1300 2105 1333 si
2123 1311 2193 1334 non
2212 1309 2356 1346 possunt
2372 1300 2480 1335 redire

1403 1342 1444 1377 ad
1463 1342 1642 1394 perfectam
1661 1342 1903 1383 rectitudinem,
1919 1343 2059 1378 redeunt
2074 1343 2116 1378 ad
2131 1344 2221 1378 illam
2236 1353 2364 1390 partem
2382 1346 2480 1380 recti-

1402 1387 1527 1421 tudinis
1551 1399 1651 1433 quam
1675 1387 1862 1421 habuerunt
1877 1389 1911 1421 in
1928 1389 1980 1421 sui
2005 1388 2248 1433 coagulatione,
2271 1390 2358 1424 sicut
2372 1389 2481 1424 bonae

1402 1431 1549 1472 balistae,
1565 1441 1598 1466 et
1614 1443 1708 1466 arcus
1733 1432 1852 1466 emissa
1876 1444 1911 1466 sa
1936 1433 2004 1466 itta.
2030 1433 2096 1467 Sed
2120 1445 2205 1485 quae
2228 1433 2351 1468 habent
2370 1433 2481 1469 humi-

1404 1476 1540 1511 ditatem
1563 1488 1734 1521 grossam,
1764 1485 1796 1510 et
1819 1488 1889 1510 non
1940 1489 2000 1511 ene
2025 1487 2240 1513 commixtam
2268 1490 2346 1512 cum
2368 1479 2480 1521 sicco,

1404 1520 1632 1599 nonlredeunt
1655 1521 1696 1555 ad
1719 1521 1962 1563 rectitudinem,
1979 1523 2064 1556 sicut
2087 1523 2179 1567 pravi
2203 1534 2310 1565 enses,
2333 1534 2429 1558 arcus
2447 1531 2483 1558 et

1404 1577 1480 1599 siim
1493 1577 1534 1599 ia.

1463 1621 1494 1654 4.
1518 1609 1648 1644 Deinde
1673 1621 1750 1643 cum
1774 1609 1869 1644 dicit:
1893 1611 1934 1645 Ee
1956 1610 2027 1645 haec
2047 1612 2170 1663 quidem
2188 1612 2378 1657 frangibilia
2399 1621 2482 1655 etc„

1405 1654 1600 1689 determinat
1624 1654 1664 1688 de
1688 1653 1852 1698 frangibili
1875 1664 1909 1688 et
1933 1655 2186 1698 commmuibili,
2210 1665 2394 1702 quaesunt
2407 1668 2482 1702 pas-

1405 1699 1516 1733 siones
1564 1698 1758 1732 rocedentes
1781 1711 1822 1733 ex
1845 1698 1970 1733 eisdem
1994 1700 2113 1742 causis,
2136 1700 2262 1735 scilicet
2283 1701 2425 1742 humido
2448 1710 2482 1736 et

1405 1745 1504 1777 sicco.
1535 1711 1625 1778 flam
1649 1755 1733 1788 quae
1757 1742 1879 1777 habent
1910 1755 2028 1788 parum
2058 1753 2116 1779 aut
2137 1745 2221 1779 nihil
2251 1745 2292 1780 de
2315 1747 2426 1788 sicco,
2449 1754 2484 1781 et

1406 1788 1550 1822 multum
1575 1788 1615 1822 de
1639 1787 1796 1829 humido,
1819 1799 1928 1834 neque
1952 1797 2030 1822 sunt
2052 1787 2237 1834 frangibilia
2259 1801 2369 1836 neque
2384 1801 2483 1829 »com-

1406 1832 1608 1874 minuibilia,
1639 1833 1725 1866 sicut
1749 1831 1770 1865 li
1796 1832 1883 1866 uida.
1918 1833 2017 1874 Quae
2047 1842 2159 1868 autem
2188 1833 2311 1868 habent
2337 1835 2484 1870 multum
2518 1875 2521 1876 ⁷

1407 1876 1448 1911 de
1471 1877 1572 1917 sicco,
1597 1886 1675 1910 sunt
1690 1878 1725 1910 in
1741 1878 1782 1910 tri
1805 1889 1845 1910 us
1868 1877 2078 1912 differentiis:
2104 1878 2268 1924 quaedam
2290 1878 2485 1914 enimsssu'nt

1406 1921 1600 1966 frangibilia,
1624 1931 1657 1955 et
1679 1933 1750 1955 non
1774 1922 2056 1963 comminuibilia,
2085 1931 2122 1956 ut
2144 1922 2292 1968 lignum3
2320 1923 2484 1976 quaedam

1407 1975 1486 2000 sunt
1509 1965 1771 2000 comminuibilia
1793 1975 1827 2000 et
1850 1978 1919 2000 non
1942 1966 2137 2011 frangibilia,
2161 1968 2247 2002 sicut
2268 1967 2366 2013 lapis,
2410 1969 2446 2003 ui
2464 1979 2485 2003 a

1406 2010 1629 2056 scalpentibus
1649 2010 1807 2045 dividitur
1824 2011 1859 2045 in
1878 2020 1988 2056 partes
2007 2012 2163 2053 minutas,
2181 2023 2252 2046 non
2271 1979 2486 2048 antemi-'lihn—

1406 2057 1495 2100 gitur
1510 2057 1544 2089 in
1561 2067 1697 2107 magnas
1714 2064 1832 2107 parteS‚
1849 2065 1882 2090 et
1898 2067 2020 2101 paucas
2038 2067 2200 2098 numero;
2225 2055 2387 2103 quaedam
2401 2068 2484 2092 vero

1407 2109 1486 2134 sunt
1509 2099 1772 2134 comminuibilia
1795 2109 1828 2134 et
1851 2099 2046 2145 frangibilia,
2069 2101 2156 2136 sicut
2178 2101 2306 2136 lateres.
2334 2102 2378 2137 Et
2397 2103 2484 2138 ratio

1407 2145 1506 2178 huius
1523 2144 1725 2179 differentiae
1742 2154 1802 2186 est,
1822 2146 1900 2191 quia
1919 2145 2142 2190 quaedamim
2157 2146 2376 2191 coagulantur
2390 2145 2485 2193 quod

1408 2189 1530 2223 habent
1548 2201 1668 2234 parvos
1692 2201 1806 2234 poros,
1829 2201 1971 2224 numero
1995 2189 2132 2232 multos,
2155 2200 2189 2225 et
2208 2191 2418 2239 propinquos
2441 2192 2485 2226 si-

1408 2235 1575 2275 tuatione‚
1607 2243 1639 2268 et
1667 2235 1728 2268 ista
1752 2235 2049 2276 comminuuntur3
2080 2236 2158 2281 quia
2189 2236 2411 2270 comminutio
2434 2244 2487 2270 m

1408 2278 1527 2313 divisio
1551 2279 1585 2312 in
1610 2290 1727 2323 parvas
1747 2287 1870 2331 partes,
1885 2288 1919 2314 et
1934 2279 2054 2313 divisio
2076 2280 2123 2313 rei
2146 2279 2185 2314 fit
2203 2281 2238 2314 in
2257 2281 2348 2325 poris
2363 2281 2486 2326 ipsius,

1407 2324 1470 2357 nisi
1495 2323 1703 2357 scindantur:
1728 2335 1756 2357 si
1779 2335 1860 2368 ergo
1908 2324 1957 2358 ori
1981 2333 2059 2358 sunt
2082 2323 2192 2366 multi,
2215 2324 2336 2359 divisio
2352 2323 2412 2360 fiet
2434 2336 2485 2360 se-

1408 2367 1556 2402 cundum
1572 2367 1693 2402 multas
1710 2377 1830 2413 partes.
1890 2380 1967 2414 iqua
1979 2380 2060 2403 vero
2076 2368 2198 2403 habent
2213 2381 2316 2415 poros
2331 2381 2486 2448 maznos,

1407 2424 1533 2458 paucos
1556 2424 1698 2447 numero
1718 2422 1751 2447 et
1766 2413 1924 2447 distantes
1947 2414 2028 2447 situ:
2053 2422 2087 2448 et
2102 2413 2179 2448 talia
2195 2423 2274 2448 sunt
2288 2413 2395 2459 fiang'a
2417 2413 2485 2456 ilia,

1431 2458 1486 2491 uia
1509 2456 1624 2491 fractio
1647 2467 1698 2491 est
1721 2457 1841 2492 divisio
1864 2458 1912 2491 rei
1936 2458 1970 2491 in
1993 2469 2131 2503 magnas
2154 2467 2263 2504 partes
2294 2467 2327 2493 et
2345 2458 2482 2504 pauca-8.

1451 2502 1482 2536 ia
1500 2513 1580 2536 vero
1600 2501 1722 2536 habent
1738 2511 1936 2547 utrumque,
1960 2502 2084 2536 scilicet
2105 2503 2270 2548 quosdam
2294 2513 2397 2555 poros
2414 2514 2486 2537 ma·

1407 2557 1492 2590 gnos
1513 2555 1546 2580 et
1569 2546 1714 2598 reliquos
1739 2557 1878 2591 parvos:
1904 2555 1938 2580 et
1953 2546 2029 2580 talia
2047 2555 2127 2581 sunt
2144 2546 2328 2592 frangibilia
2343 2555 2378 2581 et
2393 2558 2483 2586 com-

1407 2590 1611 2632 minuibilia,
1642 2599 1728 2624 sicut
1751 2590 1878 2624 lateres.
1910 2590 2200 2625 Considerandum
2228 2600 2279 2626 est
2306 2599 2418 2626 autem
2441 2591 2484 2627 ad
2533 2602 2541 2608 ·

1408 2634 1608 2668 evidentiam
1632 2634 1896 2680 praedictorum,
1929 2635 2020 2680 quod
2047 2647 2151 2688 porus
2182 2635 2236 2670 hic
2265 2645 2404 2670 vocatur
2427 2635 2484 2671 illa

1432 2691 1483 2712 ars
1499 2680 1546 2713 rei
1562 2691 1714 2731 perosae,
1739 2685 1824 2725 quae
1847 2689 1897 2714 est
1919 2691 1990 2714 non
2009 2679 2145 2726 quidem
2160 2692 2276 2722 vacua,
2291 2682 2379 2715 sicut
2395 2679 2485 2716 dico-

1408 2691 1487 2757 bant
1510 2724 1637 2769 antiqui
1661 2723 1830 2758 credentes
1852 2736 1997 2758 vacuum
2021 2724 2108 2766 dari,
2139 2724 2198 2759 sed
2221 2724 2319 2770 plena
2342 2736 2485 2771 corpore

1407 2767 1531 2809 subtili,
1551 2769 1620 2802 sive
1637 2768 1699 2802 tale
1724 2780 1845 2814 corpus
1869 2768 1988 2803 subtile
2011 2770 2055 2803 sit
2077 2769 2227 2804 eiusdem
2250 2778 2386 2804 naturae
2405 2780 2485 2804 cum

1408 2812 1548 2858 reliquo,
1571 2814 1640 2847 sive
1665 2813 1801 2854 alienae,
1826 2822 1906 2858 puta
1930 2825 2054 2859 aqueae
2077 2813 2131 2848 vel
2154 2825 2279 2848 aereae.

875 3176 1892 3282 ψ
