2690 4062
1 688 39 710 etl
51 692 102 710 om.
114 692 155 709 κ.

1052 248 1162 285 CAP.
1193 249 1279 297 XII,
1310 251 1459 288 LECT.
1490 253 1576 289 XVI

463 326 637 360 eterminat
660 324 700 358 de
724 323 948 364 homoeomeris,
970 323 1053 357 idest
1076 324 1291 368 homogeneis

370 397 403 413 vl„
425 377 427 381 ·
464 369 673 415 corporibus,
704 367 911 402 ostendendo
943 368 1114 412 quomodo
1143 369 1291 403 differant

330 411 418 452 :sss
462 426 522 460 per
545 415 716 459 passiones
741 413 983 453 determinatas,
1007 422 1039 446 et
1060 415 1164 457 magis
1184 416 1288 448 conti-

383 457 415 493 »ὦ
462 458 598 492 nuando
623 470 661 492 ea
684 459 768 502 quae
792 457 1006 491 determinata
1030 467 1106 491 sunt
1130 458 1170 492 ad
1189 458 1288 493 libros

463 511 649 548 sequentes.
663 503 777 535 Primo
794 502 894 546 igitur
907 503 1084 546 praemittit
1099 502 1176 536 duo.
1194 504 1288 544 Quo-

218 561 295 584 rum
311 550 458 594 primum
477 556 536 589 est,
554 547 645 592 quod
663 546 913 580 determinando
930 546 969 580 de
986 547 1230 581 homoeomeris
1247 549 1286 582 de

218 594 306 628 facili
330 603 572 638 cognoscemus
595 591 737 636 reliqua,
762 592 839 636 quia
856 592 967 624 omnia
991 601 1142 625 constant
1165 605 1203 626 ex
1227 593 1287 626 ho-

219 639 422 675 moeomeris
438 646 596 682 tanquam
609 648 649 670 ex
661 634 817 680 partibus.
836 636 911 679 Ipsa
927 645 1036 669 autem
1053 636 1288 670 homoeomera

243 691 361 717 ossunt
373 682 532 726 cognosci
547 693 588 714 ex
603 680 713 714 dictis:
732 681 808 725 quia
821 679 1074 713 determinatum
1087 690 1136 714 est
1147 683 1164 702 *
1183 694 1201 714 a
1217 683 1287 726 qui-

241 739 281 761 us
316 736 492 761 enerentur
507 734 665 770 tanquam
680 724 719 758 ab
736 734 864 769 agente,
881 725 958 770 quia
970 724 1093 758 scilicet
1105 737 1123 758 a
1136 725 1240 759 calido
1256 734 1288 759 et

218 739 350 816 frigido,
374 780 408 805 et
431 783 472 804 ex
495 769 615 815 quibus
638 769 719 802 fiant
742 778 899 814 tanquam
922 781 962 803 ex
980 770 1125 810 materia,
1149 771 1226 814 quia
1249 782 1288 803 ex

218 815 359 850 humido
375 824 410 849 et
424 816 524 855 sicco,
540 823 573 847 et
592 825 631 847 ex
646 815 860 858 consequenti
877 826 916 847 ex
931 826 1015 858 aqua
1031 822 1063 847 et
1084 823 1182 855 terra,
1203 826 1286 859 quae

218 869 297 894 sunt
320 860 456 894 materia
481 859 632 892 omnium
656 859 844 891 mixtorum.
863 878 882 883 -
898 857 1088 892 Secundum
1112 867 1171 899 est,
1196 858 1286 903 quod

217 904 344 947 formae
359 904 678 937 homoeomerorum
693 902 920 936 substantiales
934 911 1011 935 sunt
1025 902 1121 935 nobis
1135 903 1284 946 ignotae:

219 957 253 984 et
264 960 304 982 ex
316 949 531 993 consequenti
547 947 622 981 talia
635 958 773 991 corpora
785 958 854 980 non
869 955 946 980 sunt
960 946 1056 980 nobis
1071 948 1212 991 cognita,
1222 948 1285 980 nisi

217 1004 277 1039 per
293 992 472 1027 accidentia
491 991 796 1036 praedeterminata,
837 992 890 1024 uia
907 991 1104 1035 cognitionis
1147 991 1284 1025 uiddita-

217 1038 304 1072 tivae
355 1037 531 1081 rincipium
563 1045 611 1069 est
646 1035 766 1069 forma.
780 1003 1010 1069 sulstantialis.
1040 1003 1145 1076 Quod
1174 1045 1284 1069 autem

217 1081 299 1116 tales
335 1093 447 1115 ormae
471 1082 537 1114 sint
559 1080 655 1114 nobis
679 1081 811 1124 ignotae
835 1079 1038 1120 manifestat,
1059 1081 1136 1124 quia
1159 1080 1284 1113 formae

218 1134 343 1172 quanto
367 1134 445 1159 sunt
468 1126 667 1170 posteriores
691 1126 726 1158 in
740 1125 794 1158 via
816 1125 1047 1168 generationis,
1063 1133 1155 1157 tanto
1179 1125 1283 1168 magis

217 1179 434 1215 sugatfnotae:
457 1170 543 1203 sieut
566 1170 674 1207 anima
698 1180 781 1214 quae
806 1178 854 1202 est
878 1169 992 1202 ultima
1016 1169 1050 1201 in
1073 1169 1126 1202 via
1149 1180 1284 1212 genera-

217 1213 318 1251 tionis
335 1223 368 1248 et
384 1223 433 1248 est
448 1214 649 1259 principium
665 1213 867 1247 diversarum
884 1213 1126 1258 operationum,
1142 1222 1191 1246 est
1206 1221 1285 1246 nota

215 1258 324 1303 valde,
340 1268 373 1292 et
396 1259 472 1293 ideo
489 1258 706 1292 discernimus
726 1259 811 1291 inter
827 1257 979 1290 animalia
998 1257 1072 1290 viva
1091 1266 1123 1290 et
1139 1266 1284 1297 mortua3

218 1303 278 1338 sed
299 1302 406 1337 forma
430 1304 535 1336 carnis
559 1314 628 1336 non
652 1311 702 1336 est
717 1303 764 1335 sic
780 1302 876 1335 nobis
899 1310 988 1342 nota,
1009 1310 1042 1335 et
1057 1300 1133 1334 ideo
1156 1301 1286 1333 nonita

217 1347 302 1382 bene
325 1347 541 1382 discernimus
559 1348 643 1380 inter
658 1358 790 1380 carnem
805 1346 915 1379 vivam
932 1354 964 1379 et
979 1353 1161 1378 mortuam:
1179 1344 1286 1377 adhuc

218 1392 326 1427 etiam'
343 1391 468 1426 formae
484 1391 500 1409 *
523 1392 610 1435 ignis
627 1399 660 1424 et
683 1392 764 1424 aeris
786 1398 863 1423 sunt
878 1389 974 1422 nobis
998 1389 1108 1422 minus
1128 1397 1226 1421 notae
1241 1390 1285 1420 **.

219 1436 325 1478 Quod
341 1445 451 1470 autem
467 1437 512 1470 ita
528 1436 581 1476 sit,
592 1434 768 1479 dupliciter
782 1433 908 1479 probat.
926 1433 1051 1472 Primo,
1061 1433 1138 1476 quia
1153 1432 1288 1465 materia

217 1492 303 1527 quae
326 1480 367 1515 de
391 1492 426 1514 se
446 1489 499 1523 est
522 1491 605 1524 pura
627 1479 786 1523 potentia,
809 1489 879 1510 non
902 1485 952 1510 est
975 1475 1206 1520 cognoscibilis
1225 1476 1288 1508 nisi

216 1536 276 1571 per
299 1524 486 1569 analogiam
510 1524 551 1558 ad
574 1523 733 1563 formam,
764 1521 870 1555 forma
893 1532 973 1554 vero
1011 1532 1094 1565 quae
1125 1529 1174 1553 est
1197 1529 1288 1553 actus

171 1580 173 1582 ·
195 1576 251 1604 'et
272 1568 450 1614 perfectio,
478 1577 529 1602 est
552 1565 784 1611 cognoscibilis
808 1577 866 1610 per
888 1577 941 1599 se:
971 1564 1095 1598 formae
1118 1565 1218 1608 igitur
1242 1565 1289 1597 in-

217 1612 395 1648 termediae
419 1620 544 1664 quanto
568 1619 647 1644 sunt
669 1611 864 1644 remotiores
893 1621 911 1643 a
934 1609 1070 1643 materia
1100 1617 1133 1642 et
1155 1609 1291 1653 propin-

240 1657 352 1692 uim-es
375 1658 511 1691 ultimae
541 1655 666 1689 formae
679 1682 688 1696 ,
722 1663 814 1688 tanto
845 1654 950 1698 magis
981 1657 1072 1687 sunt
1087 1661 1201 1694 notae;
1233 1652 1290 1686 sed

217 1669 344 1736 parmae
359 1701 677 1735 homoeomerorum
693 1708 772 1732 sunt
786 1699 992 1744 propinquae
1015 1698 1169 1731 materiae
1184 1706 1217 1730 et
1229 1696 1291 1730 ele-

191 1746 193 1748 ’
217 1747 355 1787 mentis;
379 1746 479 1790 igitur
502 1753 580 1778 sunt
595 1745 706 1777 minus
725 1752 834 1777 notae.
863 1742 1028 1783 Secund0‚
1046 1753 1145 1776 omne
1170 1753 1290 1786 corpus

218 1789 311 1836 quod
333 1798 508 1835 generatur
531 1800 572 1822 ex
594 1788 748 1828 materia,
775 1787 873 1821 habet
896 1786 937 1821 ali
962 1798 1040 1820 uam
1063 1785 1205 1819 formam
1233 1797 1291 1830 per

219 1846 320 1880 quam
343 1834 579 1868 determinatur
606 1833 647 1866 ad
670 1833 832 1877 speciem,
864 1841 897 1865 et
925 1799 998 1864 tglis
1031 1830 1136 1864 forma
1165 1842 1204 1863 co
1253 1842 1289 1879 ⁰.‘

219 1880 322 1914 scitur
343 1890 403 1924 per
454 1878 600 1922 ropriam
632 1878 882 1922 operationem:
916 1876 993 1920 quia
1025 1886 1199 1919 unumquo
1225 1886 1289 1919 que

218 1931 299 1958 tunc
321 1934 398 1956 vere
446 1923 562 1956 ‘cimus
586 1933 657 1955 esse
681 1921 763 1962 tale,
817 1919 928 1954 uando
952 1927 1062 1964 potest
1084 1918 1189 1952 facere
1212 1930 1288 1963 pro-

218 1968 330 2014 prium
354 1975 439 2012 opus
462 1966 562 2007 illius,
586 1967 671 1999 sicut
694 1976 769 1999 vere
794 1933 934 1998 dicimus
958 1975 1029 1998 esse
1054 1963 1189 1997 oculum
1214 1975 1290 1996 cum

218 2011 326 2053 videt,
350 2023 428 2045 eum
451 2020 562 2045 autem
586 2011 643 2056 qui
666 2021 736 2043 non
758 2009 864 2049 videt,
892 2009 977 2042 sicut
1001 2007 1117 2042 oculus
1141 2007 1290 2052 lapideus

219 2065 278 2092 aut
299 2065 475 2097 mortuus,
506 2067 575 2088 non
603 2066 762 2088 vocamus
795 2053 930 2087 oculum
961 2053 1025 2086 nisi
1056 2053 1235 2097 aequivoce
1259 2060 1292 2085 et

219 2100 455 2146 metaphorice,
471 2108 509 2133 ut
525 2111 612 2133 serra
635 2098 763 2151 lapidea
782 2098 834 2132 vel
850 2097 959 2142 lignea
983 2108 1066 2142 quae
1090 2108 1159 2130 non
1180 2104 1290 2148 potest

183 2165 186 2168 ’
219 2157 346 2187 secare,
369 2153 419 2179 est
442 2155 531 2178 serra
560 2155 759 2189 aeqUIVOCe3
784 2142 992 2187 operationes
1022 2149 1132 2174 autem
1163 2152 1290 2174 anlmae

2284 242 2298 252 ‹-

2309 270 2401 295 CXLV

1346 337 1422 361 sunt
1437 329 1532 380 nobis
1547 332 1651 375 magis
1667 341 1764 365 notae
1782 345 1879 377 quam
1897 336 2102 378 operationes
2119 336 2222 368 carnis
2237 336 2290 369 vel
2305 337 2400 380 ignis,

1345 382 1377 405 et
1393 383 1599 425 operationes
1620 375 1803 419 plantarum
1823 387 1898 411 sunt
1918 390 1970 411 ma
1995 380 2021 411 is
2041 380 2189 423 cognitae
2212 391 2310 424 quam
2326 392 2403 424 ope-

1344 426 1485 451 rationes
1510 420 1781 461 inanimatorum,
1814 430 1851 454 ut
1878 422 1977 455 metal
1991 434 2086 455 orum
2117 432 2149 456 et
2176 423 2315 456 aliorum
2338 424 2397 457 ho-

1343 473 1628 513 moeomerorum:
1658 465 1734 509 quia
1758 466 1868 498 omnia
1891 465 2012 500 habent
2035 466 2176 517 aliquam
2201 467 2340 500 formam
2367 477 2400 501 et

1342 515 1507 557 ylrtutem‚
1525 507 1582 541 sed
1597 519 1671 541 non*
1683 510 1914 552 cognoscimus
1934 519 2019 543 recte
2035 519 2195 543 rationem
2215 520 2246 544 et
2260 511 2400 544 formam

1342 562 1511 594 ipsorum,
1544 553 1619 596 quia
1644 554 1789 596 operatio
1814 565 1926 587 earum
1950 563 1999 587 est
2021 554 2116 587 nobis
2145 555 2319 598 incognita.
2352 556 2401 588 Ex

1342 594 1406 628 hoc
1422 597 1579 640 sequitur,
1596 597 1685 640 quod
1709 598 1816 630 omnis
1836 607 1947 631 nostra
1967 599 2111 642 cognitio
2129 610 2227 642 quam
2243 598 2399 632 habemus

1343 639 1382 672 de
1407 639 1519 673 formis
1544 640 1825 682 substantialibus,
1849 651 1898 675 est
1945 654 1979 675 er
2002 643 2227 686 operationem
2251 643 2319 675 sive
2342 654 2400 686 per

1343 683 1403 716 alia
1427 684 1603 717 accidentia
1627 694 1658 718 et
1681 684 1819 729 figuras,
1844 694 1876 719 et
1899 687 1908 718 i
1933 698 1973 719 eo
1998 686 2211 719 discernimus
2235 687 2318 719 inter
2341 687 2400 719 ho-

1342 728 1466 761 minem
1489 738 1657 761 mortuum
1681 738 1713 762 et
1735 730 1866 770 vivum3
1894 741 1963 763 non
1987 739 2096 763 autem
2120 730 2333 763 discernimus
2356 730 2401 763 ita

1342 771 1424 805 bene
1448 773 1531 805 inter
1554 784 1683 806 carnem
1706 774 1815 806 vivam
1831 782 1864 807 et
1878 783 2053 814 mortuam,
2074 775 2150 818 quia
2166 785 2186 806 o
2212 774 2313 806 eratio
2330 774 2400 806 eius

1341 827 1410 849 non
1434 826 1483 849 est
1506 818 1657 860 cognita,
1689 826 1721 850 et
1751 817 1855 861 figura
1882 817 2011 851 videtur
2041 829 2111 851 esse
2140 829 2177 850 ea
2201 829 2274 851 em:
2307 818 2400 850 cuius

1341 869 1451 893 autem
1475 862 1621 905 operatio
1642 870 1690 894 est
1706 861 1884 905 incognita,
1908 861 1989 895 illud
2012 873 2080 894 non
2105 862 2314 905 cognoscitur
2336 861 2400 893 nisi

1339 916 1399 949 per
1413 904 1563 948 figuram,
1580 906 1664 938 sicut
1687 906 1899 950 antiquorum
1922 914 2130 939 mortuorum
2152 917 2289 949 corpora
2318 916 2401 949 quae

1340 958 1417 982 sunt
1439 949 1568 983 redacta
1592 951 1626 982 in
1650 950 1809 989 cinerem,
1833 961 1902 982 non
1926 950 2156 993 cognoscimus
2179 950 2242 982 nisi
2265 960 2323 993 per
2345 948 2400 981 ali-

1326 1005 1439 1037 -quam
1455 993 1604 1037 figuram.
1615 1013 1629 1019 -
1644 993 1822 1027 Concludit
1837 994 1938 1037 igitur.
1949 993 2039 1037 quod
2055 993 2301 1033 homoeomera‚
2317 992 2401 1026 idest

1340 1049 1478 1082 corpora
1503 1049 1585 1082 quae
1605 1037 1725 1070 habent
1749 1046 1856 1081 partes
1887 1037 2034 1070 eiusdem
2057 1038 2191 1070 rationis
2219 1048 2294 1069 cum
2317 1045 2400 1074 toto,

1339 1082 1424 1114 sicut
1439 1093 1530 1121 caro,
1554 1093 1689 1121 nervus,
1730 1081 1774 1121 ili,
1797 1080 1881 1114 fiunt
1904 1090 2059 1125 tanquam
2076 1080 2114 1113 ab
2131 1089 2261 1124 agente,
2278 1079 2400 1113 scilicet

1339 1125 1589 1165 instrumentali‚
1605 1137 1623 1158 a
1640 1092 1800 1158 caliditate
1822 1133 1854 1157 et
1869 1124 2042 1168 frigiditate
2059 1136 2117 1168 per
2132 1133 2261 1157 motum
2280 1123 2402 1156 factum

1340 1172 1379 1202 ab
1403 1170 1493 1213 ipsis,
1517 1178 1674 1213 tanquam
1698 1180 1737 1201 ex
1760 1169 1893 1201 materia
1916 1168 1999 1201 fiunt
2025 1180 2065 1201 ex
2087 1168 2225 1201 humido
2248 1176 2280 1200 et
2303 1168 2401 1207 sicco,

1340 1222 1373 1246 et
1392 1213 1546 1246 differunt
1569 1214 1652 1245 inter
1675 1223 1709 1245 se
1733 1223 1791 1256 per
1813 1213 2117 1256 praedeterminatas
2141 1213 2320 1255 passiones,
2343 1212 2404 1244 sci-

1340 1257 1416 1290 licet
1439 1256 1567 1297 duritie,
1583 1256 1733 1296 mollitie,
1749 1257 1918 1296 tractione‚
1936 1256 2195 1289 comminutione
2219 1264 2295 1288 etc.:
2314 1263 2346 1288 et
2364 1266 2404 1288 ex
2441 1270 2444 1273 ·

1340 1301 1429 1334 hac*
1445 1309 1576 1344 oportet
1600 1312 1638 1333 ea
1661 1311 1860 1343 cognoscere
1885 1299 1979 1344 quale
2004 1301 2045 1332 sit
2068 1299 2340 1343 unumquodque,
2364 1310 2404 1332 ex

1341 1344 1459 1377 talibus
1472 1343 1772 1388 praedeterminatis
1780 1344 1806 1384 *,
1819 1352 1994 1388 postquam
2008 1343 2112 1386 forma
2125 1342 2342 1376 substantialis
2356 1351 2405 1375 est

1341 1388 1438 1421 nobis
1451 1389 1626 1431 incognita.
1637 1387 1702 1421 Sed
1716 1398 1854 1431 corpora
1867 1387 2074 1420 dissimilium
2086 1388 2238 1431 partium,
2248 1395 2284 1419 ut
2296 1386 2404 1427 facies,

1342 1443 1471 1472 manus,
1486 1443 1555 1465 non
1571 1431 1725 1464 differunt
1748 1442 1806 1475 per
1829 1430 1908 1464 tales
1932 1430 2102 1475 qualitates
2121 1431 2184 1463 nisi
2202 1432 2326 1463 ratione
2350 1442 2404 1463 eo-

1342 1487 1417 1509 rum
1434 1487 1473 1509 ex
1490 1475 1608 1520 quibus
1629 1483 1885 1519 componuntur,
1905 1475 1988 1507 sicut
2011 1474 2138 1518 phialae
2160 1474 2214 1507 vel
2230 1486 2320 1507 arcae
2336 1486 2405 1507 non

1343 1529 1392 1553 est
1409 1531 1505 1553 causa
1522 1519 1663 1553 calidum
1679 1518 1731 1552 vel
1748 1518 1786 1552 fri
1812 1518 1913 1558 idum,
1930 1519 1992 1551 nisi
2008 1519 2203 1563 inquantum
2219 1526 2295 1550 sunt
2310 1529 2406 1551 causa

1343 1565 1468 1608 argenti
1492 1563 1545 1597 vel
1568 1563 1648 1607 ligni
1672 1575 1711 1596 ex
1757 1530 1855 1596 uifius
1877 1562 1953 1596 talia
1977 1571 2235 1607 componuntur:
2265 1562 2322 1595 sed
2346 1561 2407 1594 dif-

1343 1608 1452 1641 ferunt
1475 1607 1589 1641 formis
1613 1607 1750 1640 naturali
1774 1619 1812 1640 us
1842 1606 2053 1640 existentibus
2077 1607 2111 1639 in
2135 1607 2197 1646 eis,
2226 1607 2309 1638 sicut
2331 1606 2406 1638 arti-

1343 1652 1460 1686 ficialia
1491 1651 1646 1686 differunt
1675 1651 1789 1684 formis
1813 1652 1907 1692 artis,
1938 1651 2014 1684 licet
2044 1651 2177 1684 materia
2204 1661 2340 1690 eorum,
2369 1658 2407 1682 ut

1344 1696 1493 1737 metalla,
1518 1695 1668 1729 differant
1691 1695 1898 1740 passionibus
1922 1696 2002 1728 istis.

1433 1740 1563 1774 Deinde
1600 1739 1766 1785 epilogat,
1800 1739 1910 1773 dicens
1939 1739 2029 1784 quod
2060 1740 2123 1772 isto
2152 1738 2254 1771 modo
2284 1749 2406 1781 cogno-

1344 1786 1467 1818 scimus
1491 1784 1570 1829 quid
1594 1785 1659 1818 sint
1682 1784 1936 1824 homoeomera‚
1967 1784 2043 1828 quia
2071 1792 2150 1816 tunc
2174 1783 2404 1825 cognoscimus

1345 1829 1479 1874 aliquid,
1503 1840 1579 1862 cum
1604 1829 1837 1872 cognoscimus
1862 1839 1994 1861 causam
2017 1826 2244 1860 materialem*
2260 1827 2330 1859 eius
2351 1825 2403 1859 vel

1345 1873 1533 1913 formalem,
1557 1882 1590 1906 et
1617 1872 1734 1906 melius
1763 1884 1838 1905 cum
1867 1871 2097 1916 cognoscimus
2128 1879 2309 1914 utramque.
2334 1870 2405 1903 Ma-

1343 1919 1431 1951 xime
1444 1926 1555 1951 autem
1569 1917 1800 1961 cognoscimus
1812 1916 1945 1961 aliquid,
1960 1927 2035 1949 cum
2047 1915 2276 1959 cognoscimus
2290 1925 2404 1947 omnes

1345 1963 1415 1996 eius
1435 1973 1560 2002 causaS,
1585 1962 1661 2006 quia
1684 1960 1825 2006 perfecta
1849 1960 1994 2004 cognitio
2018 1959 2154 1993 habetur
2177 1958 2216 1992 de
2235 1958 2331 1991 rebus
2347 1969 2405 2002 per

1346 2018 1462 2040 omnes
1487 2017 1599 2039 causas
1624 2017 1746 2039 earum.
1777 2005 1864 2039 Cum
1892 2013 2002 2038 autem
2031 2003 2260 2047 cognoscimus
2288 2002 2405 2035 homo-

1345 2063 1460 2095 genea,
1485 2062 1568 2095 quae
1592 2049 1684 2083 sunt*
1716 2058 1799 2083 artes
1816 2049 1966 2089 aliorum,
1991 2046 2262 2081 considerandum
2285 2047 2345 2079 erit
2365 2045 2404 2079 de

1345 2095 1431 2135 aliis,
1455 2103 1494 2128 ut
1517 2094 1557 2128 de
1581 2095 1689 2128 anima
1705 2093 1774 2127 ’bus
1799 2102 1832 2126 et
1854 2093 1983 2137 plantis,
2008 2103 2090 2136 quae
2108 2091 2349 2124 constituuntur
2365 2101 2404 2122 ex

1344 2139 1395 2173 his
1418 2138 1574 2183 partibus.

371 3675 440 3707 Opp.
459 3674 491 3698 D.
505 3673 620 3698 Tamtu.
639 3672 670 3696 T.
690 3672 730 3696 ΙΙΙ.
750 3672 894 3696 Appsnmx.

2206 3647 2259 3680 19*

2430 1308 2440 1317 '¹
2456 1307 2519 1329 hoc?

2431 1350 2645 1399 'apraedominatie

2430 1384 2443 1398 P
2463 1393 2469 1399 .

2433 1828 2444 1840 ⁸*
2459 1828 2593 1850 naturalem
2607 1833 2645 1850 pa.
