2690 4062
280 269 434 295 CXXXVIII

970 241 1559 285 METEOROLOGICORUM
1588 240 1682 276 LIB.
1715 238 1767 274 IV

889 459 1185 517 LECTIO
1223 451 1853 511 DECIMATERTIA

599 611 816 650 SEQUITUR
840 609 896 640 DE
921 605 1148 638 SPECIEBUS
1174 601 1468 641 QUALITATUM
1491 599 1763 631 PASSIVARUM
1787 599 1830 630 IN
1854 598 2149 630 PARTICULARI

347 783 405 827 μὲν
429 779 576 813 καυστὸν
601 779 658 809 καὶ
684 776 768 820 ἔριον
788 776 846 806 καὶ
868 773 1004 812 ὀστοῦν,
1023 770 1112 807 λίθος
1130 765 1168 801 δὲ
1191 771 1250 800 καὶ
1267 766 1342 812 κρύ-

346 828 492 862 σταλλος
519 824 702 855 ἀκαυστον.
733 820 832 851 Ἔστι
857 817 893 849 δέ
926 817 1064 848 καυστοί
1089 814 1154 847 ὅσα
1180 813 1249 858 ἔχει
1282 811 1342 844 πό-

345 883 419 915 ρους
443 865 615 904 δεκτικούς
633 866 733 918 πυρὸς
757 866 814 895 καὶ
841 861 1018 907 ὑγρότητα
1037 859 1070 892 ἐν
1091 862 1163 896 τοῖς
1187 857 1266 890 κατ’
1289 857 1341 888 εύ-

345 916 485 957 θυωρίαν
519 911 632 956 πόροις
668 906 909 950 ασθενεστέραν
943 904 1062 947 πυρός·
1091 903 1154 936 ὅσα
1185 901 1213 933 δ’
1243 900 1264 937 ἦ
1293 900 1340 944 μή

345 961 428 1004 ἔχει,
448 956 468 994 ἦ
485 954 717 1001 ἰσχυροτέραν,
741 953 808 984 οἷον
833 949 1044 994 κρύσταλλος
1069 950 1126 980 καὶ
1145 948 1192 980 τοὶ
1211 941 1341 990 σφόδρα

344 1002 471 1050 χλωροὶ,
499 1002 671 1033 ἀκαυστα.

275 1047 435 1094 Θυμιατά
450 1042 480 1077 δ’
500 1046 573 1078 ἐστὶ
598 1044 664 1076 τῶν
690 1041 857 1095 σωξιοίτων
876 1038 939 1071 ὅσα
966 1036 1144 1084 ὑγρότητα
1170 1035 1240 1080 ἔχει
1265 1035 1340 1078 μὲν,

264 1102 278 1113 ισ-

344 1092 432 1126 οὕτω
453 1086 481 1121 δ’
505 1091 573 1134 ἔχει
596 1087 682 1119 ὥστε
700 1098 746 1129 μη
765 1084 958 1128 ἐξατμίζειν
984 1081 1198 1125 πυρουμένων
1223 1080 1340 1125 χωρίς·

345 1138 416 1170 ἔστι
449 1137 512 1181 γάρ
550 1134 648 1176 ἀτμὶς
681 1132 702 1167 ἡ
729 1131 795 1162 ὑπὸ
828 1128 949 1173 θερμοῦ
973 1126 1160 1158 καυστικοῦ
1185 1124 1229 1162 εἰς
1257 1122 1342 1198 degsa

342 1184 399 1213 καὶ
425 1181 557 1223 πνεῦμα
583 1178 722 1221 ἔκκρισις
753 1174 787 1216 ἐξ
818 1174 919 1220 ὑγροῦ
945 1167 1118 1208 διαντική.
1145 1171 1198 1201 Ta
1228 1166 1265 1199 δὲ
1310 1180 1342 1199 υ-

343 1224 455 1271 μιατοὶ
478 1222 583 1269 χρόνῳ
609 1221 652 1259 εἰς
679 1219 718 1252 ἀέ
741 1231 762 1252 α
787 1219 991 1262 ἐκκρίνεται,
1017 1218 1075 1247 καὶ
1101 1214 1148 1247 τοὶ
1172 1212 1231 1256 μὲν
1260 1210 1344 1268 ἀφα-

343 1269 500 1313 νιζόμενα
524 1266 621 1311 ξηροὶ,
649 1266 696 1298 τοὶ
719 1230 757 1296 ἑὲ
781 1264 825 1310 γῆ
848 1265 999 1308 γίνεται·
1027 1259 1176 1304 διαφέρει
1201 1256 1229 1289 δ’
1252 1259 1342 1294 αὐτη

343 1316 363 1352 ἡ
388 1314 447 1346 ἔκκ
468 1324 547 1353 ισις,
575 1309 629 1342 ὅτι
655 1309 734 1341 οὔτε
759 1303 897 1348 διαίνει,
926 1306 1006 1337 οὔτε
1032 1305 1166 1347 πνεῦμα
1190 1304 1341 1348 γίνεται·

344 1360 417 1392 ἔστι
449 1324 487 1390 ge*
520 1355 655 1398 πνεῦμα
687 1353 776 1399 ῥύσις
812 1350 955 1396 συνεχής
991 1350 1046 1382 ἐπὶ
1083 1349 1190 1393 μῆκος
1223 1345 1342 1390 ἀέρος,

342 1403 494 1440 θυαίασις
526 1396 555 1432 δ’
591 1397 684 1431 ἐστὶν
718 1399 739 1435 ’ἢ
775 1398 841 1430 ύπό
875 1395 996 1449 θερμοῦ
1027 1393 1216 1426 καυστικοῦ
1247 1391 1344 1427 κοινή

343 1432 482 1492 ἔκκρισις
507 1444 607 1489 ξηροῦ
631 1444 690 1475 καὶ
709 1443 809 1489 ὑγροῦ
837 1439 978 1484 ἀθροως·
1005 1434 1121 1483 διόπερ
1149 1437 1186 1470 οὐ
1207 1432 1342 1477 διαίνει,

343 1492 433 1526 ἀλλά
459 1489 668 1538 χρωματίζει
697 1489 839 1532 μᾶλλον.
865 1486 964 1516 Ἐστι
992 1479 1020 1515 δ’
1042 1484 1063 1520 ἡ
1089 1482 1148 1527 μὲν
1175 1476 1344 1523 ξυλῶδους

341 1537 499 1581 σώματος
534 1534 685 1578 θυμίασις
717 1530 864 1568 καπνός·
891 1529 981 1575 λέγω
1012 1522 1050 1560 δὲ
1083 1529 1142 1559 καὶΙ
1167 1527 1258 1559 ὀστᾶ
1284 1526 1342 1558 καὶ

341 1584 460 1627 τρίχας
477 1581 536 1612 καὶ
555 1579 622 1610 πᾶν
640 1577 682 1609 τό
700 1577 858 1610 τοιοῦτον
877 1574 910 1606 ἑν
929 1573 1066 1614 ταύτῷ·
1091 1572 1128 1604 οὗ
1145 1572 1210 1619 γοὶρ
1230 1575 1344 1604 κεῖται

341 1627 449 1671 ὄνομα
469 1622 592 1663 κοινὸν,
614 1622 703 1654 ἀλλά
728 1619 806 1654 κατ’
837 1620 1023 1665 ἀναλογίαν
1051 1616 1137 1662 ὅμως
1163 1615 1196 1649 ἑν
1222 1615 1343 1657 ταῦτῷ

342 1669 443 1704 πάντ’
472 1670 584 1707 ἐστὶν,
611 1665 721 1711 ὥσπερ
746 1667 805 1698 καὶ
824 1659 975 1709 Ἐμπεδο
999 1663 1083 1700 κλῆς
1108 1673 1223 1705 φησιν·

408 1715 527 1748 ταῦτα
546 1714 656 1757 τρίχες
677 1713 734 1742 καὶ
751 1710 862 1755 φύλλα
881 1711 940 1741 καὶ
959 1707 1082 1739 οἰωνῶν
1101 1707 1214 1751 πτεροὶ
1231 1705 1343 1737 πυκνοὶ

406 1762 464 1791 καὶ
489 1755 623 1794 λεπίδες
643 1757 823 1802 γίγνονται
849 1755 904 1786 ἐπὶ
930 1753 1122 1798 στιβαροῖσι
1143 1750 1319 1796 μέλεσσιν·

341 1805 362 1841 ἡ
387 1800 425 1836 δὲ
450 1806 562 1841 πίονος
595 1800 747 1856 θυρίασις
778 1800 915 1846 λιγνύς,
942 1798 963 1834 ἡ
988 1797 1026 1829 δὲ
1050 1797 1197 1842 λιπαροῦ
1227 1799 1340 1827 κνῖσα.

341 1851 403 1881 Διοί
427 1849 533 1882 τοῦτο
559 1847 600 1880 τό
627 1847 740 1877 ελαιον
767 1844 831 1890 οὐχ
856 1842 998 1887 ἐ’ψεται,
1025 1839 1105 1874 οὐδὲ
1131 1839 1341 1887 παχύνεται,

341 1892 397 1926 ὅτι
421 1892 584 1938 θυμιατόν
610 1888 717 1930 ε’στιν,
747 1889 819 1922 ἀλλ’
842 1889 902 1921 οὐκ
925 1888 970 1921 ἀτ
999 1885 1112 1920 ιστόν·
1140 1881 1228 1931 ὕδωρ
1252 1880 1281 1917 δ’
1304 1883 1342 1916 οὗ

342 1937 518 1982 θυμιατόν,
543 1936 616 1970 ἀλλ’
640 1933 822 1978 ἀτμιστόν.
849 1930 945 1971 Οἶνος
969 1897 998 1965 ς’
1021 1933 1037 1964 ὀ
1063 1931 1123 1975 μὲν
1148 1931 1274 1977 γλυκύς
1290 1927 1344 1961 θυ-

340 1983 482 2027 μιᾶται·
510 1984 593 2014 πίων
618 1982 698 2027 γάρ,
717 1981 775 2011 καὶ
796 1979 916 2011 ταύτά
937 1981 1028 2011 ποιεῖ
1044 1976 1092 2017 τῷ·
1115 1975 1233 2017 ἑλαίῳ’
1262 1973 1342 2007 οὔτε

341 2029 405 2074 γαρ
424 2027 489 2059 ύπό
506 2026 632 2072 ψύχους
650 2023 839 2069 πήγνυται,
857 2025 995 2055 καίεταί
1013 2033 1067 2054 τε.
1093 2019 1193 2053 Ἐστι
1218 2016 1246 2051 δ’
1270 2018 1344 2052 ὀνό-

343 2083 427 2116 ματι
459 2068 564 2113 οἶνος,
600 2070 683 2117 ἔργῳ
771 2069 830 2102 οὐκ
864 2068 974 2100 ἔστιν·
1001 2066 1039 2099 οὗ
1065 2065 1129 2111 γάρ
1161 2063 1301 2102 οἱνώδης
1327 2064 1343 2095 ὀ

341 2115 464 2162 χυμός·
491 2111 544 2148 διὸ
569 2117 626 2147 καὶ
653 2114 691 2146 οὐ
717 2112 885 2160 μεθύσκει.
921 2113 958 2143 '0
983 2113 1096 2157 τυχών
1121 2106 1152 2142 δ’
1181 2106 1266 2147 οἶνος
1293 2120 1344 2154 μι-

340 2163 421 2206 κροὶν
448 2161 517 2206 ἔχει
541 2159 715 2204 θυμίασιν·
741 2153 793 2192 διο
821 2158 933 2195 ἀνίησι
958 2155 1082 2203 φλόγα.

276 2243 419 2275 Καυστά
444 2238 481 2274 δὲ
506 2237 600 2273 δοκεῖ
624 2237 709 2272 εἶναι
742 2239 807 2273 ὅσα
840 2240 884 2277 εἰς
917 2238 1042 2283 τέφραν
1068 2232 1251 2269 διαλύεται
1277 2236 1344 2269 τῶν

342 2286 527 2331 σωμάτων·
555 2284 682 2331 πάσχει
707 2280 745 2318 δὲ
771 2285 878 2318 τοῦτο
901 2283 1020 2316 πάντα
1038 2281 1102 2315 ὅσα
1128 2292 1307 2328 πηγνυται
1323 2279 1345 2318 ἦ

344 2333 409 2364 ὑπὸ
427 2330 559 2376 θερμοῦ,
578 2329 599 2366 ἦ
618 2331 671 2363 ὑπ’
695 2331 831 2383 ἀμφοῖν,
847 2328 973 2373 ψυχροῦ
990 2330 1048 2359 καὶ
1066 2326 1203 2370 θερμοῦ·
1225 2326 1344 2359 ταῦτα

372 2378 408 2421 dp
442 2378 600 2420 φαίνεται
630 2386 848 2420 κρατουμενα
882 2375 948 2406 ὑπὸ
980 2373 1042 2405 τοῦ
1069 2384 1113 2404 πυ
1137 2370 1187 2410 ός·
1215 2370 1345 2408 ἥκιστα

342 2389 379 2454 gd:
404 2421 471 2453 τῶν
495 2419 594 2451 λίθων
620 2421 640 2457 ἡ
666 2421 819 2466 σφραγὶς,
839 2420 854 2451 ὀ
872 2417 1082 2462 καλούμενος
1106 2383 1245 2459 ἔνθραξ.
1273 2416 1344 2447 Τῶν

344 2462 380 2499 δέ
404 2466 561 2497 καυστῶν
587 2467 634 2497 ταὶ
658 2466 717 2509 μὲν
750 2462 920 2510 φλογιστα
950 2463 1045 2503 ἐστι,
1074 2462 1121 2494 τοὶ
1146 2457 1175 2493 δ’
1206 2460 1345 2507 ἀφλόγι-

344 2521 429 2544 στα·
457 2510 589 2541 τοῦτων
611 2506 640 2541 δ’
663 2510 736 2542 ἔνια
758 2507 983 2554 ἀνθρακευτσί.
1010 2507 1189 2552 Φλογιστοὶ
1207 2507 1266 2551 μὲν
1286 2503 1343 2538 οὖν

345 2555 409 2588 ὅσα
426 2553 536 2600 φλόγα
554 2553 763 2600 παρέχεσθαι
788 2549 954 2586 δύναται·
983 2550 1047 2584 ὅσα
1069 2550 1103 2584 δ’
1123 2552 1161 2585 οὐ
1178 2547 1343 2592 δύναται,

347 2599 555 2644 ἀφλόγιστα·
583 2597 657 2631 ἔστι
682 2595 719 2632 δὲ
743 2599 914 2645 φλογιστοί
937 2596 1002 2630 ὅσα
1020 2597 1066 2642 μή
1085 2597 1172 2644 ὑγροὶ
1188 2595 1276 2629 ὅντα
1293 2595 1345 2628 θυ-

346 2643 457 2689 μιατοί
488 2644 598 2675 ἐστιν·
625 2645 736 2676 πίττα
767 2639 797 2674 δ’
826 2642 847 2680 ἢ
874 2643 1008 2683 ἔλαιον,
1036 2641 1057 2679 ἦ
1081 2642 1180 2686 κηρὸς
1213 2641 1344 2685 μᾶλλον

347 2689 418 2733 μετ’
443 2687 551 2720 ἄλλων
577 2686 598 2723 ἦ
622 2686 698 2720 καθ’
719 2689 812 2722 αὐτοὶ
837 2686 1022 2734 φλογιστσί·
1050 2686 1205 2732 μάλιστα
1229 2684 1257 2718 δ’
1281 2684 1344 2718 ὅσα

346 2733 475 2765 καπνὸν
503 2732 641 2768 ἀνίησιν.
675 2732 906 2778 Ἀνθρακευτά
929 2731 956 2763 δ’
987 2730 1051 2764 ὅσα
1077 2732 1144 2764 τῶν
1175 2729 1344 2763 τοιούτων

346 2778 407 2824 γῆς
434 2776 534 2809 πλέον
562 2777 631 2822 ἔχει
650 2775 670 2813 ἦ
688 2778 833 2811 καπνοῦ.
865 2777 942 2808 Ἔτι
966 2771 995 2808 δ’
1019 2777 1091 2809 ἔνια
1117 2777 1234 2814 τηκτα
1259 2775 1346 2808 ὄντα

350 2820 386 2854 οὗ
411 2821 580 2868 φλογιστά
612 2822 724 2863 ἐστιν,
751 2823 818 2854 οἷον
852 2822 1000 2867 χαλκός,
1025 2823 1084 2854 καὶ
1109 2822 1171 2866 φλο
1198 2821 1281 2854 ιστά
1307 2820 1346 2853 οὗ

349 2866 482 2907 τηκτοί,
510 2867 577 2898 οἷον
610 2866 729 2908 ξυλον,
757 2869 804 2900 τοὶ
834 2867 862 2898 δ’
894 2865 1011 2910 ἄμφω,
1039 2867 1107 2899 οἷον
1139 2832 1344 2908 λιέανωτός.

348 2913 459 2942 Αἴτιον
485 2906 512 2942 δ’
537 2909 589 2943 ὅτι
606 2910 654 2943 τοὶ
670 2912 728 2956 μέν
750 2910 835 2952 ξύλα
855 2909 973 2964 ἀθρόον
999 2910 1069 2957 ἔχει
1095 2912 1136 2943 τό
1163 2910 1262 2958 ύγρόν
1286 2912 1347 2944 καὶ

348 2955 384 2986 δι’
413 2954 491 2988 ὅλου
516 2955 664 3000 συνεχὲς,
684 2955 771 2990 ὥστε
797 2951 997 2996 'stamen-az,
1019 2958 1035 2988 ὀ
1052 2955 1090 2988 δὲ
1114 2957 1243 3000 χαλκᾶς
1263 2956 1344 3001 παρ’

349 2999 494 3032 ἕκαστον
525 3001 584 3044 μὲν
610 3000 726 3044 μέρος,
755 3000 791 3032 οὐ
821 3001 955 3045 συνεχὲς
980 2997 1038 3042 δὲ,
1063 3001 1122 3032 καὶ
1150 3000 1299 3033 ἔλαττον
1326 2999 1347 3038 ἧ

349 3043 436 3076 ὥστε
455 3043 565 3090 φλόγα
587 3046 746 3081 ποιῆσαι·
775 3047 791 3077 ὁ
816 3042 853 3077 δὲ
869 3047 1059 3086 λιβανωτὸς
1082 3046 1127 3085 τῇ
1146 3047 1204 3090 μὲν
1223 3044 1345 3088 οὕτως,

351 3089 396 3131 τῇ
423 3085 448 3120 δ“
472 3089 602 3126 ἐκείνως
621 3089 702 3134 ἔχει.
728 3090 908 3136 Φλογιστά
930 3086 958 3121 δ’
981 3091 1055 3123 ἐστὶ
1081 3091 1148 3124 τῶν
1173 3089 1347 3135 θυμιατῶν

349 3131 413 3168 ὅσα
446 3133 490 3178 μή
522 3134 637 3170 τηκτά
661 3135 734 3166 ἑστι
766 3130 824 3168 διαὶ
854 3136 895 3168 τὸ
927 3137 1056 3178 μᾶλλον
1086 3124 1173 3167 εἷνοῖι
1197 3136 1278 3182 γῆς·
1306 3136 1346 3169 τό

351 3176 447 3221 ξηρὸν
472 3176 535 3223 γάρ
555 3177 568 3208 ἔ
596 3189 623 3208 ει
647 3179 756 3210 κοινὸν
783 3180 829 3221 τῷ
856 3181 948 3223 πυρί·
977 3180 1072 3213 τοῦτ’
1094 3178 1152 3212 οὖν
1170 3178 1288 3225 θερμὸν
1309 3180 1348 3214 ἂν

350 3221 494 3274 γένηται
519 3221 560 3275 τὸ
604 3223 696 3266 ηρόν,
723 3224 786 3268 πῦρ
811 3226 956 3270 γίνεται.
997 3224 1060 3256 Διά
1085 3226 1192 3257 τοῦτο
1218 3226 1238 3262 ἠ
1264 3225 1348 3269 φλόξ

352 3277 497 3309 πνευμα,
516 3278 535 3302 η
554 3269 681 3305 καπνὸς
705 3267 870 3312 καύμενός
896 3269 1000 3301 ἐστιν.
1027 3267 1140 3300 Ξύλων
1166 3269 1226 3314 μὲν
1252 3268 1308 3302 οὖν
1328 3271 1348 3307 ή

352 3308 503 3354 θυμίασις
526 3312 675 3352 καπνός,
701 3314 803 3355 κηροῦ
828 3310 865 3344 δὲ
889 3315 946 3345 καὶ
971 3313 1164 3353 λιβανωτοῦ
1197 3316 1254 3346 καὶ
1282 3316 1349 3347 τῶν

355 3354 520 3386 τοιούτων
545 3357 602 3386 καὶ
629 3358 767 3397 πίττης,
793 3359 850 3388 καὶ
877 3357 940 3389 ὅσα
965 3357 1035 3401 ἔχει
1061 3359 1205 3400 πίτταν,
1234 3357 1254 3395 ἦ
1281 3371 1352 3391 τοι-

355 3398 465 3439 αῦτα,
491 3400 623 3443 λιγνύς,
651 3401 764 3432 ἐλαίου
798 3396 834 3433 δὲ
859 3404 916 3433 καὶ
943 3400 1006 3433 ὅσα
1033 3397 1201 3444 ἐλαιώδη,
1227 3407 1348 3445 κνῖσα,

353 3443 420 3495 καὶχ
431 3441 494 3474 ὅσα
519 3444 646 3480 ἥκιστα
670 3444 796 3477 κάεται
813 3445 917 3499 μόνα,
938 3444 992 3477 ὅτι
1010 3443 1122 3491 ὀλίγον
1141 3447 1238 3491 ξηρόν
1265 3447 1348 3493 ἔχει,

356 3487 376 3521 ἡ
403 3485 439 3518 ὸὲ
464 3486 650 3530 μετάβασις
675 3485 733 3521 8ιά
758 3501 906 3530 τουτου,
933 3489 1024 3533 μετά
1047 3484 1075 3521 δ’
1107 3491 1223 3536 ἑτέρου
1249 3494 1297 3525 τοί
1325 3504 1350 3523 ι-

356 3541 442 3562 στα·
470 3532 576 3563 τοῦτο
601 3532 665 3577 γοίρ
692 3533 764 3565 ἐστι
789 3532 831 3566 ταὶ
857 3538 950 3574 πῖον,
979 3533 1076 3578 ξηρὰν
1108 3535 1265 3579 λιπαρόν.
1331 3537 1352 3569 οἱ

356 3573 414 3617 μὲν
448 3572 503 3606 οὖν
530 3574 757 3619 ὲκθυμιώμενα
782 3579 848 3610 τῶν
876 3579 980 3632 ὑγρῶν
1007 3579 1109 3624 ύγροῦ
1135 3582 1282 3624 μᾶλλον,
1309 3582 1352 3619 ὠς

358 3619 470 3650 ἐ’λαιον
494 3621 552 3650 καὶ
579 3621 701 3662 πίττα,
730 3622 776 3653 τοὶ
799 3617 836 3653 δὲ
860 3634 1013 3666 καομενα
1039 3624 1151 3667 ξηροῦ.

279 742 343 772 Καὶ
370 738 417 771 τοὶ
440 739 496 781 μέν
525 732 662 766 καυστοί
687 730 781 772 ἑστι,
809 731 855 763 τοὶ
879 724 907 759 δ’
938 727 1117 767 ἀκαυστα,
1146 725 1214 757 οἷον
1240 723 1340 765 ξύλον
1394 724 1413 743 ⁴*
1436 725 1478 755 Et
1501 724 1578 754 haec
1608 723 1742 764 quidem
1765 723 1904 755 ustibilia
1935 730 2020 761 sunt,
2045 722 2124 754 haec
2147 729 2256 753 autem
2278 722 2473 763 inustibilia;
2500 724 2607 755 ·seq.
2631 719 2646 759 J

1462 769 1550 799 velut
1565 768 1690 808 lignum
1713 768 1847 809 quidem
1865 767 1992 799 ustibile
2016 774 2047 799 et
2061 768 2135 798 lana
2151 774 2182 798 et
2197 777 2246 806 os,
2269 767 2350 808 lapis
2365 774 2474 799 autem

1464 821 1495 844 et
1518 812 1632 853 glacies
1656 812 1827 844 inustibile.
1852 812 1935 844 Sunt
1957 819 2066 843 autem
2089 811 2229 843 ustibilia
2249 820 2474 854 quaecumque

1463 858 1581 888 habent
1604 867 1703 898 poros
1727 856 1924 898 susceptivos
1947 856 2040 897 ignis,
2065 864 2096 888 et
2118 856 2345 888 humiditatem
2367 856 2402 887 in
2424 855 2474 888 his

1463 902 1518 943 qui
1543 902 1722 932 secundum
1746 901 1903 932 directum
1931 901 2018 941 poris
2049 899 2236 933 debiliorem
2258 901 2342 943 igne.
2367 901 2474 939 Quae-

1463 956 1604 987 cumque
1627 953 1736 977 autem
1759 955 1827 976 non
1841 945 1968 983 habent,
1979 950 2050 976 'aur
2064 945 2240 985 fortiorem,
2255 946 2345 977 velut
2358 945 2475 986 glacies

1464 997 1495 1022 et
1517 1001 1601 1032 quae
1623 991 1714 1021 valde
1737 990 1861 1029 viridia,
1884 989 2068 1022 inustibilia.

1396 1036 1593 1067 Exhalabilia
1608 1042 1717 1066 autem
1728 1041 1804 1066 sunt
1818 1044 1994 1076 corporum
2009 1044 2234 1076 quaecumque
2249 1034 2476 1066 humiditatem

1463 1081 1582 1111 habent
1603 1080 1748 1121 quidem,
1772 1079 1816 1112 sic
1839 1087 1948 1111 autem
1970 1080 2090 1111 habent
2112 1086 2150 1111 ut
2171 1089 2240 1110 non
2262 1085 2413 1120 evaporet
2434 1078 2476 1114 ab

1464 1125 1572 1166 ignitis
1595 1134 1751 1156 seorsum.
1785 1125 1843 1156 Est
1869 1125 1956 1156 enim
1978 1133 2080 1165 vapor
2101 1133 2185 1168 quae
2204 1134 2222 1154 a
2241 1121 2346 1155 calido
2369 1122 2476 1155 ustivo

1465 1170 1498 1201 in
1522 1180 1627 1201 aerem
1643 1176 1674 1201 et
1689 1169 1838 1211 spiritum
1854 1169 2029 1210 segregatio
2044 1179 2082 1200 ex
2097 1168 2234 1200 humido
2252 1167 2475 1200 madefactiv'o.

1465 1215 1660 1246 Exhalabilia
1672 1221 1781 1246 autem
1793 1221 1939 1255 tempore
1950 1214 1983 1245 in
1996 1223 2103 1245 aerem
2117 1219 2339 1254 segregantur:
2352 1219 2388 1244 et
2396 1212 2476 1251 iim

1466 1260 1599 1302 quidem
1618 1259 1810 1300 disparentia
1826 1259 1918 1297 sicca,
1935 1258 2013 1290 haec
2028 1265 2138 1290 autem
2153 1264 2235 1289 terra
2253 1257 2346 1289 fiunt.
2363 1256 2478 1295 niffen-t

1466 1312 1574 1336 autem
1598 1305 1675 1336 haec
1696 1302 1897 1344 ‘segregatim
1927 1303 2004 1344 quia
2027 1313 2132 1345 neque
2159 1302 2347 1341 madefacit,
2370 1308 2477 1379 uqa

1466 1350 1596 1391 spiritus
1613 1348 1658 1380 fit.
1682 1349 1739 1380 Est
1755 1355 1864 1380 autern
1879 1348 2009 1389 spiritus
2025 1347 2130 1379 fluxus
2151 1347 2325 1379 continuus
2339 1345 2421 1378 aeris

1465 1394 1712 1436 longitudinem.
1743 1393 1911 1424 Exhalatio
1938 1400 2064 1431 autem,
2086 1401 2170 1434 quae
2193 1402 2212 1423 a
2235 1391 2340 1423 calido
2368 1389 2477 1429 ,ufflvo

1466 1439 1651 1472 communis
1666 1438 1841 1479 segregatio
1854 1437 1927 1469 sicci
1943 1444 1975 1468 et
1986 1437 2112 1468 humidi
2131 1436 2221 1468 aeris.
2230 1433 2373 1478 Propter·
2384 1434 2477 1478 quod

1466 1485 1599 1526 quidem
1623 1493 1690 1515 non
1714 1482 1900 1520 madefacit,
1925 1483 1981 1513 sed
2008 1482 2131 1514 colorat
2158 1481 2270 1522 magis.
2293 1480 2478 1512 Eattutem

1465 1539 1549 1571 quae
1563 1529 1698 1570 quidem
1708 1527 1804 1568 lignei
1820 1527 1963 1568 corporis
1979 1526 2148 1565 exhalatio,
2161 1526 2282 1558 fumus.
2293 1523 2477 1558 Dicor'enim

1467 1581 1498 1605 et
1517 1584 1590 1605 ossa
1605 1580 1636 1605 et
1651 1573 1736 1614 pilos
1751 1579 1783 1604 et
1798 1582 1897 1603 omne
1913 1572 2003 1613 quod
2020 1571 2082 1603 tale
2097 1570 2131 1602 in
2150 1571 2277 1602 eodem.
2296 1570 2378 1602 Non·
2388 1568 2477 1601 (εἰει
2508 1564 2511 1570 ’

1466 1619 1546 1650 iacet
1562 1627 1683 1650 nomen
1699 1626 1886 1655 commune,
1903 1617 1959 1647 sed
1974 1616 2153 1648 secundum
2169 1614 2350 1656 analogiam
2367 1620 2478 1651 tamen

1466 1664 1499 1695 in
1523 1663 1639 1695 eodem
1663 1662 1774 1693 omnia
1797 1667 1888 1699 sunt,
1914 1661 1996 1692 sicut
2018 1667 2050 1693 et
2072 1660 2287 1701 Empedocles
2309 1658 2370 1691 ait:
2390 1672 2391 1675 ¹

1534 1709 1623 1739 Haec
1646 1707 1703 1748 pili
1724 1713 1755 1738 et
1778 1705 1856 1737 folia
1881 1712 1912 1737 et
1935 1705 2043 1736 avium
2063 1705 2194 1746 plumae
2214 1704 2334 1746 spissae
2351 1707 2354 1710 ’
2446 1701 2451 1706 ’

1534 1753 1576 1784 Et
1598 1761 1752 1794 squamae
1774 1750 1858 1782 fiunt
1880 1760 1977 1791 super
1998 1749 2102 1781 solida
2124 1749 2279 1780 membra.

1467 1799 1559 1837 Quae
1583 1804 1692 1828 autem
1711 1795 1839 1837 pinguis
1858 1794 2027 1833 exhalatio,
2050 1793 2173 1836 lignys:
2190 1802 2274 1835 quae
2290 1796 2477 1825 autenm-

1465 1842 1582 1881 ctuosi,
1605 1842 1707 1873 knisa.
1731 1841 1865 1882 Propter
1880 1840 1943 1871 hoe
1959 1840 2071 1871 oleum
2087 1848 2155 1870 non
2170 1838 2289 1880 patitur
2303 1836 2476 1880 hep-esaim)

1467 1897 1572 1929 neque
1595 1886 1802 1927 ingrossatur,
1826 1884 1903 1926 quia
1926 1883 2100 1916 exhalabile
2122 1889 2185 1922 est,
2209 1882 2265 1914 sed
2288 1891 2357 1914 non
2374 1883 2477 1924 vapo-

1466 1932 1581 1970 rabile;
1604 1941 1688 1973 aqua
1711 1938 1820 1962 autem
1843 1939 1910 1960 non
1925 1936 1973 1961 est
1986 1927 2180 1966 exhalabilis,
2203 1927 2259 1958 sed
2273 1926 2478 1969 vapor-affl

1466 1977 1588 2009 Vinum
1601 1983 1709 2008 autem
1721 1975 1811 2017 quod
1823 1974 1957 2016 quidem
1969 1973 2073 2011 dulce,
2085 1972 2220 2004 exhalat.
2236 1971 2359 2013 Pingue
2373 1971 2478 2012 euim}

1467 2021 1586 2054 etenim
1609 2021 1722 2063 eadem
1746 2019 1820 2051 facit
1842 2019 1929 2057 oleo,
1953 2027 2058 2060 neque
2074 2017 2161 2049 enim
2183 2027 2202 2048 a
2217 2016 2335 2058 frigore
2358 2021 2478 2058 magu*

1465 2067 1560 2105 latur,
1576 2066 1752 2107 utiturque.
1769 2065 1827 2096 Est
1841 2070 1950 2095 autem
1967 2063 2099 2094 nomine
2115 2062 2239 2101 vinum,
2255 2063 2479 2103 opere-utem

1467 2121 1533 2142 non
1551 2118 1607 2143 est.
1631 2111 1707 2141 Non
1729 2109 1816 2140 enim
1834 2108 1967 2140 vinosus
1983 2108 2119 2139 humor:
2143 2113 2276 2148 propter
2296 2105 2388 2148 quod
2409 2114 2479 2138 non

1467 2156 1610 2187 inebriat.
1625 2155 1866 2196 Quodcumque
1882 2160 1990 2193 autem
2006 2152 2120 2184 vinum
2131 2161 2263 2193 parvam
2273 2151 2371 2183 habet
2385 2149 2479 2183 exha-

1467 2201 1639 2232 lationem:
1664 2206 1795 2241 propter
1818 2198 1908 2240 quod
1931 2197 2047 2229 emittit
2070 2196 2245 2228 flammam.

1400 2246 1547 2278 Ustibilia
1570 2252 1679 2276 autem
1702 2244 1852 2275 videntur
1874 2252 1942 2274 esse
1958 2251 2183 2284 quaecumque
2206 2241 2240 2272 in
2259 2240 2399 2272 cinerem
2415 2238 2480 2271 dis·

1467 2291 1638 2322 solvuntur
1654 2298 1838 2330 corporum.
1863 2287 2031 2318 Patiuntur
2047 2293 2155 2318 autem
2177 2286 2241 2317 hoc
2256 2284 2367 2316 omnia
2381 2293 2479 2327 quae-

1468 2345 1608 2376 cumque
1633 2333 1800 2374 coagulata
1819 2339 1895 2364 sunt
1917 2338 1974 2363 aut
1997 2341 2016 2362 a
2038 2330 2154 2370 calido,
2171 2337 2227 2362 aut
2249 2330 2290 2361 ab
2308 2329 2480 2369 ambobus,

1468 2380 1584 2420 frigido
1608 2386 1639 2410 et
1658 2378 1779 2410 calido:
1804 2377 1882 2408 haec
1905 2376 1993 2408 enim
2015 2376 2165 2407 videntur
2187 2375 2319 2407 obtenta
2340 2374 2380 2406 ab
2395 2373 2480 2416 igne.

1467 2425 1601 2456 Minime
1624 2430 1732 2455 autem
1754 2421 1899 2463 lapidum
1924 2421 2076 2462 sigillum.
2099 2426 2232 2452 vocatus
2255 2418 2480 2451 carbunculus.

1469 2469 1655 2501 Ustibilium
1671 2474 1780 2499 autem
1796 2467 1874 2498 haec
1889 2466 2022 2508 quidem
2037 2463 2278 2497 inflammabilia
2300 2469 2387 2503 sunt,
2401 2462 2481 2495 haee

1468 2521 1576 2546 autem
1596 2523 1663 2544 non
1682 2511 1937 2543 inflammabilia:
1963 2511 2081 2541 horum
2100 2516 2209 2541 autem
2232 2508 2393 2552 quaedam
2414 2516 2481 2539 car·

1467 2557 1639 2590 bonabilia.
1672 2557 1754 2588 Sunt
1777 2562 1885 2587 autem
1908 2553 2150 2586 inflammabilia
2169 2561 2395 2595 quaecumque
2412 2561 2482 2584 nou

1468 2603 1601 2634 humida
1624 2601 1708 2633 entia
1731 2599 1916 2632 exhalabilia
1937 2606 2024 2631 sunt.
2054 2598 2110 2630 Pix
2134 2605 2254 2636 autem,
2277 2604 2334 2629 aut
2357 2596 2480 2635 obum.

1468 2655 1524 2679 aut
1543 2657 1613 2678 cera
1637 2646 1738 2687 magis
1761 2655 1837 2677 cum
1860 2644 1928 2675 aliis
1951 2653 2051 2685 quam
2075 2653 2132 2684 per
2154 2653 2188 2674 se
2204 2648 2280 2674 sunt
2300 2641 2482 2674 inflamma-

1467 2693 1552 2725 bilia.
1566 2691 1704 2722 Maxime
1720 2697 1829 2721 autem
1845 2698 2069 2731 quaecumque
2085 2687 2215 2719 fumum
2227 2686 2388 2719 emittunt.
2403 2685 2482 2718 Car·

1469 2736 1630 2769 bonabilia
1646 2742 1754 2767 autem
1775 2743 2000 2776 quaecumque
2019 2733 2133 2764 taIIum
2153 2739 2253 2763 terrae
2274 2731 2348 2773 plus
2363 2730 2483 2763 bahem

1468 2791 1568 2824 quam
1585 2780 1677 2812 fumi.
1701 2780 1818 2811 Adhuc
1833 2786 1941 2810 autem
1956 2777 2116 2819 quaedam
2134 2775 2298 2818 liquabilia
2313 2775 2399 2808 entia
2413 2784 2482 2808 non

1469 2825 1709 2858 inflammabilia
1729 2831 1821 2862 sunt,
1852 2823 1941 2855 velut
1963 2829 2033 2861 aes3
2058 2830 2089 2854 et
2104 2820 2345 2853 inflammabilia
2360 2829 2428 2852 non
2443 2819 2481 2852 ii·-

1411 2882 1424 2893 ·
1468 2870 1619 2913 quabilia,
1643 2870 1732 2901 velut
1754 2869 1898 2909 lignum;
1922 2868 2000 2899 haec
2023 2874 2132 2898 autem
2153 2866 2261 2905 ambo,
2285 2865 2374 2897 velut
2394 2864 2481 2898 thu·-

1470 2916 1576 2948 Causa
1600 2922 1709 2946 autem
1727 2913 1803 2955 quia
1819 2913 1905 2954 ligna
1928 2912 2061 2954 quidem
2085 2921 2142 2953 per
2156 2918 2263 2942 totum
2286 2909 2406 2942 habent
2420 2908 2481 2941 hu-

1470 2961 1607 2998 midum,
1632 2966 1662 2991 et
1679 2969 1735 3000 per
1750 2965 1858 2990 totum
1877 2957 2068 2989 continuum
2091 2962 2148 2996 est,
2173 2962 2209 2987 ut
2224 2961 2402 2996 peruratur.
2416 2956 2482 2997 Aea

1470 3013 1578 3037 autem
1598 3014 1688 3036 secus
1706 3012 1969 3044 unamquamque
1993 3001 2124 3043 quidem
2148 3007 2290 3042 partem,
2314 3008 2382 3030 non
2405 3007 2482 3031 con-

1470 3051 1598 3081 tinuum
1615 3056 1735 3086 autem,
1752 3055 1783 3079 et
1799 3047 1907 3078 minus
1923 3056 2023 3088 quam
2038 3052 2075 3077 ut
2089 3045 2254 3077 flammam
2270 3043 2372 3076 faciat.
2387 3043 2482 3075 Thiae

1470 3102 1578 3126 autem
1609 3094 1667 3125 hac
1691 3093 1824 3134 quidem
1854 3091 1916 3130 sic,
1947 3091 2007 3122 hac
2029 3097 2139 3122 autem
2170 3089 2227 3120 illo
2251 3088 2352 3120 modo
2373 3087 2481 3120 habet.

1471 3138 1712 3170 Inflammabilia
1731 3144 1839 3168 autem
1851 3143 1926 3168 sunt
1937 3135 2162 3167 exhalabilium
2179 3142 2403 3176 quaecumque
2415 3139 2482 3164 non

1471 3183 1635 3225 liquabilia
1658 3189 1733 3214 sunt
1757 3188 1888 3223 propter
1911 3180 2012 3221 magis
2036 3190 2103 3211 esse
2119 3186 2229 3211 terrae.
2252 3178 2381 3210 siccum
2395 3177 2483 3209 enim

1470 3228 1588 3259 habent
1603 3237 1776 3258 commune
1793 3226 1876 3267 igni:
1893 3226 1956 3257 hoc
1967 3225 2064 3266 igitur
2078 3225 2210 3262 siccum,
2227 3222 2253 3254 si
2265 3221 2320 3254 fiat
2331 3221 2482 3262 calidum,

1470 3272 1552 3313 ignis
1569 3271 1612 3303 fit.
1638 3272 1772 3313 Propter
1790 3271 1853 3302 hoc
1875 3270 2004 3302 flamma
2029 3269 2157 3310 spiritus
2172 3274 2228 3299 aut
2243 3267 2354 3299 furnus
2369 3266 2483 3298 ardena

1473 3325 1527 3348 est.
1564 3317 1742 3357 Lignorum
1773 3315 1905 3357 quidem
1928 3314 2024 3356 igitur
2047 3313 2204 3345 exhalatio
2227 3311 2348 3343 sumus.
2381 3310 2483 3343 Cerae

1472 3369 1579 3393 autem
1603 3368 1633 3392 et
1657 3361 1758 3392 thuris
1782 3368 1812 3392 et
1835 3359 1948 3391 talium
1973 3366 2004 3390 et
2027 3358 2117 3400 picis,
2141 3365 2172 3389 et
2191 3365 2415 3399 quaecumque
2430 3355 2484 3386 ha·

1473 3407 1547 3437 bent
1564 3406 1679 3446 picem,
1697 3412 1751 3436 aut
1767 3405 1852 3443 talia,
1867 3404 1982 3446 lignys.
1999 3402 2072 3435 Olei
2089 3409 2197 3434 autem
2213 3408 2244 3433 et
2258 3408 2482 3443 quaecumque

1473 3450 1652 3490 oleaginea,
1680 3450 1788 3487 knisa,
1813 3456 1843 3480 et
1866 3457 2092 3490 quaecumque
2115 3446 2248 3478 minime
2277 3445 2389 3476 ardent
2414 3443 2483 3475 soh

1472 3495 1548 3535 quia
1565 3504 1705 3535 paucum
1721 3494 1793 3525 sicci
1811 3494 1943 3524 habent:
1960 3492 2104 3524 transitio
2120 3498 2228 3523 autem
2244 3500 2301 3532 per
2315 3489 2389 3527 hoc,
2406 3497 2483 3520 cum

1473 3539 1571 3570 altero
1595 3546 1703 3570 autem
1720 3538 1883 3569 citissime:
1906 3538 1967 3568 hoc
1984 3537 2070 3568 enim
2086 3543 2133 3567 est
2155 3535 2245 3577 quod
2269 3534 2399 3575 pingue,
2424 3532 2483 3564 sic-

1475 3593 1548 3614 cum
1574 3590 1780 3614 unctuosum.
1801 3581 1992 3614 Exhalantia
2008 3581 2141 3623 quidem
2160 3580 2256 3620 igitur
2272 3576 2482 3610 humidorum

1474 3628 1597 3658 humidi
1622 3627 1733 3668 magis,
1759 3634 1794 3663 ut
1817 3627 1927 3658 oleum
1952 3633 1983 3658 et
2006 3625 2076 3666 pix;
2101 3624 2241 3656 ardentia
2265 3629 2373 3654 autem
2396 3620 2482 3654 sicci.
