2782 4134
1029 274 1141 311 CAP.
1172 276 1259 324 XII,
1289 275 1440 314 LECT.
1471 277 1631 314 XXVIII

526 365 622 402 upra
650 353 906 403 Philosophus
933 359 951 374 ²
984 353 1148 391 ostendit
1171 355 1344 404 proposi·
1398 356 1601 404 consequi;
1635 356 1726 405 quia
1756 356 1882 405 primo
1911 358 1986 394 hoc
2015 358 2331 407 manifestabitur,
2362 361 2468 409 quod

305 381 314 390 ·
420 375 451 399 ’.τ
473 370 515 399 ‘5'

338 402 372 455 (ἵ
373 416 401 456 (ὲ
413 384 517 443 23⁴
526 414 608 443 tum
629 419 675 444 ex
701 414 808 455 parte
832 405 1063 455 sempiterni,
1089 419 1191 445 nunc
1215 416 1342 445 autem

345 459 454 511 35:733
466 452 517 504 ’ζῆ
527 459 691 497 ostendit
716 459 956 508 propositum
983 471 1028 495 ex
1046 468 1152 508 parte
1172 461 1287 508 geniti
1308 469 1344 498 et

350 506 449 539 1⁹⁸0>
475 510 511 544 ΑΒ
525 512 695 561 ingeniti,
724 511 974 561 corruptibilis
1008 519 1044 548 et
1079 512 1343 562 incorruptibi—

36 569 98 624 ἓξὲξ-
113 570 165 592 ¹²⁰¹-
180 576 248 597 ΞΜ,
276 563 320 601 lis
337 565 366 601 *.
384 565 433 602 Et
446 565 573 614 primo
588 566 727 614 probat
740 564 980 613 propositum
1002 577 1047 601 ex
1063 567 1343 615 suppositione;

89 612 95 618 ’
276 618 448 655 secundo
479 631 524 655 ex
551 618 785 664 necessitate,
814 617 887 655 ibi:
921 618 1032 660 Quod
1049 624 1176 655 autem
1196 631 1344 657 necesse

60 679 132 701 Num-
146 686 157 708 ⁵
276 671 491 720 consequi*
512 678 582 708 etc.
613 671 724 708 Circa
756 670 926 719 primum
961 670 1039 707 duo
1074 671 1182 709 facit:
1215 673 1342 721 primo

0 732 5 760 5
276 736 323 761 ex
350 724 610 773 suppositione
638 723 750 761 huius
783 723 889 771 quod
917 723 1126 772 ingenitum
1156 733 1193 762 et
1219 726 1343 763 incor—

34 785 248 808 nummum.
277 777 451 827 ruptibile
471 784 742 814 convertantur
767 777 796 823 *,
818 777 956 824 probat
975 777 1081 826 quod
1109 779 1278 825 genitum
1308 786 1344 816 et

276 830 518 878 corruptibile
538 831 839 867 convertuntur*
846 843 855 876 ;
876 831 1045 868 secundo
1061 832 1226 869 ostendit
1239 832 1343 869 unde

275 884 322 921 sit
348 882 603 932 supponenda
635 883 836 920 conversio
869 883 1024 931 ingeniti
1057 890 1093 920 et
1121 884 1343 934 incorrupti-

275 935 371 985 bilis,
399 935 548 973 ibi:·Si·
569 941 695 973 autem
723 948 798 974 non
828 939 1141 986 consequuntur*
1158 946 1228 976 etc.

300 991 304 1009 ³
330 1001 365 1027 2.
395 989 496 1026 Dicit
521 1001 611 1037 ergo
630 989 757 1038 primo
786 989 892 1038 quod
919 989 959 1028 id
977 992 1084 1040 quod
1111 991 1344 1029 intendimus

274 1049 401 1092 potest
427 1042 511 1080 fieri
543 1042 790 1080 manifestum
827 1055 877 1079 ex
912 1044 1221 1082 determinatione
1248 1045 1343 1093 ipso-

275 1108 383 1142 rum,
417 1095 515 1133 idest
541 1108 588 1133 ex
617 1095 856 1133 distinctione
890 1104 926 1134 et
953 1097 1172 1136 habitudine
1202 1098 1343 1135 horum

275 1149 526 1187 terminorum
543 1150 563 1171 *
583 1148 633 1186 ad
650 1149 830 1186 invicem.
846 1150 896 1187 Et
909 1150 1035 1199 primo
1056 1151 1221 1189 ostendit
1239 1151 1345 1200 quod

274 1202 445 1251 genitum
463 1210 649 1251 (sequatur
666 1202 716 1240 ad
735 1203 990 1252 corruptibile,
1010 1204 1061 1242 ita
1080 1204 1221 1242 scilicet
1238 1204 1346 1253 quod

274 1252 477 1306 sr³a1iq‘uid
508 1256 554 1293 sit
583 1256 847 1305 corruptibile,
882 1269 926 1294 ex
955 1258 1178 1295 necessitate
1206 1257 1253 1294 sit
1282 1269 1344 1305 ge-

275 1309 410 1347 nitum.
441 1309 604 1358 Oportet
623 1309 725 1347 enim
745 1309 784 1347 id
803 1309 908 1359 quod
937 1318 993 1348 est
1017 1310 1260 1359 corruptibile
1280 1318 1346 1347 aut

209 1389 216 1396 .
244 1375 246 1378 ·
277 1374 358 1400 esse
387 1362 557 1410 genitum
585 1370 650 1400 aut
674 1364 694 1383 ⁴·
722 1362 944 1411 ingenitum,
973 1363 1064 1412 quia
1098 1363 1146 1401 de
1175 1363 1347 1413 quolibet

277 1415 516 1453 existentium
536 1417 696 1453 alterum
724 1416 865 1452 horum
894 1424 1044 1465 oportet
1062 1415 1288 1466 praedicari:
1314 1416 1346 1453 si

277 1481 366 1518 ergo
395 1468 539 1517 aliquid
574 1469 621 1506 sit
649 1468 890 1518 corruptibile
928 1470 1034 1519 quod
1062 1482 1142 1507 non
1170 1469 1216 1506 sit
1242 1469 1345 1518 geni-

275 1530 370 1569 tum,
399 1521 570 1571 sequitur
589 1522 694 1571 quod
717 1521 764 1559 sit
790 1521 1012 1570 ingenitum.
1043 1523 1307 1572 Supponimus
1325 1524 1345 1544 *

276 1582 405 1613 autem
434 1574 540 1624 quod
566 1574 776 1623 ingenitum
807 1582 843 1612 et
869 1575 1152 1625 incorruptibile
1185 1589 1345 1614 conver-

275 1635 421 1666 tantur:
457 1635 493 1665 et
519 1627 571 1665 ita
607 1628 638 1665 si
665 1627 807 1677 aliquid
840 1635 896 1665 est
932 1629 1164 1677 ingenitum,
1195 1629 1263 1667 erit
1290 1630 1345 1667 in—

276 1681 530 1731 corruptibile.
562 1681 603 1718 Si
622 1691 711 1730 ergo
741 1681 896 1731 aliquod
925 1682 1167 1732 corruptibile
1197 1695 1276 1720 non
1301 1683 1347 1720 sit

275 1735 466 1784 genitum,
505 1734 675 1784 sequitur
706 1734 812 1784 quod
840 1734 995 1785 aliquod
1030 1736 1272 1787 corruptibile
1301 1736 1347 1774 sit

275 1787 571 1837 incorruptibile.
611 1791 613 1793 ’

331 1842 365 1879 3.
397 1841 576 1879 Secundo
597 1840 669 1878 ibi:
697 1842 748 1879 Et
763 1842 799 1879 si
813 1842 984 1892 genitum
1003 1849 1130 1881 autem
1152 1851 1236 1890 etc.,
1256 1856 1344 1893 pro-

274 1895 341 1932 bat
369 1896 509 1932 eodem
529 1894 648 1932 modo
674 1895 778 1944 quod
797 1907 954 1933 necesse
983 1896 1039 1944 sit,
1070 1897 1101 1934 si
1130 1897 1272 1946 aliquid
1293 1904 1348 1934 est

275 1948 462 1997 genitum,
493 1947 599 1997 quod
627 1947 673 1985 sit
701 1948 954 1997 corruptibile.
986 1950 1148 2000 Oportet
1177 1950 1278 1988 enirn
1308 1950 1347 1988 id

274 2000 382 2051 quod
402 2008 459 2038 est
476 2001 644 2049 genitum
671 2009 736 2038 aut
760 2013 841 2039 esse
871 2003 1112 2052 corruptibile
1141 2011 1206 2040 aut
1224 2004 1346 2041 incor-

274 2054 472 2104 ruptibile;
503 2054 571 2092 sed
599 2055 674 2092 hoc
694 2055 932 2104 supponitur,
954 2056 1060 2105 quod
1079 2056 1110 2094 si
1130 2057 1272 2106 aliquid
1292 2065 1347 2094 est

274 2107 571 2157 incorruptibile,
595 2107 702 2156 quod
721 2108 768 2146 sit
790 2108 1013 2158 ingenitum,
1034 2118 1192 2159 propter
1210 2123 1346 2148 eorum

275 2161 653 2208 convertibilitatem;
683 2162 853 2211 sequitur
876 2175 966 2210 ergo
999 2164 1106 2212 quod
1133 2164 1180 2200 sit
1206 2164 1347 2213 aliquid

273 2214 443 2263 genitum
472 2215 579 2262 quod
607 2214 653 2251 sit
680 2214 889 2264 ingenitum
907 2215 936 2263 β,
959 2217 1064 2265 quod
1089 2224 1145 2253 est
1171 2217 1347 2265 impossi-

273 2267 359 2304 bile.
381 2287 405 2295 —
426 2268 475 2304 Et
503 2267 556 2304 sic
583 2268 788 2317 probatum
809 2276 863 2305 est
892 2269 998 2318 quod
1027 2282 1143 2306 omne
1165 2270 1347 2319 corrupti-

273 2320 348 2358 bile
369 2328 425 2358 est
451 2320 633 2369 genitum,
655 2328 691 2358 et
711 2333 731 2358 e
752 2334 958 2359 converso:
989 2323 1186 2372 supposito
1216 2331 1346 2360 tamen

273 2374 380 2423 quod
407 2373 618 2422 ingenitum
647 2382 684 2411 et
711 2374 993 2424 incorruptibile
1022 2384 1304 2414 convertantur.

325 2439 363 2475 4.
394 2427 544 2464 Deinde
565 2439 655 2464 cum
675 2427 783 2465 dicit:
813 2429 856 2465 Si
872 2434 998 2465 autem
1019 2441 1093 2466 non
1114 2441 1347 2478 consequun-

272 2486 335 2518 tur
354 2487 436 2527 etc.,
467 2480 633 2517 ostendit
659 2481 764 2518 unde
792 2482 868 2518 hoc
896 2489 1070 2531 oporteat
1089 2483 1266 2532 supponi.
1298 2484 1348 2520 Et

273 2533 362 2571 dicit
381 2533 486 2583 quod
510 2533 540 2571 si
559 2546 639 2571 non
659 2543 947 2583 consequuntur
966 2548 1007 2572 se
1026 2535 1194 2573 invicem
1222 2535 1346 2574 incor-

273 2586 449 2636 ruptibile
487 2594 524 2624 et
559 2587 792 2635 ingenitum,
822 2601 902 2625 non
940 2601 987 2625 ex
1019 2589 1243 2627 necessitate
1271 2589 1347 2627 hoc

273 2639 380 2689 quod
408 2647 463 2676 est
491 2652 575 2677 esse
603 2641 901 2690 sempiternum,
932 2642 1000 2679 erit
1028 2655 1269 2691 consequens
1297 2644 1347 2680 ad

273 2693 349 2730 hoc
385 2692 492 2741 quod
525 2701 582 2731 est
614 2693 824 2742 ingenitum
858 2702 895 2732 et
923 2695 972 2732 ad
990 2696 1010 2716 ’2²'
1038 2695 1344 2746 incorruptibile:

240 2771 246 2778 .
273 2746 379 2795 quod
406 2753 536 2783 tamen
565 2759 680 2796 supra
697 2748 718 2769 '¹‘
746 2755 942 2785 ostensum
972 2756 1039 2786 est.

331 2800 364 2836 5.
381 2799 530 2837 Deinde
559 2800 649 2836 cum
673 2800 776 2839 dicit:
811 2801 922 2843 Quod
937 2808 1063 2839 autem
1083 2814 1231 2839 necesse
1258 2815 1345 2840 con-

274 2852 380 2900 sequi
406 2859 494 2900 etc.,
522 2854 662 2902 probat
687 2854 928 2903 propositum
959 2867 1004 2892 ex
1033 2855 1266 2893 necessitate.
1297 2857 1347 2894 Et

276 2903 401 2951 primo
421 2906 585 2943 ostendit
603 2907 708 2955 quod
727 2906 897 2955 genitum
919 2915 955 2944 et
983 2909 1226 2957 corruptibile
1256 2922 1345 2947 con-

277 2962 491 3003 vertantur;
520 2960 690 2997 secundo
715 2972 762 2997 ex
779 2960 855 2997 hoc
873 2961 1028 2999 ulterius
1048 2962 1212 2999 ostendit
1240 2963 1345 3011 quod

278 3007 393 3044 etiam
427 3009 634 3056 ingenitum
666 3019 703 3049 et
734 3013 1016 3063 incorruptibile
1052 3023 1344 3065 convertantur,

34 841 47 854 ⁸
79 844 249 865 convertantur

6 899 7 902 Ἴ
35 867 106 891 codd.

23 967 24 970 ,
34 947 50 962 ⁸
62 947 133 971 Num.
147 954 172 975 4.

38 3068 136 3093 ’κω-
151 3075 165 3098 9
277 3060 350 3097 ibi:
380 3061 437 3097 Sit
462 3061 586 3110 itaque
613 3064 650 3100 in
679 3076 752 3112 quo
781 3072 836 3103 est
860 3068 900 3104 E
915 3068 936 3088 *
965 3075 1034 3105 etc.

332 3113 443 3150 Circa
469 3114 639 3162 primum
666 3117 736 3154 tria
763 3118 861 3156 facit.
891 3120 1020 3158 Primo
1039 3121 1219 3170 proponit
1238 3122 1345 3170 quod

13 3203 22 3216 Ι,
276 3166 453 3204 intendit:
475 3174 511 3203 et
530 3166 618 3204 dicit
635 3169 742 3216 quod
761 3182 807 3207 ex
825 3172 883 3209 his
902 3185 1000 3221 quae
1021 3174 1206 3222 dicentur,
1222 3175 1344 3212 mani·

0 3224 15 3268 ἢ,
276 3220 415 3256 festum
436 3219 505 3256 erit
526 3220 632 3268 quod
652 3233 808 3260 necesse
833 3232 888 3261 est
906 3226 1099 3274 praedicta
1118 3240 1159 3264 se
1178 3228 1344 3265 invicem

0 3374 19 3394 ⁵«
331 3352 358 3384 α)
379 3352 470 3384 Supra
493 3352 678 3384 Philosophus.
691 3366 711 3370 —
724 3353 869 3386 Postquam
888 3355 1063 3388 Philosophus
1082 3357 1114 3387 P,
1134 3358 1180 3382 sed
1199 3362 1344 3391 postquam

277 3387 309 3412 ad
333 3395 446 3420 sequens
472 3395 542 3413 nunc
560 3391 649 3413 autem
672 3389 758 3413 minus
778 3390 895 3421 quadrat.
913 3391 937 3415 A
956 3391 992 3415 sic
1011 3391 1099 3424 incipit
1122 3393 1274 3419 lectionem:
1294 3395 1345 3419 Su-

271 3430 328 3454 pra
342 3423 516 3455 Philosophus
527 3423 645 3448 ostendit
658 3424 827 3456 propositum
841 3427 868 3449 et
879 3431 917 3450 ex
930 3429 1012 3457 parte
1024 3427 1162 3458 possibilis
1175 3431 1202 3452 et
1213 3436 1251 3453 ex
1263 3433 1346 3461 parte

275 3458 432 3490 sempiterni
437 3465 446 3487 ;
460 3466 530 3484 nunc
542 3459 659 3484 ostendit
672 3460 844 3491 propositum
857 3467 895 3485 ex
904 3464 987 3492 parte
998 3461 1086 3494 geniti
1093 3465 1120 3487 et
1133 3463 1253 3496 ingeniti,
1268 3468 1295 3489 et
1308 3472 1346 3490 ex

270 3497 354 3525 parte
367 3494 548 3526 corruptibilis
562 3498 588 3519 et
602 3494 819 3527 incorruptibilis.
835 3495 871 3520 Et
880 3496 972 3527 primo
985 3499 1033 3522 etc.
1048 3497 1088 3522 Cf.
1101 3498 1159 3522 lect.
1171 3506 1237 3529 xxm,
1251 3504 1304 3524 not.
1318 3508 1344 3525 α.

330 3527 356 3561 β)
375 3529 411 3554 sit
428 3529 531 3561 aliquid
543 3530 664 3563 genitum
678 3530 750 3563 quod
763 3530 799 3555 sit
812 3530 968 3564 ingenitum.
979 3543 998 3551 —
1011 3532 1035 3557 si
1051 3532 1088 3557 sit
1105 3533 1208 3565 aliquid
1225 3535 1343 3567 genitum

276 3567 303 3588 et
317 3564 354 3596 (et
371 3572 425 3589 om.
440 3565 489 3597 sG)
508 3565 580 3597 quod
597 3566 633 3590 sit
652 3565 799 3598 ingenitum
819 3566 891 3598 PsG;
910 3567 934 3592 si
951 3567 1055 3600 aliquid
1073 3571 1113 3593 est
1131 3569 1258 3601 genitum,
1273 3570 1345 3602 quod

275 3599 312 3624 sit
326 3599 475 3632 ingenitum
489 3601 526 3630 A;
541 3601 566 3626 si
578 3600 614 3626 sit
627 3601 730 3633 aliquid
743 3601 863 3634 genitum
878 3602 950 3634 quod
964 3610 1015 3628 non
1030 3602 1066 3628 sit
1078 3604 1257 3636 corruptibile,
1272 3605 1344 3638 quod

274 3634 312 3660 sit
330 3635 478 3668 ingenitum
496 3636 529 3661 sl.

2397 293 2462 318 111

1396 409 1566 457 genitum
1596 417 1632 446 et
1657 410 1899 459 corruptibile
1922 423 1961 447 se
1981 410 2147 448 invicem
2170 421 2464 461 consequuntur.

1451 463 1486 499 6.
1518 463 1697 500 Secundo
1723 463 1795 500 ibi:
1824 463 1958 501 Palam
1978 469 2104 501 autem
2133 472 2216 512 etc.,
2246 465 2390 502 inducit
2408 479 2466 503 ra-

1395 514 1540 552 tionem
1569 517 1619 554 ad
1637 517 1714 553 hoc
1732 516 2027 554 ostendendum.
2057 518 2107 554 Et
2125 517 2214 554 dicit
2240 518 2346 566 quod
2371 519 2467 556 sicut

1397 569 1689 606 convertibilitas
1712 569 2002 618 incorruptibilis
2023 577 2060 607 et
2077 570 2231 618 ingeniti
2250 571 2465 609 manifesta·

1395 628 1456 657 tur
1485 633 1530 658 ex
1557 622 1662 670 prius
1682 622 1789 660 dictis
1809 624 1841 670 ⁵⁵,
1871 623 1922 660 ita
1941 623 2055 660 etiam
2074 624 2150 660 hoc
2169 624 2275 672 quod
2294 624 2465 672 genitum
2492 630 2704 679 ‘rggbigggnffid-

1397 681 1434 710 et
1457 675 1700 723 corruptibile
1729 675 1801 713 sint
1829 676 2100 724 convertibilia,
2131 676 2391 714 manifestatur
2419 690 2466 715 ex
2489 663 2506 684 Ρ
2699 674 2705 679 ’

1396 726 1597 774 prioribus.
1629 728 1729 774 Quia
1747 729 1844 766 inter
1871 741 2025 778 semper
2052 742 2121 767 ens
2141 736 2178 766 et
2205 742 2359 779 semper
2386 742 2465 767 non

1398 791 1465 815 ens
1485 787 1541 816 est
1558 780 1743 827 medium,
1760 781 1855 819 sicut
1874 795 1989 831 supra
2005 783 2025 804 '²‘
2044 783 2187 820 dictum
2212 790 2279 830 est,
2300 783 2340 820 id
2359 784 2411 820 ad
2423 783 2465 804 ²¹⁶*
2493 789 2581 837 {12⁶⁰}
2589 790 2706 843 qpraeced-

1397 832 1498 880 quod
1520 838 1694 870 neutrum
1723 836 1971 883 consequitur,
2001 836 2096 873 idest
2123 835 2229 885 quod
2256 848 2381 885 neque
2412 843 2467 873 est
2492 831 2516 853 ”⁷
2529 821 2619 863 ...1222
2632 849 2652 864 r·

1398 897 1552 933 semper
1571 898 1638 922 ens
1658 898 1782 934 neque
1800 889 1819 908 ‘²²
1840 900 1992 937 semper
2012 901 2091 926 non
2120 901 2205 926 ens:
2234 889 2308 926 tale
2337 895 2466 926 autem
2494 898 2503 907 ·
2518 900 2555 919 est
2568 898 2621 920 add·
2636 905 2657 920 ¹³-

1399 946 1454 975 est
1481 938 1651 986 genitum
1680 946 1716 976 et
1745 941 2008 989 corruptibile,
2044 941 2134 991 quia
2165 950 2373 991 utrumque
2401 954 2466 979 eo-

1398 1003 1485 1028 rum
1523 998 1578 1029 est
1614 992 1794 1041 possibile
1834 1005 1916 1030 esse
1951 1001 1986 1031 et
2013 1007 2092 1032 non
2130 1007 2214 1032 esse
2251 994 2467 1033 secundum

1398 1044 1552 1093 aliquod
1580 1052 1731 1094 tempus
1761 1045 2076 1095 determinatum,
2115 1048 2165 1085 ita
2193 1048 2333 1085 scilicet
2360 1047 2468 1097 quod

1398 1097 1525 1146 aliquo
1558 1105 1734 1146 tempore
1770 1098 1878 1136 finito
1916 1107 2121 1149 utrumque
2160 1113 2296 1138 eorum
2334 1101 2400 1148 sit,
2420 1108 2468 1146 et

1398 1150 1534 1187 iterum
1561 1163 1641 1188 non
1677 1151 1724 1188 sit
1760 1152 1931 1200 quodam
1969 1153 2041 1189 alio
2080 1161 2276 1203 tempore:
2315 1153 2347 1191 si
2375 1166 2466 1202 ergo

1399 1210 1455 1240 est
1472 1203 1615 1252 aliquid
1643 1204 1750 1252 quod
1777 1204 1824 1242 sit
1850 1205 2026 1253 genitum
2048 1214 2112 1243 aut
2140 1208 2245 1256 quod
2269 1207 2315 1245 sit
2339 1212 2467 1244 corru-

1397 1255 1528 1305 ptibile
1548 1261 1574 1304 ⁷,
1603 1268 1759 1295 necesse
1789 1265 1844 1295 est
1862 1258 1968 1307 quod
1986 1259 2207 1297 huiusmodi
2227 1260 2274 1297 sit
2292 1259 2466 1297 medium
2592 1270 2609 1295 τ

1399 1309 1495 1346 inter
1509 1321 1662 1358 semper
1681 1322 1748 1347 ens
1769 1318 1805 1348 et
1823 1323 1977 1360 semper
1995 1324 2074 1350 non
2094 1325 2178 1359 ens;
2200 1320 2237 1349 et
2250 1313 2304 1350 sic
2323 1320 2466 1350 utrum-

1399 1374 1474 1411 que
1502 1374 1639 1400 eorum
1660 1363 1785 1400 eidem
1814 1364 2036 1414 attribuitur,
2059 1373 2095 1403 et
2122 1378 2163 1402 se
2190 1365 2357 1404 invicem
2377 1378 2467 1403 con-

1399 1415 1507 1464 sequi
1534 1415 1724 1454 videntur.

1452 1481 1489 1517 7.
1510 1469 1642 1506 Tertio
1662 1469 1729 1507 ibi:
1759 1470 1816 1506 Sit
1840 1471 1939 1507 enim
1958 1471 1995 1508 A
2024 1478 2107 1519 etc.,
2127 1471 2342 1509 manifestat
2358 1485 2468 1522 prae-

1399 1521 1557 1559 missam
1577 1522 1764 1560 rationem
1783 1523 1822 1560 in
1840 1523 2022 1571 terminis,
2049 1524 2200 1562 dicens:
2230 1525 2276 1562 sit
2303 1527 2338 1562 A
2367 1538 2466 1562 sem-

1398 1587 1468 1623 per
1496 1587 1575 1623 ens,
1603 1583 1640 1612 et
1667 1577 1698 1612 B
1727 1575 1773 1612 sit
1800 1588 1953 1625 semper
1980 1589 2060 1614 non
2089 1589 2169 1624 ens,
2191 1578 2226 1614 G
2246 1576 2405 1615 autem⁸
2424 1578 2470 1615 sit
2598 1579 2612 1604 δ

1398 1628 1590 1676 genitum,
1619 1629 1654 1665 D
1684 1636 1813 1666 autem
1848 1629 1893 1666 sit
1927 1629 2180 1679 corruptibile.
2216 1631 2385 1668 Necesse
2414 1639 2470 1668 est

1400 1693 1489 1730 ergo
1511 1681 1557 1729 G,
1579 1682 1685 1730 quod
1714 1689 1769 1719 est
1796 1682 1978 1731 genitum,
2008 1695 2090 1720 esse
2118 1683 2291 1721 medium
2320 1684 2416 1721 inter
2434 1686 2470 1721 A

1401 1743 1437 1771 et
1455 1736 1499 1783 B,
1519 1734 1615 1772 idest
1643 1735 1739 1772 inter
1767 1747 1921 1785 semper
1949 1748 2016 1773 ens
2036 1744 2072 1773 et
2091 1749 2244 1786 semper
2271 1749 2351 1774 non
2380 1749 2469 1774 ens:

1401 1788 1490 1837 quia
1517 1788 1588 1837 his,
1609 1788 1749 1826 scilicet
1766 1790 1801 1826 A
1830 1796 1867 1826 et
1885 1790 1928 1836 B,
1950 1802 2030 1827 non
2053 1797 2108 1827 est
2135 1790 2290 1839 aliquod
2318 1798 2470 1840 tempus

1400 1842 1452 1878 ad
1478 1847 1652 1879 neutrum
1668 1837 1890 1889 terminum,
1910 1842 2006 1880 idest
2024 1855 2096 1880 nec
2114 1851 2202 1880 ante
2221 1856 2292 1880 nec
2310 1852 2410 1892 post,
2430 1844 2468 1881 in

1402 1907 1480 1944 quo
1500 1896 1562 1932 vel
1591 1897 1646 1946 A,
1677 1895 1783 1944 quod
1803 1903 1859 1933 est
1877 1908 2030 1945 semper
2049 1909 2128 1944 ens,
2149 1909 2228 1934 non
2248 1897 2304 1944 sit,
2326 1904 2390 1934 aut
2417 1898 2448 1934 B
2461 1926 2470 1944 ,

1402 1950 1508 1997 quod
1537 1956 1592 1986 est
1620 1961 1774 1998 semper
1810 1961 1888 1986 non
1918 1962 2005 1998 ens,
2044 1949 2111 1996 sit;
2151 1950 2219 1987 sed
2246 1949 2318 1999 ipsi
2346 1950 2472 1998 genito

1402 2014 1558 2039 necesse
1587 2009 1644 2039 est
1672 2002 1777 2051 quod
1806 2002 1851 2039 sit
1878 2010 2030 2052 tempus
2059 2003 2096 2040 in
2126 2015 2203 2052 quo
2233 2015 2312 2040 non
2341 2003 2396 2050 sit,
2423 2003 2471 2041 ad

1401 2063 1608 2105 utrumque
1638 2064 1852 2093 extremum
1879 2057 1941 2093 vel
1970 2056 2019 2093 ad
2048 2057 2220 2104 alterurn,
2242 2064 2279 2093 et
2306 2055 2475 2094 similiter

1403 2109 1441 2146 in
1470 2122 1546 2158 quo
1576 2109 1642 2156 sit,
1673 2116 1710 2146 et
1736 2110 1811 2146 hoc
1838 2110 1901 2146 vel
1930 2110 2142 2147 secundum
2171 2117 2298 2147 actum
2324 2111 2388 2148 vel
2417 2123 2475 2148 se-

1403 2162 1574 2199 cundum
1602 2163 1829 2211 potentiam;
1857 2175 1946 2199 cum
1974 2170 2104 2200 tamen
2132 2163 2188 2200 his
2207 2176 2306 2213 quae
2326 2171 2412 2201 sunt
2439 2165 2474 2201 A

1403 2223 1440 2252 et
1458 2217 1488 2252 B
1519 2221 1651 2253 neutro
1679 2216 1791 2253 modo
1821 2216 1953 2253 existat
1980 2224 2133 2266 tempus
2161 2217 2209 2254 ad
2239 2217 2472 2266 oppositum,

1401 2268 1498 2306 idest
1526 2281 1597 2306 nec
1617 2269 1831 2306 secundum
1860 2277 1988 2306 actum
2007 2282 2079 2307 nec
2098 2270 2311 2308 secundum
2339 2278 2474 2320 poten-

1401 2322 1505 2359 tiam.
1536 2322 1775 2371 Relinquitur
1795 2334 1884 2370 ergo
1906 2323 2011 2372 quod
2029 2323 2200 2371 genitum
2221 2324 2326 2373 quod
2347 2332 2402 2361 est
2422 2325 2473 2373 G,

1401 2375 1439 2412 in
1459 2376 1630 2424 quodam
1651 2375 1901 2412 determinato
1922 2383 2096 2426 tempore
2117 2384 2184 2424 est,
2206 2384 2242 2413 et
2259 2378 2280 2398 ’¹‘
2301 2377 2472 2426 quodam
2501 2386 2581 2434 {21⁶3}
2583 2385 2635 2407 add·
2647 2385 2716 2408 codd-

1402 2429 1653 2466 determinato
1681 2436 1855 2478 tempore
1885 2441 1963 2466 non
1993 2437 2065 2477 est;
2097 2437 2132 2466 et
2155 2430 2283 2467 similis
2303 2430 2397 2467 ratio
2418 2438 2474 2468 est
2546 2428 2552 2434 “
2584 2429 2589 2434 “

1402 2481 1451 2519 de
1475 2482 1523 2519 D.
1555 2482 1734 2530 Sequitur
1761 2482 1871 2530 igitur
1899 2482 2004 2531 quod
2031 2490 2236 2532 utrumque
2266 2495 2400 2520 eorum
2428 2483 2475 2521 sit

1403 2542 1440 2572 et
1456 2534 1627 2583 genitum
1648 2542 1684 2572 et
1704 2535 1946 2584 corruptibile
1965 2541 1997 2582 ‘3
2018 2536 2069 2573 ita
2088 2536 2227 2573 scilicet
2246 2537 2351 2586 quod
2371 2537 2472 2584 geni·
2603 2551 2614 2567 ε

1400 2595 1484 2626 tum
1512 2588 1559 2626 sit
1585 2595 1813 2637 utrumque,
1844 2595 1880 2625 et
1909 2589 2150 2639 corruptibile
2179 2590 2225 2627 sit
2251 2597 2470 2638 utrumque.

1402 2642 1468 2678 Sic
1496 2653 1586 2690 ergo
1618 2649 1722 2691 patet
1758 2641 1863 2691 quod
1897 2642 2066 2690 genitum
2096 2650 2132 2679 et
2160 2643 2402 2693 corruptibile
2432 2656 2472 2680 se

1400 2694 1568 2736 invicem
1598 2702 1895 2744 consequuntur.

1457 2749 1492 2785 8.
1523 2748 1602 2785 Sed
1620 2748 1770 2786 videtur
1788 2748 1894 2797 quod
1921 2749 2017 2786 haec
2036 2749 2128 2786 ratio
2153 2762 2233 2787 non
2253 2749 2298 2786 sit
2318 2750 2470 2787 efficax:

1401 2814 1480 2838 non
1501 2801 1603 2838 enim
1623 2808 1680 2839 est
1700 2814 1855 2839 necesse
1885 2802 1990 2850 quod
2019 2802 2204 2852 quidquid
2225 2810 2280 2840 est
2299 2803 2471 2840 medium

1399 2855 1496 2892 inter
1515 2855 1593 2892 duo
1614 2855 1813 2902 contraria,
1844 2855 1890 2892 sit
1909 2868 2032 2892 unum
2052 2863 2089 2892 et
2108 2856 2224 2893 idem.
2254 2857 2357 2893 Nam
2376 2856 2472 2893 inter

1401 2909 1533 2945 album
1553 2916 1590 2945 et
1608 2908 1759 2956 nigrum
1787 2908 1960 2946 medium
1989 2908 2148 2957 quidem
2165 2910 2185 2930 '³‘
2204 2917 2259 2946 est
2278 2910 2383 2958 quod
2404 2922 2470 2946 ne·
2496 2920 2507 2931 ⁸
2521 2920 2640 2947 quoddam
2654 2927 2675 2942 ι’-

1400 2974 1476 3011 que
1495 2969 1551 2998 est
1575 2962 1707 2998 album
1735 2973 1862 3010 neque
1889 2962 2059 3010 nigrum,
2092 2970 2127 2999 et
2155 2969 2284 2999 tamen
2311 2963 2387 2999 hoc
2416 2962 2470 2999 di-

1401 3015 1495 3051 citur
1515 3014 1563 3051 de
1583 3014 1741 3052 diversis
1770 3027 1869 3064 quae
1889 3027 1930 3052 se
1949 3015 2114 3052 invicem
2130 3027 2209 3052 non
2230 3027 2469 3065 consequun-

1399 3075 1479 3105 tur:
1511 3067 1599 3117 quia
1619 3075 1655 3104 et
1679 3068 1843 3104 rubeum
1859 3068 1879 3088 *
1901 3076 1936 3105 et
1953 3067 2138 3117 pallidum
2160 3075 2196 3104 et
2215 3067 2371 3117 quilibet
2389 3081 2470 3105 me·
2496 3078 2507 3089 ¹*
2521 3078 2616 3101 rubrum
2631 3085 2652 3100 ε-

1401 3121 1553 3158 diorum
1574 3122 1749 3158 colorum
1773 3133 1899 3170 neque
1933 3128 1988 3158 est
2007 3121 2138 3158 album
2158 3133 2284 3170 neque
2303 3121 2467 3170 nigrum,

1402 3181 1438 3211 et
1457 3181 1585 3211 tamen
1603 3174 1662 3211 isti
1683 3175 1831 3211 colores
1859 3186 1939 3210 non
1967 3186 2007 3210 se
2036 3173 2202 3211 invicem
2229 3186 2470 3224 consequun-
2571 3217 2576 3221 ,
2611 3217 2616 3221 ,

1400 3235 1470 3264 tur.
1502 3228 1551 3264 Et
1578 3227 1629 3264 ita
1655 3234 1786 3276 posset
1813 3226 1946 3275 aliquis
1966 3229 1986 3246 ⁸*
2007 3227 2132 3264 dicere
2161 3227 2268 3276 quod
2295 3228 2469 3265 medium
2495 3217 2630 3265 ssod‘ii'ss'cf
2645 3222 2710 3265 ssm‘

1454 3358 1480 3393 γ)
1507 3359 1544 3384 sit
1567 3359 1748 3390 corruptibile.
1762 3373 1780 3377 -
1792 3359 1965 3390 corruptibile
1986 3367 2040 3384 om.
2055 3359 2130 3384 codd.
2151 3367 2204 3385 exc.
2219 3360 2324 3385 AEsGI.
2340 3374 2360 3379 -
2379 3360 2471 3386 Statim

1400 3403 1447 3427 pro
1466 3394 1626 3435 huiusmodi,
1646 3395 1666 3418 P
1680 3399 1706 3419 et
1724 3394 1790 3419 forte
1803 3402 1896 3419 omnes
1911 3394 2013 3419 codices
2033 3394 2130 3420 habent
2142 3395 2227 3426 huius,
2242 3396 2407 3429 corruptione
2421 3397 2471 3422 fte-

1399 3435 1641 3497 quegpsgtngtem.
1654 3479 1673 3483 -
1689 3465 1713 3490 C
1723 3467 1812 3490 autem
1831 3465 1860 3495 P,
1875 3470 1901 3490 et
1919 3465 1953 3490 ita
1971 3465 2011 3491 bis
2030 3466 2096 3491 infra
2111 3465 2189 3500 (sicut
2208 3472 2233 3491 et
2252 3467 2278 3491 in
2295 3466 2427 3501 versione)
2451 3468 2475 3493 C

1398 3509 1446 3533 pro
1463 3501 1501 3530 G,·
1516 3501 1557 3525 ed.
1574 3499 1640 3524 1516
1654 3500 1731 3525 habet
1744 3505 1773 3524 ut
1787 3508 1835 3525 nos
1850 3506 1875 3525 et
1889 3501 2000 3526 codices.
2014 3515 2034 3520 -
2048 3502 2112 3527 Post
2125 3502 2170 3527 lin.
2180 3509 2245 3535 ergo
2255 3510 2309 3527 om.
2322 3503 2352 3528 P.
2363 3517 2383 3522 —-
2395 3503 2472 3534 Infra,

1398 3535 1593 3560 homoteleuton
1606 3536 1654 3560 sed
1668 3536 1719 3567 ipsi
1731 3536 1849 3569 genito...
1864 3536 1988 3562 similiter
2001 3537 2027 3562 in
2041 3545 2092 3569 quo
2106 3538 2142 3563 sit
2155 3538 2277 3563 omittunt
2294 3538 2314 3563 P
2328 3543 2354 3563 et
2369 3538 2471 3564 codices

1399 3571 1660 3639 excithtAgenitum
1679 3609 1705 3631 et
1723 3607 1903 3639 corruptibile.
1916 3622 1937 3627 —
1951 3608 2002 3633 Pro
2016 3611 2042 3633 et
2054 3609 2174 3642 genitum
2189 3614 2308 3642 corrupte
2322 3610 2470 3642 ingenitum

1398 3641 1459 3671 AE;
1479 3641 1548 3666 idem
1567 3641 1644 3667 habet
1663 3642 1691 3671 P,
1711 3650 1778 3675 quae
1797 3642 1845 3667 sibi
1864 3648 1985 3669 constans
2004 3644 2087 3677 pergit
2105 3647 2131 3669 et
2150 3644 2358 3677 incorruptibile.
