2690 4062
1050 246 1162 282 cAP.
1192 246 1243 294 x,
1274 246 1426 283 LECT.
1455 246 1565 284 xxv

259 321 385 354 Contra
407 320 472 353 hoc
488 323 598 353 autem‘
637 321 705 354 uod
728 321 781 354 hic
797 321 926 362 dicitur,
943 321 1095 355 obiicitur
1113 334 1131 355 a
1148 321 1281 366 quibus-

214 364 302 398 dam.
321 364 411 405 Quia
426 365 454 397 si
470 364 486 381 *
501 333 713 398 miscibilium
736 366 903 409 potentiae
934 365 1167 410 adaequantur,
1191 374 1280 399 tanta

214 417 264 442 est
286 409 389 442 virtus
404 408 576 442 resistendi
592 417 712 453 quanta
732 418 782 442 est
803 410 906 442 virtus
926 409 967 442 ad
990 409 1165 453 agendum,
1181 419 1214 443 et
1236 411 1281 443 ita

213 463 276 486 nec
299 461 397 497 agent
426 463 488 485 nec
539 453 681 486 atientur
702 453 896 486 adinvicem.
914 454 998 486 Item
1022 453 1183 486 obiiciunt
1205 455 1281 487 Avi-

214 507 318 530 cenna
337 505 370 530 et
392 495 514 540 Algaze
529 521 538 537 ,
553 496 697 530 dicentes
714 497 805 541 quod
829 498 856 530 si
871 497 1043 530 miscibilia
1057 497 1281 542 adaequantur

213 541 248 574 in
271 541 391 582 mixto,
413 552 483 573 non
512 541 617 584 magis
641 540 849 574 inclinabitur
872 540 953 574 illud
984 542 1125 574 mixtum
1148 553 1280 574 sursum

214 596 313 630 quarn
338 585 504 625 deorsum,
520 584 574 618 vel
597 584 638 618 ad
660 584 804 629 aliquam
828 584 925 618 aliam
955 584 1020 618 loci
1044 585 1278 626 differentiam,

213 641 291 663 cum
313 629 444 662 nullum
468 629 510 662 sit
537 629 571 661 in
599 630 674 674 ipso
721 629 951 662 raedominans
971 628 1221 662 elementorum.
1239 630 1280 662 Et

213 673 321 707 adhuc
344 674 492 718 sequitur
522 672 612 717 quod
636 674 692 717 qui
706 673 772 706 ibet
794 682 906 706 motus
937 672 1121 707 secundum
1143 672 1280 717 triplum

213 718 318 762 magis
348 726 398 751 est
418 717 584 751 violentus
607 728 707 762 quam
739 717 913 758 naturalis3
936 726 969 750 et
992 717 1140 750 similiter
1163 725 1212 750 est
1239 717 1279 750 de

212 762 299 796 loco.
317 762 516 807 Sequeretur
531 762 630 795 etiam
653 761 745 806 quod
768 762 877 795 omnis
901 762 1017 795 mixtio
1034 770 1119 794 esset
1142 772 1222 802 una;
1246 770 1279 794 et

213 807 258 840 ita
273 818 314 840 ex
336 805 497 840 similibus
521 806 556 839 in
575 807 755 850 quantitate
779 815 812 839 et
835 805 989 850 qualitate
1013 814 1122 839 essent
1144 816 1231 846 caro,
1247 814 1280 838 et

213 862 300 892 ossa,
315 859 348 884 et
363 850 457 895 lapis,
473 859 506 884 et
521 858 627 883 cetera
643 851 760 883 mixta:
785 850 876 895 quod
891 859 941 883 est
955 849 1170 894 impossibile.
1188 869 1207 875 -
1227 849 1280 883 Ad

213 894 304 947 quod
327 894 504 929 dicendum
527 903 594 936 est,
619 894 709 939 quod
733 906 810 928 cum
838 895 947 928 omnis
980 895 1096 927 mixtio
1124 894 1279 927 naturalis

212 948 255 973 sit
293 947 405 983 ropter
426 939 684 984 generationem,
701 950 769 972 non
785 940 832 972 sic
855 948 932 972 sunt
950 938 1160 983 intelligenda
1182 938 1281 972 verba

213 983 239 1017 P
266 984 274 991 ‘
289 983 420 1028 osophi‚
437 983 528 1028 quod
551 984 586 1016 in
602 984 707 1016 mixto
732 984 773 1016 sit
796 995 833 1016 ae
858 983 973 1016 ualitas
993 983 1152 1016 virtutum
1176 991 1209 1016 et
1224 994 1282 1027 po-

212 1028 390 1062 tentiarum
409 1037 446 1061 ut
468 1029 574 1072 prima
601 1028 684 1061 ratio
708 1027 850 1072 procede
874 1036 916 1069 at,
940 1039 1002 1061 nec
1025 1028 1123 1060 etiarn
1147 1036 1281 1071 oportet

212 1072 304 1118 quod
327 1071 372 1106 ibi
399 1073 442 1106 sit
464 1071 642 1117 aequalitas
666 1073 854 1116 quantitatis
878 1073 1028 1116 ipsorum
1051 1071 1280 1112 miscibilium,

212 1116 271 1151 sed
293 1125 344 1150 est
359 1116 611 1161 intelligendum
627 1116 718 1161 quod
734 1115 779 1149 ibi
795 1117 837 1150 sit
852 1115 1028 1161 aequalitas
1044 1116 1281 1160 proportionis,

211 1172 312 1207 quam
334 1172 368 1195 re
393 1161 470 1194 uirit
491 1161 598 1195 forma
619 1161 666 1194 rei
689 1160 893 1205 generandae
917 1170 934 1186 α
953 1169 1087 1204 propter
1109 1171 1209 1204 quam
1232 1168 1282 1192 est

211 1206 340 1249 mixtio,
358 1244 361 1246 μ
385 1214 480 1250 tepet
498 1205 567 1239 hoc
590 1214 680 1250 patet
695 1205 820 1239 solutio
843 1204 882 1239 ab
907 1204 1044 1238 obiecta.

236 1248 434 1294 “ysDeinde
451 1261 527 1283 cum
544 1249 639 1283 dicit:
658 1250 700 1283 Et
709 1256 813 1295 parva
832 1256 933 1283 autem
946 1257 1018 1290 etc.,
1033 1247 1177 1282 ostendit
1196 1259 1280 1292 quae

207 1292 347 1333 ,faciliter
370 1303 402 1327 et
433 1293 515 1327 bene
539 1295 735 1334 miscentur,
759 1293 870 1328 dicens
901 1292 992 1338 quod
1015 1292 1149 1337 quando
1180 1303 1280 1337 parva

207 1339 392 1373 miscentur
407 1339 526 1383 parviS‚
550 1347 630 1372 tunc
652 1337 780 1372 facilius
802 1337 840 1371 fit
862 1338 989 1378 mixtio,
1006 1338 1082 1381 quia
1105 1336 1181 1370 talia
1204 1336 1279 1370 faci-

209 1381 331 1417 lius.et
351 1382 450 1416 titius
472 1391 642 1416 transeunt
665 1393 724 1427 per
746 1394 780 1416 se
804 1383 946 1416 invicem
970 1380 1147 1415 alterando.

259 1437 311 1462 xo.
327 1427 458 1462 Deinde
474 1438 551 1461 cum
568 1427 663 1461 dicit:
679 1427 819 1460 Multum
835 1433 935 1460 autem
950 1434 1022 1467 etc„
1039 1425 1182 1459 ostendit
1194 1437 1278 1470 quae

209 1471 301 1506 tarde
323 1480 357 1506 et
378 1471 419 1506 de
443 1471 567 1506 difficili
590 1471 861 1512 commiscentur,
885 1470 997 1504 dicens
1043 1469 1122 1510 uod,
1145 1469 1278 1514 quando

209 1515 354 1550 multum
377 1517 534 1550 miscetur
556 1515 673 1557 multo,
694 1523 772 1548 tunc
794 1515 918 1548 tardius
942 1523 974 1548 et
997 1514 1030 1548 di
1069 1513 1162 1548 cilius
1187 1526 1277 1548 com-

208 1561 403 1595 miscentur:
427 1569 461 1594 et
476 1560 542 1594 hoc
564 1559 651 1601 ideo,
668 1560 745 1604 quia
761 1558 926 1593 difficilius
942 1559 1126 1593 adinvicem
1142 1558 1277 1593 alteran—

207 1613 273 1647 tur,
288 1612 323 1639 et
341 1604 464 1639 tardius
481 1613 650 1638 transeunt
665 1615 725 1648 per
747 1615 782 1638 se
798 1604 950 1637 invicem.
971 1604 1160 1648 Requiritur
1179 1605 1277 1638 etiam

206 1648 251 1684 ad
272 1648 403 1683 facilem
430 1649 642 1690 mixtionem,
667 1647 758 1693 quod
781 1647 953 1682 miscibilia
976 1649 1042 1682 sint
1063 1648 1147 1682 bene
1170 1650 1278 1683 termi-

207 1692 327 1728 nabilia
341 1702 375 1728 et
386 1692 570 1727 adinvicem
606 1693 720 1726 assiva.
734 1693 776 1726 Et
790 1693 855 1726 hoc
871 1692 958 1733 ideo,
974 1693 1050 1738 quia
1066 1692 1150 1726 bene
1164 1695 1276 1727 termi-

168 1734 174 1738 ’
206 1737 338 1780 rubilia,
362 1749 439 1772 cum
463 1739 528 1771 sint
551 1750 589 1771 su
613 1737 682 1771 tilia
705 1746 737 1771 et
760 1737 914 1778 humida,
936 1737 1063 1771 facilius
1087 1737 1277 1772 dividuntur

206 1782 245 1817 in
264 1792 375 1828 parva,
414 1794 476 1816 uae
498 1781 625 1816 facilius
649 1783 906 1816 commiscentur
949 1794 1025 1816 uam
1049 1793 1179 1826 magna.
1202 1783 1277 1816 Hoc

207 1827 298 1862 enim
321 1836 371 1861 est
422 1838 483 1860 ene
513 1826 717 1860 terminabile
752 1826 843 1871 quod
866 1835 916 1860 est
965 1838 1026 1860 ene
1057 1826 1218 1861 divisibile
1241 1828 1276 1860 in

151 1896 153 1898 -
206 1882 318 1919 parva.
333 1870 436 1905 Verbi
459 1872 572 1916 gratia,
595 1871 741 1912 humida,
765 1882 849 1916 quae
870 1880 947 1904 sunt
965 1872 1050 1904 inter
1073 1881 1179 1905 cetera
1203 1883 1275 1905 cor-

207 1924 290 1963 pora
312 1915 396 1955 bene
419 1915 605 1949 miscibilia:
630 1924 663 1949 et
692 1915 757 1949 hoc
779 1915 873 1956 ideo,
893 1916 969 1961 quia
993 1915 1169 1949 humidum
1193 1917 1277 1950 inter

207 1959 270 1995 alia
286 1971 427 2006 corpora
442 1969 492 1994 est
510 1961 615 2004 magis
632 1959 794 1994 divisibile
812 1961 847 1993 in
863 1971 977 2005 parva;
993 1961 1055 1993 nisi
1072 1960 1154 1994 illud
1170 1960 1276 1994 humi-

207 2004 290 2040 dum
312 2005 354 2038 sit
376 2005 559 2039 viscosum:
580 2005 656 2049 quia
672 2005 758 2038 sicut
774 2004 893 2038 dicitur
910 2005 945 2038 in
962 2005 1011 2039 IV
1026 2005 1230 2039 Meteororum
1251 2006 1276 2046 β,

206 2057 316 2095 partes
345 2049 474 2084 humidi
497 2050 619 2083 viscosi
648 2050 819 2083 coniacent
849 2050 935 2083 sicut
962 2058 1112 2091 catenae,
1141 2058 1276 2094 propter

205 2094 348 2133 mixtum
371 2094 418 2128 eis
442 2093 603 2128 subtiliter
625 2094 761 2135 siccum,
778 2093 869 2139 quod
892 2093 1109 2139 apprehendit
1129 2094 1275 2139 undique

205 2137 383 2173 humidum
398 2147 432 2172 et
442 2150 512 2172 non
527 2139 605 2171 sinit
617 2138 701 2172 elabi
716 2138 903 2180 humidum,
916 2139 1001 2172 sicut
1017 2138 1150 2183 quando
1163 2139 1276 2173 oleum

98 2189 108 2239 ἐ
161 2205 162 2214 2
205 2193 310 2229 aquae
325 2182 539 2234 admiscetur3
555 2184 632 2227 quia
648 2182 771 2216 lubrica
790 2182 889 2216 simul
908 2184 1029 2224 iuncta,
1045 2183 1098 2217 vel
1113 2183 1276 2217 lubricum

205 2226 347 2262 humido
371 2236 610 2272 composxtum‚
634 2236 733 2272 auget
760 2236 927 2261 tumorem
951 2228 1019 2261 sive
1043 2229 1275 2272 quantitatem,

259 2370 288 2404 a)
306 2378 386 2404 quam
406 2371 520 2404 requirit
529 2372 627 2405 sor-ma
645 2370 686 2396 rei
707 2370 888 2404 generandae.
905 2384 924 2389 -
943 2378 1022 2403 quam
1045 2370 1161 2403 requirit
1180 2370 1276 2404 forma

205 2407 406 2440 '‘egenter-undae
424 2407 444 2431 P
463 2414 551 2432 errore
575 2406 761 2439 typographico
785 2411 815 2431 ut
836 2406 938 2434 videtur
965 2414 1013 2439 pro
1038 2406 1147 2431 lectione
1170 2411 1274 2437 nostrin

203 2449 275 2476 quae
293 2442 408 2476 requirit
423 2442 546 2476 sormam
564 2442 736 2475 generandae
755 2441 925 2475 (generandi
943 2442 979 2474 C)
998 2442 1067 2471 Cab3
1084 2442 1114 2467 B.
1133 2442 1274 2466 Albertus:

206 2486 222 2501 c
241 2483 303 2504 tunc
320 2478 430 2511 qualitas
449 2478 624 2511 proportionis
639 2482 687 2507 est,
702 2478 773 2510 quod
792 2478 908 2510 (quando
916 2476 937 2510 ?)
951 2477 1041 2502 transit
1053 2477 1088 2502 ibi
1107 2477 1140 2502 de
1159 2477 1275 2510 quolibet

203 2517 333 2547 quantum
351 2512 445 2539 sufficit
457 2514 489 2538 ad
507 2513 577 2538 illius
596 2513 641 2545 rei,
654 2518 760 2545 propter
778 2521 858 2546 quam
878 2513 966 2538 mixtio
980 2518 1028 2544 est,
1043 2512 1246 2545 generationem.
1259 2521 1273 2536 ι»

259 2547 286 2582 β)
304 2549 368 2582 quia
386 2549 455 2575 sicut
473 2549 573 2575 dicitur
592 2549 618 2574 in
639 2548 681 2573 IV
695 2548 887 2574 Meteororum.
901 2562 920 2568 -
938 2548 1038 2574 dicitur
1056 2548 1082 2573 in
1102 2556 1154 2581 quo
1174 2548 1273 2573 mathe-

1166 3022 1438 3058 (ἀνθ’ςὶῖζφο»

2318 259 2403 284 XXIII

1336 322 1394 356 sed
1410 334 1479 356 non
1495 324 1650 357 miscetur
1673 324 1713 364 ei,
1737 324 1784 356 sic
1800 323 1890 368 quod
1914 323 2077 368 quaelibet
2096 335 2170 368 pars
2194 324 2264 357 eius
2288 323 2401 357 alteret

1337 376 1369 400 et
1392 367 1545 400 alteretur
1567 367 1606 401 ab
1631 379 1672 401 eo
1695 367 1736 401 ad
1758 367 1902 401 mediam
1925 375 2076 400 naturam
2099 368 2202 401 mixti.

1384 422 1432 445 11.
1446 411 1575 445 Deinde
1592 423 1669 445 cum
1685 411 1778 445 dicit:
1798 411 1931 454 Quando
1946 418 2046 445 autem
2061 411 2190 445 alterum
2206 420 2279 452 etc„
2292 420 2400 444 osten-

1336 455 1383 488 dit
1406 457 1525 489 iterum
1549 456 1710 500 primum,
1734 464 1772 489 ut
1793 455 1912 489 melius
1936 455 2077 489 declaret
2100 468 2184 500 quae
2212 465 2289 488 sunt
2338 467 2398 488 uae

1334 499 1427 532 nullo
1443 498 1546 533 modo
1569 501 1699 533 misceri
1715 508 1867 544 possunt,
1883 499 1994 533 dicens
2019 499 2120 544 quod,
2141 499 2273 544 quando
2290 511 2327 533 so
2342 511 2399 532 um

1335 543 1473 576 alterum
1497 553 1546 577 est
1561 545 1730 588 passivum
1753 545 1798 577 ita
1813 543 1904 589 quod
1919 555 1988 578 non
2008 552 2082 588 agat
2105 545 2139 577 in
2158 543 2306 584 alterum,
2322 543 2398 576 talia

1334 587 1426 620 nullo
1450 588 1552 621 modo
1568 589 1763 629 miscentur;
1788 597 1820 622 et
1835 588 1900 621 hoc
1919 597 1968 622 est
1987 588 2121 633 quando
2141 587 2312 621 miscibilia
2331 599 2400 620 non

1335 633 1582 665 communicant
1605 633 1639 665 in
1662 633 1806 666 materia.
1825 632 1971 673 Quando
1992 644 2072 666 vero
2096 633 2342 665 communicant
2365 632 2399 664 in

1334 676 1478 726 materia,
1495 676 1552 709 sed
1576 688 1679 709 unum
1694 677 1906 710 vehementer
1928 678 2004 721 agit,
2021 685 2054 710 et
2068 676 2207 710 alterum
2222 675 2399 709 vehemen-

1334 727 1383 752 ter
1405 728 1526 763 patitur
1549 728 1581 752 et
1603 731 1671 753 non
1694 729 1822 754 tantum
1846 722 1912 765 agit
1936 730 2096 766 quantum
2119 721 2275 765 primum,
2291 731 2332 752 ne
2357 731 2398 752 ue

1335 763 1450 796 talium
1466 772 1575 807 potest
1598 776 1669 797 esse
1693 766 1826 798 mixtio:
1842 765 1895 799 vel
1918 767 1945 798 si
1962 774 2011 799 est
2034 765 2153 810 aliqua,
2169 776 2287 809 pamm
2302 775 2337 797 re
2351 765 2399 796 in-

1335 815 1454 852 quetur
1477 807 1517 841 de
1541 819 1582 840 eo
1613 808 1703 852 quod
1737 809 1948 843 vehementer
1977 810 2116 854 patitur;
2143 810 2228 842 sicut
2250 817 2340 852 patet
2364 809 2398 841 in

1335 860 1453 885 stanno
1477 860 1509 885 et
1532 863 1621 884 aere:
1646 853 1778 886 sienim
1800 854 1834 886 in
1858 865 1930 887 aere
1946 853 2121 898 liquefacto
2145 854 2302 886 miscetur
2324 863 2397 885 mo-

1335 895 1446 929 dicum
1470 895 1510 929 de
1533 904 1663 937 stanno,
1679 905 1758 929 tunc
1781 906 1934 930 stannum
1958 910 2017 942 per
2031 898 2274 931 vehementiam
2298 897 2398 930 actio-

1335 941 1386 973 nis
1410 941 1491 974 aeris
1511 950 1678 985 evaporat,
1694 950 1726 974 et
1741 941 1822 974 nihil
1839 941 1920 975 forte
1944 950 2090 975 remanet
2105 942 2168 974 nisi
2184 941 2276 975 color
2291 941 2308 958 *
2347 941 2397 974 ui-

1336 983 1421 1018 dam.
1439 985 1480 1018 Et
1503 993 1552 1018 est
1574 985 1680 1018 simile
1704 985 1967 1027 balbutientibus,
1985 987 2041 1031 qui
2060 998 2125 1019 una
2144 986 2249 1019 littera
2272 997 2332 1029 pro
2347 994 2398 1018 ata

1336 1028 1433 1061 aliam
1457 1028 1608 1062 distincte
1638 1041 1707 1062 non
1731 1029 1914 1074 proferunt;
1939 1030 2027 1064 idem
2050 1031 2148 1063 etiam
2180 1029 2341 1073 contingit
2363 1030 2396 1062 in

1336 1073 1448 1106 multis
1471 1072 1553 1106 aliis.

1385 1127 1434 1150 12.
1450 1117 1579 1151 Deinde
1596 1129 1673 1150 cum
1689 1117 1782 1151 dicit:
1800 1118 1998 1163 Manifestum
2013 1119 2106 1162 igitur
2121 1127 2193 1159 etc„
2206 1117 2397 1162 recapitulat

1336 1173 1420 1205 quae
1436 1161 1521 1195 dicta
1539 1170 1616 1194 sunt
1632 1161 1672 1195 de
1691 1163 1860 1204 mixtione,
1876 1174 1935 1207 per
1951 1163 2040 1208 quod
2057 1163 2155 1195 etiam
2171 1170 2285 1207 quarta
2302 1173 2397 1206 quae-

1336 1206 1400 1239 stio
1425 1205 1623 1247 declaratur,
1647 1218 1730 1250 quae
1754 1206 1816 1240 fuit
1868 1207 1952 1240 rimo
1976 1208 2145 1251 proposita
2176 1207 2209 1239 in
2233 1207 2396 1250 principio

1335 1249 1434 1282 huius
1451 1249 1602 1294 capituli;
1627 1249 1737 1284 dicens
1753 1252 1841 1284 mani
1856 1260 1963 1284 estum
1986 1263 2056 1284 esse
2073 1263 2112 1284 ex
2135 1250 2185 1284 his
2205 1262 2288 1295 quae
2312 1250 2397 1284 dicta

1335 1303 1422 1334 sunt,
1438 1303 1471 1327 et
1494 1294 1585 1339 quod
1609 1303 1658 1327 est
1680 1296 1805 1336 mixtio,
1822 1304 1854 1328 et
1874 1295 1952 1340 quid
1975 1304 2035 1335 est,
2051 1304 2084 1328 et
2107 1307 2205 1339 quare
2229 1303 2295 1328 est:
2320 1295 2397 1339 quia

1333 1347 1468 1383 propter
1490 1340 1678 1383 passionem
1701 1348 1734 1372 et
1761 1340 1925 1373 actionem
1949 1340 2195 1373 conn‘ariorum.
2212 1339 2254 1372 Et
2272 1338 2396 1372 dictum

1333 1392 1383 1416 est
1413 1384 1511 1416 etiam
1565 1395 1625 1416 uae
1649 1392 1727 1416 sunt
1755 1383 1942 1417 miscibilia:
1968 1384 2126 1428 quoniam
2148 1386 2166 1405 *
2188 1384 2316 1427 passiva
2339 1382 2395 1416 ad-

1333 1427 1475 1461 invicem
1498 1436 1531 1461 et
1579 1439 1640 1461 ene
1663 1428 1895 1469 terminabilia;
1920 1437 1952 1461 et
1974 1427 2051 1461 talia
2074 1437 2151 1461 sunt
2180 1427 2262 1461 bene
2286 1427 2396 1461 divisi-

1333 1471 1418 1504 bilia.
1449 1472 1586 1505 Dictum
1609 1481 1658 1505 est
1684 1472 1782 1505 etiam
1807 1472 1897 1517 quod
1926 1471 1966 1506 ad
1989 1472 2054 1505 hoc
2081 1471 2172 1516 quod
2199 1473 2241 1505 sit
2268 1472 2395 1512 mixtio,

1332 1516 1553 1549 necessarium
1568 1525 1617 1549 est
1632 1516 1722 1560 quod
1745 1516 1916 1549 miscibilia
1939 1527 2007 1549 non
2031 1517 2096 1549 sint
2111 1516 2301 1560 simpliciter
2323 1527 2395 1549 cor-

1332 1569 1446 1604 rupta,
1469 1571 1530 1594 nec
1553 1561 1619 1593 sint
1653 1562 1715 1594 sim
1740 1560 1843 1594 liciter
1866 1560 1980 1594 eadem
2010 1569 2048 1593 ut
2078 1561 2183 1604 prius:
2207 1569 2284 1594 sunt
2307 1561 2396 1594 enim

1333 1613 1487 1649 corrupta
1510 1613 1671 1649 quantum
1695 1616 1712 1637 a
1758 1604 1878 1638 formas
1913 1613 1946 1638 et
1968 1613 2137 1638 remanent
2166 1613 2326 1649 quantum
2354 1604 2395 1638 ad

1331 1649 1498 1689 virtutem,
1514 1658 1552 1682 ut
1578 1660 1677 1694 supra
1700 1658 1871 1682 ostensum
1894 1658 1952 1682 est.
1969 1648 2089 1682 Adhuc
2111 1649 2209 1682 etiam
2226 1658 2395 1682 ostensum

1332 1702 1392 1734 est,
1409 1693 1500 1738 quod
1522 1694 1638 1727 mixtio
1661 1705 1730 1726 non
1754 1702 1803 1727 est
1827 1694 2025 1738 compositio
2044 1694 2260 1726 minimorum
2283 1704 2397 1726 secun-

1331 1737 1413 1771 dum
1434 1746 1586 1771 naturam
1610 1738 1837 1771 sicut-dicebat
1857 1749 1922 1771 una
1946 1738 2078 1782 opinio,
2102 1749 2162 1770 nec
2179 1738 2395 1770 minimorum

1331 1782 1515 1816 secundum
1550 1794 1684 1816 sensum
1710 1791 1748 1815 ut
1778 1782 1904 1816 dicebat
1933 1782 2009 1815 alia:
2034 1781 2110 1815 talia
2142 1783 2230 1815 enim
2258 1782 2395 1815 minima

1331 1838 1400 1859 non
1423 1836 1501 1860 sunt
1523 1826 1704 1860 miscibilia.
1726 1826 1791 1860 Sed
1820 1826 1902 1860 illud
1925 1835 1975 1860 est
1997 1826 2174 1867 miscibile,
2199 1826 2290 1870 quod
2318 1837 2395 1859 cum

1331 1872 1373 1904 sit
1395 1870 1478 1905 bene
1501 1871 1757 1912 determinabile‚
1773 1880 1822 1904 est
1846 1871 1989 1904 activum
2005 1880 2037 1904 et
2055 1871 2240 1914 passivum;
2258 1879 2291 1903 et
2314 1869 2394 1903 illud

1331 1915 1422 1960 quod
1445 1915 1643 1949 admiscetur
1665 1927 1742 1949 cum
1765 1915 1821 1949 tali
1844 1915 2007 1956 miscibili,
2031 1923 2080 1948 est
2102 1914 2260 1948 miscibile
2284 1914 2325 1947 ad
2348 1914 2396 1947 ho-

1331 1972 1540 2002 mowmerum,
1554 1960 1638 1994 idest
1654 1959 1730 1993 facit
1744 1971 1820 1993 cum
1836 1959 1900 1993 alio
1917 1960 2057 1992 mixtum
2073 1959 2164 2004 quod
2182 1967 2231 1992 est
2246 1957 2394 1992 eiusdem

1330 2005 1524 2046 rationisin
1548 2014 1620 2038 toto
1644 2013 1676 2038 et
1700 2005 1734 2038 in
1757 2004 1913 2049 partibus.
1931 2005 2024 2037 Patet
2042 2004 2140 2037 etiam
2164 2002 2255 2048 quod
2278 2003 2393 2036 mixtio

1331 2058 1381 2083 est
1404 2049 1615 2083 miscibilium
1631 2049 1842 2083 alteratorum
1865 2049 1956 2082 unio.
1978 2049 2075 2089 Quae
2092 2047 2226 2092 quidem
2247 2047 2393 2080 alteratio

1331 2093 1441 2127 solum
1465 2103 1514 2127 est
1537 2093 1748 2137 intelligenda
1771 2094 1806 2126 in
1828 2092 2001 2126 virtutibus
2018 2093 2086 2126 sive
2110 2091 2318 2136 qualitatibus
2342 2103 2394 2124 eo-

1330 2150 1404 2172 rum
1410 2150 1419 2179 ;
1437 2138 1495 2172 sed
1511 2139 1538 2171 si
1562 2139 1661 2172 etiarn
1677 2138 1824 2171 alteratio
1840 2146 1988 2170 sumatur
2006 2137 2196 2181 improprie,
2212 2136 2328 2169 mixtio
2345 2145 2395 2168 est

1330 2182 1541 2216 miscibilium
1557 2183 1766 2223 alteratorum,
1787 2181 1870 2216 idest
1886 2190 2118 2226 corruptorum
2134 2179 2316 2214 secundum
2331 2179 2395 2213 for-

1329 2238 1410 2268 mas,
1435 2239 1526 2260 umo.

1329 2370 1425 2396 matice
1443 2371 1484 2395 ed.
1503 2377 1520 2395 a
1526 2378 1535 2401 ,·
1554 2370 1583 2402 C,
1602 2375 1662 2403 post
1680 2370 1792 2403 spatium
1810 2377 1922 2395 vacuum
1939 2374 1999 2394 octo
2018 2369 2116 2400 litteris,
2135 2369 2162 2393 in
2182 2376 2241 2402 quo.
2253 2382 2272 2388 -
2287 2369 2337 2393 Pro
2350 2375 2393 2394 ca-

1329 2409 1417 2436 tenae,
1437 2406 1510 2439 quod
1528 2405 1624 2431 habent
1646 2406 1685 2431 Ca
1708 2414 1768 2431 curn
1793 2406 1824 2430 B.
1842 2406 1963 2436 Alberto,
1981 2405 2115 2438 glutinum
2134 2404 2180 2429 Pb.
2197 2418 2216 2423 —
2234 2404 2297 2429 Post
2314 2412 2393 2429 unam

1329 2442 1374 2466 lin.
1388 2441 1426 2466 Ca
1445 2442 1548 2475 legunt:
1565 2444 1593 2467 et
1606 2449 1657 2467 non
1672 2441 1737 2467 sinit
1750 2441 1819 2466 elabi
1837 2441 1988 2466 huiusmodi
2001 2443 2064 2466 sunt
2076 2443 2166 2465 autem
2186 2439 2264 2472 (sicut
2281 2447 2342 2465 cum
2360 2438 2392 2471 C)

1329 2478 1414 2502 oleum
1433 2484 1519 2510 aquae
1537 2476 1700 2502 admiscetur
1705 2484 1715 2507 ;
1733 2477 1770 2501 Pb
1788 2484 1865 2501 vero:
1884 2480 1911 2502 et
1929 2483 1980 2501 non
1995 2476 2060 2501 sinit
2077 2475 2148 2501 elabi
2166 2475 2268 2504 oleum‚·
2285 2475 2393 2507 quando

1329 2520 1392 2538 vero
1409 2519 1496 2545 aquae
1513 2512 1690 2541 admiscetum
1707 2513 1737 2538 Β.
1756 2512 1892 2537 Albertus:
1912 2521 1927 2536 α
1947 2517 1973 2536 et
1991 2519 2044 2536 non
2062 2511 2122 2536 sinit
2140 2511 2214 2542 elabi,
2229 2510 2296 2535 sicut
2314 2514 2355 2535 est
2368 2510 2395 2534 in

1329 2549 1460 2573 elemento
1479 2547 1583 2581 (oleo?)
1603 2548 1675 2581 quod
1694 2555 1777 2581 aquae
1795 2547 1960 2573 admiscetur.
1980 2556 1994 2571 ν

1461 3048 1834 3076 4——

1307 3065 1438 3096 fovee}

2426 947 2436 955 ·
2457 945 2524 968 calor
2545 946 2589 968 rab
2612 950 2635 968 et

2422 978 2463 1000 pc.

2424 1387 2432 1395 ·
2464 1385 2542 1407 nando
2557 1386 2604 1407 ista
2618 1392 2632 1407 r

2423 1418 2439 1433 a
2458 1412 2635 1440 ,quoniamista

2423 1441 2477 1460 sunl
2491 1444 2512 1460 c.
