2782 4134
123 372 134 380 ·
151 370 302 418 Philosophus

128 404 177 419 om.
192 403 236 419 rea
252 413 258 418 .

128 687 144 735 Ε
155 687 190 735 (ἓξ.
201 687 253 709 lect.
263 692 340 715 praec.

131 847 141 856 ·
156 845 227 867 Num.
242 853 265 873 4.

129 952 138 961 '
152 950 224 972 Num.
239 956 287 979 seq.

130 1004 141 1014 ⁸
155 1003 226 1025 Num.
241 1009 261 1031 3.

226 1174 242 1190 α

133 1223 142 1232 ·
157 1222 220 1244 Lect.
235 1222 339 1249 praeced.

130 1382 139 1391 ·
185 1381 225 1402 asi
236 1387 263 1408 Α,
283 1381 338 1408 quia

131 1413 168 1429 ca.

227 1477 242 1511 β

130 2761 139 2770 ·
155 2761 248 2788 signum
262 2767 284 2783 Α.

128 2866 140 2877 ⁸
150 2866 203 2887 ideo
214 2872 261 2888 om.
272 2867 337 2888 acab.

567 364 614 403 ⁴,
631 366 807 408 ostquam
823 360 1078 408 Philosophus
1093 359 1113 380 ’¹‘
1133 358 1295 395 ostendit
1314 370 1430 405 quare

585 412 614 458 ‘f‘
633 413 821 461 quaedam
863 420 1090 460 generantur
1136 411 1353 459 simpliciter
1396 417 1431 446 et

575 467 585 481 ⁴*
603 489 614 513 t
633 467 824 513 quaedam
840 467 1051 502 secundum
1067 464 1169 512 quid,
1183 476 1318 500 eorum
1330 475 1429 511 quae

504 511 519 541 ‘s
569 518 581 556 l
611 538 617 547 ·»
633 519 848 556 adinvicem
886 525 1131 566 generantur,
1167 516 1228 553 hic
1266 516 1430 553 ostendit

369 625 536 663 cundum
557 625 657 674 quid,
686 625 724 661 in
752 624 810 660 his
839 636 936 671 quae
966 635 1044 659 non
1073 622 1289 660 adinvicem
1318 635 1429 671 gene-

368 686 497 715 rantur
515 677 546 714 *.
577 679 626 714 Et
647 678 772 726 primo
795 675 1017 713 determinat
1037 676 1301 724 quaestionem
1329 676 1430 725 prin-

369 731 535 780 cipaliter
562 730 764 775 intentam3
794 729 962 777 secundo
992 729 1220 766 determinat
1242 729 1429 778 quasdam

368 784 609 832 quaestiones
629 780 918 830 consequentes,
938 781 1008 819 ibi:
1037 782 1112 820 Sed
1129 795 1230 819 nunc
1248 795 1431 831 quaerere

369 836 544 885 oportet*
568 843 636 873 etc.
660 835 769 872 Circa
788 834 955 883 primum
975 834 1044 872 tria
1063 835 1168 873 facit:
1198 836 1324 885 primo
1345 848 1428 873 mo-

367 898 432 927 vet
460 889 741 938 quaestionem3
772 888 941 924 secundo
971 888 1083 925 solvit
1102 901 1200 936 eam,
1220 889 1289 926 ibi:
1318 890 1431 926 Haec

368 948 492 979 autem
525 942 693 978 distincta
720 947 808 978 sunt
828 940 848 962 ’¹‘
873 948 960 987 etc.;
990 941 1100 979 tertio
1118 978 1121 980 ,
1139 942 1303 991 epilogat
1330 954 1429 990 quae

370 995 467 1032 dicta
495 1002 596 1041 sunt,
625 994 694 1031 ibi:
723 995 784 1031 De
810 995 993 1043 generari
1019 995 1137 1045 igitur
1154 995 1174 1017 ²¹⁶
1202 1003 1271 1032 etc.

421 1047 520 1084 Dicit
538 1059 627 1095 ergo
642 1047 766 1096 primo
786 1048 892 1096 quod
911 1049 1101 1095 quaedam
1122 1048 1300 1086 dicuntur
1317 1060 1430 1095 gene-

367 1100 440 1138 rari
459 1100 684 1148 simpliciter,
705 1101 896 1148 quaedam
916 1108 1044 1138 autem
1063 1102 1189 1139 solum
1217 1101 1429 1138 secundum

367 1153 469 1202 quid,
490 1165 568 1190 non
592 1153 804 1190 secundum
833 1154 1116 1202 generationem
1146 1167 1190 1192 ex
1218 1154 1383 1193 invicem
1399 1161 1428 1202 α,

366 1214 407 1243 ut
434 1218 546 1255 supra
573 1206 593 1228 '¹‘
622 1206 765 1244 dictum
794 1214 874 1255 est,
902 1214 944 1244 ut
971 1205 1111 1246 scilicet
1143 1215 1266 1246 unum
1294 1220 1429 1245 eorum

366 1257 463 1308 quae
493 1272 538 1296 ex
565 1259 730 1297 invicem
758 1268 998 1308 generantur,
1026 1269 1227 1309 generetur
1254 1261 1430 1310 simplici-

365 1320 438 1359 ter,
469 1313 570 1350 aliud
598 1320 728 1350 autem
757 1314 970 1350 secundum
995 1314 1098 1362 quid.
1128 1315 1215 1352 Hoc
1244 1315 1346 1352 enim
1376 1322 1432 1352 est

367 1365 470 1415 quod
491 1378 605 1414 supra
621 1366 915 1403 determinatum
929 1374 995 1414 est,
1012 1379 1130 1417 quare
1140 1367 1172 1415 ⁸⁸,
1195 1380 1283 1405 curn
1303 1368 1429 1406 omnis

366 1419 557 1467 generatio
577 1419 623 1456 sit
642 1419 833 1469 corruptio
854 1420 1016 1467 alterius,
1038 1428 1075 1457 et
1094 1421 1218 1458 omnIS
1238 1422 1430 1471 corruptio

367 1472 413 1509 sit
439 1472 630 1521 generatio
659 1473 820 1520 alterius,
841 1486 920 1511 non
940 1473 1051 1511 simili
1080 1474 1199 1511 modo
1219 1473 1236 1503 β
1264 1475 1430 1512 attribui-

366 1534 426 1563 tur
452 1525 623 1574 generari
653 1534 689 1564 et
718 1526 912 1576 corrumpi
939 1526 979 1564 in
999 1526 1057 1564 his
1085 1540 1184 1576 quae
1213 1528 1430 1567 adinvicem

366 1587 676 1628 transmutantur,
703 1582 771 1618 sed
789 1592 910 1617 unum
940 1592 1075 1618 eorum
1101 1580 1235 1618 dicitur
1261 1582 1432 1630 generari

366 1634 429 1670 vel
459 1633 652 1682 corrumpi
680 1633 907 1683 simpliciter,
937 1633 1039 1670 aliud
1060 1641 1188 1671 autem
1218 1637 1430 1673 secundum

368 1686 470 1735 quid.
497 1686 679 1733 Quaestio
700 1695 828 1725 autem
848 1699 947 1735 quae
974 1687 1225 1736 postmodum
1256 1685 1432 1726 det'ermi-

367 1740 495 1777 nanda
523 1747 588 1786 est,
610 1752 690 1777 non
718 1741 814 1778 haec
834 1740 918 1777 erit:
940 1740 1008 1777 sed
1027 1739 1065 1777 in
1084 1740 1142 1778 his
1169 1753 1269 1790 quae
1288 1755 1367 1780 non
1388 1755 1432 1780 ex

367 1792 532 1830 invicem
556 1800 863 1840 transmutantur,
884 1805 1002 1842 quare
1029 1806 1151 1831 unum
1176 1794 1310 1832 dicitur
1327 1801 1342 1822 ⁷
1370 1808 1432 1844 ge-

367 1846 491 1884 nerari
510 1845 729 1895 simpliciter
743 1854 779 1883 et
794 1847 953 1883 alterum
970 1847 1182 1884 secundum
1198 1848 1306 1897 quid:
1326 1857 1429 1897 puta,

367 1912 484 1948 quare
514 1899 663 1936 discens
692 1900 757 1948 qui
786 1900 828 1936 fit
847 1900 980 1947 sciens,
1002 1912 1081 1937 non
1102 1900 1236 1938 dicitur
1254 1901 1431 1951 simplici-

365 1961 422 1990 ter
449 1952 636 2001 generari,
667 1953 734 1990 sed
768 1953 981 1990 secundum
1015 1953 1127 2002 quid,
1157 1953 1254 1991 idest
1285 1955 1430 2002 sciens;

366 2007 486 2043 homo
506 2013 634 2042 autem
653 2006 715 2043 vel
739 2006 890 2053 animal,
911 2006 1066 2054 quando
1092 2007 1268 2055 nascitur,
1297 2008 1431 2046 dicitur

366 2059 537 2107 generari
552 2059 785 2107 simpliciter:
803 2066 982 2096 ettamen
997 2060 1240 2098 manifestum
1257 2069 1312 2098 est
1326 2063 1431 2111 quod

366 2120 498 2150 natum
528 2120 564 2149 et
591 2112 714 2149 sciens
742 2125 822 2149 non
849 2120 1076 2160 generantur
1104 2125 1149 2150 ex
1177 2113 1355 2152 invicem.

421 2177 455 2202 2.
486 2165 635 2202 Deinde
673 2177 762 2202 cum
800 2165 912 2202 dicit:
950 2167 1063 2203 Haec
1098 2172 1223 2203 autem
1260 2168 1429 2206 distincta

364 2224 451 2255 sunt
478 2225 569 2265 etc.,
599 2218 712 2256 solvit
745 2218 1010 2266 quaestionem
1043 2231 1145 2256 nunc
1182 2227 1341 2258 motam.
1381 2223 1430 2259 Et

367 2271 454 2309 dicit
468 2271 574 2321 quod
592 2271 654 2309 illa
668 2283 833 2320 quorum
853 2271 1045 2322 quaedam
1066 2272 1240 2310 dicuntur
1259 2275 1430 2322 generari

366 2324 583 2374 simpliciter
611 2332 648 2362 et
675 2325 866 2373 quaedam
896 2325 1107 2364 secundum
1136 2326 1239 2375 quid,
1260 2336 1347 2365 sunt
1375 2328 1428 2366 di-

366 2378 498 2415 stincta
518 2379 731 2416 secundum
750 2379 1074 2427 praedicamenta;
1105 2380 1155 2417 ita
1175 2380 1280 2429 quod
1306 2393 1428 2419 unum

367 2443 499 2468 eorum
527 2431 712 2479 significat
738 2433 809 2469 hoc
840 2432 996 2481 aliquid,
1031 2432 1128 2470 idest
1160 2434 1428 2482 substantiam,

366 2484 466 2522 aliud
495 2492 622 2521 autem
644 2485 875 2534 qualitatem,
897 2485 998 2523 aliud
1018 2483 1151 2522 autem'
1168 2486 1428 2536 quantitatem,

366 2545 402 2574 et
421 2538 475 2575 sic
502 2538 549 2575 de
578 2537 657 2574 aliis
681 2538 1008 2587 praedicamentis.
1031 2539 1095 2576 Illa
1116 2551 1204 2587 ergo
1234 2551 1331 2589 quae
1350 2553 1429 2578 non

366 2590 576 2638 significant
603 2591 851 2629 substantiam
870 2588 899 2639 ὅ,
930 2591 998 2629 sed
1026 2591 1245 2639 qualitatem
1273 2600 1338 2630 aut
1366 2593 1429 2630 ali-

366 2643 458 2692 quid
487 2643 659 2690 aliorum,
689 2656 767 2681 non
796 2644 972 2682 dicuntur
999 2645 1169 2692 generari
1197 2645 1427 2695 simpliciter,

366 2697 434 2734 sed
449 2696 660 2733 secundum
681 2697 786 2746 quid:
808 2709 907 2746 quae
921 2710 1015 2735 vero
1032 2698 1243 2746 significant
1257 2700 1429 2737 substan-

365 2749 468 2796 tiam,
495 2749 670 2787 dicuntur
696 2750 866 2798 generari
890 2751 1119 2800 simpliciter.
1156 2751 1274 2789 Cuius
1296 2752 1389 2789 ratio
1408 2752 1429 2775 ²⁸¹

366 2810 433 2849 est,
455 2802 543 2852 quia
571 2803 763 2851 generatio
794 2811 849 2840 est
866 2803 930 2841 via
959 2804 1006 2841 de
1035 2806 1114 2842 n'on
1133 2817 1216 2842 esse
1244 2805 1294 2842 ad
1323 2818 1426 2843 esse:

366 2863 402 2892 et
421 2855 508 2893 ideo
523 2855 543 2878 ²¹²
561 2856 653 2893 illud
673 2856 890 2905 simpliciter
913 2866 1124 2905 generatur,
1145 2858 1251 2907 quod
1270 2859 1429 2907 acquirit

366 2921 447 2946 esse
468 2909 528 2946 cui
548 2921 626 2946 non
640 2910 958 2959 praesupponitur
977 2910 1077 2949 aliud
1097 2923 1191 2949 esse.
1213 2912 1304 2949 Non
1325 2912 1427 2950 enim

417 3059 444 3092 α)
457 3066 494 3084 ex
508 3059 627 3085 invicem.
636 3073 655 3078 -
668 3066 706 3084 ex
719 3059 867 3085 adinvicem
882 3059 952 3090 Aea,
968 3065 993 3085 et
1006 3060 1044 3085 sic
1059 3061 1165 3093 pluries.
1174 3075 1192 3080 -
1202 3062 1225 3086 A
1239 3062 1333 3094 pergit:
1342 3065 1428 3093 prout

364 3094 463 3120 dictum
482 3098 529 3125 est,
543 3098 572 3120 ut
583 3095 683 3120 scilicet
701 3103 782 3119 unum
801 3102 893 3120 eorum
912 3102 980 3128 quae
994 3103 1031 3120 ex
1044 3096 1193 3122 adinvicem
1207 3100 1372 3130 generantur
1391 3104 1428 3122 ex

363 3130 511 3155 adinvicem
530 3133 673 3164 generetur
686 3130 854 3162 simpliciter,
875 3133 901 3155 et
918 3131 994 3156 aliud
1007 3134 1096 3156 autem
1111 3132 1183 3164 quod
1196 3132 1340 3157 secundum
1355 3133 1427 3165 quid.

417 3163 442 3198 β)
463 3173 514 3190 non
533 3166 614 3191 simili
627 3166 714 3191 modo.
727 3179 746 3185 —
759 3173 809 3191 non
825 3166 909 3191 solum
924 3166 1005 3191 simili
1019 3166 1097 3191 modo
1113 3167 1196 3198 PCab,
1215 3167 1262 3192 sed
1275 3168 1360 3193 solum
1375 3173 1427 3193 tur-

363 3199 406 3224 bat
425 3208 540 3226 sensum.

417 3236 443 3269 γ)
465 3236 625 3266 Quaestio.
641 3244 722 3262 unum
741 3237 848 3262 dicitur.
860 3251 879 3257 -
892 3236 943 3269 quo·
962 3236 1098 3271 (quoniam
1115 3238 1146 3270 C)
1166 3242 1255 3264 autem
1275 3245 1343 3270 quae
1351 3242 1427 3271 post-

364 3271 470 3296 modum
490 3271 567 3303 (post
585 3272 620 3304 C)
640 3272 844 3297 determinanda
862 3276 925 3298 sunt
944 3281 996 3299 non
1015 3273 1067 3298 erit
1088 3273 1155 3305 (non
1176 3274 1316 3307 quaeritur
1334 3274 1376 3300 hic
1395 3275 1427 3307 C)

364 3306 411 3330 sed
424 3314 507 3338 quare
516 3307 542 3331 in
558 3307 599 3332 his
612 3314 680 3339 quae
692 3315 744 3332 non
759 3315 796 3333 ex
810 3308 920 3334 invicem
935 3312 1153 3334 transmutantur
1163 3310 1212 3342 (ex
1223 3309 1372 3335 adinvicem
1382 3317 1427 3343 ge-

365 3344 495 3366 nerantur·
508 3349 552 3367 seu
568 3346 784 3368 transmutantur
794 3343 824 3375 C)
840 3351 920 3368 unum
937 3344 1036 3370 dicitur
1046 3345 1093 3369 Ca.
1108 3345 1158 3370 Pno
1172 3345 1237 3371 haec
1250 3345 1309 3375 erit,
1320 3345 1363 3371 hic
1377 3346 1429 3371 erit

366 3375 411 3401 Pb.
420 3390 438 3395 —
452 3377 514 3401 Post
524 3378 587 3402 duas
597 3378 678 3403 lineas
690 3386 737 3411 pro
750 3379 798 3404 sed
808 3379 952 3404 secundum
963 3380 1035 3412 quid,
1045 3380 1092 3405 sed
1101 3381 1228 3414 generari
1239 3381 1304 3414 quid
1315 3381 1352 3412 A;
1369 3389 1428 3406 cum

365 3410 412 3436 hac
432 3411 539 3437 lectione
558 3413 623 3438 bene
643 3419 710 3438 stant
729 3414 797 3439 idest
809 3414 900 3444 sciens,
918 3420 943 3440 et
959 3420 1042 3440 textus
1058 3413 1089 3440 τὰ
1108 3414 1135 3440 δέ
1151 3424 1174 3441 τι
1194 3414 1272 3450 μόνον
1286 3413 1428 3450 (γίνεσθαι).

419 3445 444 3478 ὃ)
465 3447 514 3471 Illa
533 3454 597 3480 ergo
616 3455 683 3480 quae
706 3456 757 3473 non
781 3449 934 3482 significant
958 3451 1144 3476 substantiam.
1161 3465 1180 3470 -
1200 3452 1249 3476 Illa
1267 3459 1333 3485 ergo
1348 3451 1428 3485 (ergo

366 3487 418 3505 om.
433 3481 463 3514 C)
482 3489 549 3514 quae
567 3483 720 3516 significant
740 3484 859 3517 (signant
871 3485 902 3517 C)
923 3485 969 3510 illa
987 3493 1053 3519 ergo
1073 3486 1148 3520 (ergo
1166 3495 1219 3512 om.
1235 3487 1265 3519 C)
1285 3493 1353 3520 quae
1371 3494 1423 3512 non

365 3516 546 3550 significarent
565 3517 733 3551 (significant
751 3519 788 3552 C)
807 3520 983 3546 substantiam
1003 3521 1051 3546 Ca.
1070 3522 1184 3554 Per-gunt
1201 3522 1290 3547 PCab:
1311 3529 1362 3547 non
1381 3529 1427 3556 ge-

367 3555 496 3576 nerantur
514 3553 669 3584 simpliciter
687 3554 734 3578 sed
751 3555 892 3580 secundum
912 3556 988 3588 quid,
1008 3557 1076 3582 sicut
1094 3558 1270 3590 quantitatem
1283 3561 1331 3582 aut
1343 3558 1427 3590 quali-

366 3589 447 3612 tatem
465 3590 514 3612 aut
532 3587 634 3620 aliquid
652 3589 781 3619 aliorum5
800 3597 867 3622 quae
886 3597 957 3616 vero.

419 3623 441 3655 ε)
460 3623 507 3647 sed
525 3623 668 3648 secundum
686 3624 759 3656 quid.
776 3638 795 3644 -
813 3625 860 3650 sed
882 3626 1025 3651 secundum
1051 3627 1113 3659 quia
1137 3628 1202 3653 tales
1222 3627 1302 3660 (quid
1320 3629 1373 3654 tale
1391 3628 1428 3661 C)

369 585 523 610 causam
544 571 775 609 differentiae
803 570 1052 619 generationis
1072 568 1291 618 simpliciter
1319 575 1355 608 et
1372 580 1440 608 se-

873 281 945 317 DE
975 279 1362 317 GENERATIONE
1391 279 1462 315 ET
1492 278 1873 315 CORRUPTIONE
1903 279 1997 315 LIB.
2028 279 2042 315 Ι

1484 356 1528 392 fit
1560 354 1666 404 quod
1694 364 1764 393 est:
1794 356 1897 394 unde
1927 356 2030 406 quod
2059 356 2135 393 iam
2162 364 2228 405 est,
2249 369 2327 395 non
2347 366 2472 407 potest
2490 372 2552 408 ge-

1485 408 1608 445 nerari
1629 408 1863 458 simpliciter,
1885 411 1952 447 sed
1981 409 2194 446 secundum
2223 411 2314 458 quid
2333 417 2356 448 ³.
2386 413 2435 449 Et
2462 412 2550 450 ideo

1484 461 1553 498 ista
1582 474 1748 510 quorum
1786 475 1868 500 esse
1900 463 2174 512 praesupponit
2209 463 2311 500 aliud
2340 477 2443 512 esse,
2472 478 2552 503 non

1485 514 1660 552 dicuntur
1677 515 1849 563 generari
1877 516 2106 565 simpliciter,
2128 516 2195 553 sed
2214 517 2427 554 secundum
2447 519 2550 567 quid.

1484 568 1580 616 Esse
1604 575 1737 617 ‚autem
1762 569 2013 606 accidentium
2041 569 2316 618 praesupponit
2334 570 2436 608 aliud
2455 583 2550 619 esse,

1484 621 1624 658 scilieet
1652 634 1734 659 esse
1762 622 1937 659 subiecti:
1967 635 2050 659 esse
2073 630 2201 659 autem
2221 623 2454 661 substantiae
2473 637 2552 662 non

1483 675 1758 724 praesupponit
1786 675 1887 712 aliud
1917 688 2020 723 esse,
2050 675 2140 724 quia
2168 676 2382 713 subiectum
2406 677 2551 714 formae

1484 728 1737 766 substantialis
1769 741 1849 766 non
1877 737 1933 766 est
1962 741 2028 766 ens
2055 737 2163 777 actu,
2199 729 2267 766 sed
2294 730 2472 779 potentia.
2504 731 2552 767 Et

1484 781 1570 819 ideo
1595 794 1640 818 ex
1658 783 1733 819 hoc
1752 782 1858 831 quod
1877 781 2020 830 aliquid
2038 782 2174 831 accipit
2192 783 2358 820 formam
2378 783 2551 821 substan-

1483 834 1624 882 tialem,
1645 834 1780 872 dicitur
1798 835 1969 882 generari
1997 834 2236 884 simpliciter:
2258 848 2304 872 ex
2320 837 2397 873 hoc
2421 844 2550 874 autern

1484 888 1589 935 quod
1610 887 1746 936 accipit
1764 888 1929 924 formam
1945 888 1959 914 ς
1978 888 2264 937 accidentalem,
2286 889 2420 926 dicitur
2439 902 2551 938 gene-

1484 940 1558 978 rari
1577 941 1789 978 secundum
1809 941 1913 989 quid.
1929 961 1953 968 -
1970 942 2013 978 In
2032 942 2205 979 omnibus
2220 949 2362 991 tamen,
2383 943 2523 981 scilicet
2536 949 2551 968 ²¹

1484 991 1701 1030 substantiis
1721 1001 1757 1030 et
1776 993 2047 1042 accidentibus,
2064 991 2341 1033 diversificatur
2358 996 2550 1044 generatio

1484 1046 1703 1095 simpliciter
1718 1054 1755 1083 et
1768 1046 1982 1083 secundum
2002 1047 2105 1096 quid,
2122 1049 2335 1086 secundum
2357 1050 2552 1089 diversum

1485 1100 1660 1137 ordinem
1688 1100 1751 1137 vel
1780 1099 1875 1136 entis
1903 1099 1953 1136 ad
1977 1111 2057 1137 non
2085 1111 2164 1148 ens,
2193 1102 2255 1138 vel
2276 1101 2370 1140 entis
2398 1103 2554 1152 perfecti

1485 1153 1534 1190 ad
1548 1152 1826 1202 imperfectum,
1843 1159 1908 1190 aut
1922 1152 2106 1190 sensibilis
2123 1153 2173 1191 ad
2191 1153 2419 1192 insensibile.
2428 1170 2430 1172 ·
2440 1156 2552 1194 Unde

1484 1206 1523 1244 in
1551 1206 1760 1244 substantia
1787 1203 2079 1255 quodammodo
2091 1205 2232 1250 ⁴dicitur
2243 1207 2444 1256 generatio
2454 1248 2456 1250 ,
2465 1209 2554 1247 sim-

1483 1259 1639 1308 pliciter,
1660 1259 1691 1296 si
1710 1267 1910 1308 generetur
1926 1259 2036 1307 ignis,
2055 1271 2134 1296 non
2154 1266 2284 1298 autem
2300 1261 2335 1298 ¹si
2354 1269 2555 1309 generetur

1484 1320 1600 1350 terra:
1637 1320 1673 1349 et
1700 1313 1739 1350 in
1766 1312 1942 1361 qualitate
1980 1312 2116 1349 dicitur
2148 1314 2340 1361 generatio
2375 1314 2554 1364 simplici-

1484 1374 1551 1414 ter,
1581 1366 1612 1402 si
1639 1374 1839 1414 generetur
1866 1365 2001 1414 sciens,
2031 1376 2110 1402 non
2138 1373 2266 1404 autem
2294 1367 2325 1404 si
2354 1375 2555 1434 generetur

1484 1431 1669 1456 nesc1ens.
2459 1431 2462 1435 ·
2479 1467 2481 1469 Ι
2500 1430 2514 1435 ··

1541 1474 1575 1510 3.
1596 1472 1746 1510 Deinde
1776 1484 1864 1510 cum
1894 1471 1998 1509 dicit:
2028 1472 2088 1509 De
2114 1473 2298 1523 generari
2322 1474 2450 1524 igitur,
2469 1481 2552 1522 etc.,

1485 1525 1649 1574 epilogat
1668 1538 1766 1575 quae
1790 1525 1889 1564 dicta
1907 1532 2007 1563 sunt.
2037 1525 2087 1562 Et
2106 1526 2194 1565 dicit
2208 1527 2315 1575 quod
2335 1526 2478 1567 dictum
2498 1535 2554 1565 est

1484 1579 1746 1617 universaliter
1773 1578 1821 1616 de
1858 1578 2116 1621 accidentibus
2145 1587 2183 1616 et
2209 1579 2248 1617 in
2285 1581 2501 1618 substantiis
2520 1579 2551 1629 θ,

1486 1632 1534 1669 de
1562 1633 1637 1670 hoc
1665 1631 1771 1682 quod
1798 1631 1989 1680 quaedam
2011 1640 2239 1680 generantur
2265 1633 2495 1683 simpliciter,
2517 1641 2554 1672 et

1486 1686 1676 1734 quaedam
1705 1685 1917 1722 secundum
1955 1685 2058 1734 quid.
2089 1686 2138 1722 Et
2166 1686 2280 1724 etiam
2319 1687 2461 1724 dictum
2498 1695 2555 1724 est

1486 1739 1591 1789 quod
1612 1751 1726 1776 causa
1746 1737 1999 1775 continuitatis
2017 1739 2283 1788 generationis,
2300 1752 2370 1789 per
2389 1740 2552 1789 modum

1486 1792 1678 1840 materiae,
1701 1799 1756 1829 est
1784 1791 1996 1829 subiectum
2014 1791 2050 1839 ³¹⁶,
2080 1793 2186 1840 quod
2203 1800 2487 1841 ,transmutatus
2513 1793 2551 1831 in

1487 1846 1684 1883 contraria.
1715 1846 1773 1882 Ex
1801 1845 1876 1881 hoc
1896 1844 1996 1882 enim
2021 1845 2202 1894 contingit
2220 1846 2325 1895 quod
2344 1858 2498 1897 semper
2514 1847 2553 1885 in

1486 1899 1701 1937 substantiis
1730 1897 1879 1935 alterius
1897 1897 1918 1920 *
1945 1898 2150 1946 generatio·
2167 1906 2223 1936 est
2251 1899 2400 1937 alterius
2425 1910 2553 1938 corru-

1484 1953 1575 2002 ptio,
1601 1961 1638 1989 et
1665 1964 1686 1989 e
1716 1963 1921 1988 converso:
1952 1963 2150 2001 nunquam
2179 1952 2283 1990 enirn
2311 1952 2474 2002 materia·
2499 1961 2554 1991 est

1485 2008 1555 2044 sub
1576 2005 1786 2055 privatione
1806 2004 1918 2041 unius
1937 2004 2083 2042 formae
2103 2013 2123 2052 ⁸,
2153 2005 2234 2043 sine
2253 2005 2326 2043 alia
2345 2007 2481 2045 formass
2509 2007 2552 2044 In

1485 2059 1717 2109 quibusdam
1733 2066 1862 2095 autem
1881 2058 2140 2096 accidentibus
2154 2059 2231 2097 hoc
2246 2059 2441 2108 contingit:
2455 2071 2553 2101 nam

1485 2125 1624 2162 corpus
1652 2112 1887 2161 diaphanum
1917 2119 1972 2148 est
2000 2113 2070 2148 sub
2098 2111 2312 2161 privatione
2340 2113 2446 2163 lucis,
2466 2114 2552 2151 abs-

1485 2179 1559 2216 que
1587 2167 1662 2203 hoc
1691 2165 1795 2214 quod
1823 2164 1943 2202 subsit
1970 2165 2118 2202 formae
2147 2166 2365 2204 contrariae.

1537 2232 1574 2267 4.
1596 2218 1745 2256 Deinde
1766 2229 1853 2255 cum
1875 2217 1979 2256 dicit:
2009 2219 2084 2255 Sed
2111 2231 2211 2256 nunc
2238 2231 2422 2269 quaerere
2441 2230 2551 2271 opor-

1483 2279 1533 2310 tet
1551 2280 1635 2320 etc.,
1656 2271 1883 2310 determinat
1900 2278 1975 2309 tres
1995 2272 2238 2320 quaestiones
2263 2275 2550 2323 consequentes.

1485 2327 1662 2375 Quarum
1688 2325 1814 2374 prima
1843 2332 1909 2371 est,
1938 2337 2056 2374 quare
2085 2338 2236 2376 semper
2259 2335 2461 2375 generatur
2478 2327 2551 2365 *ali-

1483 2380 1575 2430 quid
1603 2391 1650 2416 ex
1678 2378 1881 2427 corruptis:
1911 2379 2016 2427 quod
2053 2380 2234 2428 supponit
2261 2380 2298 2418 in
2336 2381 2411 2418 hoc
2444 2381 2552 2431 quod

1485 2433 1574 2470 dixit
1592 2433 1623 2479 ⁹⁸,
1645 2433 1749 2481 quod
1769 2432 1962 2479 generatio
1982 2438 1996 2452 ²²
2022 2432 2212 2470 uniusest
2240 2433 2433 2483 corruptio
2462 2435 2550 2471 alte-

1484 2486 1571 2532 rius.
1593 2506 1616 2513 —
1638 2486 1686 2522 Et
1710 2484 1822 2521 solvit
1845 2484 1944 2521 hanc
1973 2485 2249 2534 quaestionem,
2281 2486 2428 2523 dicens:
2462 2487 2552 2539 quia

1485 2538 1675 2587 corruptio
1695 2537 1814 2575 tendit
1831 2536 1870 2574 in
1889 2549 1968 2575 non
1984 2550 2062 2586 ens,
2081 2546 2117 2575 et
2130 2539 2324 2586 generatio
2339 2545 2397 2577 est
2411 2552 2457 2576 ex
2470 2552 2551 2578 non

1484 2599 1582 2640 ente,
1603 2591 1690 2629 ideo
1719 2598 1870 2640 oportet
1906 2591 2012 2638 quod
2039 2592 2231 2639 generatio
2268 2592 2315 2632 sit
2343 2605 2388 2630 ex
2422 2605 2550 2631 corru-

1482 2645 1566 2695 ptis.
1588 2645 1637 2682 Et
1673 2645 1748 2681 hoc
1775 2644 1856 2693 ipse
1883 2644 2022 2692 probat
2058 2645 2171 2682 etiam
2200 2657 2245 2682 ex
2274 2645 2437 2683 aliorum
2469 2646 2551 2696 opi-

1483 2698 1616 2735 nione:
1646 2698 1745 2747 quia,
1776 2697 1871 2734 sicut
1899 2697 2076 2735 homines
2105 2698 2235 2736 dicunt
2262 2699 2457 2749 corrumpi
2485 2699 2550 2746 ali:

1483 2751 1586 2801 quid,
1607 2751 1762 2800 quando
1781 2750 1956 2800 pervenit
1974 2751 2023 2788 ad
2042 2750 2268 2799 insensibile,
2289 2753 2395 2806 quod
2415 2751 2552 2803 putant

1483 2817 1565 2842 esse
1595 2817 1674 2843 non
1694 2817 1772 2851 ens,
1795 2805 2006 2842 secundum
2035 2805 2188 2842 tertium
2218 2806 2380 2844 modum
2400 2806 2550 2856 supra*

1482 2858 1666 2908 positum;
1688 2857 1855 2895 similiter
1874 2857 2003 2895 dicunt
2021 2857 2163 2907 aliquid
2190 2859 2372 2906 generari,
2393 2859 2548 2908 quando

1483 2924 1527 2948 ex
1556 2911 1762 2948 insensibili
1783 2919 1819 2948 et
1837 2923 1916 2948 non
1936 2918 2021 2948 ente
2037 2912 2058 2933 ¹⁸
2077 2911 2252 2961 pervenit
2270 2912 2320 2949 ad
2339 2912 2415 2949 hoc
2442 2913 2549 2962 quod

1479 3065 1626 3095 generatur
1644 3063 1763 3088 existens
1776 3063 1822 3087 Ca.
1836 3076 1855 3081 -
1867 3063 1891 3087 Α
1905 3070 1959 3088 om.
1975 3063 2011 3088 Et
2029 3062 2089 3088 ideo
2108 3063 2193 3088 ista...
2208 3063 2353 3089 secundum
2367 3063 2440 3096 quid,
2455 3063 2549 3091 homo-

1481 3098 1603 3123 teleuton.

1533 3132 1558 3165 ζ)
1578 3132 1811 3158 substantialem...
1826 3133 1923 3166 accipit
1935 3133 2066 3167 sormam.
2079 3147 2098 3152 -
2107 3134 2164 3159 Hoc
2179 3132 2376 3160 homoteleuton
2395 3142 2449 3160 om.
2463 3134 2548 3165 Peab,

1481 3175 1534 3201 quo
1552 3167 1619 3193 facto
1639 3169 1771 3194 conclusio
1790 3176 1881 3194 manca
1899 3169 1992 3194 evadit.
2538 3173 2544 3176 “

1533 3203 1560 3236 η)
1582 3204 1611 3228 In
1631 3204 1752 3229 omnibus
1770 3207 1867 3234 tamen,
1882 3204 1990 3230 scilic-et.
2008 3218 2027 3223 -
2046 3204 2097 3229 Pro
2116 3207 2214 3234 tamen,
2227 3207 2317 3230 autem
2332 3205 2367 3236 Α;
2381 3205 2482 3231 seilicet
2493 3212 2548 3231 orn.

1481 3239 1572 3269 PCab,·
1590 3239 1622 3264 cf.
1636 3244 1742 3264 textum.
1758 3253 1778 3259 -
1797 3240 1853 3265 Lin.
1868 3247 1924 3273 seq.
1943 3247 1991 3272 pro
2009 3240 2156 3273 gener-atla,
2170 3240 2299 3274 gener-ari
2316 3240 2410 3270 PCabJ
2426 3245 2487 3274 post
2503 3248 2548 3267 orn

1481 3274 1582 3303 dinem,
1602 3275 1638 3300 Pb
1656 3282 1710 3300 om.
1723 3276 1836 3308 primum
1850 3276 1891 3300 vel
1909 3280 1935 3300 et
1947 3276 2057 3300 alterum
2075 3276 2144 3301 entis
2149 3282 2158 3305 ‚·
2172 3275 2211 3300 Ca
2223 3276 2327 3308 legunt:
2343 3275 2465 3302 ordinem
2479 3276 2549 3302 entis

1480 3310 1518 3335 ad
1535 3317 1581 3335 ens
1600 3314 1627 3335 et
1644 3311 1712 3336 entis
1729 3311 1767 3336 ad
1781 3312 1930 3344 perfectum
1949 3310 1987 3336 ad
2005 3311 2043 3343 (et
2061 3311 2092 3343 C)
2112 3311 2304 3345 imperfectum.

1534 3343 1558 3377 0)
1579 3346 1800 3372 universaliter...
1813 3346 1978 3372 substantiis.
1995 3360 2015 3366 -
2033 3346 2221 3372 universaliter
2235 3350 2263 3372 et
2279 3347 2360 3372 etiam
2380 3346 2406 3372 in
2425 3347 2548 3372 substan-

1481 3381 1525 3406 tiis
1543 3381 1578 3411 A,
1604 3382 1675 3414 quod
1694 3382 1800 3415 propius
1825 3382 1856 3407 ad
1876 3387 1973 3407 textum
1992 3381 2101 3413 accedit;
2121 3390 2169 3416 pro
2194 3382 2221 3407 in
2244 3382 2412 3413 substantiis,
2437 3382 2470 3408 de
2487 3382 2548 3408 sub-

1480 3416 1586 3442 stantiis
1607 3417 1636 3442 C.
2515 3425 2518 3427 ·

1535 3451 1553 3483 ι)
1573 3459 1708 3485 nunquam
1761 3452 1838 3478 unius
1843 3452 1962 3487 formae.
1974 3466 1993 3472 —
2005 3447 2058 3478 non
2077 3453 2147 3479 enim
2163 3452 2278 3479 materia
2297 3456 2336 3479 est
2350 3460 2417 3486 quae
2430 3453 2478 3479 sub
2486 3452 2548 3486 pri-

1481 3487 1587 3512 vatione
1606 3487 1683 3513 unius
1703 3489 1744 3513 ed.
1756 3495 1785 3518 a,
1802 3495 1854 3513 non
1869 3489 1939 3513 enim
1959 3488 1985 3513 in
2001 3488 2065 3521 ipsis
2077 3488 2233 3514 substantiis
2247 3489 2361 3514 materia
2375 3491 2419 3515 ‘est
2431 3489 2479 3514 sub
2486 3488 2549 3521 pri-

1481 3523 1587 3548 vatione
1606 3523 1683 3548 unius
1702 3523 1736 3555 C;
1757 3524 1833 3548 etiam
1853 3523 1868 3548 b
1886 3531 1939 3549 om.
1956 3524 2070 3555 formae.
2088 3538 2108 3543 -
2126 3523 2289 3557 diaphoniam
2308 3531 2362 3549 om.
2376 3525 2408 3550 A.

1535 3558 1560 3590 κ)
1580 3558 1651 3591 quod
1668 3559 1794 3591 supponit
1807 3559 1832 3584 in
1847 3559 1896 3584 hoc
1907 3559 1979 3592 quod
1998 3559 2079 3589 dixit,
2094 3559 2167 3592 quod
2179 3559 2327 3592 generatio.
2340 3573 2360 3578 -
2373 3559 2400 3584 in
2414 3558 2464 3584 hoc
2475 3557 2548 3591 quod

1481 3593 1556 3618 dixit
1564 3601 1617 3618 om.
1629 3594 1664 3624 A}
1675 3601 1722 3626 pro
1736 3594 1808 3626 quod
1819 3594 1966 3627 generatio,
1981 3601 2065 3627 quare
2077 3594 2216 3627 generatio
2230 3594 2340 3620 PCab.-
2349 3595 2372 3619 Α
2385 3598 2445 3627 post
2457 3593 2547 3619 dicens

1481 3629 1558 3661 quia,
1577 3636 1631 3654 om.
1643 3630 1813 3661 corruptio...
1828 3637 1866 3655 ex
1883 3630 1998 3655 aliorum
2017 3629 2141 3662 opinione
2158 3629 2229 3662 quia.

2578 1803 2719 1826 ‘secudum
2725 1803 2782 1826 »cab

2579 1912 2591 1924 ⁹
2605 1896 2706 1935 aucuia
2721 1917 2742 1934 c.

2682 2022 2691 2038 t

2576 2445 2588 2456 ⁶
2601 2443 2673 2466 Nam.
2684 2450 2760 2472 praec.

2576 2818 2590 2865 ζ]
2614 2843 2629 2866 ⁶
2648 2819 2665 2839 t.
2682 2816 2780 2845 praeced

2576 2932 2587 2941 ⁸
2602 2936 2655 2953 ene
2667 2930 2736 2953 trab.
