2690 4062
1032 221 1145 257 CAP.
1173 220 1243 267 VI,
1273 220 1426 257 LECT.
1455 220 1525 257 VII

187 296 316 340 generis
332 304 381 329 est
400 296 510 328 minus
528 295 633 329 calido
649 295 850 340 (secundum
874 296 964 341 quod
986 308 1023 330 ea
1040 309 1122 342 quae
1141 297 1262 331 habent

189 339 329 374 eandem
351 340 521 372 materiam
546 339 700 373 dicuntur
724 351 795 373 esse
818 341 918 373 unius
937 342 1077 384 generis,
1094 351 1126 375 et
1141 341 1263 375 habent

189 396 224 418 se
240 384 326 417 sicut
340 385 476 417 materia
493 383 534 417 ad
549 383 763 428 subiectum),
779 393 812 417 et
826 383 958 417 habebit
973 386 1135 419 rationem
1151 386 1261 426 talem,

188 429 275 462 sicut
290 427 509 479 comparabile
526 428 560 460 in
577 437 720 472 quanto:
743 440 826 472 quae
843 438 892 462 est
907 429 990 462 ratio
1006 431 1166 470 univoca;
1182 442 1262 473 ergo

189 481 222 506 et
237 481 373 506 materia
392 481 441 505 est
459 483 544 512 una;
591 483 712 505 uorum
736 482 847 505 autem
870 474 1006 506 materia
1025 482 1074 506 est
1092 485 1169 514 una,
1185 483 1263 507 sunt

189 516 375 551 adinvicem
390 525 571 549 transmuta
596 515 659 549 ilia.
677 516 810 550 Falsum
827 525 876 550 est
891 528 971 560 ergo
988 517 1079 561 quod
1094 518 1173 551 dicit
1189 519 1264 551 Em-

213 560 357 601 edocles,
381 560 472 605 quod
499 559 661 605 elementa
688 572 758 593 non
781 569 1041 594 transmutantur
1067 561 1261 595 adinvicem.

189 572 226 639 gi
242 605 316 650 quis
339 616 419 649 ergo
444 604 618 648 diligenter
640 604 797 645 advertat,
821 613 890 638 tota
913 606 1016 638 virtus
1036 606 1177 639 istorum
1192 617 1263 639 ver-

189 649 309 683 borum
325 658 375 682 est
390 650 424 682 in
440 648 517 690 hoc,
533 648 625 693 quod
648 660 686 682 ea
705 660 789 693 quae
810 658 1052 694 comparantur,
1069 650 1138 683 sive
1154 651 1263 694 primo

189 693 293 727 modo
317 694 387 727 sive
410 693 576 733 secundo,
604 692 726 726 habent
749 693 888 727 eandem
910 694 1103 734 materiam3
1127 703 1160 727 et
1187 693 1264 727 talia

189 739 376 772 necessario
399 747 477 771 sunt
499 737 670 771 mutabilia
693 746 730 770 ut
754 737 879 771 dictum
903 747 962 771 est.

247 780 313 816 Sed
340 782 470 816 videtur
500 781 591 827 quod
621 781 710 815 istud
742 782 834 826 quod
863 781 943 816 dicit
972 781 1199 826 Philosophus
1223 783 1265 815 sit

189 826 320 860 falsum.
351 826 492 860 Constat
514 827 604 860 enim
628 826 719 870 quod
743 827 906 871 quantitas
931 835 1034 860 terrae
1062 835 1095 860 et
1123 826 1264 860 aliorum

190 871 432 905 elementorum
451 879 501 904 est
519 870 750 915 comparabilis
773 872 946 916 quantitati
970 871 1149 912 stellarum,
1172 880 1204 904 et
1219 880 1263 904 ta-

189 926 268 949 men
282 926 353 948 non
368 923 418 948 est
434 915 550 948 eadem
562 916 698 948 materia
714 924 943 960 utrorumque,
961 924 997 949 ut
1012 915 1131 949 dicitur
1146 916 1181 948 in
1197 916 1265 949 XII

189 959 360 1005 Metapbys.
385 960 556 993 Praeterea
580 959 747 993 dubitatur
771 959 811 993 de
835 959 915 994 alio:
944 971 1014 993 non
1037 961 1126 993 enim
1151 961 1264 994 omnia

190 1003 423 1048 comparabilia
446 1004 632 1038 adinvicem
663 1004 848 1038 secundum
877 1005 1060 1048 potentiam
1086 1004 1140 1038 vel
1166 1005 1266 1038 virtu-

190 1057 269 1089 tem,
293 1049 541 1082 communicant
571 1049 606 1082 in
633 1049 777 1082 materia.
807 1049 898 1092 Ignis
926 1050 1015 1082 enim
1047 1058 1079 1082 et
1109 1048 1160 1082 sol
1189 1057 1266 1082 sunt

190 1092 429 1138 comparabiles
452 1094 486 1127 in
510 1092 722 1127 calefactione
745 1093 930 1127 secundum
953 1094 1058 1137 magis
1082 1102 1115 1126 et
1137 1093 1266 1133 minus,

190 1145 225 1171 et
238 1145 350 1171 tamen
365 1148 436 1171 non
459 1138 708 1171 communicant
730 1138 766 1171 in
788 1138 935 1178 materia,
960 1146 997 1170 ut
1020 1137 1145 1171 dictum
1169 1146 1227 1170 est.

243 1181 300 1217 Ad
319 1182 572 1226 primumrergo
601 1181 779 1215 dicendum
806 1190 856 1216 est
878 1181 1063 1215 secundum
1083 1181 1264 1226 quosdam,

213 1225 287 1260 u'od
306 1237 376 1259 non
399 1225 548 1271 loquitur
571 1226 625 1260 hic
641 1225 867 1271 Philosophus
887 1225 928 1260 de
944 1226 1125 1271 quantitate
1146 1237 1266 1259 secun-

191 1237 272 1305 dum
288 1271 534 1311 extensionem,
558 1270 617 1304 sed
641 1270 681 1304 de
706 1271 887 1315 quantitate
910 1269 1095 1304 secundum
1119 1269 1267 1303 substan-

190 1314 281 1350 tiam.
298 1314 342 1349 Et
362 1314 429 1348 hoc
451 1314 614 1359 significat
644 1326 722 1348 cum
745 1314 847 1356 dixit,
875 1314 990 1348 decem
1013 1313 1159 1358 pugillos
1183 1315 1265 1347 aeris

190 1369 263 1393 esse
284 1359 436 1404 aequales
461 1360 519 1393 uni
542 1371 588 1404 pu
613 1358 671 1392 illo
695 1371 816 1404 aquae:
841 1367 919 1392 sunt
941 1359 1031 1392 enim
1054 1358 1207 1403 aequales
1231 1359 1265 1392 in

190 1403 338 1444 materia,
346 1404 424 1448 quia
439 1404 591 1438 tantumi
614 1404 688 1437 iest
699 1403 740 1437 de
755 1403 891 1437 materia
909 1411 1071 1448 quantum
1090 1402 1160 1444 hic;
1176 1402 1265 1436 unde

192 1458 270 1483 cum
286 1449 535 1482 communicent
549 1448 585 1482 in
599 1449 746 1488 materia,
762 1448 948 1481 necessario
964 1447 1150 1481 adinvicem
1166 1456 1267 1480 trans-

191 1501 370 1529 mutantur.
396 1492 490 1527 Talis
505 1501 617 1526 autem
633 1492 837 1536 comparatio
852 1503 923 1525 non
938 1500 988 1525 est
1003 1492 1088 1525 inter
1103 1491 1265 1525 elementa

191 1545 226 1571 et
247 1536 398 1572 caelestia
425 1549 483 1571 cor
506 1548 574 1571 ora.
599 1536 663 1570 Vel
687 1535 866 1570 dicendum
895 1535 988 1581 quod
1018 1535 1100 1570 haec
1129 1547 1264 1581 compa-

190 1581 276 1617 ratio
298 1590 350 1616 est
365 1593 468 1615 secun
492 1593 551 1614 um
573 1592 684 1614 rarum
707 1589 741 1614 et
763 1580 921 1614 densum:
946 1592 1023 1614 nam
1046 1591 1106 1625 per
1124 1579 1189 1614 hoc
1211 1592 1266 1614 va-

191 1626 274 1660 tiata
291 1626 437 1666 materia,
460 1625 623 1660 elementa
646 1624 687 1659 ad
706 1637 742 1659 se
765 1626 908 1659 invicem
931 1634 1199 1659 transmutantur.
1224 1625 1267 1659 Et

190 1678 329 1704 vocatur
359 1669 440 1704 haec
469 1670 673 1714 comparatio
701 1669 886 1703 secundum
919 1669 1156 1714 quantitatem:
1189 1670 1266 1714 quia

191 1725 303 1749 rarum
318 1723 352 1749 et
367 1714 508 1748 densum
531 1726 601 1748 non
625 1713 750 1748 addunt
773 1726 811 1747 su
837 1726 873 1748 er
894 1723 1002 1759 partes
1018 1714 1173 1747 materiae
1190 1725 1267 1759 qua-

191 1758 317 1794 litatem
340 1771 425 1804 quae
448 1759 665 1793 essentialiter
687 1759 729 1792 sit
752 1770 817 1804 qua
830 1759 890 1792 itas
904 1783 913 1799 ‚
946 1758 1005 1792 sed
1027 1759 1139 1803 potius
1163 1759 1265 1792 situm

191 1804 227 1838 in
242 1803 389 1849 partibus
407 1805 574 1845 materiae,
587 1803 628 1837 ad
644 1803 882 1837 distensionem
905 1815 964 1848 per
982 1803 1143 1836 maiorem
1159 1811 1192 1836 et
1208 1804 1267 1836 mi-

190 1847 309 1883 norem
325 1849 551 1893 quantitatem.
563 1867 582 1873 -
595 1847 648 1882 Ad
663 1847 847 1882 secundum
870 1859 950 1881 vero
967 1847 1154 1888 dicendum,
1175 1847 1266 1892 quod

191 1891 345 1937 intelligit
373 1892 599 1937 Philosophus
627 1891 668 1926 de
699 1891 750 1925 his
774 1904 858 1937 quae
887 1900 1119 1937 comparantur
1147 1903 1264 1925 secun-

192 1936 275 1973 dum
298 1937 489 1982 qualitatem
512 1937 565 1970 vel
587 1937 744 1970 virtutem
768 1937 910 1970 univoce
934 1945 1102 1981 acceptam
1122 1937 1156 1969 in
1176 1945 1266 1970 utro-

191 1993 275 2028 que:
299 1981 372 2015 talis
388 1991 500 2015 autem
523 1993 592 2015 non
616 1990 665 2015 est
688 1982 791 2015 virtus
809 1980 997 2014 calefactiva
1017 1980 1096 2014 solis
1112 1990 1145 2014 et
1164 1981 1265 2025 ignis;

192 2035 226 2060 et
247 2025 324 2060 ideo
348 2035 452 2060 cessat
475 2025 629 2060 obiectio.

246 2080 277 2114 5.
301 2070 432 2105 Deinde
451 2082 528 2104 cum
548 2070 642 2104 dicit:
668 2070 724 2104 Sed
739 2081 832 2115 neque
847 2070 1051 2114 augmentatio
1067 2078 1139 2110 etc.,
1158 2079 1267 2114 repro-

191 2114 248 2150 bat
269 2114 470 2160 praedictam
495 2115 690 2160 opinionem
704 2140 713 2155 ,
737 2114 932 2149 deducendo
956 2114 997 2148 ad
1020 2114 1082 2147 alia
1106 2115 1264 2147 inconve-

191 2159 332 2201 nientia;
355 2169 390 2193 et
404 2168 482 2193 sunt
498 2159 576 2194 duo.
599 2160 750 2193 Primum
770 2168 819 2193 est
836 2158 927 2204 quod
948 2158 1029 2192 haec
1049 2159 1164 2203 opinio
1180 2157 1267 2191 tollit

193 2213 420 2249 augmentum.
438 2205 515 2238 Hoc
527 2205 574 2238 sic
587 2203 746 2238 ostendit:
763 2204 840 2248 quia
857 2204 884 2237 si
901 2202 1063 2236 elementa
1079 2214 1149 2236 non
1165 2212 1267 2236 trans-

191 2257 373 2290 mutantur,
392 2257 472 2282 tunc
495 2257 628 2293 oportet
651 2248 743 2293 quod
766 2259 872 2281 unum
896 2246 1034 2281 addatur
1057 2247 1160 2288 alteri,
1181 2247 1266 2280 sicut

191 2293 276 2338 lapis
291 2292 409 2338 lapidi3
433 2292 499 2327 hoc
518 2302 630 2327 autern
649 2301 699 2326 est
715 2292 877 2337 quaedam
900 2292 1132 2332 accumulatio,
1149 2300 1181 2325 et
1196 2303 1266 2324 non

193 2346 244 2372 est
266 2346 498 2382 augmentum,
521 2349 630 2382 neque
653 2337 838 2370 secundum
862 2348 920 2370 eos
948 2348 1056 2381 neque
1080 2335 1265 2370 secundum

191 2393 277 2416 nos:
309 2383 386 2427 quia
413 2391 546 2427 oportet
573 2381 664 2427 quod
694 2381 727 2415 id
756 2393 815 2426 per
846 2380 936 2426 quod
966 2389 1184 2425 augmentum
1207 2379 1265 2421 fit,

191 2435 429 2462 transmutetur
461 2428 495 2460 in
523 2438 564 2460 au
589 2435 788 2467 mentatum;
818 2437 927 2470 neque
955 2426 1054 2459 etiam
1082 2424 1266 2458 secundum

193 2483 271 2506 eum
295 2472 352 2517 qui
375 2471 466 2512 dixit,
513 2482 558 2504 uo
605 2470 687 2504 illud
711 2470 802 2515 quod
825 2478 974 2514 augetur,
997 2478 1136 2513 augetur
1155 2468 1266 2502 solum

193 2527 213 2551 a
235 2527 298 2550 suo
322 2516 436 2557 simili,
460 2527 506 2549 sci
521 2517 585 2550 icet
608 2516 693 2559 ignis
717 2523 856 2559 augetur
879 2515 972 2558 igne,
997 2522 1030 2547 et
1052 2513 1266 2558 unumquod-

194 2573 258 2607 que
279 2560 370 2606 quod
389 2569 538 2605 augetur,
557 2569 696 2604 augetur
718 2571 778 2604 per
797 2558 932 2604 aliquod
952 2559 1003 2592 sui
1022 2559 1163 2603 generis,
1181 2559 1266 2591 sicut

193 2605 305 2640 aether
328 2614 468 2649 augetur
490 2604 636 2639 aethere:
664 2603 738 2637 talis
766 2613 877 2637 autem
901 2604 1114 2647 congregatio
1139 2611 1188 2636 est
1211 2614 1266 2636 eo-

193 2649 335 2684 rundem
364 2650 571 2683 manentium
602 2650 636 2682 in
667 2648 783 2682 forma.
815 2649 880 2683 Res
904 2657 1015 2681 autem
1045 2659 1115 2681 non
1144 2648 1190 2680 sic
1214 2647 1264 2680 vi-

194 2693 314 2729 dentur
336 2694 466 2738 augeri,
490 2703 528 2727 ut
550 2705 650 2738 supra
672 2694 708 2726 in
731 2694 840 2738 primo
865 2701 1037 2726 ostensum
1061 2701 1119 2725 est.

250 2741 281 2772 6.
307 2738 499 2773 Secundum
522 2739 759 2772 inconveniens
791 2738 886 2782 ponit
905 2736 966 2770 ibi:
997 2737 1138 2770 Multum
1164 2742 1266 2769 autem

194 2783 343 2836 difficilius
359 2792 432 2824 etc.,
445 2792 478 2817 et
496 2791 546 2816 est
562 2782 653 2828 quod
669 2782 750 2816 haec
767 2783 883 2827 opinio
899 2781 985 2815 tollit
1001 2781 1265 2825 generationem,

195 2827 308 2862 d1cens
343 2827 434 2872 quod
465 2827 610 2861 multum
640 2835 690 2860 est
721 2826 886 2860 difficilius
914 2825 1040 2859 tradere
1071 2824 1196 2870 aliquid
1225 2824 1265 2858 de

159 2902 162 2903 γ
194 2873 406 2917 generatione
430 2871 614 2906 secundum
637 2880 806 2912 naturam,
830 2872 858 2904 si
882 2870 1044 2904 elementa
1067 2881 1134 2903 non
1160 2878 1264 2902 trans-

194 2925 364 2951 mutantur
387 2916 581 2951 adinvicem.
608 2916 697 2950 Cum
721 2916 810 2949 enim
834 2927 872 2949 ea
896 2926 979 2960 quae
1003 2923 1201 2958 generantur
1219 2925 1267 2947 se-

195 2961 343 2995 cundum
365 2970 534 3002 naturam,
562 2969 760 3005 generentur
783 2959 902 2994 eodem
925 2959 1028 2992 modo
1052 2970 1183 3003 semper
1210 2967 1267 2991 aut

193 3005 402 3051 frequenter,
434 3017 473 3039 ea
500 3015 611 3039 autem
635 3017 719 3050 quae
742 3013 871 3049 praeter
898 3003 1042 3036 multum
1073 3012 1106 3036 et
1135 3014 1267 3047 semper

193 3049 279 3084 fiunt
301 3059 334 3084 et
356 3062 449 3091 raro,
479 3049 564 3083 fiunt
587 3049 627 3083 ab
651 3058 771 3083 eventu
803 3058 836 3082 et
858 3047 990 3082 fortuna
1015 3058 1043 3088 ε,
1066 3059 1136 3080 non
1155 3056 1266 3092 potest

193 3094 287 3129 reddi
311 3106 409 3128 causa
432 3106 532 3140 quare
561 3105 692 3138 semper
719 3105 759 3127 ex
782 3093 918 3127 homine
941 3101 1116 3136 generetur
1138 3092 1242 3125 homo
1255 3116 1264 3132 ,

194 3147 228 3173 et
250 3151 350 3184 quare
374 3151 504 3184 semper
535 3150 575 3172 ex
602 3138 769 3172 frumento
799 3145 975 3182 generetur
1003 3135 1206 3170 frumentum
1234 3144 1266 3168 et

193 3195 264 3217 non
287 3183 391 3217 oliva:
421 3194 552 3228 semper
575 3184 664 3216 enim
688 3190 881 3226 generatum
904 3190 954 3214 est
977 3181 1012 3213 in
1035 3180 1141 3214 forma
1164 3191 1264 3224 gene-

193 3228 316 3269 rantis,
345 3229 409 3261 nisi
432 3236 605 3272 peccatum
628 3235 763 3260 naturae
787 3234 922 3270 propter
946 3224 1111 3259 defectum
1134 3224 1199 3257 fiat.
1231 3224 1266 3257 Si

195 3281 306 3306 autem
330 3273 373 3305 sit
403 3281 440 3305 ut
471 3271 550 3305 dicit
573 3270 808 3315 Empedocles,
836 3269 961 3302 scilicet
988 3268 1078 3313 quod
1103 3268 1265 3301 elementa

194 3328 264 3350 non
280 3317 347 3350 sint
363 3315 633 3355 transmutabilia,
657 3314 836 3359 aequaliter
858 3322 969 3357 potest
987 3313 1134 3357 generari
1150 3324 1191 3345 ex
1205 3312 1265 3345 ho-

249 3493 271 3527 ε)
291 3500 323 3519 ea
334 3496 424 3518 autem
439 3497 539 3525 quae...
552 3492 678 3526 for-tuna.
690 3504 710 3511 -
721 3497 753 3516 ea
766 3493 856 3515 autem
870 3497 937 3522 quae
947 3493 1059 3522 praeter
1069 3490 1145 3522 fiunt
1157 3492 1184 3514 et
1197 3495 1262 3513 raro

188 3530 227 3564 fit
245 3529 292 3562 (fit
303 3537 357 3554 om.
371 3529 401 3562 C)
415 3529 448 3553 ab
467 3531 561 3553 eventu
580 3531 607 3552 et
617 3528 737 3560 fortuna
756 3527 808 3555 Ca,·
822 3526 853 3551 B.
865 3525 1003 3550 Albertus:
1020 3534 1033 3547 α
1046 3532 1076 3549 ea
1095 3529 1182 3549 autem
1196 3531 1263 3557 quae

196 3570 258 3590 sunt
275 3569 378 3598 praeter
395 3571 501 3597 semper
519 3568 563 3588 aut
581 3563 707 3593 multum,
726 3562 793 3586 sicut
812 3569 842 3586 ea
861 3568 929 3593 quae
947 3560 1013 3585 fiunt
1031 3568 1098 3589 rai-0.
1118 3560 1150 3585 ab
1169 3564 1263 3585 eventu

196 3599 270 3631 fiunt,
290 3601 344 3626 sive
363 3608 433 3631 casu,
453 3604 479 3624 et
497 3607 512 3624 a
530 3599 664 3624 fortuna.»
684 3598 752 3622 Ante
771 3604 823 3622 non
838 3599 930 3629 potest
948 3596 968 3620 P
988 3596 1057 3621 addit
1077 3596 1120 3621 Et.

2303 235 2388 260 XLIII

1317 298 1407 330 mine
1431 298 1543 330 asinus
1567 306 1600 331 et
1623 297 1748 331 homo:
1782 299 1858 343 quia
1894 307 2072 343 utrumque
2101 311 2217 332 eorum
2248 311 2316 333 non
2340 310 2389 333 est

1317 342 1381 375 nisi
1406 353 1469 375 con
1510 343 1619 386 egatio
1647 342 1910 382 elementorum,
1941 351 1974 376 et
1996 342 2099 376 homo
2132 355 2291 387 generans
2319 356 2388 378 non

1317 386 1440 419 habens
1477 398 1623 426 ormam,
1647 398 1717 419 non
1740 386 1867 420 inducit
1890 386 2031 420 formam
2055 388 2089 420 in
2119 397 2274 430 generato
2288 415 2297 429 ‚
2327 400 2388 421 nec

1318 431 1473 464 convenit
1497 442 1574 463 cum
1597 442 1638 464 eo
1662 432 1697 463 in
1720 430 1836 464 forma.
1860 431 1930 464 Aut
1952 431 1980 464 si
2004 442 2042 464 os
2071 440 2103 464 et
2127 443 2202 464 caro
2227 433 2271 465 ita
2295 444 2387 466 com-

1318 484 1494 518 ponantur,
1514 474 1637 508 scilicet
1660 487 1718 519 per
1742 474 1907 536 quandam
1931 475 2229 509 accumulationem
2246 475 2387 510 elemen-

1317 528 1428 552 torum
1452 520 1721 552 convenientium
1786 521 1871 553 sicut
1894 519 1948 553 ille
1972 519 2061 560 dicit,
2081 529 2159 553 tunc
2183 520 2264 553 nihil
2287 533 2387 564 gene-

1318 572 1428 603 ratur,
1459 563 1517 596 sed
1541 564 1575 596 in
1598 563 1649 596 his
1681 575 1764 608 quae
1792 573 1992 607 generantur
2019 573 2068 597 est
2096 563 2205 597 solum
2229 566 2312 598 ratio
2336 566 2388 598 vel

1318 606 1432 639 relatio
1457 607 1581 651 aliqua,
1605 619 1674 641 non
1699 608 1834 652 quidem
1857 608 1972 642 relatio
1995 609 2189 648 mixtorum,
2214 608 2271 642 sed
2296 621 2388 642 com-

1319 651 1515 694 positorum.
1542 652 1639 692 Quae
1663 653 1764 696 igitur
1786 661 1835 686 est
1859 664 1956 686 causa
1979 653 2130 693 istorum,
2154 652 2245 697 quod
2269 665 2309 685 ex
2330 653 2389 687 ho-

1319 695 1408 727 mine
1424 705 1598 738 generetur
1622 696 1724 729 homo
1749 708 1880 740 semper
1902 705 1959 730 aut
1977 696 2175 741 frequenter,
2192 706 2224 730 et
2240 698 2390 731 similiter

1319 751 1359 772 ex
1376 738 1548 772 *frumento
1577 739 1779 773 frumentum
1793 767 1801 781 ,
1833 750 1866 774 et
1892 752 1961 774 non
1985 741 2099 774 oliva?
2132 742 2277 775 Istorum
2301 743 2389 775 enim

1320 794 1418 816 causa
1444 794 1514 816 non
1545 792 1653 827 potest
1676 796 1747 817 esse
1780 785 1865 828 ignis
1896 794 1952 821 aut
1982 794 2088 819 terra:
2120 787 2197 830 quia
2228 786 2289 819 ista
2313 795 2390 819 sunt

1320 828 1482 860 contraria
1505 828 1540 860 in
1564 827 1708 872 qualibet
1732 830 1984 873 compositione.
2007 829 2163 863 Similiter
2185 841 2247 863 nec
2270 829 2310 863 lis
2329 842 2390 864 nec

1319 872 1472 912 amicitia,
1491 883 1572 916 quas
1589 871 1806 916 Empedocles
1830 874 1942 917 posuit
1961 885 2032 907 esse
2052 874 2120 907 duo
2139 875 2302 919 principia
2318 886 2389 908 mo-

1320 915 1407 956 bilia,
1432 925 1574 960 possunt
1597 927 1667 949 esse
1692 928 1788 949 causa
1812 917 1942 951 horum.
1966 919 2121 952 Amicitia
2144 919 2232 952 enim
2253 930 2323 952 non
2342 928 2391 952 est

1321 971 1419 993 causa
1441 961 1505 993 nisi
1532 961 1796 1004 congregationis
1823 963 1852 1002 ζ,
1876 961 1916 994 lis
1940 971 2050 995 autem
2077 962 2185 996 solum
2219 972 2269 997 est
2293 975 2390 997 causa

2415 528 2426 539 ⁸
2445 528 2631 556 contingentium
2673 547 2675 549 .

2416 554 2453 576 ed.
2468 560 2491 576 a.

1320 1016 1413 1048 segre
1438 1005 1576 1045 ationis;
1600 1004 1658 1038 sed
1682 1014 1836 1039 neutrum
1859 1005 1980 1039 horum
2008 1015 2058 1040 est
2083 1006 2188 1040 forma
2207 1009 2275 1048 rei,
2306 1019 2390 1052 quae
2421 1005 2425 1008 ’

1320 1048 1397 1082 facit
1445 1049 1592 1082 ominem
1616 1060 1687 1082 esse
1711 1049 1900 1090 hominem,
1931 1059 1963 1083 et
1987 1062 2117 1084 carnem
2141 1063 2212 1085 esse
2236 1064 2388 1085 carnem:

1320 1092 1427 1126 forma
1450 1093 1540 1126 enim
1570 1102 1620 1126 est
1650 1093 1832 1127 substantia
1863 1095 2124 1140 uniuscuiusque
2133 1108 2142 1136 ;
2167 1105 2200 1129 et
2217 1096 2297 1130 ideo
2321 1108 2391 1130 non

1321 1136 1432 1170 solum
1450 1138 1485 1170 in
1504 1149 1538 1170 re
1559 1147 1609 1170 est
1632 1138 1760 1178 mixtio,
1784 1137 1868 1171 idest
1892 1140 2090 1183 compositio
2115 1149 2391 1184 congregatorum

1321 1190 1362 1214 et*
1377 1182 1540 1225 separatio
1564 1193 1681 1215 eorum
1695 1207 1703 1223 ‚
1732 1183 1817 1215 sicut
1840 1182 1919 1216 dicit
1942 1183 2182 1228 Empedocles,
2210 1184 2269 1218 sed
2291 1185 2390 1218 etiam

1321 1234 1371 1259 est
1393 1225 1510 1259 forma.
1546 1226 1586 1260 In
1617 1225 1672 1259 tali
1703 1238 1782 1270 ergo
1814 1228 2070 1271 congregatione
2101 1237 2133 1261 et
2164 1230 2390 1273 segregatione

1320 1279 1470 1304 narratur
1492 1269 1531 1304 ab
1556 1270 1758 1315 Empedocle
1782 1270 1934 1312 fortuna,
1966 1281 1999 1305 et
2025 1283 2094 1305 non
2122 1273 2205 1306 ratio
2234 1285 2318 1318 quae
2342 1282 2391 1306 est

1321 1323 1452 1359 sumpta
1468 1326 1487 1348 a
1504 1314 1618 1348 forma.
1643 1315 1733 1348 Dicit
1752 1316 1840 1348 enim
1865 1315 1955 1360 quod
1978 1317 2094 1349 mixtio
2114 1316 2151 1349 fit
2165 1326 2202 1350 ut
2219 1318 2390 1361 contingit,

1321 1358 1405 1393 idest
1433 1371 1451 1392 a
1475 1370 1550 1392 casu
1583 1368 1615 1392 et
1646 1358 1799 1400 fortuna,
1832 1371 1908 1393 cum
1940 1369 2050 1394 tamen
2080 1370 2196 1394 natura
2227 1374 2310 1406 quae
2342 1370 2392 1395 est

1322 1403 1445 1443 forma,
1469 1404 1511 1436 sit
1535 1415 1632 1436 causa
1655 1405 1798 1437 entium:
1831 1415 1930 1448 quare
1955 1405 1998 1437 ita
2029 1417 2063 1438 se
2087 1404 2205 1446 habet,
2237 1406 2327 1451 quod
2351 1405 2390 1439 ab

1321 1447 1458 1481 homine
1482 1459 1551 1481 sem
1577 1459 1612 1481 er
1634 1447 1687 1481 vel
1710 1447 1757 1481 fre
1782 1457 1898 1481 uenter
1920 1458 2095 1492 generatur
2117 1449 2231 1483 homo.
2261 1449 2326 1483 Sed
2350 1450 2390 1484 de

1321 1491 1382 1525 hac
1398 1491 1504 1525 forma
1519 1504 1559 1525 ve
1591 1501 1707 1525 natura
1730 1493 1763 1525 ni
1790 1492 1812 1525 il
1837 1492 1916 1526 dicit
1939 1493 2167 1537 Empedocles,
2188 1505 2263 1527 cum
2280 1503 2391 1528 tamen

1321 1537 1392 1580 ipsa
1415 1545 1541 1577 natura,
1559 1547 1643 1580 quae
1663 1535 1782 1570 dicitur
1805 1536 1928 1577 forma,
1956 1538 1998 1570 sit
2021 1537 2146 1571 bonum
2171 1547 2203 1571 et
2226 1539 2391 1583 optimum

1321 1581 1582 1625 uniuscuiusque
1606 1581 1664 1620 rei,
1684 1580 1811 1614 bonum
1836 1581 1971 1625 quidem
1994 1582 2028 1614 in
2052 1594 2098 1623 se,
2122 1590 2154 1615 et
2173 1583 2338 1626 optimum
2357 1583 2391 1616 in

1322 1624 1437 1659 ordine
1456 1625 1612 1658 universi.
1630 1624 1758 1658 Laudat
1777 1634 1886 1659 autem
1904 1625 2122 1670 Empedocles
2139 1626 2247 1660 solum
2264 1627 2392 1660 mixtio-

1321 1681 1410 1710 nem,
1427 1681 1511 1714 quae
1527 1670 1562 1702 in
1578 1669 1624 1702 rei
1641 1670 1775 1703 veritate
1799 1681 1867 1703 non
1887 1679 1935 1703 est
1961 1671 2076 1703 mixtio
2092 1670 2149 1704 sed
2166 1670 2276 1704 solum
2293 1683 2391 1716 quae-

1321 1713 1397 1748 dam
1415 1714 1633 1758 compositio:
1658 1715 1735 1758 quia
1752 1714 1842 1758 quod
1859 1714 2019 1748 elementa
2040 1724 2252 1759 segregentur
2267 1727 2285 1748 a
2302 1727 2391 1748 com-

1321 1759 1432 1803 posito
1457 1759 1491 1791 in
1515 1770 1582 1804 quo
1606 1767 1684 1792 sunt
1708 1758 1845 1799 salvata,
1875 1758 1939 1792 hoc
1967 1770 2036 1792 non
2066 1759 2142 1792 facit
2165 1759 2204 1792 lis
2228 1759 2286 1793 sed
2309 1760 2391 1792 ami-

1322 1804 1415 1844 citia,
1445 1814 1528 1847 quae
1553 1802 1624 1836 vult
1647 1815 1685 1836 ea
1709 1814 1771 1836 con
1796 1814 1907 1847 regare
1932 1803 1972 1836 ad
1997 1803 2216 1847 homogenea.
2246 1804 2288 1837 Et
2311 1803 2392 1836 haec

1321 1847 1483 1881 elementa
1507 1847 1587 1881 dicit
1610 1847 1779 1892 Empedoc
1794 1859 1828 1880 es
1853 1859 1924 1880 esse
1948 1848 2057 1892 priora
2080 1848 2150 1888 deo,
2175 1847 2259 1881 idest
2283 1848 2390 1881 caelo:

1322 1893 1398 1937 quia
1415 1892 1514 1925 etiam
1531 1891 1659 1925 caelum
1676 1891 1804 1925 dicebat
1819 1903 1858 1924 ex
1874 1891 2045 1925 elementis
2066 1893 2232 1936 componi.

1378 1947 1408 1979 7.
1433 1935 1562 1970 Deinde
1587 1947 1663 1969 cum
1688 1935 1783 1969 dicit:
1807 1937 1870 1970 Am
1894 1936 1951 1970 lius
1970 1943 2071 1970 autem
2089 1936 2123 1970 de
2142 1943 2224 1970 motu
2243 1945 2315 1977 etc.,
2339 1937 2392 1969 hic

1322 1980 1459 2014 destruit
1479 1981 1673 2025 opinionem
1693 1980 1864 2025 Empedoc
1879 1982 1905 2013 is
1929 1980 1968 2014 de
1986 1981 2155 2025 principiis
2182 1980 2392 2014 moventibus

1345 2037 1380 2058 er
1403 2034 1468 2058 tres
1492 2026 1647 2058 rationes.
1683 2025 1836 2065 Quarum
1890 2026 2007 2059 rimam
2030 2026 2141 2069 ponit,
2167 2024 2278 2058 dicens
2302 2025 2393 2070 quod

1350 2082 1383 2102 1n
1410 2069 1541 2103 edocles
1558 2069 1689 2103 locutus
1706 2069 1767 2102 fuit
1783 2070 1857 2102 insu
1897 2070 2019 2102 cienter
2034 2069 2074 2103 de
2090 2078 2196 2102 motu.
2209 2070 2289 2103 Non
2303 2070 2392 2103 enim

1322 2126 1359 2147 su
1399 2115 1443 2147 cit
1466 2113 1658 2158 simpliciter
1682 2113 1790 2147 dicere
1814 2113 1904 2158 quod
1928 2114 2070 2147 amicitia
2094 2122 2126 2146 et
2147 2113 2187 2146 lis
2211 2123 2288 2146 sunt
2306 2114 2392 2158 prin-

1322 2159 1406 2202 cipia
1430 2159 1614 2198 moventia,
1639 2158 1702 2194 nisi
1726 2157 1808 2191 forte
1832 2169 1890 2191 esse
1913 2159 2016 2202 ipsius
2041 2159 2220 2199 amicitiae,
2244 2158 2328 2191 idest
2351 2157 2391 2191 de

1321 2211 1438 2236 natura
1461 2214 1542 2243 sua,
1574 2202 1671 2235 habet
1694 2211 1731 2235 ut
1755 2211 1865 2235 causet
1887 2204 1905 2223 *
1928 2211 2058 2235 motum
2082 2202 2200 2235 talem:
2233 2202 2290 2236 sed
2315 2203 2391 2247 quia

1321 2247 1402 2280 haec
1425 2258 1494 2280 non
1518 2255 1568 2279 est
1592 2256 1700 2287 certa,
1732 2246 1905 2291 oportebat
1936 2247 2026 2291 quod
2050 2246 2115 2279 hoc
2139 2246 2390 2287 determinaret,

1321 2300 1378 2325 aut
1399 2290 1666 2324 certitudinaliter
1689 2302 1748 2335 per
1771 2302 1902 2324 causam
1951 2291 2116 2335 ropriam,
2145 2299 2200 2324 aut
2225 2290 2390 2331 molliter,

1321 2336 1407 2369 sicut
1429 2347 1488 2380 per
1513 2347 1644 2369 causam
1664 2347 1733 2368 non
1753 2335 1931 2368 convertibi
1947 2347 2010 2376 em,
2038 2335 2106 2368 sive
2130 2344 2309 2375 remotam,
2334 2344 2390 2368 aut

1321 2380 1414 2414 aliter
1437 2379 1586 2425 qualiter,
1610 2380 1695 2413 sicut
1718 2391 1777 2424 per
1800 2379 1984 2424 probabiles
2007 2380 2162 2420 rationes,
2189 2379 2242 2412 vel
2261 2391 2319 2423 per
2342 2380 2390 2412 in-

1322 2425 1531 2464 ductionem,
1552 2423 1605 2458 vel
1629 2423 1835 2468 exemplum3
1860 2424 1917 2457 sed
1934 2423 2152 2468 Empedocles
2171 2423 2253 2456 nihil
2269 2423 2390 2457 horum

1320 2468 1408 2510 facit,
1425 2478 1457 2502 et
1473 2469 1548 2502 ideo
1565 2468 1757 2513 simpliciter
1772 2477 1804 2502 et
1821 2468 2055 2501 insufficienter
2071 2468 2161 2501 dixit.

1378 2513 1408 2547 8.
1434 2512 1621 2547 Secundam
1644 2514 1806 2546 rationem
1830 2514 1926 2557 ponit
1948 2512 2006 2546 ibi:
2030 2513 2174 2557 Amplius
2197 2518 2297 2545 autem
2315 2523 2389 2556 quo-

1320 2559 1406 2592 niam
1429 2567 1509 2598 etc.,
1533 2566 1566 2591 et
1588 2566 1637 2590 est
1659 2557 1743 2590 talis.
1770 2557 1919 2601 Corpora
1946 2556 2103 2590 naturalia
2122 2565 2299 2590 moventur
2321 2557 2390 2589 vio-

1321 2602 1425 2636 lenter
1438 2611 1470 2636 et
1481 2610 1610 2647 praeter
1624 2611 1785 2642 naturam,
1799 2610 1831 2634 et
1843 2610 2019 2635 moventur
2035 2601 2217 2634 secundum
2230 2610 2390 2634 naturam:

1320 2646 1412 2681 verbi
1467 2647 1541 2686 atia‚
1565 2647 1650 2690 ignis
1667 2655 1820 2679 movetur
1844 2657 1975 2679 sursum
1999 2657 2068 2679 non
2086 2645 2242 2678 violentia
2262 2645 2319 2678 sed
2339 2657 2391 2677 na-

1320 2701 1405 2732 tura,
1418 2659 1575 2725 {orsum
1591 2699 1702 2724 autem
1718 2690 1895 2732 violenter;
1920 2690 2010 2735 quod
2029 2699 2139 2723 autem
2156 2699 2205 2723 est
2220 2689 2390 2729 violenter,

1321 2745 1371 2769 est
1394 2736 1595 2769 contrarium
1613 2736 1643 2768 ei
1660 2735 1751 2780 quod
1775 2744 1824 2768 est
1847 2735 2030 2768 secundum
2047 2743 2215 2774 naturam3
2239 2733 2390 2766 videmus

1321 2789 1432 2814 autem
1456 2791 1596 2824 corpora
1619 2780 1746 2813 moveri
1777 2791 1836 2823 per
1858 2779 2071 2819 violentiam3
2103 2789 2181 2821 ergo
2213 2786 2391 2811 moventur

1321 2824 1505 2858 secundum
1536 2833 1708 2857 naturam:
1742 2825 1903 2857 contraria
1934 2824 2022 2856 enim
2053 2822 2174 2855 habent
2203 2821 2274 2855 fieri
2306 2823 2390 2854 circa

1321 2869 1419 2903 idem.
1441 2869 1650 2909 Quaeramus
1671 2880 1749 2912 ergo
1766 2868 1805 2901 ab
1823 2867 2035 2911 Empedocle,
2055 2875 2167 2899 utrum
2183 2875 2293 2899 motus
2310 2866 2389 2898 ami—

1322 2914 1415 2947 citiae
1440 2914 1482 2946 sit
1504 2912 1659 2946 naturalis
1690 2911 1743 2945 vel
1766 2911 1943 2945 violentus.
1976 2911 2115 2944 Terram
2147 2911 2235 2943 enim
2263 2910 2390 2942 moveri

1321 2959 1472 3002 superius
1492 2958 1577 2990 sicut
1593 2966 1626 2990 et
1648 2957 1760 3000 ignem
1776 2955 1921 2996 inferius,
1935 2964 1984 2989 est
2004 2964 2116 2988 contra
2132 2963 2300 2987 naturam:
2325 2953 2390 2986 hoc

1321 3011 1432 3036 autem
1457 3002 1548 3046 quod
1571 3010 1621 3035 est
1644 3010 1756 3034 contra
1779 3009 1940 3041 naturam,
1965 2999 2162 3032 assimilatur
2186 2998 2316 3031 cuidam
2339 3009 2390 3030 se-

1321 3047 1526 3090 gregationi;
1551 3054 1661 3078 tamen
1686 3046 1733 3077 sic
1757 3044 1917 3077 elementa
1941 3052 2198 3087 congregantur:
2227 3043 2304 3086 quia
2326 3042 2390 3074 nisi

1321 3091 1331 3124 i
1380 3092 1407 3123 is
1435 3089 1610 3123 descendat
1638 3098 1670 3122 et
1697 3098 1780 3122 terra
1811 3087 1976 3128 ascendat,
2007 3099 2076 3120 non
2104 3085 2391 3130 congregabuntur

1322 3143 1493 3168 eementa.
1528 3135 1616 3168 Cum
1647 3145 1726 3176 ergo
1759 3143 1957 3176 congregare
1988 3133 2030 3164 sit
2061 3131 2196 3164 effectus
2228 3131 2390 3163 amicitiae

1322 3178 1505 3212 secundum
1529 3177 1766 3222 Empedoclem
1781 3202 1789 3217 ,
1821 3185 1932 3209 motus
1961 3176 2123 3209 amicitiae
2151 3185 2200 3208 est
2223 3174 2389 3207 violentus

1321 3232 1353 3256 et
1377 3223 1596 3266 segregationi
1620 3220 1747 3262 similis,
1772 3229 1804 3254 et
1826 3220 1865 3253 lis
1890 3221 1994 3264 magis
2019 3229 2068 3253 est
2088 3231 2184 3252 causa
2203 3227 2315 3252 motus
2331 3230 2389 3251 na-

1320 3267 1433 3300 turalis
1458 3278 1556 3311 quam
1580 3266 1743 3298 amicitia:
1775 3264 1865 3309 quod
1893 3273 1941 3297 est
1972 3263 2175 3308 impossibile
2206 3263 2390 3296 secundum

1320 3323 1408 3344 eum.
1434 3311 1474 3343 Et
1498 3310 1572 3343 ideo
1597 3309 1800 3354 impossibile
1825 3317 1874 3342 est
1897 3320 2020 3353 ponere
2044 3308 2221 3341 amicitiam
2244 3316 2277 3340 et
2299 3307 2390 3340 litem

1379 3487 1406 3520 ζ)
1426 3487 1478 3513 nisi
1495 3487 1722 3520 congregationis.
1739 3500 1759 3506 --
1777 3487 1813 3511 Ita
1832 3486 1868 3511 Pb
1887 3493 1947 3511 cum
1965 3487 2045 3511 Beato
2064 3485 2186 3510 Alberto:
2206 3484 2294 3510 confer
2314 3484 2390 3509 etiarn

1317 3528 1431 3554 textum;
1452 3523 1586 3548 naturalis
1603 3522 1786 3556 generationis
1805 3522 1852 3547 Ca.
1868 3522 1919 3546 Pro
1938 3522 1985 3547 sed
2000 3525 2132 3550 neutrum,
2146 3521 2217 3553 quod
2230 3520 2307 3545 habet
2325 3521 2390 3544 Bea-

1317 3559 1503 3619 {lizmfflpbgatgs
1523 3564 1549 3584 et
1568 3563 1703 3583 contextus
1723 3558 1823 3590 absque
1842 3557 1920 3582 dubio
1939 3557 2054 3590 requirit,
2069 3561 2190 3589 corrupte
2207 3556 2255 3581 sed
2274 3562 2390 3580 necessa-

2418 2207 2429 2217 ⁸
2444 2206 2509 2228 idest
2521 2205 2574 2228 add.
2586 2205 2624 2227 pb.
