2690 4062
36 1449 46 1458 '
65 1447 134 1469 urina
177 1446 232 1468 lixi-

35 1474 116 1495 vium?
129 1463 167 1495 c’f.
176 1477 232 1495 text.

279 274 372 299 CXXX

279 340 375 372 etiam
399 336 516 381 liquari
546 347 614 368 non
645 343 795 379 possunt.
826 334 930 367 Cuius
954 332 1036 365 ratio
1061 338 1126 369 est,
1158 329 1233 372 quia
1257 328 1341 360 sicut

278 381 452 416 humidum
475 391 618 424 aqueum
642 378 817 412 defluendo
842 379 924 410 intra
948 387 982 408 se
1005 374 1081 407 facit
1105 373 1206 405 fluere
1233 379 1341 415 partes

277 436 390 466 terrae,
407 434 439 458 et
460 423 630 457 mollificat
646 432 678 456 et
693 422 858 467 liquefacit
873 432 937 460 eas,
958 420 1002 452 ita
1018 417 1192 469 humidum
1209 427 1341 448 aereum

278 483 295 504 e
307 480 465 504 converso
483 468 604 502 adunat
619 469 743 500 siccum
759 475 902 499 terreum
919 472 950 497 et
966 470 1112 496 continet
1128 469 1221 494 mtra.
1244 459 1341 493 Unde

278 515 365 558 ligna
389 521 522 558 propter
544 512 628 545 hanc
652 522 782 544 causam
806 521 874 542 non
898 508 1073 552 liquantur.
1103 504 1207 556 Quod
1230 512 1341 536 autem

277 559 365 602 ligna
382 559 447 591 sint
463 568 554 590 aerea
571 568 588 589 a
627 555 830 589 raedominio
855 560 961 596 patet,
985 560 1056 583 tum
1081 560 1157 593 quia
1181 557 1258 600 sunt
1274 559 1341 580 ma-

278 604 357 636 teria
386 603 489 646 ignis,
517 610 554 633 ut
585 611 710 639 oeum,
739 607 810 631 tum
840 597 916 647 quia
940 602 1152 638 supernatant
1180 603 1340 643 1n.aqua‚

277 655 404 692 praeter
427 646 567 679 ebenum
591 643 680 688 quod
704 651 753 675 est
775 652 879 684 magis
903 648 1066 679 terrestre,
1088 636 1178 682 quod
1202 635 1340 680 nlgredo

279 692 348 725 eius
372 699 405 724 et
428 688 557 734 pondus
582 687 733 721 ostendit.
1174 726 1180 732 ι

333 746 363 778 4.
388 733 515 768 Deinde
540 744 615 765 cum
638 731 731 764 dicit:
767 729 979 772 Quaecumque
1009 732 1108 759 autem
1137 731 1235 759 mixta
1258 733 1339 775 etc3,

278 780 470 812 determinat
493 776 532 810 de
556 773 760 819 ingrossabili
789 782 820 806 et
843 784 912 806 non
941 772 975 804 in
1017 770 1159 804 ossabili.
1190 770 1231 803 Et
1262 769 1340 802 dicit

278 823 367 868 quod
391 822 428 855 ab
452 823 526 865 igne
550 822 775 863 ingrossantur
798 829 846 857 ea,
871 828 954 861 quae
1003 814 1100 848 abent
1123 815 1157 847 in
1179 814 1230 846 sui
1247 825 1339 864 ’com-

277 868 441 911 positione
464 865 537 909 plus
562 873 663 897 terrae
688 873 787 906 quam
811 872 924 905 aquae,
950 859 1058 892 ut.lac
1082 867 1115 892 et
1138 869 1282 909 sangu1s‚
1307 866 1339 890 et

278 911 443 955 quoddam
473 910 587 942 vinum
618 917 771 951 grossum
800 914 833 938 et
856 903 1020 944 calidum,
1052 904 1086 936 in
1118 914 1184 947 quo
1213 913 1339 934 siccum

276 964 416 988 terreum
433 962 465 986 et
480 951 654 986 humidum
678 961 820 995 aqueum
845 957 921 982 sunt
968 946 1235 992 roportionaliter
1252 957 1340 996 com-

275 1000 384 1038 mixta,
408 998 491 1030 sicut
514 1006 563 1030 est
585 997 700 1029 vinum
724 1002 878 1027 cretense.
908 993 939 1025 A
962 991 1065 1025 scedit
1090 1000 1200 1024 autem
1222 989 1261 1023 ab
1287 989 1338 1022 his

276 1042 427 1076 omnibus
457 1053 540 1085 aqua
572 1040 650 1073 dum
680 1040 928 1082 ingrossantur‚
961 1037 1038 1081 quia
1068 1035 1266 1079 ingrossatio
1290 1043 1339 1067 est

275 1086 433 1131 quaedam
462 1085 635 1119 desiccatio
664 1082 862 1127 imperfecta.
895 1082 935 1115 In
960 1082 1053 1114 cuius
1077 1081 1209 1123 signum
1241 1091 1259 1112 a
1283 1078 1339 1112 tali

274 1132 352 1164 vino
376 1129 454 1163 dum
478 1129 672 1173 decoquitur
700 1136 731 1160 et
755 1127 958 1170 ingrossatur
990 1125 1028 1158 ab
1057 1125 1151 1168 igne,
1181 1132 1338 1167 evaporat

274 1173 447 1208 humidum
471 1184 613 1217 aqueum
638 1171 755 1204 subtile
778 1170 890 1204 valde:
921 1169 1011 1246 quod
1032 1170 1059 1202 si
1078 1167 1288 1212 recolligatur
1304 1169 1338 1200 in

273 1230 348 1252 vase
372 1227 522 1251 tortuoso
552 1217 592 1250 ad
619 1215 758 1249 modum
782 1214 900 1255 stillae,
949 1222 961 1246 t
985 1225 1086 1258 aqua,
1111 1224 1194 1257 quae
1219 1212 1338 1246 dicitur

273 1275 356 1308 aqua
378 1263 463 1295 vitis.
489 1260 592 1301 Quod
617 1271 695 1304 ergo
718 1259 913 1304 relinquitur
936 1259 970 1291 in
991 1258 1048 1291 tali
1071 1258 1268 1301 ingrossato,
1289 1266 1338 1290 est

273 1319 325 1340 ma
349 1307 375 1339 is
395 1315 552 1339 terreum:
573 1316 650 1338 nam
666 1304 862 1347 ingrossatio
881 1302 918 1335 fit
959 1314 994 1335 er
1017 1303 1259 1346 separationem
1275 1301 1337 1334 hu-

272 1352 316 1384 mi
342 1352 351 1384 i
374 1363 411 1384 su
438 1350 553 1390 erflui,
585 1358 617 1382 et
644 1349 908 1382 terminationem
957 1346 1061 1380 umidi
1091 1345 1236 1380 derelicti
1261 1357 1337 1379 cum

272 1397 368 1428 sicco.
431 1403 443 1427 t
466 1394 540 1427 ideo
566 1394 677 1427 omnia
707 1404 811 1438 aquea
841 1404 859 1425 a
883 1391 1111 1436 praedominio
1136 1391 1337 1435 impinguari

272 1449 303 1473 et
320 1439 494 1483 ingrossari
510 1450 578 1471 non
594 1446 744 1482 possunt,
761 1446 799 1470 ut
813 1437 939 1477 vinum,
956 1434 1182 1469 universaliter
1193 1435 1209 1452 *
1225 1447 1336 1468 serum

272 1493 303 1517 et
325 1493 428 1517 cetera
451 1482 578 1516 similia.
605 1482 709 1522 Quod
729 1490 838 1515 autem
858 1480 907 1514 lac
931 1489 963 1514 et
986 1480 1120 1524 sanguis
1144 1480 1210 1513 sint
1233 1489 1337 1513 terrea

272 1541 289 1562 a
312 1527 538 1572 praedominio
563 1535 705 1571 apparet.
737 1526 788 1559 De
812 1525 894 1558 lacte
919 1524 1071 1570 quidem,
1103 1525 1180 1569 quia
1208 1525 1236 1557 si
1267 1535 1336 1558 non

271 1581 436 1617 separetur
458 1583 586 1611 serum,
610 1580 642 1604 et
665 1579 826 1615 coquatur
842 1570 876 1603 in
892 1570 979 1613 igne,
996 1569 1142 1602 exuritur
1165 1580 1287 1610 serum,
1304 1578 1337 1602 et

271 1617 303 1651 id
342 1616 408 1650 uod
423 1624 530 1656 restat,
543 1624 670 1648 constat
685 1624 717 1648 et
732 1615 935 1658 ingrossatur
951 1623 983 1647 et
999 1612 1138 1647 efficitur
1154 1613 1336 1658 stypticum

270 1661 322 1695 val
347 1673 374 1701 e,
389 1669 421 1694 et
438 1660 523 1693 valet
539 1669 652 1693 contra
675 1658 802 1692 fluxum
825 1659 965 1692 ventris:
991 1658 1082 1703 quod
1106 1659 1205 1691 etiam
1226 1667 1337 1703 potest

271 1717 340 1739 esse
360 1706 491 1748 signum
515 1703 604 1748 quod
624 1703 820 1748 ingrossatio
836 1703 873 1736 fit
890 1715 948 1747 per
969 1703 1211 1747 separationem
1228 1704 1336 1748 aquei,

272 1751 347 1795 quia
363 1761 472 1782 serum
489 1757 537 1782 est
553 1760 675 1793 aqueae
699 1757 834 1781 naturae
845 1774 854 1788 ,
878 1747 1059 1781 substantia
1081 1756 1192 1781 autem
1209 1756 1336 1781 caseata

272 1803 319 1827 est
341 1794 444 1837 magis
467 1802 581 1826 terrea.
610 1793 645 1826 Si
669 1801 779 1826 autem
803 1792 852 1825 lac
881 1804 949 1825 non
974 1791 1091 1825 habeat
1119 1791 1336 1825 substantiam

272 1847 444 1879 caseatam‚
473 1846 550 1870 tunc
574 1837 750 1881 ingrossari
774 1848 842 1870 non
866 1845 976 1881 potest
999 1845 1032 1870 et
1055 1847 1123 1870 non
1148 1845 1197 1870 est
1221 1845 1336 1881 aptum

272 1882 311 1916 ad
334 1894 444 1923 esum,
472 1882 556 1915 sicut
579 1881 627 1914 lac
658 1881 790 1922 cameli,
820 1882 888 1914 suis
920 1890 952 1914 et
982 1882 1109 1914 asinae:
1139 1890 1172 1914 et
1199 1881 1263 1914 tale
1287 1890 1336 1914 est

272 1938 412 1971 aqueum
443 1938 461 1960 a
488 1925 724 1970 praedominio.
757 1926 799 1959 Et
822 1934 957 1970 propter
987 1925 1052 1958 hoc
1082 1925 1220 1959 artifices
1252 1925 1336 1959 ultra

272 1971 484 2004 substantiam
507 1979 666 2004 caseatam
685 1969 776 2003 lactis
794 1982 834 2014 ap
861 1978 969 2004 onunt
993 1969 1182 2014 coagulum,
1200 1970 1335 2015 quando

271 2015 387 2048 volunt
403 2016 584 2059 ingrossare
609 2015 734 2059 ipsum:
762 2026 830 2059 quo
871 2024 920 2048 est
943 2015 1043 2048 etiam
1059 2015 1164 2059 magis
1181 2023 1334 2048 ter-reum.

271 2060 322 2093 De
346 2060 502 2104 sanguine
533 2060 629 2092 etiam
661 2068 814 2104 apparet,
848 2059 924 2104 quia
956 2060 1121 2103 repositus
1155 2058 1337 2093 desiccatur

272 2113 404 2148 propter
436 2104 631 2148 paucitatem
664 2103 792 2137 humidi
823 2104 942 2148 aquei,
979 2112 1011 2136 et
1041 2103 1139 2137 habet
1173 2104 1336 2148 quosdam

271 2159 408 2192 magnos
427 2159 526 2192 poros
554 2156 687 2192 propter
710 2157 817 2192 partes
842 2157 1008 2181 terrestres
1033 2149 1265 2192 restringentes
1285 2160 1336 2190 se,

272 2201 303 2226 et
319 2193 520 2226 continentes
545 2192 718 2226 humidum
741 2204 782 2226 ne
807 2192 888 2226 fluat
911 2192 952 2226 ad
977 2201 1135 2226 centrum.
1166 2193 1201 2227 Si
1225 2201 1336 2226 autem

273 2238 403 2281 sanguis
427 2237 467 2270 sit
485 2236 665 2281 indigestus
690 2246 823 2281 propter
846 2236 1059 2281 frigiditatem
1084 2237 1335 2282 complexioniS‚

970 249 1558 292 METEOROLOGICORUM
1586 249 1682 284 LIB.
1714 249 1766 285 IV

1399 334 1477 358 tunc
1500 337 1569 358 non
1602 324 1783 358 desiccatur
1805 326 1989 369 repositus,
2020 337 2082 358 nec
2113 325 2211 360 habet
2241 337 2362 371 poros,
2395 328 2473 373 quia

1398 379 1506 414 partes
1530 368 1686 402 humidae
1710 368 2004 413 praedominantur
2033 378 2065 403 et
2088 369 2197 404 fluunt
2220 371 2385 417 undique:
2415 372 2474 407 sed

1397 414 1502 457 magis
1534 422 1583 446 est
1610 413 1831 457 languorosus
1863 422 1895 446 et
1925 413 2048 447 fluidus
2079 414 2120 448 ad
2150 415 2291 449 modum
2322 416 2474 451 humoris

1398 458 1621 503 phlegmatici.
1643 458 1684 490 Et
1700 469 1740 490 ex
1755 457 1821 490 hoc
1840 459 1973 501 sanguis
1990 457 2157 492 humanus
2177 468 2340 494 extractus
2361 473 2401 495 ex
2419 473 2475 495 ve-

1397 514 1448 536 n1s
1465 502 1492 535 si
1509 513 1577 535 non
1593 502 1786 542 desiccatur,
1800 511 1850 535 est
1862 503 1996 546 signum
2009 502 2114 536 malae
2131 502 2360 548 dispositionis
2377 514 2410 539 et
2425 506 2473 540 in-
2497 546 2499 549 ι

1396 547 1569 586 firmitatis,
1587 547 1672 579 sicut
1689 546 1723 579 in
1739 547 1832 579 venis
1849 547 1991 580 existens
2008 548 2036 580 si
2056 547 2260 592 congeletur,
2271 558 2321 582 est
2338 551 2473 594 signum

1397 590 1557 631 eiusdem,
1582 591 1659 635 quia
1683 590 1856 634 significat,
1881 591 1972 636 quod
1997 591 2143 625 caliditas
2167 593 2324 627 naturalis
2349 603 2398 628 est
2418 594 2472 629 de-

1396 635 1469 668 bilis
1486 636 1520 667 in
1537 634 1591 668 tali
1611 635 1766 679 patiente.
1793 635 1970 676 Quaedam
1990 645 2102 670 autem
2126 637 2355 681 ingrossantur
2373 640 2473 673 etiam

1396 691 1414 712 a
1430 679 1607 723 frigido,ut
1623 690 1727 720 aerea,
1738 680 1824 713 sicut
1839 679 1962 714 oleum.
1980 680 2153 725 Frigidum
2169 682 2259 715 enim
2274 693 2344 716 non
2361 683 2472 717 solum

1396 725 1577 767 ingrossat,
1606 723 1665 757 sed
1688 725 1787 757 etiam
1811 724 1954 758 desiccat
1981 734 2014 758 et
2037 725 2207 770 coagulat,
2237 727 2323 760 sicut
2347 727 2473 762 dictum

1396 777 1462 801 est:
1488 767 1629 801 desiccat
1648 769 1738 801 enim
1754 780 1885 813 aquam,
1902 778 1939 802 ut
1960 770 1995 803 in
2017 769 2122 814 glacie
2138 780 2284 815 apparet,
2308 772 2474 816 ingrossat

1396 821 1507 845 autern
1531 823 1651 852 aerem,
1675 821 1708 846 et
1728 813 1890 847 convertit
1913 814 1948 847 in
1972 825 2103 859 aquam,
2120 815 2206 848 sicut
2221 824 2312 860 patet
2330 817 2365 850 in
2385 816 2471 851 oleo.

1395 857 1512 900 Frigus
1529 857 1619 890 enim
1635 868 1745 890 aerem
1761 858 1957 891 existentem
1969 859 2004 892 in
2016 858 2107 903 poris
2123 861 2288 894 convertit
2303 861 2338 894 in
2352 872 2473 906 aquam

1395 910 1428 934 et
1444 902 1608 945 ingrossat
1625 900 1756 943 oleum;
1774 901 1871 935 -calor
1885 913 1966 936 vero
1982 904 2178 938 intrinsecus
2201 904 2278 938 facit
2293 917 2472 950 evaporare

1395 945 1573 979 humidum
1597 957 1615 978 a
1641 957 1742 979 ueum
1762 947 1771 979 i
1798 957 1874 979 sum
1890 946 2103 988 subtiliando,
2126 948 2294 994 reliquum
2317 951 2473 984 terminat

1395 1001 1472 1023 curn
1489 990 1587 1023 sicco.
1635 999 1648 1023 t
1664 990 1740 1024 ideo
1790 991 1893 1024 bescit
1909 991 2022 1024 oleum
2039 993 2215 1037 perspicuo
2235 993 2415 1029 subtiliato.

1450 1045 1479 1077 5.
1497 1033 1628 1068 Deinde
1653 1046 1730 1068 cum
1755 1034 1850 1068 dicit:
1873 1035 1984 1070 Adbuc
2015 1042 2116 1070 autem
2139 1037 2210 1071 haec
2233 1046 2313 1079 etc.,
2339 1040 2407 1083 agit
2430 1038 2472 1074 de

1394 1078 1609 1112 mollificabili
1641 1088 1673 1112 et
1703 1090 1774 1112 non
1808 1079 2033 1114 mollificabili.
2062 1080 2270 1115 Mollificatio
2301 1083 2392 1116 enim
2422 1092 2473 1118 est

1395 1123 1557 1168 quaedam
1579 1124 1633 1157 via
1657 1123 1698 1157 ad
1716 1123 1996 1169 liquefactionem,
2015 1126 2102 1159 sicut
2124 1126 2325 1170 ingrossatio
2346 1136 2397 1161 est
2417 1129 2474 1163 via

1394 1167 1435 1202 ad
1467 1168 1755 1212 coagulationem,
1779 1169 1848 1202 sive
1878 1169 2066 1213 coagulatio
2097 1169 2298 1215 imperfecta.
2329 1172 2371 1206 Et
2393 1171 2473 1207 dicit

1395 1212 1486 1257 quod
1506 1212 1742 1246 mollificabilia
1762 1222 1850 1254 sunt,
1875 1225 1960 1258 quae
1977 1214 2194 1259 coagulantur
2209 1216 2279 1249 sive
2302 1217 2404 1250 etiam
2419 1217 2472 1251 in-

1394 1266 1588 1301 grossantur
1611 1269 1629 1291 a
1654 1257 1761 1292 calido
1785 1266 1933 1300 tantum,
1953 1258 2007 1292 vel
2031 1270 2049 1293 a
2072 1258 2111 1293 fri
2137 1259 2192 1294 'do
2221 1268 2368 1294 tantum:
2392 1272 2472 1296 nam

1417 1313 1478 1335 uae
1503 1301 1720 1346 coagulantur
1743 1314 1762 1336 a
1786 1302 1892 1337 calido
1916 1311 2058 1344 tanturn,
2074 1315 2113 1338 so
2126 1313 2250 1338 vuntur
2273 1305 2343 1339 sive
2365 1305 2473 1340 molli-

1393 1314 1533 1380 ficantur
1556 1359 1575 1380 a
1598 1346 1736 1390 frigido,
1768 1359 1852 1392 quae
1876 1357 1988 1381 autem
2012 1348 2230 1393 coagulantur
2253 1349 2323 1383 sive
2346 1350 2473 1396 ingros-

1393 1400 1508 1425 santur
1538 1403 1557 1425 a
1589 1390 1709 1435 frigido
1722 1418 1732 1432 ‚
1760 1391 1936 1426 solvuntur
1958 1392 1975 1410 '¹
1998 1402 2031 1426 et
2061 1392 2246 1428 mollificati
2276 1403 2419 1439 possunt
2451 1406 2472 1430 a

1394 1435 1519 1477 calido,
1543 1437 1621 1481 quia
1644 1437 1886 1470 contrariorum
1910 1438 2092 1471 contrariae
2116 1447 2195 1472 sunt
2218 1450 2358 1480 causae,
2385 1440 2472 1474 sicut

1394 1480 1520 1514 dictum
1537 1489 1595 1514 est.
1617 1479 1683 1514 Sed
1730 1493 1791 1514 uae
1816 1481 2034 1525 coagulantur
2050 1482 2090 1516 ab
2113 1482 2288 1524 ambobus,
2312 1483 2437 1518 scilicet
2451 1495 2472 1518 a

1394 1524 1501 1558 calido
1521 1534 1554 1563 et
1571 1524 1704 1568 frigidm
1741 1537 1798 1559 aec
1817 1535 1895 1559 sunt
1911 1527 2054 1560 maxime
2070 1526 2274 1561 insolubilia:
2291 1529 2472 1563 sicut'sunt

1392 1569 1519 1614 lapides
1543 1578 1576 1603 et
1598 1569 1733 1610 lateres,
1757 1582 1842 1615 quae
1873 1571 1982 1615 primo
2007 1571 2214 1606 desiccantur
2236 1583 2255 1606 a
2279 1572 2388 1607 calido
2411 1584 2472 1618 pu·

1393 1613 1522 1648 humidi
1551 1613 1823 1655 abstractionem,
1848 1624 1880 1648 et
1929 1624 2020 1649 ostea
2051 1616 2268 1661 coagulantur
2296 1629 2315 1651 a
2337 1615 2470 1662 frigido,

1392 1659 1589 1692 terminante
1605 1659 1771 1711 reliquum
1795 1658 1890 1692 humi
1915 1671 1974 1693 um
1990 1671 2068 1694 cum
2086 1661 2186 1695 sicco.
2207 1661 2250 1695 Et
2265 1660 2366 1696 huius
2383 1663 2470 1697 ratio

1392 1712 1452 1745 est,
1469 1704 1546 1748 quia
1562 1715 1639 1737 cum
1656 1713 1698 1737 snt
1714 1703 1926 1748 coagulatum
1939 1713 2006 1738 tam
2023 1716 2042 1738 a
2061 1705 2169 1740 calido
2186 1717 2287 1751 quam
2303 1718 2322 1740 a
2336 1705 2469 1752 frigido,

1392 1760 1411 1781 a
1434 1757 1554 1781 neutro
1585 1747 1722 1782 dissolvi
1746 1757 1876 1792 potest:
1908 1750 2152 1783 contrariorum
2175 1750 2265 1784 enim
2288 1749 2470 1786 effectuum

1392 1803 1461 1826 non
1486 1801 1597 1837 potest
1620 1804 1692 1826 esse
1716 1792 1833 1826 eadem
1856 1804 1965 1834 causa,
1981 1793 2039 1828 sed
2062 1802 2100 1827 ut
2123 1805 2223 1839 supra
2247 1794 2374 1830 dietum
2396 1804 2468 1838 ωε,

1392 1836 1489 1871 debet
1513 1849 1584 1871 esse
1616 1837 1788 1883 contraria.
1813 1837 1855 1871 Et
1910 1847 2023 1883 ropter
2045 1837 2131 1872 hanc
2162 1850 2297 1873 causam
2322 1838 2469 1882 ferrum,

1393 1881 1484 1927 quod
1509 1882 1618 1926 primo
1634 1881 1763 1927 liquefit
1778 1893 1796 1916 a
1820 1881 1881 1916 cali
1906 1894 1928 1916 o
1945 1891 1977 1916 et
2000 1884 2106 1927 magis
2123 1883 2469 1928 purificatur,kdeinde

1393 1938 1411 1959 a
1435 1925 1555 1970 frigido
1580 1926 1776 1971 coagulante
1799 1926 1984 1968 induratur,
2006 1939 2078 1961 non
2100 1927 2328 1970 mollificamr,
2350 1927 2428 1963 licet
2449 1939 2470 1964 a

1392 1970 1468 2004 forti
1493 1970 1600 2005 calido
1624 1970 1781 2016 liquefiat.
1814 1971 1920 2016 Ligna
1944 1981 2054 2006 autem
2079 1981 2112 2006 et
2135 1972 2234 2006 etiam
2257 1972 2375 2007 lateres
2397 1984 2470 2008 non

1391 2014 1627 2049 mollificantur
1650 2027 1759 2061 neque
1782 2015 1971 2061 liquescunt
1994 2025 2130 2062 propter
2153 2028 2288 2051 causam
2315 2019 2469 2063 superius

1392 2061 1601 2104 assignatam,
1625 2069 1659 2094 et
1681 2059 1816 2094 inferius
1841 2061 1941 2094 etiam
1971 2060 2091 2095 melius
2114 2061 2365 2104 declarandam,
2383 2062 2470 2108 *quia

1392 2104 1432 2138 de
1463 2104 1678 2139 mollificabili
1706 2106 1828 2146 iterum
1858 2106 1964 2157 magis
1995 2106 2030 2139 in
2053 2105 2187 2151 speciali
2217 2105 2386 2148 tractabit;
2409 2105 2469 2142 sed

1393 2148 1433 2183 de
1457 2149 1688 2193 coagulatione
1705 2158 1737 2183 et
1760 2149 2005 2194 liquefactione,
2029 2149 2070 2184 de
2094 2151 2347 2195 ingrossatione,
2363 2159 2398 2185 et
2426 2150 2468 2186 de

1392 2193 1624 2235 mollificabili,
1652 2194 1849 2239 inquantum
1877 2194 2083 2229 mellificatio
2112 2203 2164 2230 est
2185 2196 2239 2230 via
2262 2194 2304 2230 ad
2330 2195 2468 2242 liquefa-

1393 2238 1549 2279 ctionem,
1566 2238 1692 2272 dictum
1716 2247 1766 2272 est
1789 2239 1824 2273 in
1846 2238 2084 2284 superioribus.

2498 1401 2633 1427 nou-a.
2664 1375 2673 1413 s
