<?xml version="1.0" encoding="UTF-8"?>
<!DOCTYPE html PUBLIC "-//W3C//DTD XHTML 1.0 Transitional//EN"
    "http://www.w3.org/TR/xhtml1/DTD/xhtml1-transitional.dtd">
<html xmlns="http://www.w3.org/1999/xhtml" xml:lang="en" lang="en">
 <head>
  <title>
</title>
<meta http-equiv="Content-Type" content="text/html;charset=utf-8" />
  <meta name='ocr-system' content='tesseract 3.04.00' />
  <meta name='ocr-capabilities' content='ocr_page ocr_carea ocr_par ocr_line ocrx_word'/>
</head>
<body>
  <div class='ocr_page' id='page_1' title='image "./operaomniaiussui03thom/operaomniaiussui03thom_0403.png"; bbox 0 0 2782 4134; ppageno 0'>
   <div class='ocr_carea' id='block_1_1' title="bbox 0 396 215 460">
    <p class='ocr_par' dir='ltr' id='par_1_1' title="bbox 0 396 215 460">
     <span class='ocr_line' id='line_1_1' title="bbox 5 396 215 421; baseline -0.014 -1"><span class='ocrx_word' id='word_1_1' title='bbox 5 401 17 413; x_wconf 73' lang='lat'><strong>¹</strong></span> <span class='ocrx_word' id='word_1_2' title='bbox 29 400 55 421; x_wconf 69' lang='grc' dir='ltr'>ῆι</span> <span class='ocrx_word' id='word_1_3' title='bbox 69 397 148 420; x_wconf 84' lang='lat' dir='ltr'>eodem</span> <span class='ocrx_word' id='word_1_4' title='bbox 162 396 215 418; x_wconf 82' lang='lat' dir='ltr'>loco</span> 
     </span>
     <span class='ocr_line' id='line_1_2' title="bbox 0 428 143 460; baseline -0.021 -12"><span class='ocrx_word' id='word_1_5' title='bbox 0 428 31 460; x_wconf 52' lang='grc' dir='ltr'>ἶοἱ</span> <span class='ocrx_word' id='word_1_6' title='bbox 42 430 90 447; x_wconf 82' lang='lat' dir='ltr'>om.</span> <span class='ocrx_word' id='word_1_7' title='bbox 103 430 143 445; x_wconf 75' lang='grc' dir='ltr'>ΑΒ.</span> 
     </span>
    </p>
   </div>
   <div class='ocr_carea' id='block_1_2' title="bbox 0 538 156 3616">
    <p class='ocr_par' dir='ltr' id='par_1_2' title="bbox 0 538 156 3616">
     <span class='ocr_line' id='line_1_3' title="bbox 0 538 23 572; baseline 0 3562"><span class='ocrx_word' id='word_1_8' title='bbox 0 538 23 572; x_wconf 95' lang='lat' dir='ltr'> </span> 
     </span>
     <span class='ocr_line' id='line_1_4' title="bbox 0 572 156 3616; baseline 0 -2940"><span class='ocrx_word' id='word_1_9' title='bbox 0 572 156 3616; x_wconf 95' lang='lat' dir='ltr'>   </span> 
     </span>
    </p>
   </div>
   <div class='ocr_carea' id='block_1_3' title="bbox 1073 258 1599 308">
    <p class='ocr_par' dir='ltr' id='par_1_3' title="bbox 1073 258 1599 308">
     <span class='ocr_line' id='line_1_5' title="bbox 1073 258 1599 308; baseline 0.004 -13"><span class='ocrx_word' id='word_1_10' title='bbox 1073 258 1185 296; x_wconf 87' lang='lat' dir='ltr'>CAP.</span> <span class='ocrx_word' id='word_1_11' title='bbox 1214 260 1318 308; x_wconf 83' lang='lat' dir='ltr'>vm,</span> <span class='ocrx_word' id='word_1_12' title='bbox 1347 258 1499 297; x_wconf 89' lang='lat' dir='ltr'>LECT.</span> <span class='ocrx_word' id='word_1_13' title='bbox 1529 261 1599 298; x_wconf 80' lang='grc' dir='ltr'>ΧΠ</span> 
     </span>
    </p>
   </div>
   <div class='ocr_carea' id='block_1_4' title="bbox 244 334 2464 391">
    <p class='ocr_par' dir='ltr' id='par_1_4' title="bbox 244 334 2464 391">
     <span class='ocr_line' id='line_1_6' title="bbox 244 334 2464 391; baseline 0.005 -21"><span class='ocrx_word' id='word_1_14' title='bbox 244 341 367 371; x_wconf 90' lang='lat' dir='ltr'>cteam</span> <span class='ocrx_word' id='word_1_15' title='bbox 387 334 605 372; x_wconf 85' lang='lat' dir='ltr'><strong>claritatem.</strong></span> <span class='ocrx_word' id='word_1_16' title='bbox 637 335 714 372; x_wconf 92' lang='lat' dir='ltr'>Sed</span> <span class='ocrx_word' id='word_1_17' title='bbox 732 335 808 371; x_wconf 93' lang='lat' dir='ltr'>hoc</span> <span class='ocrx_word' id='word_1_18' title='bbox 827 347 906 372; x_wconf 92' lang='lat' dir='ltr'>non</span> <span class='ocrx_word' id='word_1_19' title='bbox 924 336 1076 373; x_wconf 92' lang='lat' dir='ltr'>videtur</span> <span class='ocrx_word' id='word_1_20' title='bbox 1098 338 1192 385; x_wconf 87' lang='lat' dir='ltr'>fieri,</span> <span class='ocrx_word' id='word_1_21' title='bbox 1222 338 1311 387; x_wconf 91' lang='lat' dir='ltr'>quia</span> <span class='ocrx_word' id='word_1_22' title='bbox 1367 338 1455 387; x_wconf 89' lang='lat' dir='ltr'>quia</span> <span class='ocrx_word' id='word_1_23' title='bbox 1475 338 1504 375; x_wconf 93' lang='lat' dir='ltr'>si</span> <span class='ocrx_word' id='word_1_24' title='bbox 1518 338 1653 376; x_wconf 93' lang='lat' dir='ltr'>videns</span> <span class='ocrx_word' id='word_1_25' title='bbox 1672 346 1875 376; x_wconf 87' lang='lat' dir='ltr'>moveatur</span> <span class='ocrx_word' id='word_1_26' title='bbox 1889 339 1920 387; x_wconf 69' lang='lat'>²¹³,</span> <span class='ocrx_word' id='word_1_27' title='bbox 1938 347 1974 376; x_wconf 90' lang='lat' dir='ltr'>et</span> <span class='ocrx_word' id='word_1_28' title='bbox 1988 341 2187 389; x_wconf 89' lang='lat' dir='ltr'>speculum</span> <span class='ocrx_word' id='word_1_29' title='bbox 2206 342 2427 391; x_wconf 86' lang='lat' dir='ltr'>quiesceret,</span> <span class='ocrx_word' id='word_1_30' title='bbox 2455 358 2464 368; x_wconf 89' lang='lat'><em>·</em></span> 
     </span>
    </p>
   </div>
   <div class='ocr_carea' id='block_1_5' title="bbox 242 388 1310 543">
    <p class='ocr_par' dir='ltr' id='par_1_5' title="bbox 242 388 1310 543">
     <span class='ocr_line' id='line_1_7' title="bbox 243 388 1310 439; baseline 0.003 -14"><span class='ocrx_word' id='word_1_31' title='bbox 243 399 395 436; x_wconf 87' lang='lat' dir='ltr'>semper</span> <span class='ocrx_word' id='word_1_32' title='bbox 409 396 567 436; x_wconf 89' lang='lat' dir='ltr'>apparet</span> <span class='ocrx_word' id='word_1_33' title='bbox 581 388 620 424; x_wconf 92' lang='lat' dir='ltr'>in</span> <span class='ocrx_word' id='word_1_34' title='bbox 635 388 775 425; x_wconf 88' lang='lat' dir='ltr'>eodem</span> <span class='ocrx_word' id='word_1_35' title='bbox 790 389 876 424; x_wconf 92' lang='lat' dir='ltr'>loco</span> <span class='ocrx_word' id='word_1_36' title='bbox 892 389 957 425; x_wconf 73' lang='lat' dir='ltr'>et*</span> <span class='ocrx_word' id='word_1_37' title='bbox 971 389 1009 426; x_wconf 91' lang='lat' dir='ltr'>in</span> <span class='ocrx_word' id='word_1_38' title='bbox 1026 390 1169 427; x_wconf 90' lang='lat' dir='ltr'>eisdem</span> <span class='ocrx_word' id='word_1_39' title='bbox 1186 391 1310 439; x_wconf 89' lang='lat' dir='ltr'>stellis,</span> 
     </span>
     <span class='ocr_line' id='line_1_8' title="bbox 242 441 1308 492; baseline 0.004 -15"><span class='ocrx_word' id='word_1_40' title='bbox 242 448 284 477; x_wconf 94' lang='lat' dir='ltr'>ut</span> <span class='ocrx_word' id='word_1_41' title='bbox 311 441 454 478; x_wconf 90' lang='lat' dir='ltr'>dictum</span> <span class='ocrx_word' id='word_1_42' title='bbox 483 448 550 478; x_wconf 90' lang='lat' dir='ltr'>est.</span> <span class='ocrx_word' id='word_1_43' title='bbox 587 442 698 478; x_wconf 91' lang='lat' dir='ltr'>Falsa</span> <span class='ocrx_word' id='word_1_44' title='bbox 727 448 782 477; x_wconf 91' lang='lat' dir='ltr'>est</span> <span class='ocrx_word' id='word_1_45' title='bbox 809 441 920 488; x_wconf 88' lang='lat' dir='ltr'>igitur</span> <span class='ocrx_word' id='word_1_46' title='bbox 946 443 1138 490; x_wconf 87' lang='lat' dir='ltr'>praedicta</span> <span class='ocrx_word' id='word_1_47' title='bbox 1167 444 1308 492; x_wconf 90' lang='lat' dir='ltr'>opinio.</span> 
     </span>
     <span class='ocr_line' id='line_1_9' title="bbox 299 494 1309 543; baseline 0.004 -13"><span class='ocrx_word' id='word_1_48' title='bbox 299 494 334 531; x_wconf 84' lang='lat'>6.</span> <span class='ocrx_word' id='word_1_49' title='bbox 358 494 577 530; x_wconf 87' lang='lat' dir='ltr'>Secundam</span> <span class='ocrx_word' id='word_1_50' title='bbox 597 494 784 530; x_wconf 90' lang='lat' dir='ltr'>rationem</span> <span class='ocrx_word' id='word_1_51' title='bbox 803 494 912 543; x_wconf 91' lang='lat' dir='ltr'>ponit</span> <span class='ocrx_word' id='word_1_52' title='bbox 931 494 1001 532; x_wconf 89' lang='lat' dir='ltr'>ibi:</span> <span class='ocrx_word' id='word_1_53' title='bbox 1029 497 1166 533; x_wconf 84' lang='lat' dir='ltr'><strong><em>Adhuc</em></strong></span> <span class='ocrx_word' id='word_1_54' title='bbox 1183 503 1309 535; x_wconf 86' lang='lat' dir='ltr'>autem</span> 
     </span>
    </p>
   </div>
   <div class='ocr_carea' id='block_1_6' title="bbox 0 546 1310 632">
    <p class='ocr_par' dir='ltr' id='par_1_6' title="bbox 0 546 1310 632">
     <span class='ocr_line' id='line_1_10' title="bbox 0 546 1310 597; baseline 0.004 -15"><span class='ocrx_word' id='word_1_55' title='bbox 0 567 1 570; x_wconf 64' lang='lat'><em>=</em></span> <span class='ocrx_word' id='word_1_56' title='bbox 25 554 151 586; x_wconf 68' lang='lat' dir='ltr'>probat-m</span> <span class='ocrx_word' id='word_1_57' title='bbox 164 558 216 574; x_wconf 73' lang='lat' dir='ltr'>em</span> <span class='ocrx_word' id='word_1_58' title='bbox 242 547 276 583; x_wconf 90' lang='lat' dir='ltr'>si</span> <span class='ocrx_word' id='word_1_59' title='bbox 289 547 606 596; x_wconf 84' lang='lat' dir='ltr'><em>quemadmodum</em></span> <span class='ocrx_word' id='word_1_60' title='bbox 627 554 710 593; x_wconf 90' lang='lat' dir='ltr'>etc.,</span> <span class='ocrx_word' id='word_1_61' title='bbox 728 546 858 583; x_wconf 92' lang='lat' dir='ltr'>dicens</span> <span class='ocrx_word' id='word_1_62' title='bbox 873 549 978 595; x_wconf 90' lang='lat' dir='ltr'>quod</span> <span class='ocrx_word' id='word_1_63' title='bbox 993 550 1200 597; x_wconf 90' lang='lat' dir='ltr'>probatum</span> <span class='ocrx_word' id='word_1_64' title='bbox 1221 557 1277 586; x_wconf 92' lang='lat' dir='ltr'>est</span> <span class='ocrx_word' id='word_1_65' title='bbox 1289 550 1310 572; x_wconf 75' lang='lat'>&#39;¹‘</span> 
     </span>
     <span class='ocr_line' id='line_1_11' title="bbox 1 608 215 632; baseline 0 -4"><span class='ocrx_word' id='word_1_66' title='bbox 1 629 2 632; x_wconf 61' lang='grc'>,</span> <span class='ocrx_word' id='word_1_67' title='bbox 19 608 215 632; x_wconf 65' lang='lat' dir='ltr'>-mtionesetom</span> 
     </span>
    </p>
   </div>
   <div class='ocr_carea' id='block_1_7' title="bbox 235 599 1310 2247">
    <p class='ocr_par' dir='ltr' id='par_1_7' title="bbox 239 599 1310 1501">
     <span class='ocr_line' id='line_1_12' title="bbox 241 599 1309 650; baseline 0.003 -14"><span class='ocrx_word' id='word_1_68' title='bbox 241 612 312 649; x_wconf 92' lang='lat' dir='ltr'>per</span> <span class='ocrx_word' id='word_1_69' title='bbox 327 599 569 647; x_wconf 89' lang='lat' dir='ltr'>astrologicas</span> <span class='ocrx_word' id='word_1_70' title='bbox 586 599 751 636; x_wconf 90' lang='lat' dir='ltr'>rationes</span> <span class='ocrx_word' id='word_1_71' title='bbox 766 607 803 636; x_wconf 92' lang='lat' dir='ltr'>et</span> <span class='ocrx_word' id='word_1_72' title='bbox 816 599 837 621; x_wconf 72' lang='lat'>‘¹‘</span> <span class='ocrx_word' id='word_1_73' title='bbox 852 601 1187 649; x_wconf 83' lang='lat' dir='ltr'>considerationes,</span> <span class='ocrx_word' id='word_1_74' title='bbox 1204 603 1309 650; x_wconf 92' lang='lat' dir='ltr'>quod</span> 
     </span>
     <span class='ocr_line' id='line_1_13' title="bbox 244 652 1310 703; baseline 0.002 -13"><span class='ocrx_word' id='word_1_75' title='bbox 244 653 301 690; x_wconf 92' lang='lat' dir='ltr'>sol</span> <span class='ocrx_word' id='word_1_76' title='bbox 330 659 387 689; x_wconf 91' lang='lat' dir='ltr'>est</span> <span class='ocrx_word' id='word_1_77' title='bbox 413 652 537 689; x_wconf 92' lang='lat' dir='ltr'>maior</span> <span class='ocrx_word' id='word_1_78' title='bbox 573 659 694 700; x_wconf 90' lang='lat' dir='ltr'>terra,</span> <span class='ocrx_word' id='word_1_79' title='bbox 725 660 762 689; x_wconf 89' lang='lat' dir='ltr'>et</span> <span class='ocrx_word' id='word_1_80' title='bbox 788 653 894 701; x_wconf 93' lang='lat' dir='ltr'>quod</span> <span class='ocrx_word' id='word_1_81' title='bbox 921 654 1007 703; x_wconf 91' lang='lat' dir='ltr'>plus</span> <span class='ocrx_word' id='word_1_82' title='bbox 1036 654 1174 692; x_wconf 89' lang='lat' dir='ltr'>distant</span> <span class='ocrx_word' id='word_1_83' title='bbox 1211 662 1310 692; x_wconf 86' lang='lat' dir='ltr'>astra</span> 
     </span>
     <span class='ocr_line' id='line_1_14' title="bbox 242 705 1309 756; baseline 0.001 -13"><span class='ocrx_word' id='word_1_84' title='bbox 242 706 320 743; x_wconf 87' lang='lat' dir='ltr'>fixa</span> <span class='ocrx_word' id='word_1_85' title='bbox 347 718 370 742; x_wconf 93' lang='lat' dir='ltr'>a</span> <span class='ocrx_word' id='word_1_86' title='bbox 403 713 503 742; x_wconf 92' lang='lat' dir='ltr'>terra</span> <span class='ocrx_word' id='word_1_87' title='bbox 537 717 654 754; x_wconf 90' lang='lat' dir='ltr'>quam</span> <span class='ocrx_word' id='word_1_88' title='bbox 683 706 765 752; x_wconf 94' lang='lat' dir='ltr'>sol,</span> <span class='ocrx_word' id='word_1_89' title='bbox 800 705 896 743; x_wconf 92' lang='lat' dir='ltr'>sicut</span> <span class='ocrx_word' id='word_1_90' title='bbox 929 715 965 743; x_wconf 90' lang='lat' dir='ltr'>et</span> <span class='ocrx_word' id='word_1_91' title='bbox 993 708 1050 744; x_wconf 92' lang='lat' dir='ltr'>sol</span> <span class='ocrx_word' id='word_1_92' title='bbox 1078 709 1163 756; x_wconf 93' lang='lat' dir='ltr'>plus</span> <span class='ocrx_word' id='word_1_93' title='bbox 1192 720 1309 756; x_wconf 91' lang='lat' dir='ltr'>quam</span> 
     </span>
     <span class='ocr_line' id='line_1_15' title="bbox 242 758 1309 808; baseline 0.001 -12"><span class='ocrx_word' id='word_1_94' title='bbox 242 759 333 796; x_wconf 87' lang='lat' dir='ltr'>luna</span> <span class='ocrx_word' id='word_1_95' title='bbox 351 763 377 795; x_wconf 82' lang='lat'>⁷.</span> <span class='ocrx_word' id='word_1_96' title='bbox 400 758 567 806; x_wconf 82' lang='lat' dir='ltr'>Quando</span> <span class='ocrx_word' id='word_1_97' title='bbox 597 765 725 795; x_wconf 90' lang='lat' dir='ltr'>autem</span> <span class='ocrx_word' id='word_1_98' title='bbox 745 771 884 808; x_wconf 89' lang='lat' dir='ltr'>corpus</span> <span class='ocrx_word' id='word_1_99' title='bbox 912 760 1080 797; x_wconf 90' lang='lat' dir='ltr'>lucidum</span> <span class='ocrx_word' id='word_1_100' title='bbox 1103 769 1158 797; x_wconf 92' lang='lat' dir='ltr'>est</span> <span class='ocrx_word' id='word_1_101' title='bbox 1184 761 1309 798; x_wconf 92' lang='lat' dir='ltr'>maius</span> 
     </span>
     <span class='ocr_line' id='line_1_16' title="bbox 243 811 1307 861; baseline 0.003 -13"><span class='ocrx_word' id='word_1_102' title='bbox 243 823 405 861; x_wconf 90' lang='lat' dir='ltr'>corpore</span> <span class='ocrx_word' id='word_1_103' title='bbox 433 823 557 861; x_wconf 89' lang='lat' dir='ltr'>opaco</span> <span class='ocrx_word' id='word_1_104' title='bbox 588 823 633 848; x_wconf 88' lang='lat' dir='ltr'>ex</span> <span class='ocrx_word' id='word_1_105' title='bbox 661 811 768 848; x_wconf 90' lang='lat' dir='ltr'>cuius</span> <span class='ocrx_word' id='word_1_106' title='bbox 803 813 1045 861; x_wconf 89' lang='lat' dir='ltr'>oppositione</span> <span class='ocrx_word' id='word_1_107' title='bbox 1073 814 1117 851; x_wconf 92' lang='lat' dir='ltr'>fit</span> <span class='ocrx_word' id='word_1_108' title='bbox 1143 815 1282 851; x_wconf 90' lang='lat' dir='ltr'>umbra</span> <span class='ocrx_word' id='word_1_109' title='bbox 1298 843 1307 861; x_wconf 91' lang='lat'>,</span> 
     </span>
     <span class='ocr_line' id='line_1_17' title="bbox 241 864 1309 916; baseline 0.004 -15"><span class='ocrx_word' id='word_1_110' title='bbox 241 866 382 902; x_wconf 90' lang='lat' dir='ltr'>umbra</span> <span class='ocrx_word' id='word_1_111' title='bbox 399 877 479 902; x_wconf 90' lang='lat' dir='ltr'>non</span> <span class='ocrx_word' id='word_1_112' title='bbox 492 864 667 902; x_wconf 56' lang='lat' dir='ltr'>‘ascendit</span> <span class='ocrx_word' id='word_1_113' title='bbox 684 864 723 902; x_wconf 93' lang='lat' dir='ltr'>in</span> <span class='ocrx_word' id='word_1_114' title='bbox 742 864 989 913; x_wconf 84' lang='lat' dir='ltr'>immensum,</span> <span class='ocrx_word' id='word_1_115' title='bbox 1006 867 1074 904; x_wconf 92' lang='lat' dir='ltr'>sed</span> <span class='ocrx_word' id='word_1_116' title='bbox 1092 867 1309 916; x_wconf 90' lang='lat' dir='ltr'>pyramida-</span> 
     </span>
     <span class='ocr_line' id='line_1_18' title="bbox 242 915 1308 969; baseline 0.001 -13"><span class='ocrx_word' id='word_1_117' title='bbox 242 918 325 956; x_wconf 91' lang='lat' dir='ltr'>liter</span> <span class='ocrx_word' id='word_1_118' title='bbox 343 917 512 955; x_wconf 88' lang='lat' dir='ltr'>ascendit</span> <span class='ocrx_word' id='word_1_119' title='bbox 535 915 548 939; x_wconf 64' lang='grc' dir='ltr'><strong><em>δ</em></strong></span> <span class='ocrx_word' id='word_1_120' title='bbox 571 917 610 955; x_wconf 90' lang='lat' dir='ltr'>in</span> <span class='ocrx_word' id='word_1_121' title='bbox 630 930 772 955; x_wconf 89' lang='lat' dir='ltr'>conum</span> <span class='ocrx_word' id='word_1_122' title='bbox 790 931 913 968; x_wconf 92' lang='lat' dir='ltr'>usque</span> <span class='ocrx_word' id='word_1_123' title='bbox 933 919 983 966; x_wconf 89' lang='lat' dir='ltr'>ad</span> <span class='ocrx_word' id='word_1_124' title='bbox 1001 920 1169 968; x_wconf 86' lang='lat' dir='ltr'>aliquam</span> <span class='ocrx_word' id='word_1_125' title='bbox 1189 933 1308 969; x_wconf 89' lang='lat' dir='ltr'>quan-</span> 
     </span>
     <span class='ocr_line' id='line_1_19' title="bbox 242 971 1308 1022; baseline 0.002 -14"><span class='ocrx_word' id='word_1_126' title='bbox 242 971 404 1018; x_wconf 90' lang='lat' dir='ltr'>titatem;</span> <span class='ocrx_word' id='word_1_127' title='bbox 421 978 458 1008; x_wconf 94' lang='lat' dir='ltr'>et</span> <span class='ocrx_word' id='word_1_128' title='bbox 475 978 580 1008; x_wconf 91' lang='lat' dir='ltr'>tanto</span> <span class='ocrx_word' id='word_1_129' title='bbox 601 971 804 1019; x_wconf 85' lang='lat' dir='ltr'>minorem,</span> <span class='ocrx_word' id='word_1_130' title='bbox 821 980 964 1020; x_wconf 88' lang='lat' dir='ltr'>quanto</span> <span class='ocrx_word' id='word_1_131' title='bbox 985 986 1124 1022; x_wconf 90' lang='lat' dir='ltr'>corpus</span> <span class='ocrx_word' id='word_1_132' title='bbox 1138 973 1308 1011; x_wconf 90' lang='lat' dir='ltr'>lucidum</span> 
     </span>
     <span class='ocr_line' id='line_1_20' title="bbox 242 1022 1309 1076; baseline 0.003 -15"><span class='ocrx_word' id='word_1_133' title='bbox 242 1024 370 1062; x_wconf 91' lang='lat' dir='ltr'>minus</span> <span class='ocrx_word' id='word_1_134' title='bbox 398 1024 510 1061; x_wconf 90' lang='lat' dir='ltr'>distat</span> <span class='ocrx_word' id='word_1_135' title='bbox 537 1037 559 1061; x_wconf 90' lang='lat' dir='ltr'>a</span> <span class='ocrx_word' id='word_1_136' title='bbox 588 1037 747 1073; x_wconf 90' lang='lat' dir='ltr'>corpore</span> <span class='ocrx_word' id='word_1_137' title='bbox 782 1038 922 1074; x_wconf 88' lang='lat' dir='ltr'>opaco,</span> <span class='ocrx_word' id='word_1_138' title='bbox 953 1034 990 1063; x_wconf 92' lang='lat' dir='ltr'>et</span> <span class='ocrx_word' id='word_1_139' title='bbox 1017 1034 1160 1076; x_wconf 91' lang='lat' dir='ltr'>quanto</span> <span class='ocrx_word' id='word_1_140' title='bbox 1189 1022 1309 1075; x_wconf 72' lang='lat' dir='ltr'>r‘nagis</span> 
     </span>
     <span class='ocr_line' id='line_1_21' title="bbox 243 1077 1308 1129; baseline 0.003 -15"><span class='ocrx_word' id='word_1_141' title='bbox 243 1077 392 1115; x_wconf 87' lang='lat' dir='ltr'>excedit</span> <span class='ocrx_word' id='word_1_142' title='bbox 419 1077 556 1126; x_wconf 89' lang='lat' dir='ltr'>ipsum.</span> <span class='ocrx_word' id='word_1_143' title='bbox 590 1078 703 1115; x_wconf 91' lang='lat' dir='ltr'>Unde</span> <span class='ocrx_word' id='word_1_144' title='bbox 738 1079 981 1116; x_wconf 88' lang='lat' dir='ltr'>manifestum</span> <span class='ocrx_word' id='word_1_145' title='bbox 1015 1087 1070 1116; x_wconf 94' lang='lat' dir='ltr'>est</span> <span class='ocrx_word' id='word_1_146' title='bbox 1098 1080 1201 1129; x_wconf 90' lang='lat' dir='ltr'>quod</span> <span class='ocrx_word' id='word_1_147' title='bbox 1230 1093 1308 1117; x_wconf 93' lang='lat' dir='ltr'>non</span> 
     </span>
     <span class='ocr_line' id='line_1_22' title="bbox 243 1131 1307 1182; baseline 0.003 -15"><span class='ocrx_word' id='word_1_148' title='bbox 243 1131 407 1168; x_wconf 90' lang='lat' dir='ltr'>multum</span> <span class='ocrx_word' id='word_1_149' title='bbox 426 1131 539 1179; x_wconf 87' lang='lat' dir='ltr'>longe</span> <span class='ocrx_word' id='word_1_150' title='bbox 564 1143 684 1168; x_wconf 90' lang='lat' dir='ltr'>conus</span> <span class='ocrx_word' id='word_1_151' title='bbox 703 1132 863 1169; x_wconf 84' lang='lat' dir='ltr'>umbrae</span> <span class='ocrx_word' id='word_1_152' title='bbox 882 1140 1003 1170; x_wconf 89' lang='lat' dir='ltr'>terrae</span> <span class='ocrx_word' id='word_1_153' title='bbox 1021 1132 1215 1182; x_wconf 88' lang='lat' dir='ltr'>proiicitur</span> <span class='ocrx_word' id='word_1_154' title='bbox 1231 1139 1242 1154; x_wconf 84' lang='grc'><strong>”</strong></span> <span class='ocrx_word' id='word_1_155' title='bbox 1260 1134 1307 1170; x_wconf 90' lang='lat' dir='ltr'>ad</span> 
     </span>
     <span class='ocr_line' id='line_1_23' title="bbox 241 1183 1307 1235; baseline 0 -12"><span class='ocrx_word' id='word_1_156' title='bbox 241 1183 371 1224; x_wconf 87' lang='lat' dir='ltr'>radios</span> <span class='ocrx_word' id='word_1_157' title='bbox 384 1183 459 1234; x_wconf 1' lang='lat' dir='ltr'>,qu-i</span> <span class='ocrx_word' id='word_1_158' title='bbox 479 1191 567 1221; x_wconf 91' lang='lat' dir='ltr'>sunt</span> <span class='ocrx_word' id='word_1_159' title='bbox 585 1197 607 1221; x_wconf 92' lang='lat' dir='ltr'>a</span> <span class='ocrx_word' id='word_1_160' title='bbox 626 1185 718 1232; x_wconf 94' lang='lat' dir='ltr'>sole,</span> <span class='ocrx_word' id='word_1_161' title='bbox 739 1198 865 1234; x_wconf 91' lang='lat' dir='ltr'>neque</span> <span class='ocrx_word' id='word_1_162' title='bbox 884 1186 1023 1223; x_wconf 90' lang='lat' dir='ltr'>umbra</span> <span class='ocrx_word' id='word_1_163' title='bbox 1045 1194 1179 1233; x_wconf 88' lang='lat' dir='ltr'>terrae,</span> <span class='ocrx_word' id='word_1_164' title='bbox 1209 1199 1307 1235; x_wconf 87' lang='lat' dir='ltr'>quae</span> 
     </span>
     <span class='ocr_line' id='line_1_24' title="bbox 241 1234 1308 1287; baseline 0 -11"><span class='ocrx_word' id='word_1_165' title='bbox 241 1234 404 1276; x_wconf 71' lang='lat' dir='ltr'>vocatur</span> <span class='ocrx_word' id='word_1_166' title='bbox 421 1248 514 1285; x_wconf 87' lang='lat' dir='ltr'>nox,</span> <span class='ocrx_word' id='word_1_167' title='bbox 536 1245 592 1274; x_wconf 91' lang='lat' dir='ltr'>est</span> <span class='ocrx_word' id='word_1_168' title='bbox 611 1238 715 1287; x_wconf 91' lang='lat' dir='ltr'>apud</span> <span class='ocrx_word' id='word_1_169' title='bbox 743 1246 842 1276; x_wconf 92' lang='lat' dir='ltr'>astra</span> <span class='ocrx_word' id='word_1_170' title='bbox 859 1239 953 1276; x_wconf 86' lang='lat' dir='ltr'>fixa:</span> <span class='ocrx_word' id='word_1_171' title='bbox 978 1239 1047 1276; x_wconf 90' lang='lat' dir='ltr'>sed</span> <span class='ocrx_word' id='word_1_172' title='bbox 1074 1251 1232 1276; x_wconf 90' lang='lat' dir='ltr'>necesse</span> <span class='ocrx_word' id='word_1_173' title='bbox 1252 1247 1308 1276; x_wconf 91' lang='lat' dir='ltr'>est</span> 
     </span>
     <span class='ocr_line' id='line_1_25' title="bbox 243 1290 1307 1340; baseline 0.002 -13"><span class='ocrx_word' id='word_1_174' title='bbox 243 1291 348 1340; x_wconf 94' lang='lat' dir='ltr'>quod</span> <span class='ocrx_word' id='word_1_175' title='bbox 367 1291 424 1328; x_wconf 89' lang='lat' dir='ltr'>sol</span> <span class='ocrx_word' id='word_1_176' title='bbox 443 1290 649 1340; x_wconf 87' lang='lat' dir='ltr'>prospiciat</span> <span class='ocrx_word' id='word_1_177' title='bbox 668 1291 799 1328; x_wconf 90' lang='lat' dir='ltr'>omnia</span> <span class='ocrx_word' id='word_1_178' title='bbox 818 1299 917 1329; x_wconf 90' lang='lat' dir='ltr'>astra</span> <span class='ocrx_word' id='word_1_179' title='bbox 936 1292 1022 1338; x_wconf 89' lang='lat' dir='ltr'>fixa,</span> <span class='ocrx_word' id='word_1_180' title='bbox 1040 1299 1076 1329; x_wconf 86' lang='lat' dir='ltr'>et</span> <span class='ocrx_word' id='word_1_181' title='bbox 1094 1293 1200 1340; x_wconf 93' lang='lat' dir='ltr'>quod</span> <span class='ocrx_word' id='word_1_182' title='bbox 1215 1293 1307 1329; x_wconf 92' lang='lat' dir='ltr'>nulli</span> 
     </span>
     <span class='ocr_line' id='line_1_26' title="bbox 242 1344 1307 1394; baseline 0.001 -13"><span class='ocrx_word' id='word_1_183' title='bbox 242 1356 378 1382; x_wconf 89' lang='lat' dir='ltr'>eorum</span> <span class='ocrx_word' id='word_1_184' title='bbox 387 1344 546 1381; x_wconf 89' lang='lat' dir='ltr'>obsistat</span> <span class='ocrx_word' id='word_1_185' title='bbox 559 1352 670 1381; x_wconf 92' lang='lat' dir='ltr'>terra.</span> <span class='ocrx_word' id='word_1_186' title='bbox 679 1345 838 1382; x_wconf 86' lang='lat' dir='ltr'>obsistit</span> <span class='ocrx_word' id='word_1_187' title='bbox 853 1353 980 1382; x_wconf 89' lang='lat' dir='ltr'>autem</span> <span class='ocrx_word' id='word_1_188' title='bbox 997 1346 1110 1382; x_wconf 91' lang='lat' dir='ltr'>lunae</span> <span class='ocrx_word' id='word_1_189' title='bbox 1122 1345 1307 1394; x_wconf 90' lang='lat' dir='ltr'>eclipsans</span> 
     </span>
     <span class='ocr_line' id='line_1_27' title="bbox 241 1396 1307 1447; baseline 0.001 -13"><span class='ocrx_word' id='word_1_190' title='bbox 241 1396 378 1447; x_wconf 86' lang='lat' dir='ltr'>ipsam,</span> <span class='ocrx_word' id='word_1_191' title='bbox 400 1397 489 1446; x_wconf 91' lang='lat' dir='ltr'>quia</span> <span class='ocrx_word' id='word_1_192' title='bbox 508 1405 565 1434; x_wconf 91' lang='lat' dir='ltr'>est</span> <span class='ocrx_word' id='word_1_193' title='bbox 583 1397 738 1434; x_wconf 90' lang='lat' dir='ltr'>inferior</span> <span class='ocrx_word' id='word_1_194' title='bbox 757 1398 849 1446; x_wconf 91' lang='lat' dir='ltr'>sole,</span> <span class='ocrx_word' id='word_1_195' title='bbox 870 1405 912 1435; x_wconf 93' lang='lat' dir='ltr'>ut</span> <span class='ocrx_word' id='word_1_196' title='bbox 934 1398 1076 1436; x_wconf 90' lang='lat' dir='ltr'>dictum</span> <span class='ocrx_word' id='word_1_197' title='bbox 1097 1406 1163 1436; x_wconf 89' lang='lat' dir='ltr'>est.</span> <span class='ocrx_word' id='word_1_198' title='bbox 1185 1399 1235 1436; x_wconf 91' lang='lat' dir='ltr'>Et</span> <span class='ocrx_word' id='word_1_199' title='bbox 1254 1399 1307 1435; x_wconf 92' lang='lat' dir='ltr'>sic</span> 
     </span>
     <span class='ocr_line' id='line_1_28' title="bbox 239 1450 1304 1501; baseline 0.001 -13"><span class='ocrx_word' id='word_1_200' title='bbox 239 1458 345 1500; x_wconf 85' lang='lat' dir='ltr'>patet</span> <span class='ocrx_word' id='word_1_201' title='bbox 372 1451 478 1500; x_wconf 90' lang='lat' dir='ltr'>quod</span> <span class='ocrx_word' id='word_1_202' title='bbox 505 1450 699 1500; x_wconf 88' lang='lat' dir='ltr'>praedicta</span> <span class='ocrx_word' id='word_1_203' title='bbox 727 1451 856 1500; x_wconf 91' lang='lat' dir='ltr'>opinio</span> <span class='ocrx_word' id='word_1_204' title='bbox 885 1451 1023 1488; x_wconf 88' lang='lat' dir='ltr'>falsum</span> <span class='ocrx_word' id='word_1_205' title='bbox 1052 1452 1304 1501; x_wconf 89' lang='lat' dir='ltr'>supponebat.</span> 
     </span>
    </p>

    <p class='ocr_par' dir='ltr' id='par_1_8' title="bbox 238 1503 1308 1980">
     <span class='ocr_line' id='line_1_29' title="bbox 295 1503 1306 1554; baseline 0 -12"><span class='ocrx_word' id='word_1_206' title='bbox 295 1517 332 1554; x_wconf 91' lang='lat'>7.</span> <span class='ocrx_word' id='word_1_207' title='bbox 349 1504 520 1542; x_wconf 89' lang='lat' dir='ltr'>Tertiam</span> <span class='ocrx_word' id='word_1_208' title='bbox 540 1503 763 1553; x_wconf 86' lang='lat' dir='ltr'>opinionem</span> <span class='ocrx_word' id='word_1_209' title='bbox 777 1503 886 1553; x_wconf 88' lang='lat' dir='ltr'>ponit</span> <span class='ocrx_word' id='word_1_210' title='bbox 904 1503 973 1541; x_wconf 92' lang='lat' dir='ltr'>ibi:</span> <span class='ocrx_word' id='word_1_211' title='bbox 993 1505 1167 1553; x_wconf 84' lang='lat' dir='ltr'>Amplius</span> <span class='ocrx_word' id='word_1_212' title='bbox 1181 1511 1306 1542; x_wconf 90' lang='lat' dir='ltr'>autem</span> 
     </span>
     <span class='ocr_line' id='line_1_30' title="bbox 239 1557 1304 1607; baseline 0 -11"><span class='ocrx_word' id='word_1_213' title='bbox 239 1563 296 1597; x_wconf 85' lang='lat' dir='ltr'>est</span> <span class='ocrx_word' id='word_1_214' title='bbox 311 1558 420 1595; x_wconf 84' lang='lat' dir='ltr'>tertia</span> <span class='ocrx_word' id='word_1_215' title='bbox 440 1565 509 1594; x_wconf 87' lang='lat' dir='ltr'>etc.</span> <span class='ocrx_word' id='word_1_216' title='bbox 531 1558 580 1594; x_wconf 94' lang='lat' dir='ltr'>Et</span> <span class='ocrx_word' id='word_1_217' title='bbox 598 1557 724 1605; x_wconf 90' lang='lat' dir='ltr'>primo</span> <span class='ocrx_word' id='word_1_218' title='bbox 744 1557 875 1594; x_wconf 88' lang='lat' dir='ltr'>recitat</span> <span class='ocrx_word' id='word_1_219' title='bbox 892 1557 1029 1607; x_wconf 90' lang='lat' dir='ltr'>ipsam,</span> <span class='ocrx_word' id='word_1_220' title='bbox 1051 1558 1182 1595; x_wconf 90' lang='lat' dir='ltr'>dicens</span> <span class='ocrx_word' id='word_1_221' title='bbox 1201 1559 1304 1607; x_wconf 93' lang='lat' dir='ltr'>quod</span> 
     </span>
     <span class='ocr_line' id='line_1_31' title="bbox 239 1610 1306 1660; baseline 0.001 -12"><span class='ocrx_word' id='word_1_222' title='bbox 239 1611 432 1660; x_wconf 79' lang='lat' dir='ltr'>quaedam</span> <span class='ocrx_word' id='word_1_223' title='bbox 460 1610 568 1647; x_wconf 86' lang='lat' dir='ltr'>tertia</span> <span class='ocrx_word' id='word_1_224' title='bbox 592 1610 723 1659; x_wconf 91' lang='lat' dir='ltr'>opinio</span> <span class='ocrx_word' id='word_1_225' title='bbox 752 1610 822 1647; x_wconf 84' lang='lat' dir='ltr'>fuit</span> <span class='ocrx_word' id='word_1_226' title='bbox 840 1610 887 1648; x_wconf 94' lang='lat' dir='ltr'>de</span> <span class='ocrx_word' id='word_1_227' title='bbox 917 1611 1056 1648; x_wconf 91' lang='lat' dir='ltr'>circulo</span> <span class='ocrx_word' id='word_1_228' title='bbox 1086 1612 1220 1649; x_wconf 85' lang='lat' dir='ltr'>lacteo.</span> <span class='ocrx_word' id='word_1_229' title='bbox 1241 1612 1306 1649; x_wconf 92' lang='lat' dir='ltr'>Di-</span> 
     </span>
     <span class='ocr_line' id='line_1_32' title="bbox 238 1663 1307 1713; baseline 0.003 -13"><span class='ocrx_word' id='word_1_230' title='bbox 238 1671 376 1701; x_wconf 87' lang='lat' dir='ltr'>xerunt</span> <span class='ocrx_word' id='word_1_231' title='bbox 402 1663 506 1700; x_wconf 89' lang='lat' dir='ltr'>enim</span> <span class='ocrx_word' id='word_1_232' title='bbox 535 1663 691 1712; x_wconf 90' lang='lat' dir='ltr'>quidam</span> <span class='ocrx_word' id='word_1_233' title='bbox 721 1663 827 1713; x_wconf 91' lang='lat' dir='ltr'>quod</span> <span class='ocrx_word' id='word_1_234' title='bbox 853 1664 1000 1701; x_wconf 88' lang='lat' dir='ltr'>claritas</span> <span class='ocrx_word' id='word_1_235' title='bbox 1028 1665 1148 1702; x_wconf 92' lang='lat' dir='ltr'>lactea</span> <span class='ocrx_word' id='word_1_236' title='bbox 1178 1672 1234 1702; x_wconf 92' lang='lat' dir='ltr'>est</span> <span class='ocrx_word' id='word_1_237' title='bbox 1262 1678 1307 1703; x_wconf 88' lang='lat' dir='ltr'>ex</span> 
     </span>
     <span class='ocr_line' id='line_1_33' title="bbox 240 1716 1306 1768; baseline 0 -13"><span class='ocrx_word' id='word_1_238' title='bbox 240 1729 288 1755; x_wconf 87' lang='lat' dir='ltr'>eo</span> <span class='ocrx_word' id='word_1_239' title='bbox 307 1717 414 1766; x_wconf 92' lang='lat' dir='ltr'>quod</span> <span class='ocrx_word' id='word_1_240' title='bbox 431 1716 538 1754; x_wconf 90' lang='lat' dir='ltr'>visus</span> <span class='ocrx_word' id='word_1_241' title='bbox 557 1723 686 1754; x_wconf 90' lang='lat' dir='ltr'>noster</span> <span class='ocrx_word' id='word_1_242' title='bbox 709 1717 1032 1766; x_wconf 84' lang='lat' dir='ltr'>repercutiebatur</span> <span class='ocrx_word' id='word_1_243' title='bbox 1048 1730 1074 1755; x_wconf 87' lang='lat' dir='ltr'>a</span> <span class='ocrx_word' id='word_1_244' title='bbox 1092 1718 1206 1755; x_wconf 91' lang='lat' dir='ltr'>stellis</span> <span class='ocrx_word' id='word_1_245' title='bbox 1226 1719 1306 1768; x_wconf 93' lang='lat' dir='ltr'>qui-</span> 
     </span>
     <span class='ocr_line' id='line_1_34' title="bbox 238 1769 1308 1821; baseline 0.001 -13"><span class='ocrx_word' id='word_1_246' title='bbox 238 1770 403 1821; x_wconf 83' lang='lat' dir='ltr'>busdam</span> <span class='ocrx_word' id='word_1_247' title='bbox 423 1770 472 1808; x_wconf 92' lang='lat' dir='ltr'>ad</span> <span class='ocrx_word' id='word_1_248' title='bbox 492 1769 631 1815; x_wconf 89' lang='lat' dir='ltr'>solem;</span> <span class='ocrx_word' id='word_1_249' title='bbox 653 1777 690 1807; x_wconf 93' lang='lat' dir='ltr'>et</span> <span class='ocrx_word' id='word_1_250' title='bbox 706 1769 795 1807; x_wconf 91' lang='lat' dir='ltr'>ideo</span> <span class='ocrx_word' id='word_1_251' title='bbox 814 1771 1024 1820; x_wconf 88' lang='lat' dir='ltr'>apparebat</span> <span class='ocrx_word' id='word_1_252' title='bbox 1043 1771 1189 1808; x_wconf 89' lang='lat' dir='ltr'>claritas</span> <span class='ocrx_word' id='word_1_253' title='bbox 1209 1772 1308 1809; x_wconf 90' lang='lat' dir='ltr'>circa</span> 
     </span>
     <span class='ocr_line' id='line_1_35' title="bbox 238 1823 1308 1873; baseline -0.001 -10"><span class='ocrx_word' id='word_1_254' title='bbox 238 1823 320 1863; x_wconf 80' lang='lat' dir='ltr'>inas</span> <span class='ocrx_word' id='word_1_255' title='bbox 347 1824 472 1862; x_wconf 86' lang='lat' dir='ltr'>stellas</span> <span class='ocrx_word' id='word_1_256' title='bbox 501 1823 795 1872; x_wconf 90' lang='lat' dir='ltr'>repercutientes</span> <span class='ocrx_word' id='word_1_257' title='bbox 822 1823 971 1872; x_wconf 83' lang='lat' dir='ltr'>visum,</span> <span class='ocrx_word' id='word_1_258' title='bbox 1000 1825 1050 1861; x_wconf 91' lang='lat' dir='ltr'>ita</span> <span class='ocrx_word' id='word_1_259' title='bbox 1086 1825 1193 1873; x_wconf 92' lang='lat' dir='ltr'>quod</span> <span class='ocrx_word' id='word_1_260' title='bbox 1221 1833 1308 1862; x_wconf 88' lang='lat' dir='ltr'>sunt</span> 
     </span>
     <span class='ocr_line' id='line_1_36' title="bbox 238 1876 1308 1927; baseline 0.001 -13"><span class='ocrx_word' id='word_1_261' title='bbox 238 1877 348 1927; x_wconf 87' lang='lat' dir='ltr'>quasi</span> <span class='ocrx_word' id='word_1_262' title='bbox 376 1876 574 1927; x_wconf 89' lang='lat' dir='ltr'>quoddam</span> <span class='ocrx_word' id='word_1_263' title='bbox 602 1878 802 1926; x_wconf 91' lang='lat' dir='ltr'>speculum</span> <span class='ocrx_word' id='word_1_264' title='bbox 831 1877 1007 1914; x_wconf 87' lang='lat' dir='ltr'>claritatis</span> <span class='ocrx_word' id='word_1_265' title='bbox 1036 1878 1182 1925; x_wconf 91' lang='lat' dir='ltr'>solaris,</span> <span class='ocrx_word' id='word_1_266' title='bbox 1213 1878 1308 1916; x_wconf 89' lang='lat' dir='ltr'>sicut</span> 
     </span>
     <span class='ocr_line' id='line_1_37' title="bbox 239 1930 1305 1980; baseline 0.001 -12"><span class='ocrx_word' id='word_1_267' title='bbox 239 1937 277 1968; x_wconf 88' lang='lat' dir='ltr'>et</span> <span class='ocrx_word' id='word_1_268' title='bbox 292 1930 315 1953; x_wconf 81' lang='grc'><strong><em>*</em></strong></span> <span class='ocrx_word' id='word_1_269' title='bbox 333 1930 588 1980; x_wconf 89' lang='lat' dir='ltr'>Hippocrates</span> <span class='ocrx_word' id='word_1_270' title='bbox 617 1930 705 1968; x_wconf 88' lang='lat' dir='ltr'>dixit</span> <span class='ocrx_word' id='word_1_271' title='bbox 733 1930 779 1967; x_wconf 94' lang='lat' dir='ltr'>de</span> <span class='ocrx_word' id='word_1_272' title='bbox 809 1930 1044 1980; x_wconf 88' lang='lat' dir='ltr'>apparitione</span> <span class='ocrx_word' id='word_1_273' title='bbox 1065 1939 1239 1969; x_wconf 90' lang='lat' dir='ltr'>cometae</span> <span class='ocrx_word' id='word_1_274' title='bbox 1253 1931 1305 1969; x_wconf 56' lang='grc' dir='ltr'>*ἦ</span> 
     </span>
    </p>

    <p class='ocr_par' dir='ltr' id='par_1_9' title="bbox 235 1983 1308 2247">
     <span class='ocr_line' id='line_1_38' title="bbox 294 1983 1306 2034; baseline 0.002 -14"><span class='ocrx_word' id='word_1_275' title='bbox 294 1984 330 2021; x_wconf 90' lang='grc'>8.</span> <span class='ocrx_word' id='word_1_276' title='bbox 361 1983 541 2021; x_wconf 90' lang='lat' dir='ltr'>Secundo</span> <span class='ocrx_word' id='word_1_277' title='bbox 562 1983 631 2021; x_wconf 92' lang='lat' dir='ltr'>ibi:</span> <span class='ocrx_word' id='word_1_278' title='bbox 653 1984 887 2032; x_wconf 83' lang='lat' dir='ltr'>Impossibile</span> <span class='ocrx_word' id='word_1_279' title='bbox 909 1990 1035 2021; x_wconf 84' lang='lat' dir='ltr'>autem</span> <span class='ocrx_word' id='word_1_280' title='bbox 1056 1993 1139 2032; x_wconf 65' lang='lat' dir='ltr'>etc„</span> <span class='ocrx_word' id='word_1_281' title='bbox 1164 1985 1306 2034; x_wconf 91' lang='lat' dir='ltr'>impro-</span> 
     </span>
     <span class='ocr_line' id='line_1_39' title="bbox 239 2036 1306 2086; baseline 0.001 -12"><span class='ocrx_word' id='word_1_282' title='bbox 239 2037 305 2075; x_wconf 77' lang='lat' dir='ltr'>bat</span> <span class='ocrx_word' id='word_1_283' title='bbox 323 2036 338 2063; x_wconf 69' lang='lat' dir='ltr'>t</span> <span class='ocrx_word' id='word_1_284' title='bbox 355 2037 455 2074; x_wconf 89' lang='lat' dir='ltr'>hanc</span> <span class='ocrx_word' id='word_1_285' title='bbox 474 2037 699 2086; x_wconf 90' lang='lat' dir='ltr'>opinionem</span> <span class='ocrx_word' id='word_1_286' title='bbox 718 2050 788 2086; x_wconf 92' lang='lat' dir='ltr'>per</span> <span class='ocrx_word' id='word_1_287' title='bbox 807 2037 903 2075; x_wconf 88' lang='lat' dir='ltr'>duas</span> <span class='ocrx_word' id='word_1_288' title='bbox 923 2038 1100 2076; x_wconf 90' lang='lat' dir='ltr'>rationes.</span> <span class='ocrx_word' id='word_1_289' title='bbox 1132 2038 1306 2085; x_wconf 89' lang='lat' dir='ltr'>Quarum</span> 
     </span>
     <span class='ocr_line' id='line_1_40' title="bbox 237 2090 1307 2140; baseline 0.001 -13"><span class='ocrx_word' id='word_1_290' title='bbox 237 2090 405 2140; x_wconf 86' lang='lat' dir='ltr'>primam</span> <span class='ocrx_word' id='word_1_291' title='bbox 431 2090 556 2140; x_wconf 89' lang='lat' dir='ltr'>ponit,</span> <span class='ocrx_word' id='word_1_292' title='bbox 585 2090 715 2128; x_wconf 90' lang='lat' dir='ltr'>dicens</span> <span class='ocrx_word' id='word_1_293' title='bbox 734 2090 839 2139; x_wconf 91' lang='lat' dir='ltr'>quod</span> <span class='ocrx_word' id='word_1_294' title='bbox 859 2090 1094 2140; x_wconf 89' lang='lat' dir='ltr'>impossibile</span> <span class='ocrx_word' id='word_1_295' title='bbox 1124 2099 1180 2128; x_wconf 94' lang='lat' dir='ltr'>est</span> <span class='ocrx_word' id='word_1_296' title='bbox 1200 2092 1307 2140; x_wconf 91' lang='lat' dir='ltr'>quod</span> 
     </span>
     <span class='ocr_line' id='line_1_41' title="bbox 237 2143 1306 2194; baseline 0.002 -14"><span class='ocrx_word' id='word_1_297' title='bbox 237 2143 432 2193; x_wconf 86' lang='lat' dir='ltr'>praedicta</span> <span class='ocrx_word' id='word_1_298' title='bbox 459 2143 590 2193; x_wconf 89' lang='lat' dir='ltr'>opinio</span> <span class='ocrx_word' id='word_1_299' title='bbox 627 2143 747 2192; x_wconf 91' lang='lat' dir='ltr'>ponit.</span> <span class='ocrx_word' id='word_1_300' title='bbox 783 2145 833 2180; x_wconf 91' lang='lat' dir='ltr'>Et</span> <span class='ocrx_word' id='word_1_301' title='bbox 859 2144 1064 2193; x_wconf 89' lang='lat' dir='ltr'>praemittit</span> <span class='ocrx_word' id='word_1_302' title='bbox 1092 2145 1192 2182; x_wconf 91' lang='lat' dir='ltr'>hanc</span> <span class='ocrx_word' id='word_1_303' title='bbox 1219 2157 1306 2194; x_wconf 92' lang='lat' dir='ltr'>pro-</span> 
     </span>
     <span class='ocr_line' id='line_1_42' title="bbox 235 2196 1308 2247; baseline 0 -13"><span class='ocrx_word' id='word_1_304' title='bbox 235 2197 481 2247; x_wconf 90' lang='lat' dir='ltr'>positionem.</span> <span class='ocrx_word' id='word_1_305' title='bbox 521 2196 562 2234; x_wconf 90' lang='lat' dir='ltr'>Si</span> <span class='ocrx_word' id='word_1_306' title='bbox 589 2209 720 2243; x_wconf 86' lang='lat' dir='ltr'>omne,</span> <span class='ocrx_word' id='word_1_307' title='bbox 757 2196 855 2234; x_wconf 94' lang='lat' dir='ltr'>idest</span> <span class='ocrx_word' id='word_1_308' title='bbox 886 2204 1010 2234; x_wconf 91' lang='lat' dir='ltr'>totum</span> <span class='ocrx_word' id='word_1_309' title='bbox 1042 2198 1139 2244; x_wconf 87' lang='lat' dir='ltr'>hoc,</span> <span class='ocrx_word' id='word_1_310' title='bbox 1168 2197 1308 2235; x_wconf 90' lang='lat' dir='ltr'>scilicet</span> 
     </span>
    </p>
   </div>
   <div class='ocr_carea' id='block_1_8' title="bbox 202 2250 1308 2300">
    <p class='ocr_par' dir='ltr' id='par_1_10' title="bbox 202 2250 1308 2300">
     <span class='ocr_line' id='line_1_43' title="bbox 202 2250 1308 2300; baseline -0.001 -12"><span class='ocrx_word' id='word_1_311' title='bbox 202 2273 210 2281; x_wconf 88' lang='lat'><strong>·</strong></span> <span class='ocrx_word' id='word_1_312' title='bbox 236 2250 374 2288; x_wconf 88' lang='lat' dir='ltr'>videns</span> <span class='ocrx_word' id='word_1_313' title='bbox 402 2258 439 2287; x_wconf 91' lang='lat' dir='ltr'>et</span> <span class='ocrx_word' id='word_1_314' title='bbox 464 2250 485 2273; x_wconf 75' lang='lat'>’¹‘</span> <span class='ocrx_word' id='word_1_315' title='bbox 513 2250 712 2299; x_wconf 90' lang='lat' dir='ltr'>speculum</span> <span class='ocrx_word' id='word_1_316' title='bbox 751 2257 788 2286; x_wconf 91' lang='lat' dir='ltr'>et</span> <span class='ocrx_word' id='word_1_317' title='bbox 823 2263 883 2287; x_wconf 89' lang='lat' dir='ltr'>res</span> <span class='ocrx_word' id='word_1_318' title='bbox 920 2263 1019 2299; x_wconf 92' lang='lat' dir='ltr'>quae</span> <span class='ocrx_word' id='word_1_319' title='bbox 1056 2251 1207 2288; x_wconf 91' lang='lat' dir='ltr'>videtur</span> <span class='ocrx_word' id='word_1_320' title='bbox 1238 2263 1308 2300; x_wconf 93' lang='lat' dir='ltr'>per</span> 
     </span>
    </p>
   </div>
   <div class='ocr_carea' id='block_1_9' title="bbox 235 2303 1306 3201">
    <p class='ocr_par' dir='ltr' id='par_1_11' title="bbox 235 2303 1306 3201">
     <span class='ocr_line' id='line_1_44' title="bbox 237 2303 1306 2353; baseline 0 -12"><span class='ocrx_word' id='word_1_321' title='bbox 237 2304 460 2353; x_wconf 87' lang='lat' dir='ltr'>speculum,</span> <span class='ocrx_word' id='word_1_322' title='bbox 489 2303 698 2340; x_wconf 90' lang='lat' dir='ltr'>immobilis</span> <span class='ocrx_word' id='word_1_323' title='bbox 726 2311 900 2351; x_wconf 88' lang='lat' dir='ltr'>maneat,</span> <span class='ocrx_word' id='word_1_324' title='bbox 931 2316 1088 2341; x_wconf 92' lang='lat' dir='ltr'>necesse</span> <span class='ocrx_word' id='word_1_325' title='bbox 1117 2311 1173 2342; x_wconf 88' lang='lat' dir='ltr'>est</span> <span class='ocrx_word' id='word_1_326' title='bbox 1201 2304 1306 2353; x_wconf 92' lang='lat' dir='ltr'>quod</span> 
     </span>
     <span class='ocr_line' id='line_1_45' title="bbox 240 2357 1304 2406; baseline -0.001 -11"><span class='ocrx_word' id='word_1_327' title='bbox 240 2357 377 2395; x_wconf 76' lang='lat' dir='ltr'>eadem</span> <span class='ocrx_word' id='word_1_328' title='bbox 405 2369 494 2406; x_wconf 91' lang='lat' dir='ltr'>pars</span> <span class='ocrx_word' id='word_1_329' title='bbox 521 2357 751 2405; x_wconf 85' lang='lat' dir='ltr'>emphaseos,</span> <span class='ocrx_word' id='word_1_330' title='bbox 777 2357 874 2394; x_wconf 93' lang='lat' dir='ltr'>idest</span> <span class='ocrx_word' id='word_1_331' title='bbox 901 2357 1047 2394; x_wconf 85' lang='lat' dir='ltr'>formae</span> <span class='ocrx_word' id='word_1_332' title='bbox 1078 2357 1304 2406; x_wconf 89' lang='lat' dir='ltr'>apparentis,</span> 
     </span>
     <span class='ocr_line' id='line_1_46' title="bbox 237 2410 1304 2460; baseline -0.001 -12"><span class='ocrx_word' id='word_1_333' title='bbox 237 2417 419 2460; x_wconf 81' lang='lat' dir='ltr'>appareat</span> <span class='ocrx_word' id='word_1_334' title='bbox 437 2410 476 2447; x_wconf 93' lang='lat' dir='ltr'>in</span> <span class='ocrx_word' id='word_1_335' title='bbox 504 2410 634 2447; x_wconf 87' lang='lat' dir='ltr'>eodem</span> <span class='ocrx_word' id='word_1_336' title='bbox 660 2410 772 2459; x_wconf 83' lang='lat' dir='ltr'>signo</span> <span class='ocrx_word' id='word_1_337' title='bbox 799 2410 949 2458; x_wconf 82' lang='lat' dir='ltr'>speculi,</span> <span class='ocrx_word' id='word_1_338' title='bbox 978 2410 1075 2447; x_wconf 88' lang='lat' dir='ltr'>idest</span> <span class='ocrx_word' id='word_1_339' title='bbox 1102 2410 1141 2447; x_wconf 94' lang='lat' dir='ltr'>in</span> <span class='ocrx_word' id='word_1_340' title='bbox 1166 2411 1304 2448; x_wconf 91' lang='lat' dir='ltr'>eodem</span> 
     </span>
     <span class='ocr_line' id='line_1_47' title="bbox 235 2463 1304 2514; baseline -0.001 -13"><span class='ocrx_word' id='word_1_341' title='bbox 235 2470 380 2514; x_wconf 89' lang='lat' dir='ltr'>puncto</span> <span class='ocrx_word' id='word_1_342' title='bbox 418 2463 468 2500; x_wconf 92' lang='lat' dir='ltr'>ad</span> <span class='ocrx_word' id='word_1_343' title='bbox 496 2463 602 2512; x_wconf 91' lang='lat' dir='ltr'>quod</span> <span class='ocrx_word' id='word_1_344' title='bbox 635 2463 679 2500; x_wconf 90' lang='lat' dir='ltr'>fit</span> <span class='ocrx_word' id='word_1_345' title='bbox 715 2463 951 2512; x_wconf 92' lang='lat' dir='ltr'>repercussio</span> <span class='ocrx_word' id='word_1_346' title='bbox 984 2463 1105 2500; x_wconf 90' lang='lat' dir='ltr'>lineae</span> <span class='ocrx_word' id='word_1_347' title='bbox 1137 2463 1304 2501; x_wconf 89' lang='lat' dir='ltr'>visualis.</span> 
     </span>
     <span class='ocr_line' id='line_1_48' title="bbox 238 2516 1306 2566; baseline -0.001 -11"><span class='ocrx_word' id='word_1_348' title='bbox 238 2516 317 2556; x_wconf 91' lang='lat' dir='ltr'>Sed</span> <span class='ocrx_word' id='word_1_349' title='bbox 335 2516 366 2554; x_wconf 88' lang='lat' dir='ltr'>si</span> <span class='ocrx_word' id='word_1_350' title='bbox 386 2517 585 2566; x_wconf 90' lang='lat' dir='ltr'>speculum</span> <span class='ocrx_word' id='word_1_351' title='bbox 605 2523 819 2564; x_wconf 91' lang='lat' dir='ltr'>moveatur,</span> <span class='ocrx_word' id='word_1_352' title='bbox 850 2523 886 2554; x_wconf 91' lang='lat' dir='ltr'>et</span> <span class='ocrx_word' id='word_1_353' title='bbox 913 2516 1082 2554; x_wconf 91' lang='lat' dir='ltr'>similiter</span> <span class='ocrx_word' id='word_1_354' title='bbox 1099 2516 1120 2539; x_wconf 82' lang='grc'>*</span> <span class='ocrx_word' id='word_1_355' title='bbox 1139 2529 1199 2554; x_wconf 91' lang='lat' dir='ltr'>res</span> <span class='ocrx_word' id='word_1_356' title='bbox 1223 2517 1306 2554; x_wconf 91' lang='lat' dir='ltr'>visa</span> 
     </span>
     <span class='ocr_line' id='line_1_49' title="bbox 236 2569 1302 2620; baseline -0.001 -12"><span class='ocrx_word' id='word_1_357' title='bbox 236 2582 307 2620; x_wconf 90' lang='lat' dir='ltr'>per</span> <span class='ocrx_word' id='word_1_358' title='bbox 334 2570 546 2620; x_wconf 89' lang='lat' dir='ltr'>speculum,</span> <span class='ocrx_word' id='word_1_359' title='bbox 566 2569 704 2607; x_wconf 88' lang='lat' dir='ltr'>videns</span> <span class='ocrx_word' id='word_1_360' title='bbox 725 2577 855 2607; x_wconf 91' lang='lat' dir='ltr'>autern</span> <span class='ocrx_word' id='word_1_361' title='bbox 875 2570 1060 2619; x_wconf 82' lang='lat' dir='ltr'>quiescat3</span> <span class='ocrx_word' id='word_1_362' title='bbox 1082 2577 1119 2607; x_wconf 91' lang='lat' dir='ltr'>et</span> <span class='ocrx_word' id='word_1_363' title='bbox 1139 2569 1201 2607; x_wconf 90' lang='lat' dir='ltr'>illa</span> <span class='ocrx_word' id='word_1_364' title='bbox 1225 2570 1302 2608; x_wconf 94' lang='lat' dir='ltr'>duo</span> 
     </span>
     <span class='ocr_line' id='line_1_50' title="bbox 237 2623 1305 2673; baseline -0.001 -12"><span class='ocrx_word' id='word_1_365' title='bbox 237 2635 337 2673; x_wconf 84' lang='lat' dir='ltr'>quae</span> <span class='ocrx_word' id='word_1_366' title='bbox 365 2630 583 2670; x_wconf 89' lang='lat' dir='ltr'>moventur,</span> <span class='ocrx_word' id='word_1_367' title='bbox 612 2635 765 2673; x_wconf 89' lang='lat' dir='ltr'>semper</span> <span class='ocrx_word' id='word_1_368' title='bbox 787 2630 1012 2660; x_wconf 89' lang='lat' dir='ltr'>remaneant</span> <span class='ocrx_word' id='word_1_369' title='bbox 1030 2623 1069 2660; x_wconf 92' lang='lat' dir='ltr'>in</span> <span class='ocrx_word' id='word_1_370' title='bbox 1093 2623 1231 2660; x_wconf 89' lang='lat' dir='ltr'>eadem</span> <span class='ocrx_word' id='word_1_371' title='bbox 1251 2623 1305 2661; x_wconf 92' lang='lat' dir='ltr'>di-</span> 
     </span>
     <span class='ocr_line' id='line_1_51' title="bbox 237 2676 1304 2726; baseline 0 -13"><span class='ocrx_word' id='word_1_372' title='bbox 237 2676 374 2714; x_wconf 82' lang='lat' dir='ltr'>stantia</span> <span class='ocrx_word' id='word_1_373' title='bbox 406 2676 456 2713; x_wconf 85' lang='lat' dir='ltr'>ad</span> <span class='ocrx_word' id='word_1_374' title='bbox 483 2676 701 2723; x_wconf 90' lang='lat' dir='ltr'>videntem,</span> <span class='ocrx_word' id='word_1_375' title='bbox 732 2676 800 2714; x_wconf 91' lang='lat' dir='ltr'>sed</span> <span class='ocrx_word' id='word_1_376' title='bbox 828 2676 1045 2714; x_wconf 87' lang='lat' dir='ltr'>adinvicem</span> <span class='ocrx_word' id='word_1_377' title='bbox 1083 2684 1304 2726; x_wconf 90' lang='lat' dir='ltr'>comparata</span> 
     </span>
     <span class='ocr_line' id='line_1_52' title="bbox 237 2729 1305 2779; baseline 0 -13"><span class='ocrx_word' id='word_1_378' title='bbox 237 2741 366 2779; x_wconf 90' lang='lat' dir='ltr'>neque</span> <span class='ocrx_word' id='word_1_379' title='bbox 393 2729 543 2778; x_wconf 89' lang='lat' dir='ltr'>aequali</span> <span class='ocrx_word' id='word_1_380' title='bbox 569 2730 771 2766; x_wconf 89' lang='lat' dir='ltr'>velocitate</span> <span class='ocrx_word' id='word_1_381' title='bbox 799 2737 1028 2776; x_wconf 89' lang='lat' dir='ltr'>moventur,</span> <span class='ocrx_word' id='word_1_382' title='bbox 1064 2741 1189 2779; x_wconf 89' lang='lat' dir='ltr'>neque</span> <span class='ocrx_word' id='word_1_383' title='bbox 1218 2737 1305 2767; x_wconf 91' lang='lat' dir='ltr'>sunt</span> 
     </span>
     <span class='ocr_line' id='line_1_53' title="bbox 237 2782 1306 2832; baseline 0 -12"><span class='ocrx_word' id='word_1_384' title='bbox 237 2794 392 2832; x_wconf 89' lang='lat' dir='ltr'>semper</span> <span class='ocrx_word' id='word_1_385' title='bbox 409 2782 449 2820; x_wconf 92' lang='lat' dir='ltr'>in</span> <span class='ocrx_word' id='word_1_386' title='bbox 470 2782 608 2820; x_wconf 91' lang='lat' dir='ltr'>eadem</span> <span class='ocrx_word' id='word_1_387' title='bbox 637 2782 827 2828; x_wconf 88' lang='lat' dir='ltr'>distantia;</span> <span class='ocrx_word' id='word_1_388' title='bbox 853 2782 1087 2831; x_wconf 89' lang='lat' dir='ltr'>impossibile</span> <span class='ocrx_word' id='word_1_389' title='bbox 1116 2790 1172 2819; x_wconf 92' lang='lat' dir='ltr'>est</span> <span class='ocrx_word' id='word_1_390' title='bbox 1200 2783 1306 2832; x_wconf 92' lang='lat' dir='ltr'>quod</span> 
     </span>
     <span class='ocr_line' id='line_1_54' title="bbox 238 2834 1306 2885; baseline -0.003 -10"><span class='ocrx_word' id='word_1_391' title='bbox 238 2835 375 2876; x_wconf 81' lang='lat' dir='ltr'>eadem</span> <span class='ocrx_word' id='word_1_392' title='bbox 395 2834 580 2885; x_wconf 90' lang='lat' dir='ltr'>apparitio</span> <span class='ocrx_word' id='word_1_393' title='bbox 600 2835 668 2872; x_wconf 92' lang='lat' dir='ltr'>fiat</span> <span class='ocrx_word' id='word_1_394' title='bbox 690 2835 729 2872; x_wconf 91' lang='lat' dir='ltr'>in</span> <span class='ocrx_word' id='word_1_395' title='bbox 749 2835 885 2872; x_wconf 91' lang='lat' dir='ltr'>eadem</span> <span class='ocrx_word' id='word_1_396' title='bbox 903 2843 1010 2884; x_wconf 91' lang='lat' dir='ltr'>parte</span> <span class='ocrx_word' id='word_1_397' title='bbox 1029 2835 1183 2884; x_wconf 90' lang='lat' dir='ltr'>speculi.</span> <span class='ocrx_word' id='word_1_398' title='bbox 1205 2836 1306 2883; x_wconf 92' lang='lat' dir='ltr'>Quia</span> 
     </span>
     <span class='ocr_line' id='line_1_55' title="bbox 237 2888 1304 2937; baseline -0.002 -10"><span class='ocrx_word' id='word_1_399' title='bbox 237 2889 328 2927; x_wconf 86' lang='lat' dir='ltr'>nihil</span> <span class='ocrx_word' id='word_1_400' title='bbox 356 2888 483 2926; x_wconf 82' lang='lat' dir='ltr'>differt</span> <span class='ocrx_word' id='word_1_401' title='bbox 509 2888 614 2937; x_wconf 93' lang='lat' dir='ltr'>quod</span> <span class='ocrx_word' id='word_1_402' title='bbox 643 2889 842 2937; x_wconf 90' lang='lat' dir='ltr'>speculum</span> <span class='ocrx_word' id='word_1_403' title='bbox 866 2896 903 2925; x_wconf 93' lang='lat' dir='ltr'>et</span> <span class='ocrx_word' id='word_1_404' title='bbox 930 2901 990 2925; x_wconf 93' lang='lat' dir='ltr'>res</span> <span class='ocrx_word' id='word_1_405' title='bbox 1007 2888 1092 2926; x_wconf 92' lang='lat' dir='ltr'>visa</span> <span class='ocrx_word' id='word_1_406' title='bbox 1120 2901 1304 2926; x_wconf 92' lang='lat' dir='ltr'>movean-</span> 
     </span>
     <span class='ocr_line' id='line_1_56' title="bbox 237 2941 1306 2991; baseline -0.002 -11"><span class='ocrx_word' id='word_1_407' title='bbox 237 2949 299 2980; x_wconf 89' lang='lat' dir='ltr'>tur</span> <span class='ocrx_word' id='word_1_408' title='bbox 325 2942 478 2980; x_wconf 89' lang='lat' dir='ltr'>diversa</span> <span class='ocrx_word' id='word_1_409' title='bbox 499 2941 714 2990; x_wconf 87' lang='lat' dir='ltr'>velocitate,</span> <span class='ocrx_word' id='word_1_410' title='bbox 735 2953 853 2991; x_wconf 89' lang='lat' dir='ltr'>quam</span> <span class='ocrx_word' id='word_1_411' title='bbox 883 2941 914 2978; x_wconf 91' lang='lat' dir='ltr'>si</span> <span class='ocrx_word' id='word_1_412' title='bbox 932 2954 1054 2978; x_wconf 90' lang='lat' dir='ltr'>unum</span> <span class='ocrx_word' id='word_1_413' title='bbox 1083 2948 1306 2979; x_wconf 86' lang='lat' dir='ltr'>moveretur</span> 
     </span>
     <span class='ocr_line' id='line_1_57' title="bbox 239 2994 1304 3044; baseline -0.001 -12"><span class='ocrx_word' id='word_1_414' title='bbox 239 3002 276 3033; x_wconf 91' lang='lat' dir='ltr'>et</span> <span class='ocrx_word' id='word_1_415' title='bbox 302 2996 463 3032; x_wconf 90' lang='lat' dir='ltr'>alterum</span> <span class='ocrx_word' id='word_1_416' title='bbox 482 2995 710 3044; x_wconf 88' lang='lat' dir='ltr'>quiesceret:</span> <span class='ocrx_word' id='word_1_417' title='bbox 740 2995 846 3043; x_wconf 91' lang='lat' dir='ltr'>quod</span> <span class='ocrx_word' id='word_1_418' title='bbox 871 2995 901 3032; x_wconf 91' lang='lat' dir='ltr'>si</span> <span class='ocrx_word' id='word_1_419' title='bbox 931 3002 1038 3042; x_wconf 90' lang='lat' dir='ltr'>esset,</span> <span class='ocrx_word' id='word_1_420' title='bbox 1059 2994 1304 3032; x_wconf 89' lang='lat' dir='ltr'>manifestum</span> 
     </span>
     <span class='ocr_line' id='line_1_58' title="bbox 239 3048 1304 3098; baseline -0.001 -12"><span class='ocrx_word' id='word_1_421' title='bbox 239 3056 296 3086; x_wconf 92' lang='lat' dir='ltr'>est</span> <span class='ocrx_word' id='word_1_422' title='bbox 323 3049 428 3098; x_wconf 93' lang='lat' dir='ltr'>quod</span> <span class='ocrx_word' id='word_1_423' title='bbox 464 3048 658 3086; x_wconf 90' lang='lat' dir='ltr'>videretur</span> <span class='ocrx_word' id='word_1_424' title='bbox 690 3049 729 3085; x_wconf 89' lang='lat' dir='ltr'>in</span> <span class='ocrx_word' id='word_1_425' title='bbox 757 3048 829 3085; x_wconf 91' lang='lat' dir='ltr'>alia</span> <span class='ocrx_word' id='word_1_426' title='bbox 858 3055 894 3085; x_wconf 93' lang='lat' dir='ltr'>et</span> <span class='ocrx_word' id='word_1_427' title='bbox 925 3048 997 3085; x_wconf 91' lang='lat' dir='ltr'>alia</span> <span class='ocrx_word' id='word_1_428' title='bbox 1024 3055 1130 3097; x_wconf 91' lang='lat' dir='ltr'>parte</span> <span class='ocrx_word' id='word_1_429' title='bbox 1160 3048 1304 3097; x_wconf 88' lang='lat' dir='ltr'>speculi</span> 
     </span>
     <span class='ocr_line' id='line_1_59' title="bbox 237 3099 1303 3151; baseline -0.002 -11"><span class='ocrx_word' id='word_1_430' title='bbox 237 3099 363 3140; x_wconf 87' lang='lat' dir='ltr'>forma</span> <span class='ocrx_word' id='word_1_431' title='bbox 390 3101 444 3139; x_wconf 92' lang='lat' dir='ltr'>rei</span> <span class='ocrx_word' id='word_1_432' title='bbox 470 3101 589 3148; x_wconf 89' lang='lat' dir='ltr'>visae,</span> <span class='ocrx_word' id='word_1_433' title='bbox 609 3109 766 3151; x_wconf 91' lang='lat' dir='ltr'>propter</span> <span class='ocrx_word' id='word_1_434' title='bbox 793 3101 986 3138; x_wconf 89' lang='lat' dir='ltr'>diversam</span> <span class='ocrx_word' id='word_1_435' title='bbox 1021 3100 1303 3150; x_wconf 90' lang='lat' dir='ltr'>oppositionem</span> 
     </span>
     <span class='ocr_line' id='line_1_60' title="bbox 237 3154 1302 3201; baseline -0.002 -9"><span class='ocrx_word' id='word_1_436' title='bbox 237 3155 452 3193; x_wconf 84' lang='lat' dir='ltr'>secundum</span> <span class='ocrx_word' id='word_1_437' title='bbox 472 3154 599 3192; x_wconf 89' lang='lat' dir='ltr'>situm.</span> <span class='ocrx_word' id='word_1_438' title='bbox 629 3155 679 3192; x_wconf 92' lang='lat' dir='ltr'>Et</span> <span class='ocrx_word' id='word_1_439' title='bbox 697 3155 772 3192; x_wconf 90' lang='lat' dir='ltr'>hoc</span> <span class='ocrx_word' id='word_1_440' title='bbox 792 3154 879 3191; x_wconf 90' lang='lat' dir='ltr'>dico</span> <span class='ocrx_word' id='word_1_441' title='bbox 908 3154 938 3191; x_wconf 92' lang='lat' dir='ltr'>si</span> <span class='ocrx_word' id='word_1_442' title='bbox 957 3154 1094 3191; x_wconf 91' lang='lat' dir='ltr'>videns</span> <span class='ocrx_word' id='word_1_443' title='bbox 1113 3154 1302 3201; x_wconf 90' lang='lat' dir='ltr'>quiescat:</span> 
     </span>
    </p>
   </div>
   <div class='ocr_carea' id='block_1_10' title="bbox 236 3258 1306 3610">
    <p class='ocr_par' dir='ltr' id='par_1_12' title="bbox 237 3258 1306 3330">
     <span class='ocr_line' id='line_1_61' title="bbox 290 3258 1306 3294; baseline -0.004 -8"><span class='ocrx_word' id='word_1_444' title='bbox 290 3260 319 3294; x_wconf 80' lang='grc' dir='ltr'>γ)</span> <span class='ocrx_word' id='word_1_445' title='bbox 332 3260 402 3286; x_wconf 82' lang='lat' dir='ltr'>sieut</span> <span class='ocrx_word' id='word_1_446' title='bbox 413 3263 440 3285; x_wconf 88' lang='lat' dir='ltr'>et</span> <span class='ocrx_word' id='word_1_447' title='bbox 453 3260 493 3285; x_wconf 86' lang='lat' dir='ltr'>sol</span> <span class='ocrx_word' id='word_1_448' title='bbox 501 3260 565 3291; x_wconf 81' lang='lat' dir='ltr'>plus</span> <span class='ocrx_word' id='word_1_449' title='bbox 579 3265 658 3291; x_wconf 76' lang='lat' dir='ltr'>quam</span> <span class='ocrx_word' id='word_1_450' title='bbox 673 3259 748 3284; x_wconf 87' lang='lat' dir='ltr'>luna.</span> <span class='ocrx_word' id='word_1_451' title='bbox 760 3272 780 3278; x_wconf 84' lang='lat'><strong>—</strong></span> <span class='ocrx_word' id='word_1_452' title='bbox 792 3258 862 3283; x_wconf 80' lang='lat' dir='ltr'>sicut</span> <span class='ocrx_word' id='word_1_453' title='bbox 875 3262 903 3283; x_wconf 82' lang='lat' dir='ltr'>et</span> <span class='ocrx_word' id='word_1_454' title='bbox 915 3259 956 3283; x_wconf 89' lang='lat' dir='ltr'>sol</span> <span class='ocrx_word' id='word_1_455' title='bbox 969 3258 1019 3291; x_wconf 85' lang='lat' dir='ltr'>(sol</span> <span class='ocrx_word' id='word_1_456' title='bbox 1033 3266 1088 3283; x_wconf 86' lang='lat' dir='ltr'>om.</span> <span class='ocrx_word' id='word_1_457' title='bbox 1099 3258 1130 3290; x_wconf 86' lang='lat' dir='ltr'>P)</span> <span class='ocrx_word' id='word_1_458' title='bbox 1144 3259 1208 3290; x_wconf 80' lang='lat' dir='ltr'>plus</span> <span class='ocrx_word' id='word_1_459' title='bbox 1221 3258 1306 3283; x_wconf 85' lang='lat' dir='ltr'>distat</span> 
     </span>
     <span class='ocr_line' id='line_1_62' title="bbox 237 3292 781 3330; baseline -0.007 -9"><span class='ocrx_word' id='word_1_460' title='bbox 237 3303 318 3330; x_wconf 76' lang='lat' dir='ltr'>quam</span> <span class='ocrx_word' id='word_1_461' title='bbox 336 3296 402 3320; x_wconf 87' lang='lat' dir='ltr'>luna</span> <span class='ocrx_word' id='word_1_462' title='bbox 419 3295 459 3320; x_wconf 81' lang='lat' dir='ltr'>Pa</span> <span class='ocrx_word' id='word_1_463' title='bbox 477 3299 503 3319; x_wconf 86' lang='lat' dir='ltr'>et</span> <span class='ocrx_word' id='word_1_464' title='bbox 520 3295 561 3319; x_wconf 90' lang='lat' dir='ltr'>ed.</span> <span class='ocrx_word' id='word_1_465' title='bbox 580 3292 660 3324; x_wconf 82' lang='lat'>1561,</span> <span class='ocrx_word' id='word_1_466' title='bbox 678 3301 732 3318; x_wconf 87' lang='lat' dir='ltr'>om.</span> <span class='ocrx_word' id='word_1_467' title='bbox 751 3293 781 3318; x_wconf 89' lang='lat' dir='ltr'>B.</span> 
     </span>
    </p>

    <p class='ocr_par' dir='ltr' id='par_1_13' title="bbox 236 3328 1306 3503">
     <span class='ocr_line' id='line_1_63' title="bbox 291 3328 1305 3364; baseline -0.004 -8"><span class='ocrx_word' id='word_1_468' title='bbox 291 3330 317 3364; x_wconf 81' lang='grc' dir='ltr'>δ)</span> <span class='ocrx_word' id='word_1_469' title='bbox 336 3330 466 3356; x_wconf 83' lang='lat' dir='ltr'>ascendit.</span> <span class='ocrx_word' id='word_1_470' title='bbox 478 3342 497 3350; x_wconf 84' lang='lat'>—-</span> <span class='ocrx_word' id='word_1_471' title='bbox 508 3328 648 3362; x_wconf 77' lang='lat' dir='ltr'>consurgit</span> <span class='ocrx_word' id='word_1_472' title='bbox 665 3329 719 3353; x_wconf 82' lang='grc' dir='ltr'>ΑΒ.</span> <span class='ocrx_word' id='word_1_473' title='bbox 732 3342 751 3347; x_wconf 94' lang='grc'>-</span> <span class='ocrx_word' id='word_1_474' title='bbox 763 3328 790 3353; x_wconf 84' lang='lat' dir='ltr'>in</span> <span class='ocrx_word' id='word_1_475' title='bbox 809 3335 904 3353; x_wconf 85' lang='lat' dir='ltr'>conum</span> <span class='ocrx_word' id='word_1_476' title='bbox 952 3328 1128 3361; x_wconf 73' lang='lat' dir='ltr'>quantitatem</span> <span class='ocrx_word' id='word_1_477' title='bbox 1147 3336 1201 3353; x_wconf 89' lang='lat' dir='ltr'>orn.</span> <span class='ocrx_word' id='word_1_478' title='bbox 1215 3328 1244 3358; x_wconf 90' lang='lat' dir='ltr'>B,</span> <span class='ocrx_word' id='word_1_479' title='bbox 1258 3328 1305 3352; x_wconf 88' lang='lat' dir='ltr'>sed</span> 
     </span>
     <span class='ocr_line' id='line_1_64' title="bbox 236 3363 1306 3395; baseline -0.004 -4"><span class='ocrx_word' id='word_1_480' title='bbox 236 3374 272 3392; x_wconf 83' lang='lat' dir='ltr'>ne</span> <span class='ocrx_word' id='word_1_481' title='bbox 290 3370 419 3391; x_wconf 82' lang='lat' dir='ltr'>structura</span> <span class='ocrx_word' id='word_1_482' title='bbox 437 3363 545 3394; x_wconf 81' lang='lat' dir='ltr'>deficiat,</span> <span class='ocrx_word' id='word_1_483' title='bbox 564 3363 678 3388; x_wconf 83' lang='lat' dir='ltr'>secunda</span> <span class='ocrx_word' id='word_1_484' title='bbox 696 3370 789 3388; x_wconf 84' lang='lat' dir='ltr'>manus</span> <span class='ocrx_word' id='word_1_485' title='bbox 809 3363 912 3395; x_wconf 85' lang='lat' dir='ltr'>corrigit</span> <span class='ocrx_word' id='word_1_486' title='bbox 931 3364 1060 3388; x_wconf 81' lang='lat' dir='ltr'>minorem</span> <span class='ocrx_word' id='word_1_487' title='bbox 1080 3364 1105 3387; x_wconf 82' lang='lat' dir='ltr'>in</span> <span class='ocrx_word' id='word_1_488' title='bbox 1124 3363 1212 3388; x_wconf 84' lang='lat' dir='ltr'>minor</span> <span class='ocrx_word' id='word_1_489' title='bbox 1230 3366 1306 3388; x_wconf 83' lang='lat' dir='ltr'>est.—</span> 
     </span>
     <span class='ocr_line' id='line_1_65' title="bbox 239 3398 1305 3432; baseline -0.005 -5"><span class='ocrx_word' id='word_1_490' title='bbox 239 3402 291 3427; x_wconf 84' lang='lat' dir='ltr'>Pro</span> <span class='ocrx_word' id='word_1_491' title='bbox 310 3401 398 3426; x_wconf 82' lang='lat' dir='ltr'>minus</span> <span class='ocrx_word' id='word_1_492' title='bbox 416 3400 514 3429; x_wconf 80' lang='lat' dir='ltr'>distat,</span> <span class='ocrx_word' id='word_1_493' title='bbox 534 3399 621 3432; x_wconf 81' lang='lat' dir='ltr'>magis</span> <span class='ocrx_word' id='word_1_494' title='bbox 639 3398 723 3423; x_wconf 82' lang='lat' dir='ltr'>distat</span> <span class='ocrx_word' id='word_1_495' title='bbox 741 3398 816 3423; x_wconf 89' lang='lat' dir='ltr'>codd.</span> <span class='ocrx_word' id='word_1_496' title='bbox 831 3403 856 3423; x_wconf 85' lang='lat' dir='ltr'>et</span> <span class='ocrx_word' id='word_1_497' title='bbox 875 3399 948 3428; x_wconf 82' lang='lat' dir='ltr'>edd.;</span> <span class='ocrx_word' id='word_1_498' title='bbox 967 3398 1014 3423; x_wconf 86' lang='lat' dir='ltr'>sed</span> <span class='ocrx_word' id='word_1_499' title='bbox 1034 3398 1120 3431; x_wconf 76' lang='lat' dir='ltr'>magis</span> <span class='ocrx_word' id='word_1_500' title='bbox 1139 3398 1228 3430; x_wconf 83' lang='lat' dir='ltr'>nequit</span> <span class='ocrx_word' id='word_1_501' title='bbox 1246 3405 1305 3422; x_wconf 81' lang='lat' dir='ltr'>esse</span> 
     </span>
     <span class='ocr_line' id='line_1_66' title="bbox 239 3432 1303 3468; baseline -0.005 -6"><span class='ocrx_word' id='word_1_502' title='bbox 239 3436 289 3462; x_wconf 84' lang='lat' dir='ltr'>nisi</span> <span class='ocrx_word' id='word_1_503' title='bbox 310 3443 382 3461; x_wconf 84' lang='lat' dir='ltr'>error</span> <span class='ocrx_word' id='word_1_504' title='bbox 406 3434 554 3468; x_wconf 84' lang='lat' dir='ltr'>scriptoris;</span> <span class='ocrx_word' id='word_1_505' title='bbox 572 3441 633 3459; x_wconf 78' lang='lat' dir='ltr'>nam</span> <span class='ocrx_word' id='word_1_506' title='bbox 657 3438 727 3466; x_wconf 84' lang='lat' dir='ltr'>patet</span> <span class='ocrx_word' id='word_1_507' title='bbox 745 3434 817 3466; x_wconf 87' lang='lat' dir='ltr'>quod</span> <span class='ocrx_word' id='word_1_508' title='bbox 840 3438 938 3466; x_wconf 82' lang='lat' dir='ltr'>quanto</span> <span class='ocrx_word' id='word_1_509' title='bbox 961 3432 1044 3465; x_wconf 82' lang='lat' dir='ltr'>magis</span> <span class='ocrx_word' id='word_1_510' title='bbox 1070 3441 1165 3465; x_wconf 85' lang='lat' dir='ltr'>corpus</span> <span class='ocrx_word' id='word_1_511' title='bbox 1190 3433 1303 3457; x_wconf 89' lang='lat' dir='ltr'>lucidum</span> 
     </span>
     <span class='ocr_line' id='line_1_67' title="bbox 239 3467 1161 3503; baseline -0.004 -6"><span class='ocrx_word' id='word_1_512' title='bbox 239 3472 316 3497; x_wconf 84' lang='lat' dir='ltr'>distat</span> <span class='ocrx_word' id='word_1_513' title='bbox 334 3479 349 3496; x_wconf 82' lang='lat' dir='ltr'>a</span> <span class='ocrx_word' id='word_1_514' title='bbox 368 3478 477 3503; x_wconf 89' lang='lat' dir='ltr'>corpore</span> <span class='ocrx_word' id='word_1_515' title='bbox 495 3477 586 3502; x_wconf 88' lang='lat' dir='ltr'>opaco,</span> <span class='ocrx_word' id='word_1_516' title='bbox 605 3474 676 3494; x_wconf 80' lang='lat' dir='ltr'>tanto</span> <span class='ocrx_word' id='word_1_517' title='bbox 694 3468 772 3493; x_wconf 84' lang='lat' dir='ltr'>huius</span> <span class='ocrx_word' id='word_1_518' title='bbox 790 3468 883 3493; x_wconf 78' lang='lat' dir='ltr'>umbra</span> <span class='ocrx_word' id='word_1_519' title='bbox 901 3468 1003 3500; x_wconf 86' lang='lat' dir='ltr'>longius</span> <span class='ocrx_word' id='word_1_520' title='bbox 1022 3467 1161 3500; x_wconf 85' lang='lat' dir='ltr'>proiicitur.</span> 
     </span>
    </p>

    <p class='ocr_par' dir='ltr' id='par_1_14' title="bbox 239 3503 1304 3572">
     <span class='ocr_line' id='line_1_68' title="bbox 293 3503 1304 3539; baseline -0.005 -7"><span class='ocrx_word' id='word_1_521' title='bbox 293 3506 315 3539; x_wconf 89' lang='grc' dir='ltr'>ε)</span> <span class='ocrx_word' id='word_1_522' title='bbox 329 3507 440 3539; x_wconf 79' lang='lat' dir='ltr'>longe...</span> <span class='ocrx_word' id='word_1_523' title='bbox 448 3505 602 3538; x_wconf 70' lang='lat' dir='ltr'>proficitur.</span> <span class='ocrx_word' id='word_1_524' title='bbox 611 3518 630 3523; x_wconf 93' lang='lat'>-</span> <span class='ocrx_word' id='word_1_525' title='bbox 643 3505 721 3537; x_wconf 85' lang='lat' dir='ltr'>longe</span> <span class='ocrx_word' id='word_1_526' title='bbox 729 3511 783 3528; x_wconf 89' lang='lat' dir='ltr'>om.</span> <span class='ocrx_word' id='word_1_527' title='bbox 794 3504 827 3534; x_wconf 88' lang='lat' dir='ltr'>B;</span> <span class='ocrx_word' id='word_1_528' title='bbox 842 3511 889 3536; x_wconf 88' lang='lat' dir='ltr'>pro</span> <span class='ocrx_word' id='word_1_529' title='bbox 897 3503 1052 3535; x_wconf 65' lang='lat' dir='ltr'>proficitur,</span> <span class='ocrx_word' id='word_1_530' title='bbox 1057 3503 1217 3535; x_wconf 78' lang='lat' dir='ltr'>prohibetur</span> <span class='ocrx_word' id='word_1_531' title='bbox 1226 3503 1304 3527; x_wconf 87' lang='grc' dir='ltr'>ΑΒ.-</span> 
     </span>
     <span class='ocr_line' id='line_1_69' title="bbox 239 3539 949 3572; baseline -0.006 -5"><span class='ocrx_word' id='word_1_532' title='bbox 239 3542 444 3567; x_wconf 82' lang='lat' dir='ltr'>Homoteleuton</span> <span class='ocrx_word' id='word_1_533' title='bbox 461 3541 509 3566; x_wconf 89' lang='lat' dir='ltr'>sed</span> <span class='ocrx_word' id='word_1_534' title='bbox 527 3547 665 3566; x_wconf 87' lang='lat' dir='ltr'>necesse...</span> <span class='ocrx_word' id='word_1_535' title='bbox 679 3543 755 3565; x_wconf 87' lang='lat' dir='ltr'>astra</span> <span class='ocrx_word' id='word_1_536' title='bbox 766 3539 831 3572; x_wconf 86' lang='lat' dir='ltr'>fixa</span> <span class='ocrx_word' id='word_1_537' title='bbox 850 3546 904 3564; x_wconf 92' lang='lat' dir='ltr'>om.</span> <span class='ocrx_word' id='word_1_538' title='bbox 917 3539 949 3563; x_wconf 82' lang='grc' dir='ltr'>Α.</span> 
     </span>
    </p>

    <p class='ocr_par' dir='ltr' id='par_1_15' title="bbox 292 3572 1303 3610">
     <span class='ocr_line' id='line_1_70' title="bbox 292 3572 1303 3610; baseline -0.006 -8"><span class='ocrx_word' id='word_1_539' title='bbox 292 3577 318 3610; x_wconf 78' lang='grc' dir='ltr'>ζ)</span> <span class='ocrx_word' id='word_1_540' title='bbox 332 3577 472 3609; x_wconf 82' lang='lat' dir='ltr'>improbat.</span> <span class='ocrx_word' id='word_1_541' title='bbox 486 3590 505 3595; x_wconf 96' lang='lat'>—</span> <span class='ocrx_word' id='word_1_542' title='bbox 518 3575 646 3601; x_wconf 77' lang='lat' dir='ltr'>distrahit</span> <span class='ocrx_word' id='word_1_543' title='bbox 659 3576 712 3605; x_wconf 82' lang='lat' dir='ltr'>AB,</span> <span class='ocrx_word' id='word_1_544' title='bbox 726 3582 758 3599; x_wconf 83' lang='lat' dir='ltr'>an</span> <span class='ocrx_word' id='word_1_545' title='bbox 773 3579 893 3606; x_wconf 87' lang='lat' dir='ltr'>corrupte</span> <span class='ocrx_word' id='word_1_546' title='bbox 906 3581 954 3606; x_wconf 90' lang='lat' dir='ltr'>pro</span> <span class='ocrx_word' id='word_1_547' title='bbox 967 3572 1104 3598; x_wconf 75' lang='lat' dir='ltr'>destruit?</span> <span class='ocrx_word' id='word_1_548' title='bbox 1116 3587 1135 3592; x_wconf 90' lang='lat'>—</span> <span class='ocrx_word' id='word_1_549' title='bbox 1148 3572 1212 3597; x_wconf 84' lang='lat' dir='ltr'>Post</span> <span class='ocrx_word' id='word_1_550' title='bbox 1224 3580 1303 3597; x_wconf 82' lang='lat' dir='ltr'>unam</span> 
     </span>
    </p>
   </div>
   <div class='ocr_carea' id='block_1_11' title="bbox 239 3611 680 3645">
    <p class='ocr_par' dir='ltr' id='par_1_16' title="bbox 239 3611 680 3645">
     <span class='ocr_line' id='line_1_71' title="bbox 239 3611 680 3645; baseline -0.005 -8"><span class='ocrx_word' id='word_1_551' title='bbox 239 3613 284 3638; x_wconf 71' lang='lat' dir='ltr'>lin.</span> <span class='ocrx_word' id='word_1_552' title='bbox 302 3620 350 3645; x_wconf 87' lang='lat' dir='ltr'>pro</span> <span class='ocrx_word' id='word_1_553' title='bbox 364 3612 515 3644; x_wconf 82' lang='lat' dir='ltr'>praedicta,</span> <span class='ocrx_word' id='word_1_554' title='bbox 535 3611 607 3636; x_wconf 84' lang='lat' dir='ltr'>dieta</span> <span class='ocrx_word' id='word_1_555' title='bbox 625 3611 680 3635; x_wconf 82' lang='grc' dir='ltr'>ΑΒ.</span> 
     </span>
    </p>
   </div>
   <div class='ocr_carea' id='block_1_12' title="bbox 2354 266 2429 313">
    <p class='ocr_par' dir='ltr' id='par_1_17' title="bbox 2354 266 2429 313">
     <span class='ocr_line' id='line_1_72' title="bbox 2354 266 2429 313; baseline 0 -11"><span class='ocrx_word' id='word_1_556' title='bbox 2354 266 2429 313; x_wconf 88' lang='lat'>359</span> 
     </span>
    </p>
   </div>
   <div class='ocr_carea' id='block_1_13' title="bbox 1363 392 2430 601">
    <p class='ocr_par' dir='ltr' id='par_1_18' title="bbox 1363 392 2430 601">
     <span class='ocr_line' id='line_1_73' title="bbox 1367 392 2430 445; baseline 0.005 -17"><span class='ocrx_word' id='word_1_557' title='bbox 1367 399 1403 428; x_wconf 91' lang='lat' dir='ltr'>et</span> <span class='ocrx_word' id='word_1_558' title='bbox 1431 404 1491 428; x_wconf 93' lang='lat' dir='ltr'>res</span> <span class='ocrx_word' id='word_1_559' title='bbox 1518 392 1601 428; x_wconf 91' lang='lat' dir='ltr'>visa</span> <span class='ocrx_word' id='word_1_560' title='bbox 1629 400 1842 440; x_wconf 91' lang='lat' dir='ltr'>moveatur,</span> <span class='ocrx_word' id='word_1_561' title='bbox 1862 401 1992 441; x_wconf 91' lang='lat' dir='ltr'>posset</span> <span class='ocrx_word' id='word_1_562' title='bbox 2010 394 2134 431; x_wconf 85' lang='lat' dir='ltr'>forma</span> <span class='ocrx_word' id='word_1_563' title='bbox 2162 395 2215 431; x_wconf 93' lang='lat' dir='ltr'>rei</span> <span class='ocrx_word' id='word_1_564' title='bbox 2239 395 2345 432; x_wconf 91' lang='lat' dir='ltr'>visae</span> <span class='ocrx_word' id='word_1_565' title='bbox 2365 408 2430 445; x_wconf 90' lang='lat' dir='ltr'>ap-</span> 
     </span>
     <span class='ocr_line' id='line_1_74' title="bbox 1364 444 2427 497; baseline 0.005 -16"><span class='ocrx_word' id='word_1_566' title='bbox 1364 456 1499 492; x_wconf 89' lang='lat' dir='ltr'>parere</span> <span class='ocrx_word' id='word_1_567' title='bbox 1527 444 1566 482; x_wconf 90' lang='lat' dir='ltr'>in</span> <span class='ocrx_word' id='word_1_568' title='bbox 1595 446 1730 483; x_wconf 90' lang='lat' dir='ltr'>eadem</span> <span class='ocrx_word' id='word_1_569' title='bbox 1756 454 1863 494; x_wconf 92' lang='lat' dir='ltr'>parte</span> <span class='ocrx_word' id='word_1_570' title='bbox 1883 446 2045 494; x_wconf 90' lang='lat' dir='ltr'>speculi;</span> <span class='ocrx_word' id='word_1_571' title='bbox 2067 447 2155 495; x_wconf 89' lang='lat' dir='ltr'>quia</span> <span class='ocrx_word' id='word_1_572' title='bbox 2182 461 2251 497; x_wconf 92' lang='lat' dir='ltr'>per</span> <span class='ocrx_word' id='word_1_573' title='bbox 2279 457 2427 486; x_wconf 90' lang='lat' dir='ltr'>motum</span> 
     </span>
     <span class='ocr_line' id='line_1_75' title="bbox 1363 497 2428 548; baseline 0.005 -14"><span class='ocrx_word' id='word_1_574' title='bbox 1363 497 1531 537; x_wconf 87' lang='lat' dir='ltr'>videntis</span> <span class='ocrx_word' id='word_1_575' title='bbox 1557 506 1913 548; x_wconf 88' lang='lat' dir='ltr'>recompensaretur</span> <span class='ocrx_word' id='word_1_576' title='bbox 1939 499 2045 547; x_wconf 92' lang='lat' dir='ltr'>quod</span> <span class='ocrx_word' id='word_1_577' title='bbox 2073 500 2222 537; x_wconf 91' lang='lat' dir='ltr'>deesset</span> <span class='ocrx_word' id='word_1_578' title='bbox 2250 510 2357 538; x_wconf 92' lang='lat' dir='ltr'>motu</span> <span class='ocrx_word' id='word_1_579' title='bbox 2377 502 2428 539; x_wconf 90' lang='lat' dir='ltr'>rei</span> 
     </span>
     <span class='ocr_line' id='line_1_76' title="bbox 1363 549 2426 601; baseline 0.006 -15"><span class='ocrx_word' id='word_1_580' title='bbox 1363 549 1488 598; x_wconf 91' lang='lat' dir='ltr'>visae,</span> <span class='ocrx_word' id='word_1_581' title='bbox 1518 550 1548 587; x_wconf 90' lang='lat' dir='ltr'>si</span> <span class='ocrx_word' id='word_1_582' title='bbox 1577 551 1630 588; x_wconf 91' lang='lat' dir='ltr'>sic</span> <span class='ocrx_word' id='word_1_583' title='bbox 1666 552 1999 601; x_wconf 90' lang='lat' dir='ltr'>proportionaliter</span> <span class='ocrx_word' id='word_1_584' title='bbox 2026 561 2284 591; x_wconf 90' lang='lat' dir='ltr'>moverentur.</span> <span class='ocrx_word' id='word_1_585' title='bbox 2315 555 2426 592; x_wconf 90' lang='lat' dir='ltr'>Unde</span> 
     </span>
    </p>
   </div>
   <div class='ocr_carea' id='block_1_14' title="bbox 1345 604 2427 656">
    <p class='ocr_par' dir='ltr' id='par_1_19' title="bbox 1345 604 2427 656">
     <span class='ocr_line' id='line_1_77' title="bbox 1345 604 2427 656; baseline 0.006 -18"><span class='ocrx_word' id='word_1_586' title='bbox 1345 610 1514 651; x_wconf 90' lang='lat' dir='ltr'>·oportet</span> <span class='ocrx_word' id='word_1_587' title='bbox 1532 604 1648 652; x_wconf 91' lang='lat' dir='ltr'>quod,</span> <span class='ocrx_word' id='word_1_588' title='bbox 1665 605 1820 653; x_wconf 91' lang='lat' dir='ltr'>quando</span> <span class='ocrx_word' id='word_1_589' title='bbox 1835 605 1970 642; x_wconf 92' lang='lat' dir='ltr'>videns</span> <span class='ocrx_word' id='word_1_590' title='bbox 1990 606 2158 654; x_wconf 88' lang='lat' dir='ltr'>quiescit,</span> <span class='ocrx_word' id='word_1_591' title='bbox 2176 614 2212 643; x_wconf 95' lang='lat' dir='ltr'>et</span> <span class='ocrx_word' id='word_1_592' title='bbox 2231 608 2427 656; x_wconf 90' lang='lat' dir='ltr'>speculum</span> 
     </span>
    </p>
   </div>
   <div class='ocr_carea' id='block_1_15' title="bbox 1363 656 2429 1028">
    <p class='ocr_par' dir='ltr' id='par_1_20' title="bbox 1363 656 2429 1028">
     <span class='ocr_line' id='line_1_78' title="bbox 1364 656 2429 708; baseline 0.007 -17"><span class='ocrx_word' id='word_1_593' title='bbox 1364 662 1401 691; x_wconf 93' lang='lat' dir='ltr'>et</span> <span class='ocrx_word' id='word_1_594' title='bbox 1428 668 1488 692; x_wconf 91' lang='lat' dir='ltr'>res</span> <span class='ocrx_word' id='word_1_595' title='bbox 1515 656 1598 693; x_wconf 89' lang='lat' dir='ltr'>visa</span> <span class='ocrx_word' id='word_1_596' title='bbox 1625 665 1831 695; x_wconf 88' lang='lat' dir='ltr'>moventur</span> <span class='ocrx_word' id='word_1_597' title='bbox 1857 658 2047 707; x_wconf 91' lang='lat' dir='ltr'>inaequali</span> <span class='ocrx_word' id='word_1_598' title='bbox 2073 660 2293 708; x_wconf 86' lang='lat' dir='ltr'>velocitate,</span> <span class='ocrx_word' id='word_1_599' title='bbox 2323 661 2429 708; x_wconf 92' lang='lat' dir='ltr'>quod</span> 
     </span>
     <span class='ocr_line' id='line_1_79' title="bbox 1364 707 2351 762; baseline 0.007 -19"><span class='ocrx_word' id='word_1_600' title='bbox 1364 707 1488 744; x_wconf 88' lang='lat' dir='ltr'>forma</span> <span class='ocrx_word' id='word_1_601' title='bbox 1516 721 1595 746; x_wconf 92' lang='lat' dir='ltr'>non</span> <span class='ocrx_word' id='word_1_602' title='bbox 1623 718 1804 758; x_wconf 90' lang='lat' dir='ltr'>appareat</span> <span class='ocrx_word' id='word_1_603' title='bbox 1830 711 1870 748; x_wconf 91' lang='lat' dir='ltr'>in</span> <span class='ocrx_word' id='word_1_604' title='bbox 1898 713 2034 748; x_wconf 92' lang='lat' dir='ltr'>eadem</span> <span class='ocrx_word' id='word_1_605' title='bbox 2061 720 2168 761; x_wconf 91' lang='lat' dir='ltr'>parte</span> <span class='ocrx_word' id='word_1_606' title='bbox 2197 713 2351 762; x_wconf 89' lang='lat' dir='ltr'>speculi.</span> 
     </span>
     <span class='ocr_line' id='line_1_80' title="bbox 1418 760 2428 811; baseline 0.007 -14"><span class='ocrx_word' id='word_1_607' title='bbox 1418 760 1496 797; x_wconf 91' lang='lat' dir='ltr'>Sed</span> <span class='ocrx_word' id='word_1_608' title='bbox 1524 769 1621 798; x_wconf 90' lang='lat' dir='ltr'>astra</span> <span class='ocrx_word' id='word_1_609' title='bbox 1650 775 1746 811; x_wconf 91' lang='lat' dir='ltr'>quae</span> <span class='ocrx_word' id='word_1_610' title='bbox 1776 771 1862 800; x_wconf 91' lang='lat' dir='ltr'>sunt</span> <span class='ocrx_word' id='word_1_611' title='bbox 1890 764 1928 801; x_wconf 89' lang='lat' dir='ltr'>in</span> <span class='ocrx_word' id='word_1_612' title='bbox 1957 765 2095 802; x_wconf 91' lang='lat' dir='ltr'>circulo</span> <span class='ocrx_word' id='word_1_613' title='bbox 2123 766 2244 803; x_wconf 92' lang='lat' dir='ltr'>lacteo</span> <span class='ocrx_word' id='word_1_614' title='bbox 2269 766 2428 803; x_wconf 86' lang='lat' dir='ltr'>existen-</span> 
     </span>
     <span class='ocr_line' id='line_1_81' title="bbox 1363 812 2425 867; baseline 0.008 -18"><span class='ocrx_word' id='word_1_615' title='bbox 1363 812 1434 860; x_wconf 89' lang='lat' dir='ltr'>tia,</span> <span class='ocrx_word' id='word_1_616' title='bbox 1465 826 1562 862; x_wconf 91' lang='lat' dir='ltr'>quae</span> <span class='ocrx_word' id='word_1_617' title='bbox 1589 823 1784 863; x_wconf 91' lang='lat' dir='ltr'>ponuntur</span> <span class='ocrx_word' id='word_1_618' title='bbox 1815 817 1922 864; x_wconf 91' lang='lat' dir='ltr'>quasi</span> <span class='ocrx_word' id='word_1_619' title='bbox 1951 814 2170 867; x_wconf 74' lang='lat' dir='ltr'>speculum,</span> <span class='ocrx_word' id='word_1_620' title='bbox 2200 826 2425 865; x_wconf 83' lang='lat' dir='ltr'>moventur3</span> 
     </span>
     <span class='ocr_line' id='line_1_82' title="bbox 1365 866 2427 921; baseline 0.008 -19"><span class='ocrx_word' id='word_1_621' title='bbox 1365 873 1400 902; x_wconf 92' lang='lat' dir='ltr'>et</span> <span class='ocrx_word' id='word_1_622' title='bbox 1428 866 1597 904; x_wconf 90' lang='lat' dir='ltr'>similiter</span> <span class='ocrx_word' id='word_1_623' title='bbox 1624 869 1681 904; x_wconf 90' lang='lat' dir='ltr'>sol</span> <span class='ocrx_word' id='word_1_624' title='bbox 1710 877 1908 918; x_wconf 91' lang='lat' dir='ltr'>movetur,</span> <span class='ocrx_word' id='word_1_625' title='bbox 1938 872 1987 908; x_wconf 91' lang='lat' dir='ltr'>ad</span> <span class='ocrx_word' id='word_1_626' title='bbox 2020 883 2136 920; x_wconf 91' lang='lat' dir='ltr'>quem</span> <span class='ocrx_word' id='word_1_627' title='bbox 2163 872 2318 921; x_wconf 92' lang='lat' dir='ltr'>ponitur</span> <span class='ocrx_word' id='word_1_628' title='bbox 2343 873 2427 909; x_wconf 85' lang='lat' dir='ltr'>fieri</span> 
     </span>
     <span class='ocr_line' id='line_1_83' title="bbox 1364 920 2425 972; baseline 0.007 -17"><span class='ocrx_word' id='word_1_629' title='bbox 1364 920 1600 968; x_wconf 90' lang='lat' dir='ltr'>repercussio</span> <span class='ocrx_word' id='word_1_630' title='bbox 1629 920 1745 968; x_wconf 87' lang='lat' dir='ltr'>visus,</span> <span class='ocrx_word' id='word_1_631' title='bbox 1767 929 1803 958; x_wconf 93' lang='lat' dir='ltr'>et</span> <span class='ocrx_word' id='word_1_632' title='bbox 1830 922 1883 958; x_wconf 93' lang='lat' dir='ltr'>sic</span> <span class='ocrx_word' id='word_1_633' title='bbox 1911 924 2055 961; x_wconf 89' lang='lat' dir='ltr'>obtinet</span> <span class='ocrx_word' id='word_1_634' title='bbox 2073 925 2200 962; x_wconf 89' lang='lat' dir='ltr'>locum</span> <span class='ocrx_word' id='word_1_635' title='bbox 2228 926 2281 963; x_wconf 91' lang='lat' dir='ltr'>rei</span> <span class='ocrx_word' id='word_1_636' title='bbox 2298 926 2425 972; x_wconf 90' lang='lat' dir='ltr'>visae;</span> 
     </span>
     <span class='ocr_line' id='line_1_84' title="bbox 1363 973 2426 1028; baseline 0.008 -19"><span class='ocrx_word' id='word_1_637' title='bbox 1363 984 1434 1009; x_wconf 92' lang='lat' dir='ltr'>nos</span> <span class='ocrx_word' id='word_1_638' title='bbox 1463 980 1604 1021; x_wconf 89' lang='lat' dir='ltr'>autem,</span> <span class='ocrx_word' id='word_1_639' title='bbox 1624 973 1689 1023; x_wconf 92' lang='lat' dir='ltr'>qui</span> <span class='ocrx_word' id='word_1_640' title='bbox 1718 986 1850 1011; x_wconf 92' lang='lat' dir='ltr'>sumus</span> <span class='ocrx_word' id='word_1_641' title='bbox 1873 975 2058 1020; x_wconf 77' lang='lat' dir='ltr'>videntes,</span> <span class='ocrx_word' id='word_1_642' title='bbox 2079 978 2321 1026; x_wconf 90' lang='lat' dir='ltr'>quiescimus,</span> <span class='ocrx_word' id='word_1_643' title='bbox 2337 991 2426 1028; x_wconf 91' lang='lat' dir='ltr'>pro-</span> 
     </span>
    </p>
   </div>
   <div class='ocr_carea' id='block_1_16' title="bbox 1362 1026 2463 1079">
    <p class='ocr_par' dir='ltr' id='par_1_21' title="bbox 1362 1026 2463 1079">
     <span class='ocr_line' id='line_1_85' title="bbox 1362 1026 2463 1079; baseline 0.007 -17"><span class='ocrx_word' id='word_1_644' title='bbox 1362 1033 1447 1074; x_wconf 91' lang='lat' dir='ltr'>pter</span> <span class='ocrx_word' id='word_1_645' title='bbox 1465 1026 1631 1075; x_wconf 90' lang='lat' dir='ltr'>quietem</span> <span class='ocrx_word' id='word_1_646' title='bbox 1651 1034 1772 1063; x_wconf 89' lang='lat' dir='ltr'>terrae</span> <span class='ocrx_word' id='word_1_647' title='bbox 1787 1030 1928 1073; x_wconf 91' lang='lat' dir='ltr'>(motus</span> <span class='ocrx_word' id='word_1_648' title='bbox 1944 1037 2072 1066; x_wconf 91' lang='lat' dir='ltr'>autem</span> <span class='ocrx_word' id='word_1_649' title='bbox 2093 1043 2171 1079; x_wconf 93' lang='lat' dir='ltr'>quo</span> <span class='ocrx_word' id='word_1_650' title='bbox 2187 1043 2394 1069; x_wconf 90' lang='lat' dir='ltr'>movemur</span> <span class='ocrx_word' id='word_1_651' title='bbox 2406 1032 2426 1054; x_wconf 83' lang='grc'><strong>*</strong></span> <span class='ocrx_word' id='word_1_652' title='bbox 2451 1043 2463 1053; x_wconf 76' lang='grc'><em>’</em></span> 
     </span>
    </p>
   </div>
   <div class='ocr_carea' id='block_1_17' title="bbox 1361 1080 2425 1346">
    <p class='ocr_par' dir='ltr' id='par_1_22' title="bbox 1361 1080 2425 1346">
     <span class='ocr_line' id='line_1_86' title="bbox 1362 1080 2425 1130; baseline 0.008 -15"><span class='ocrx_word' id='word_1_653' title='bbox 1362 1090 1432 1127; x_wconf 90' lang='lat' dir='ltr'>per</span> <span class='ocrx_word' id='word_1_654' title='bbox 1450 1087 1600 1127; x_wconf 90' lang='lat' dir='ltr'>terram,</span> <span class='ocrx_word' id='word_1_655' title='bbox 1622 1092 1702 1116; x_wconf 93' lang='lat' dir='ltr'>non</span> <span class='ocrx_word' id='word_1_656' title='bbox 1721 1080 1808 1116; x_wconf 90' lang='lat' dir='ltr'>facit</span> <span class='ocrx_word' id='word_1_657' title='bbox 1827 1081 1990 1130; x_wconf 89' lang='lat' dir='ltr'>aliquam</span> <span class='ocrx_word' id='word_1_658' title='bbox 2013 1084 2228 1122; x_wconf 89' lang='lat' dir='ltr'>sensibilem</span> <span class='ocrx_word' id='word_1_659' title='bbox 2250 1085 2425 1122; x_wconf 86' lang='lat' dir='ltr'>differen-</span> 
     </span>
     <span class='ocr_line' id='line_1_87' title="bbox 1362 1131 2423 1183; baseline 0.008 -15"><span class='ocrx_word' id='word_1_660' title='bbox 1362 1131 1454 1168; x_wconf 82' lang='lat' dir='ltr'>tiam</span> <span class='ocrx_word' id='word_1_661' title='bbox 1483 1138 1658 1182; x_wconf 87' lang='lat' dir='ltr'>respectu</span> <span class='ocrx_word' id='word_1_662' title='bbox 1684 1139 1810 1170; x_wconf 91' lang='lat' dir='ltr'>tantae</span> <span class='ocrx_word' id='word_1_663' title='bbox 1842 1135 2142 1183; x_wconf 89' lang='lat' dir='ltr'>magnitudinis);</span> <span class='ocrx_word' id='word_1_664' title='bbox 2172 1144 2270 1175; x_wconf 91' lang='lat' dir='ltr'>astra</span> <span class='ocrx_word' id='word_1_665' title='bbox 2297 1145 2423 1175; x_wconf 89' lang='lat' dir='ltr'>autern</span> 
     </span>
     <span class='ocr_line' id='line_1_88' title="bbox 1361 1185 2423 1240; baseline 0.006 -19"><span class='ocrx_word' id='word_1_666' title='bbox 1361 1185 1555 1234; x_wconf 92' lang='lat' dir='ltr'>praedicta</span> <span class='ocrx_word' id='word_1_667' title='bbox 1570 1193 1607 1223; x_wconf 92' lang='lat' dir='ltr'>et</span> <span class='ocrx_word' id='word_1_668' title='bbox 1620 1186 1677 1222; x_wconf 88' lang='lat' dir='ltr'>sol</span> <span class='ocrx_word' id='word_1_669' title='bbox 1692 1194 1897 1223; x_wconf 87' lang='lat' dir='ltr'>moventur</span> <span class='ocrx_word' id='word_1_670' title='bbox 1911 1189 2118 1236; x_wconf 89' lang='lat' dir='ltr'>aequaliter</span> <span class='ocrx_word' id='word_1_671' title='bbox 2131 1190 2242 1227; x_wconf 91' lang='lat' dir='ltr'>nobis</span> <span class='ocrx_word' id='word_1_672' title='bbox 2257 1191 2423 1240; x_wconf 90' lang='lat' dir='ltr'>quidem,</span> 
     </span>
     <span class='ocr_line' id='line_1_89' title="bbox 1364 1238 2422 1292; baseline 0.008 -18"><span class='ocrx_word' id='word_1_673' title='bbox 1364 1245 1400 1274; x_wconf 96' lang='lat' dir='ltr'>et</span> <span class='ocrx_word' id='word_1_674' title='bbox 1429 1238 1604 1276; x_wconf 89' lang='lat' dir='ltr'>distantia</span> <span class='ocrx_word' id='word_1_675' title='bbox 1632 1251 1767 1276; x_wconf 91' lang='lat' dir='ltr'>eorum</span> <span class='ocrx_word' id='word_1_676' title='bbox 1796 1252 1949 1288; x_wconf 88' lang='lat' dir='ltr'>semper</span> <span class='ocrx_word' id='word_1_677' title='bbox 1977 1244 2071 1287; x_wconf 92' lang='lat' dir='ltr'>[est]</span> <span class='ocrx_word' id='word_1_678' title='bbox 2101 1243 2269 1292; x_wconf 90' lang='lat' dir='ltr'>aequalis</span> <span class='ocrx_word' id='word_1_679' title='bbox 2291 1245 2422 1282; x_wconf 75' lang='lat' dir='ltr'>nobis,</span> 
     </span>
     <span class='ocr_line' id='line_1_90' title="bbox 1364 1291 2425 1346; baseline 0.007 -19"><span class='ocrx_word' id='word_1_680' title='bbox 1364 1291 1482 1337; x_wconf 92' lang='lat' dir='ltr'>Quod</span> <span class='ocrx_word' id='word_1_681' title='bbox 1511 1304 1589 1328; x_wconf 89' lang='lat' dir='ltr'>non</span> <span class='ocrx_word' id='word_1_682' title='bbox 1619 1300 1674 1329; x_wconf 92' lang='lat' dir='ltr'>est</span> <span class='ocrx_word' id='word_1_683' title='bbox 1701 1292 1754 1328; x_wconf 92' lang='lat' dir='ltr'>sic</span> <span class='ocrx_word' id='word_1_684' title='bbox 1787 1292 2091 1343; x_wconf 89' lang='lat' dir='ltr'>intelligendum,</span> <span class='ocrx_word' id='word_1_685' title='bbox 2122 1297 2226 1344; x_wconf 91' lang='lat' dir='ltr'>quod</span> <span class='ocrx_word' id='word_1_686' title='bbox 2259 1298 2425 1346; x_wconf 90' lang='lat' dir='ltr'>aequalis</span> 
     </span>
    </p>
   </div>
   <div class='ocr_carea' id='block_1_18' title="bbox 1362 1343 2584 1434">
    <p class='ocr_par' dir='ltr' id='par_1_23' title="bbox 1362 1343 2584 1434">
     <span class='ocr_line' id='line_1_91' title="bbox 1362 1343 2461 1399; baseline 0.007 -19"><span class='ocrx_word' id='word_1_687' title='bbox 1362 1343 1408 1380; x_wconf 92' lang='lat' dir='ltr'>sit</span> <span class='ocrx_word' id='word_1_688' title='bbox 1437 1344 1610 1382; x_wconf 89' lang='lat' dir='ltr'>distantia</span> <span class='ocrx_word' id='word_1_689' title='bbox 1638 1357 1660 1382; x_wconf 92' lang='lat' dir='ltr'>a</span> <span class='ocrx_word' id='word_1_690' title='bbox 1683 1344 1703 1367; x_wconf 75' lang='lat'>&#39;¹‘</span> <span class='ocrx_word' id='word_1_691' title='bbox 1721 1345 1832 1382; x_wconf 92' lang='lat' dir='ltr'>nobis</span> <span class='ocrx_word' id='word_1_692' title='bbox 1861 1347 1910 1383; x_wconf 88' lang='lat' dir='ltr'>ad</span> <span class='ocrx_word' id='word_1_693' title='bbox 1938 1348 2072 1396; x_wconf 92' lang='lat' dir='ltr'>solem,</span> <span class='ocrx_word' id='word_1_694' title='bbox 2102 1348 2297 1386; x_wconf 89' lang='lat' dir='ltr'>distantiae</span> <span class='ocrx_word' id='word_1_695' title='bbox 2325 1363 2423 1399; x_wconf 90' lang='lat' dir='ltr'>quae</span> <span class='ocrx_word' id='word_1_696' title='bbox 2451 1359 2461 1370; x_wconf 78' lang='lat'>⁸</span> 
     </span>
     <span class='ocr_line' id='line_1_92' title="bbox 2451 1412 2584 1434; baseline 0 -1"><span class='ocrx_word' id='word_1_697' title='bbox 2451 1414 2460 1422; x_wconf 87' lang='grc'><em>·</em></span> <span class='ocrx_word' id='word_1_698' title='bbox 2475 1412 2546 1434; x_wconf 84' lang='lat' dir='ltr'>Num.</span> <span class='ocrx_word' id='word_1_699' title='bbox 2561 1412 2584 1434; x_wconf 90' lang='lat'>6.</span> 
     </span>
    </p>
   </div>
   <div class='ocr_carea' id='block_1_19' title="bbox 1361 1398 2426 2140">
    <p class='ocr_par' dir='ltr' id='par_1_24' title="bbox 1361 1398 2426 2140">
     <span class='ocr_line' id='line_1_93' title="bbox 1363 1398 2423 1453; baseline 0.008 -20"><span class='ocrx_word' id='word_1_700' title='bbox 1363 1404 1419 1433; x_wconf 90' lang='lat' dir='ltr'>est</span> <span class='ocrx_word' id='word_1_701' title='bbox 1437 1410 1459 1434; x_wconf 90' lang='lat' dir='ltr'>a</span> <span class='ocrx_word' id='word_1_702' title='bbox 1478 1398 1589 1435; x_wconf 90' lang='lat' dir='ltr'>nobis</span> <span class='ocrx_word' id='word_1_703' title='bbox 1609 1398 1658 1442; x_wconf 87' lang='lat' dir='ltr'>ad</span> <span class='ocrx_word' id='word_1_704' title='bbox 1678 1399 1812 1446; x_wconf 90' lang='lat' dir='ltr'>stellas,</span> <span class='ocrx_word' id='word_1_705' title='bbox 1829 1411 1916 1436; x_wconf 91' lang='lat' dir='ltr'>curn</span> <span class='ocrx_word' id='word_1_706' title='bbox 1939 1400 2083 1449; x_wconf 79' lang='lat' dir='ltr'>supra*</span> <span class='ocrx_word' id='word_1_707' title='bbox 2097 1401 2240 1439; x_wconf 90' lang='lat' dir='ltr'>dictum</span> <span class='ocrx_word' id='word_1_708' title='bbox 2260 1403 2306 1440; x_wconf 92' lang='lat' dir='ltr'>sit</span> <span class='ocrx_word' id='word_1_709' title='bbox 2320 1405 2423 1453; x_wconf 93' lang='lat' dir='ltr'>quod</span> 
     </span>
     <span class='ocr_line' id='line_1_94' title="bbox 1362 1451 2423 1504; baseline 0.007 -17"><span class='ocrx_word' id='word_1_710' title='bbox 1362 1451 1489 1488; x_wconf 91' lang='lat' dir='ltr'>stellae</span> <span class='ocrx_word' id='word_1_711' title='bbox 1518 1459 1605 1488; x_wconf 90' lang='lat' dir='ltr'>sunt</span> <span class='ocrx_word' id='word_1_712' title='bbox 1632 1464 1747 1500; x_wconf 92' lang='lat' dir='ltr'>supra</span> <span class='ocrx_word' id='word_1_713' title='bbox 1775 1452 1912 1499; x_wconf 91' lang='lat' dir='ltr'>solem;</span> <span class='ocrx_word' id='word_1_714' title='bbox 1942 1454 2010 1490; x_wconf 91' lang='lat' dir='ltr'>sed</span> <span class='ocrx_word' id='word_1_715' title='bbox 2038 1455 2144 1502; x_wconf 90' lang='lat' dir='ltr'>quod</span> <span class='ocrx_word' id='word_1_716' title='bbox 2167 1456 2224 1492; x_wconf 92' lang='lat' dir='ltr'>sol</span> <span class='ocrx_word' id='word_1_717' title='bbox 2251 1468 2320 1504; x_wconf 92' lang='lat' dir='ltr'>per</span> <span class='ocrx_word' id='word_1_718' title='bbox 2339 1469 2423 1493; x_wconf 91' lang='lat' dir='ltr'>mo-</span> 
     </span>
     <span class='ocr_line' id='line_1_95' title="bbox 1362 1505 2424 1555; baseline 0.006 -15"><span class='ocrx_word' id='word_1_719' title='bbox 1362 1511 1444 1540; x_wconf 91' lang='lat' dir='ltr'>tum</span> <span class='ocrx_word' id='word_1_720' title='bbox 1473 1516 1586 1542; x_wconf 90' lang='lat' dir='ltr'>suum</span> <span class='ocrx_word' id='word_1_721' title='bbox 1614 1517 1694 1541; x_wconf 90' lang='lat' dir='ltr'>non</span> <span class='ocrx_word' id='word_1_722' title='bbox 1721 1505 1764 1541; x_wconf 90' lang='lat' dir='ltr'>fit</span> <span class='ocrx_word' id='word_1_723' title='bbox 1792 1517 1814 1541; x_wconf 88' lang='lat' dir='ltr'>a</span> <span class='ocrx_word' id='word_1_724' title='bbox 1841 1505 1952 1542; x_wconf 89' lang='lat' dir='ltr'>nobis</span> <span class='ocrx_word' id='word_1_725' title='bbox 1981 1507 2101 1555; x_wconf 89' lang='lat' dir='ltr'>magis</span> <span class='ocrx_word' id='word_1_726' title='bbox 2128 1509 2190 1545; x_wconf 91' lang='lat' dir='ltr'>vel</span> <span class='ocrx_word' id='word_1_727' title='bbox 2219 1509 2346 1546; x_wconf 91' lang='lat' dir='ltr'>minus</span> <span class='ocrx_word' id='word_1_728' title='bbox 2372 1509 2424 1546; x_wconf 90' lang='lat' dir='ltr'>di-</span> 
     </span>
     <span class='ocr_line' id='line_1_96' title="bbox 1362 1557 2424 1610; baseline 0.006 -17"><span class='ocrx_word' id='word_1_729' title='bbox 1362 1564 1476 1594; x_wconf 93' lang='lat' dir='ltr'>stans.</span> <span class='ocrx_word' id='word_1_730' title='bbox 1497 1558 1546 1594; x_wconf 93' lang='lat' dir='ltr'>Et</span> <span class='ocrx_word' id='word_1_731' title='bbox 1573 1557 1742 1594; x_wconf 91' lang='lat' dir='ltr'>similiter</span> <span class='ocrx_word' id='word_1_732' title='bbox 1761 1558 1941 1596; x_wconf 92' lang='lat' dir='ltr'>convenit</span> <span class='ocrx_word' id='word_1_733' title='bbox 1968 1561 2112 1597; x_wconf 91' lang='lat' dir='ltr'>stellae:</span> <span class='ocrx_word' id='word_1_734' title='bbox 2132 1568 2174 1598; x_wconf 93' lang='lat' dir='ltr'>ut</span> <span class='ocrx_word' id='word_1_735' title='bbox 2201 1561 2424 1610; x_wconf 84' lang='lat' dir='ltr'>intelligatur</span> 
     </span>
     <span class='ocr_line' id='line_1_97' title="bbox 1361 1609 2423 1661; baseline 0.006 -15"><span class='ocrx_word' id='word_1_736' title='bbox 1361 1609 1484 1646; x_wconf 91' lang='lat' dir='ltr'>maior</span> <span class='ocrx_word' id='word_1_737' title='bbox 1509 1611 1573 1647; x_wconf 90' lang='lat' dir='ltr'>vel</span> <span class='ocrx_word' id='word_1_738' title='bbox 1600 1610 1728 1648; x_wconf 90' lang='lat' dir='ltr'>minor</span> <span class='ocrx_word' id='word_1_739' title='bbox 1756 1610 1940 1659; x_wconf 90' lang='lat' dir='ltr'>distantia,</span> <span class='ocrx_word' id='word_1_740' title='bbox 1964 1624 2063 1661; x_wconf 92' lang='lat' dir='ltr'>quae</span> <span class='ocrx_word' id='word_1_741' title='bbox 2092 1613 2137 1650; x_wconf 92' lang='lat' dir='ltr'>sit</span> <span class='ocrx_word' id='word_1_742' title='bbox 2164 1615 2339 1652; x_wconf 92' lang='lat' dir='ltr'>notabilis</span> <span class='ocrx_word' id='word_1_743' title='bbox 2368 1628 2423 1652; x_wconf 92' lang='lat' dir='ltr'>re-</span> 
     </span>
     <span class='ocr_line' id='line_1_98' title="bbox 1361 1663 2422 1717; baseline 0.007 -18"><span class='ocrx_word' id='word_1_744' title='bbox 1361 1671 1494 1712; x_wconf 91' lang='lat' dir='ltr'>spectu</span> <span class='ocrx_word' id='word_1_745' title='bbox 1523 1663 1719 1700; x_wconf 89' lang='lat' dir='ltr'>distantiae</span> <span class='ocrx_word' id='word_1_746' title='bbox 1749 1676 1847 1713; x_wconf 91' lang='lat' dir='ltr'>quae</span> <span class='ocrx_word' id='word_1_747' title='bbox 1873 1673 1928 1701; x_wconf 89' lang='lat' dir='ltr'>est</span> <span class='ocrx_word' id='word_1_748' title='bbox 1954 1665 2050 1717; x_wconf 82' lang='lat' dir='ltr'>inter</span> <span class='ocrx_word' id='word_1_749' title='bbox 2068 1667 2190 1703; x_wconf 91' lang='lat' dir='ltr'>solem</span> <span class='ocrx_word' id='word_1_750' title='bbox 2220 1675 2256 1704; x_wconf 93' lang='lat' dir='ltr'>et</span> <span class='ocrx_word' id='word_1_751' title='bbox 2283 1668 2422 1715; x_wconf 87' lang='lat' dir='ltr'>stellas;</span> 
     </span>
     <span class='ocr_line' id='line_1_99' title="bbox 1362 1717 2423 1770; baseline 0.006 -17"><span class='ocrx_word' id='word_1_752' title='bbox 1362 1723 1398 1753; x_wconf 91' lang='lat' dir='ltr'>et</span> <span class='ocrx_word' id='word_1_753' title='bbox 1424 1717 1501 1753; x_wconf 91' lang='lat' dir='ltr'>hoc</span> <span class='ocrx_word' id='word_1_754' title='bbox 1527 1724 1684 1766; x_wconf 83' lang='lat' dir='ltr'>propter</span> <span class='ocrx_word' id='word_1_755' title='bbox 1718 1717 1944 1766; x_wconf 90' lang='lat' dir='ltr'>parvitatem</span> <span class='ocrx_word' id='word_1_756' title='bbox 1972 1726 2104 1756; x_wconf 88' lang='lat' dir='ltr'>terrae.</span> <span class='ocrx_word' id='word_1_757' title='bbox 2136 1720 2214 1757; x_wconf 91' lang='lat' dir='ltr'>Sed</span> <span class='ocrx_word' id='word_1_758' title='bbox 2241 1733 2264 1757; x_wconf 91' lang='lat' dir='ltr'>a</span> <span class='ocrx_word' id='word_1_759' title='bbox 2292 1721 2423 1770; x_wconf 89' lang='lat' dir='ltr'>seipsis</span> 
     </span>
     <span class='ocr_line' id='line_1_100' title="bbox 1361 1770 2425 1823; baseline 0.005 -17"><span class='ocrx_word' id='word_1_760' title='bbox 1361 1770 1417 1806; x_wconf 94' lang='lat' dir='ltr'>sol</span> <span class='ocrx_word' id='word_1_761' title='bbox 1438 1777 1475 1806; x_wconf 92' lang='lat' dir='ltr'>et</span> <span class='ocrx_word' id='word_1_762' title='bbox 1493 1770 1621 1807; x_wconf 91' lang='lat' dir='ltr'>stellae</span> <span class='ocrx_word' id='word_1_763' title='bbox 1640 1775 1654 1794; x_wconf 84' lang='lat'>&#39;⁷</span> <span class='ocrx_word' id='word_1_764' title='bbox 1673 1782 1751 1807; x_wconf 92' lang='lat' dir='ltr'>non</span> <span class='ocrx_word' id='word_1_765' title='bbox 1771 1782 1924 1819; x_wconf 88' lang='lat' dir='ltr'>semper</span> <span class='ocrx_word' id='word_1_766' title='bbox 1941 1771 2079 1809; x_wconf 88' lang='lat' dir='ltr'>distant</span> <span class='ocrx_word' id='word_1_767' title='bbox 2097 1773 2316 1821; x_wconf 88' lang='lat' dir='ltr'>aequaliter:</span> <span class='ocrx_word' id='word_1_768' title='bbox 2336 1774 2425 1823; x_wconf 89' lang='lat' dir='ltr'>quia</span> 
     </span>
     <span class='ocr_line' id='line_1_101' title="bbox 1361 1823 2424 1875; baseline 0.005 -16"><span class='ocrx_word' id='word_1_769' title='bbox 1361 1823 1527 1871; x_wconf 85' lang='lat' dir='ltr'>Delphis,</span> <span class='ocrx_word' id='word_1_770' title='bbox 1547 1824 1623 1860; x_wconf 92' lang='lat' dir='ltr'>hoc</span> <span class='ocrx_word' id='word_1_771' title='bbox 1642 1831 1698 1860; x_wconf 92' lang='lat' dir='ltr'>est</span> <span class='ocrx_word' id='word_1_772' title='bbox 1717 1824 1950 1860; x_wconf 90' lang='lat' dir='ltr'>constellatio</span> <span class='ocrx_word' id='word_1_773' title='bbox 1971 1826 2166 1874; x_wconf 91' lang='lat' dir='ltr'>Delphini,</span> <span class='ocrx_word' id='word_1_774' title='bbox 2193 1839 2290 1875; x_wconf 92' lang='lat' dir='ltr'>quae</span> <span class='ocrx_word' id='word_1_775' title='bbox 2311 1835 2368 1864; x_wconf 89' lang='lat' dir='ltr'>est</span> <span class='ocrx_word' id='word_1_776' title='bbox 2386 1828 2424 1864; x_wconf 93' lang='lat' dir='ltr'>in</span> 
     </span>
     <span class='ocr_line' id='line_1_102' title="bbox 1361 1876 2422 1927; baseline 0.006 -15"><span class='ocrx_word' id='word_1_777' title='bbox 1361 1877 1482 1913; x_wconf 90' lang='lat' dir='ltr'>lacteo</span> <span class='ocrx_word' id='word_1_778' title='bbox 1512 1876 1665 1923; x_wconf 89' lang='lat' dir='ltr'>circulo,</span> <span class='ocrx_word' id='word_1_779' title='bbox 1686 1876 1918 1926; x_wconf 92' lang='lat' dir='ltr'>quandoque</span> <span class='ocrx_word' id='word_1_780' title='bbox 1947 1877 2064 1915; x_wconf 89' lang='lat' dir='ltr'>oritur</span> <span class='ocrx_word' id='word_1_781' title='bbox 2087 1878 2125 1916; x_wconf 90' lang='lat' dir='ltr'>in</span> <span class='ocrx_word' id='word_1_782' title='bbox 2145 1880 2272 1917; x_wconf 87' lang='lat' dir='ltr'>media</span> <span class='ocrx_word' id='word_1_783' title='bbox 2299 1888 2422 1927; x_wconf 90' lang='lat' dir='ltr'>nocte,</span> 
     </span>
     <span class='ocr_line' id='line_1_103' title="bbox 1361 1929 2426 1979; baseline 0.006 -14"><span class='ocrx_word' id='word_1_784' title='bbox 1361 1929 1595 1979; x_wconf 89' lang='lat' dir='ltr'>quandoque</span> <span class='ocrx_word' id='word_1_785' title='bbox 1624 1937 1753 1966; x_wconf 91' lang='lat' dir='ltr'>autem</span> <span class='ocrx_word' id='word_1_786' title='bbox 1779 1929 1800 1952; x_wconf 72' lang='lat'>&#39;⁸‘</span> <span class='ocrx_word' id='word_1_787' title='bbox 1828 1930 2009 1977; x_wconf 90' lang='lat' dir='ltr'>diluculo;</span> <span class='ocrx_word' id='word_1_788' title='bbox 2035 1939 2071 1968; x_wconf 93' lang='lat' dir='ltr'>et</span> <span class='ocrx_word' id='word_1_789' title='bbox 2098 1932 2341 1970; x_wconf 89' lang='lat' dir='ltr'>manifestum</span> <span class='ocrx_word' id='word_1_790' title='bbox 2371 1942 2426 1971; x_wconf 93' lang='lat' dir='ltr'>est</span> 
     </span>
     <span class='ocr_line' id='line_1_104' title="bbox 1362 1982 2425 2033; baseline 0.005 -14"><span class='ocrx_word' id='word_1_791' title='bbox 1362 1982 1468 2031; x_wconf 91' lang='lat' dir='ltr'>quod</span> <span class='ocrx_word' id='word_1_792' title='bbox 1492 1983 1578 2032; x_wconf 92' lang='lat' dir='ltr'>plus</span> <span class='ocrx_word' id='word_1_793' title='bbox 1606 1982 1718 2020; x_wconf 90' lang='lat' dir='ltr'>distat</span> <span class='ocrx_word' id='word_1_794' title='bbox 1745 1995 1767 2019; x_wconf 91' lang='lat' dir='ltr'>a</span> <span class='ocrx_word' id='word_1_795' title='bbox 1794 1983 1874 2023; x_wconf 91' lang='lat' dir='ltr'>sole</span> <span class='ocrx_word' id='word_1_796' title='bbox 1903 1984 2057 2033; x_wconf 91' lang='lat' dir='ltr'>quando</span> <span class='ocrx_word' id='word_1_797' title='bbox 2087 1985 2205 2022; x_wconf 92' lang='lat' dir='ltr'>oritur</span> <span class='ocrx_word' id='word_1_798' title='bbox 2232 1986 2271 2023; x_wconf 88' lang='lat' dir='ltr'>in</span> <span class='ocrx_word' id='word_1_799' title='bbox 2299 1987 2425 2024; x_wconf 90' lang='lat' dir='ltr'>media</span> 
     </span>
     <span class='ocr_line' id='line_1_105' title="bbox 1361 2035 2424 2088; baseline 0.004 -16"><span class='ocrx_word' id='word_1_800' title='bbox 1361 2043 1486 2083; x_wconf 92' lang='lat' dir='ltr'>nocte,</span> <span class='ocrx_word' id='word_1_801' title='bbox 1507 2048 1624 2085; x_wconf 89' lang='lat' dir='ltr'>quam</span> <span class='ocrx_word' id='word_1_802' title='bbox 1654 2037 1810 2084; x_wconf 83' lang='lat' dir='ltr'>quando</span> <span class='ocrx_word' id='word_1_803' title='bbox 1839 2035 1958 2074; x_wconf 91' lang='lat' dir='ltr'>oritur</span> <span class='ocrx_word' id='word_1_804' title='bbox 1985 2038 2163 2075; x_wconf 82' lang='lat' dir='ltr'>diluculo,</span> <span class='ocrx_word' id='word_1_805' title='bbox 2194 2039 2272 2076; x_wconf 91' lang='lat' dir='ltr'>Sed</span> <span class='ocrx_word' id='word_1_806' title='bbox 2298 2047 2424 2088; x_wconf 88' lang='lat' dir='ltr'>partes</span> 
     </span>
     <span class='ocr_line' id='line_1_106' title="bbox 1361 2089 2424 2140; baseline 0.005 -15"><span class='ocrx_word' id='word_1_807' title='bbox 1361 2089 1469 2126; x_wconf 90' lang='lat' dir='ltr'>lactei</span> <span class='ocrx_word' id='word_1_808' title='bbox 1489 2089 1616 2126; x_wconf 90' lang='lat' dir='ltr'>circuli</span> <span class='ocrx_word' id='word_1_809' title='bbox 1631 2101 1785 2138; x_wconf 91' lang='lat' dir='ltr'>semper</span> <span class='ocrx_word' id='word_1_810' title='bbox 1803 2098 1961 2127; x_wconf 89' lang='lat' dir='ltr'>manent</span> <span class='ocrx_word' id='word_1_811' title='bbox 1979 2090 2018 2127; x_wconf 91' lang='lat' dir='ltr'>in</span> <span class='ocrx_word' id='word_1_812' title='bbox 2038 2091 2177 2128; x_wconf 90' lang='lat' dir='ltr'>eodem</span> <span class='ocrx_word' id='word_1_813' title='bbox 2196 2093 2299 2128; x_wconf 92' lang='lat' dir='ltr'>loco:</span> <span class='ocrx_word' id='word_1_814' title='bbox 2319 2094 2424 2140; x_wconf 91' lang='lat' dir='ltr'>quod</span> 
     </span>
    </p>
   </div>
   <div class='ocr_carea' id='block_1_20' title="bbox 1361 2142 2459 2194">
    <p class='ocr_par' dir='ltr' id='par_1_25' title="bbox 1361 2142 2459 2194">
     <span class='ocr_line' id='line_1_107' title="bbox 1361 2142 2459 2194; baseline 0.004 -15"><span class='ocrx_word' id='word_1_815' title='bbox 1361 2154 1440 2179; x_wconf 89' lang='lat' dir='ltr'>non</span> <span class='ocrx_word' id='word_1_816' title='bbox 1469 2143 1671 2191; x_wconf 90' lang='lat' dir='ltr'>oportebat</span> <span class='ocrx_word' id='word_1_817' title='bbox 1697 2142 1718 2164; x_wconf 79' lang='grc'>*</span> <span class='ocrx_word' id='word_1_818' title='bbox 1745 2142 1775 2179; x_wconf 93' lang='lat' dir='ltr'>si</span> <span class='ocrx_word' id='word_1_819' title='bbox 1803 2151 1901 2180; x_wconf 90' lang='lat' dir='ltr'>esset</span> <span class='ocrx_word' id='word_1_820' title='bbox 1937 2144 2121 2193; x_wconf 90' lang='lat' dir='ltr'>apparitio</span> <span class='ocrx_word' id='word_1_821' title='bbox 2151 2156 2197 2183; x_wconf 83' lang='lat' dir='ltr'>ex</span> <span class='ocrx_word' id='word_1_822' title='bbox 2229 2157 2423 2194; x_wconf 90' lang='lat' dir='ltr'>repercus-</span> <span class='ocrx_word' id='word_1_823' title='bbox 2450 2156 2459 2165; x_wconf 84' lang='grc'>·</span> 
     </span>
    </p>
   </div>
   <div class='ocr_carea' id='block_1_21' title="bbox 1357 2195 2422 3197">
    <p class='ocr_par' dir='ltr' id='par_1_26' title="bbox 1360 2195 2422 2351">
     <span class='ocr_line' id='line_1_108' title="bbox 1361 2195 2422 2244; baseline 0.004 -12"><span class='ocrx_word' id='word_1_824' title='bbox 1361 2195 1469 2233; x_wconf 92' lang='lat' dir='ltr'>sione</span> <span class='ocrx_word' id='word_1_825' title='bbox 1501 2195 1752 2244; x_wconf 82' lang='lat' dir='ltr'>proveniens3</span> <span class='ocrx_word' id='word_1_826' title='bbox 1782 2207 1862 2232; x_wconf 92' lang='lat' dir='ltr'>non</span> <span class='ocrx_word' id='word_1_827' title='bbox 1890 2196 1991 2233; x_wconf 91' lang='lat' dir='ltr'>enim</span> <span class='ocrx_word' id='word_1_828' title='bbox 2021 2205 2120 2234; x_wconf 91' lang='lat' dir='ltr'>esset</span> <span class='ocrx_word' id='word_1_829' title='bbox 2145 2198 2241 2234; x_wconf 92' lang='lat' dir='ltr'>haec</span> <span class='ocrx_word' id='word_1_830' title='bbox 2278 2198 2422 2236; x_wconf 88' lang='lat' dir='ltr'>claritas</span> 
     </span>
     <span class='ocr_line' id='line_1_109' title="bbox 1360 2247 2422 2300; baseline 0.005 -16"><span class='ocrx_word' id='word_1_831' title='bbox 1360 2247 1399 2285; x_wconf 89' lang='lat' dir='ltr'>in</span> <span class='ocrx_word' id='word_1_832' title='bbox 1419 2247 1564 2285; x_wconf 89' lang='lat' dir='ltr'>eisdem</span> <span class='ocrx_word' id='word_1_833' title='bbox 1582 2249 1687 2295; x_wconf 91' lang='lat' dir='ltr'>locis,</span> <span class='ocrx_word' id='word_1_834' title='bbox 1707 2256 1750 2285; x_wconf 93' lang='lat' dir='ltr'>ut</span> <span class='ocrx_word' id='word_1_835' title='bbox 1764 2256 1960 2285; x_wconf 90' lang='lat' dir='ltr'>ostensum</span> <span class='ocrx_word' id='word_1_836' title='bbox 1977 2257 2043 2286; x_wconf 92' lang='lat' dir='ltr'>est.</span> <span class='ocrx_word' id='word_1_837' title='bbox 2063 2250 2175 2287; x_wconf 91' lang='lat' dir='ltr'>Unde</span> <span class='ocrx_word' id='word_1_838' title='bbox 2193 2258 2296 2299; x_wconf 89' lang='lat' dir='ltr'>patet</span> <span class='ocrx_word' id='word_1_839' title='bbox 2313 2263 2422 2300; x_wconf 89' lang='lat' dir='ltr'>prae-</span> 
     </span>
     <span class='ocr_line' id='line_1_110' title="bbox 1361 2300 2068 2351; baseline 0.003 -13"><span class='ocrx_word' id='word_1_840' title='bbox 1361 2302 1500 2339; x_wconf 91' lang='lat' dir='ltr'>dictam</span> <span class='ocrx_word' id='word_1_841' title='bbox 1529 2301 1751 2351; x_wconf 92' lang='lat' dir='ltr'>opinionem</span> <span class='ocrx_word' id='word_1_842' title='bbox 1780 2314 1863 2338; x_wconf 91' lang='lat' dir='ltr'>esse</span> <span class='ocrx_word' id='word_1_843' title='bbox 1892 2302 2024 2340; x_wconf 86' lang='lat' dir='ltr'>falsam</span> <span class='ocrx_word' id='word_1_844' title='bbox 2044 2300 2068 2340; x_wconf 79' lang='lat'>⁰.</span> 
     </span>
    </p>

    <p class='ocr_par' dir='ltr' id='par_1_27' title="bbox 1357 2354 2422 2817">
     <span class='ocr_line' id='line_1_111' title="bbox 1414 2354 2422 2404; baseline 0.002 -12"><span class='ocrx_word' id='word_1_845' title='bbox 1414 2367 1451 2403; x_wconf 87' lang='lat'>9.</span> <span class='ocrx_word' id='word_1_846' title='bbox 1472 2354 1690 2391; x_wconf 89' lang='lat' dir='ltr'>Secundam</span> <span class='ocrx_word' id='word_1_847' title='bbox 1710 2354 1898 2392; x_wconf 90' lang='lat' dir='ltr'>rationem</span> <span class='ocrx_word' id='word_1_848' title='bbox 1922 2355 2030 2404; x_wconf 92' lang='lat' dir='ltr'>ponit</span> <span class='ocrx_word' id='word_1_849' title='bbox 2056 2356 2125 2393; x_wconf 88' lang='lat' dir='ltr'>ibi:</span> <span class='ocrx_word' id='word_1_850' title='bbox 2143 2357 2279 2398; x_wconf 81' lang='lat' dir='ltr'>Adhuc</span> <span class='ocrx_word' id='word_1_851' title='bbox 2297 2363 2422 2394; x_wconf 88' lang='lat' dir='ltr'>autem</span> 
     </span>
     <span class='ocr_line' id='line_1_112' title="bbox 1361 2407 2422 2458; baseline 0.003 -14"><span class='ocrx_word' id='word_1_852' title='bbox 1361 2413 1467 2445; x_wconf 88' lang='lat' dir='ltr'>nocte</span> <span class='ocrx_word' id='word_1_853' title='bbox 1494 2415 1563 2444; x_wconf 90' lang='lat' dir='ltr'>etc.</span> <span class='ocrx_word' id='word_1_854' title='bbox 1585 2408 1635 2444; x_wconf 93' lang='lat' dir='ltr'>Et</span> <span class='ocrx_word' id='word_1_855' title='bbox 1658 2407 1746 2444; x_wconf 92' lang='lat' dir='ltr'>dicit</span> <span class='ocrx_word' id='word_1_856' title='bbox 1764 2408 1869 2455; x_wconf 82' lang='lat' dir='ltr'>quod</span> <span class='ocrx_word' id='word_1_857' title='bbox 1899 2408 1946 2445; x_wconf 92' lang='lat' dir='ltr'>de</span> <span class='ocrx_word' id='word_1_858' title='bbox 1965 2416 2083 2458; x_wconf 68' lang='lat' dir='ltr'>3nocte</span> <span class='ocrx_word' id='word_1_859' title='bbox 2110 2409 2150 2446; x_wconf 93' lang='lat' dir='ltr'>in</span> <span class='ocrx_word' id='word_1_860' title='bbox 2169 2422 2269 2458; x_wconf 89' lang='lat' dir='ltr'>aqua</span> <span class='ocrx_word' id='word_1_861' title='bbox 2288 2417 2325 2447; x_wconf 93' lang='lat' dir='ltr'>et</span> <span class='ocrx_word' id='word_1_862' title='bbox 2342 2411 2422 2447; x_wconf 91' lang='lat' dir='ltr'>aliis</span> 
     </span>
     <span class='ocr_line' id='line_1_113' title="bbox 1358 2460 2422 2512; baseline 0.003 -15"><span class='ocrx_word' id='word_1_863' title='bbox 1358 2460 1579 2498; x_wconf 90' lang='lat' dir='ltr'>huiusmodi</span> <span class='ocrx_word' id='word_1_864' title='bbox 1595 2461 1819 2510; x_wconf 90' lang='lat' dir='ltr'>corporibus</span> <span class='ocrx_word' id='word_1_865' title='bbox 1834 2461 2092 2510; x_wconf 90' lang='lat' dir='ltr'>specularibus</span> <span class='ocrx_word' id='word_1_866' title='bbox 2107 2463 2286 2512; x_wconf 90' lang='lat' dir='ltr'>aspicitur</span> <span class='ocrx_word' id='word_1_867' title='bbox 2299 2464 2422 2500; x_wconf 88' lang='lat' dir='ltr'>forma</span> 
     </span>
     <span class='ocr_line' id='line_1_114' title="bbox 1359 2513 2422 2565; baseline 0.003 -15"><span class='ocrx_word' id='word_1_868' title='bbox 1359 2514 1468 2552; x_wconf 92' lang='lat' dir='ltr'>lactei</span> <span class='ocrx_word' id='word_1_869' title='bbox 1497 2513 1633 2551; x_wconf 90' lang='lat' dir='ltr'>circuli.</span> <span class='ocrx_word' id='word_1_870' title='bbox 1665 2513 1742 2551; x_wconf 91' lang='lat' dir='ltr'>Sed</span> <span class='ocrx_word' id='word_1_871' title='bbox 1778 2513 2052 2552; x_wconf 85' lang='lat' dir='ltr'>inconveniens</span> <span class='ocrx_word' id='word_1_872' title='bbox 2081 2523 2137 2552; x_wconf 90' lang='lat' dir='ltr'>est</span> <span class='ocrx_word' id='word_1_873' title='bbox 2164 2516 2287 2553; x_wconf 91' lang='lat' dir='ltr'>dicere</span> <span class='ocrx_word' id='word_1_874' title='bbox 2317 2516 2422 2565; x_wconf 91' lang='lat' dir='ltr'>quod</span> 
     </span>
     <span class='ocr_line' id='line_1_115' title="bbox 1358 2566 2421 2616; baseline 0.002 -12"><span class='ocrx_word' id='word_1_875' title='bbox 1358 2575 1449 2604; x_wconf 91' lang='lat' dir='ltr'>tunc</span> <span class='ocrx_word' id='word_1_876' title='bbox 1466 2567 1486 2589; x_wconf 74' lang='lat'>&#39;¹‘</span> <span class='ocrx_word' id='word_1_877' title='bbox 1505 2566 1611 2604; x_wconf 91' lang='lat' dir='ltr'>visus</span> <span class='ocrx_word' id='word_1_878' title='bbox 1635 2567 1907 2616; x_wconf 89' lang='lat' dir='ltr'>repercutiatur</span> <span class='ocrx_word' id='word_1_879' title='bbox 1925 2568 1973 2604; x_wconf 90' lang='lat' dir='ltr'>ab</span> <span class='ocrx_word' id='word_1_880' title='bbox 1994 2580 2095 2616; x_wconf 92' lang='lat' dir='ltr'>aqua</span> <span class='ocrx_word' id='word_1_881' title='bbox 2123 2569 2172 2606; x_wconf 92' lang='lat' dir='ltr'>ad</span> <span class='ocrx_word' id='word_1_882' title='bbox 2191 2570 2331 2606; x_wconf 89' lang='lat' dir='ltr'>solem:</span> <span class='ocrx_word' id='word_1_883' title='bbox 2359 2570 2421 2606; x_wconf 89' lang='lat' dir='ltr'>vel</span> 
     </span>
     <span class='ocr_line' id='line_1_116' title="bbox 1357 2620 2422 2670; baseline 0.002 -13"><span class='ocrx_word' id='word_1_884' title='bbox 1357 2627 1514 2670; x_wconf 91' lang='lat' dir='ltr'>propter</span> <span class='ocrx_word' id='word_1_885' title='bbox 1542 2620 1757 2657; x_wconf 90' lang='lat' dir='ltr'>distantiam</span> <span class='ocrx_word' id='word_1_886' title='bbox 1785 2621 1889 2657; x_wconf 89' lang='lat' dir='ltr'>enim</span> <span class='ocrx_word' id='word_1_887' title='bbox 1908 2621 2058 2658; x_wconf 89' lang='lat' dir='ltr'>videtur</span> <span class='ocrx_word' id='word_1_888' title='bbox 2084 2622 2197 2659; x_wconf 90' lang='lat' dir='ltr'>valde</span> <span class='ocrx_word' id='word_1_889' title='bbox 2216 2630 2224 2643; x_wconf 81' lang='lat'>¹</span> <span class='ocrx_word' id='word_1_890' title='bbox 2242 2623 2422 2659; x_wconf 92' lang='lat' dir='ltr'>inconve-</span> 
     </span>
     <span class='ocr_line' id='line_1_117' title="bbox 1358 2673 2422 2723; baseline 0.002 -13"><span class='ocrx_word' id='word_1_891' title='bbox 1358 2674 1466 2711; x_wconf 91' lang='lat' dir='ltr'>niens</span> <span class='ocrx_word' id='word_1_892' title='bbox 1490 2674 1596 2723; x_wconf 90' lang='lat' dir='ltr'>quod</span> <span class='ocrx_word' id='word_1_893' title='bbox 1624 2673 1698 2711; x_wconf 90' lang='lat' dir='ltr'>sint</span> <span class='ocrx_word' id='word_1_894' title='bbox 1723 2673 1776 2710; x_wconf 92' lang='lat' dir='ltr'>ibi</span> <span class='ocrx_word' id='word_1_895' title='bbox 1803 2674 1902 2711; x_wconf 89' lang='lat' dir='ltr'>duae</span> <span class='ocrx_word' id='word_1_896' title='bbox 1921 2675 2237 2723; x_wconf 90' lang='lat' dir='ltr'>repercussiones,</span> <span class='ocrx_word' id='word_1_897' title='bbox 2257 2687 2335 2712; x_wconf 92' lang='lat' dir='ltr'>una</span> <span class='ocrx_word' id='word_1_898' title='bbox 2353 2676 2422 2712; x_wconf 93' lang='lat' dir='ltr'>sci-</span> 
     </span>
     <span class='ocr_line' id='line_1_118' title="bbox 1358 2725 2422 2777; baseline 0.001 -13"><span class='ocrx_word' id='word_1_899' title='bbox 1358 2727 1444 2764; x_wconf 91' lang='lat' dir='ltr'>licet</span> <span class='ocrx_word' id='word_1_900' title='bbox 1471 2727 1520 2765; x_wconf 92' lang='lat' dir='ltr'>ab</span> <span class='ocrx_word' id='word_1_901' title='bbox 1549 2739 1650 2775; x_wconf 89' lang='lat' dir='ltr'>aqua</span> <span class='ocrx_word' id='word_1_902' title='bbox 1677 2727 1727 2764; x_wconf 92' lang='lat' dir='ltr'>ad</span> <span class='ocrx_word' id='word_1_903' title='bbox 1753 2725 1773 2748; x_wconf 83' lang='grc'>*</span> <span class='ocrx_word' id='word_1_904' title='bbox 1801 2727 1966 2764; x_wconf 90' lang='lat' dir='ltr'>lacteum</span> <span class='ocrx_word' id='word_1_905' title='bbox 2000 2727 2202 2777; x_wconf 90' lang='lat' dir='ltr'>circulum,</span> <span class='ocrx_word' id='word_1_906' title='bbox 2238 2735 2274 2765; x_wconf 92' lang='lat' dir='ltr'>et</span> <span class='ocrx_word' id='word_1_907' title='bbox 2301 2728 2372 2766; x_wconf 90' lang='lat' dir='ltr'>alia</span> <span class='ocrx_word' id='word_1_908' title='bbox 2399 2742 2422 2765; x_wconf 90' lang='lat' dir='ltr'>a</span> 
     </span>
     <span class='ocr_line' id='line_1_119' title="bbox 1358 2779 1888 2817; baseline 0.002 -1"><span class='ocrx_word' id='word_1_909' title='bbox 1358 2780 1480 2817; x_wconf 92' lang='lat' dir='ltr'>lacteo</span> <span class='ocrx_word' id='word_1_910' title='bbox 1510 2779 1648 2817; x_wconf 91' lang='lat' dir='ltr'>circulo</span> <span class='ocrx_word' id='word_1_911' title='bbox 1678 2779 1728 2817; x_wconf 90' lang='lat' dir='ltr'>ad</span> <span class='ocrx_word' id='word_1_912' title='bbox 1753 2781 1888 2817; x_wconf 89' lang='lat' dir='ltr'>solem.</span> 
     </span>
    </p>

    <p class='ocr_par' dir='ltr' id='par_1_28' title="bbox 1358 2833 2420 3197">
     <span class='ocr_line' id='line_1_120' title="bbox 1412 2833 2419 2882; baseline 0 -12"><span class='ocrx_word' id='word_1_913' title='bbox 1412 2833 1556 2870; x_wconf 91' lang='lat' dir='ltr'>Ultimo</span> <span class='ocrx_word' id='word_1_914' title='bbox 1584 2841 1712 2870; x_wconf 90' lang='lat' dir='ltr'>autem</span> <span class='ocrx_word' id='word_1_915' title='bbox 1748 2833 1976 2882; x_wconf 89' lang='lat' dir='ltr'>epilogando</span> <span class='ocrx_word' id='word_1_916' title='bbox 2012 2833 2202 2871; x_wconf 90' lang='lat' dir='ltr'>concludit</span> <span class='ocrx_word' id='word_1_917' title='bbox 2236 2834 2340 2882; x_wconf 92' lang='lat' dir='ltr'>quod</span> <span class='ocrx_word' id='word_1_918' title='bbox 2368 2834 2419 2870; x_wconf 93' lang='lat' dir='ltr'>la-</span> 
     </span>
     <span class='ocr_line' id='line_1_121' title="bbox 1359 2885 2418 2935; baseline 0 -13"><span class='ocrx_word' id='word_1_919' title='bbox 1359 2893 1464 2923; x_wconf 91' lang='lat' dir='ltr'>cteus</span> <span class='ocrx_word' id='word_1_920' title='bbox 1492 2886 1652 2923; x_wconf 91' lang='lat' dir='ltr'>circulus</span> <span class='ocrx_word' id='word_1_921' title='bbox 1680 2898 1807 2933; x_wconf 90' lang='lat' dir='ltr'>neque</span> <span class='ocrx_word' id='word_1_922' title='bbox 1836 2893 1891 2923; x_wconf 91' lang='lat' dir='ltr'>est</span> <span class='ocrx_word' id='word_1_923' title='bbox 1908 2885 1972 2923; x_wconf 91' lang='lat' dir='ltr'>via</span> <span class='ocrx_word' id='word_1_924' title='bbox 1991 2885 2146 2922; x_wconf 89' lang='lat' dir='ltr'>alicuius</span> <span class='ocrx_word' id='word_1_925' title='bbox 2164 2887 2418 2935; x_wconf 90' lang='lat' dir='ltr'>planetarum,</span> 
     </span>
     <span class='ocr_line' id='line_1_122' title="bbox 1358 2939 2419 2988; baseline -0.001 -12"><span class='ocrx_word' id='word_1_926' title='bbox 1358 2946 1401 2976; x_wconf 89' lang='lat' dir='ltr'>ut</span> <span class='ocrx_word' id='word_1_927' title='bbox 1427 2939 1550 2988; x_wconf 92' lang='lat' dir='ltr'>prima</span> <span class='ocrx_word' id='word_1_928' title='bbox 1570 2939 1701 2987; x_wconf 89' lang='lat' dir='ltr'>opinio</span> <span class='ocrx_word' id='word_1_929' title='bbox 1722 2939 1826 2984; x_wconf 61' lang='lat' dir='ltr'>dixin</span> <span class='ocrx_word' id='word_1_930' title='bbox 1854 2950 1980 2986; x_wconf 89' lang='lat' dir='ltr'>neque</span> <span class='ocrx_word' id='word_1_931' title='bbox 2006 2946 2062 2975; x_wconf 91' lang='lat' dir='ltr'>est</span> <span class='ocrx_word' id='word_1_932' title='bbox 2079 2939 2209 2975; x_wconf 91' lang='lat' dir='ltr'>lumen</span> <span class='ocrx_word' id='word_1_933' title='bbox 2229 2939 2419 2975; x_wconf 89' lang='lat' dir='ltr'>stellarum</span> 
     </span>
     <span class='ocr_line' id='line_1_123' title="bbox 1360 2991 2420 3042; baseline 0 -14"><span class='ocrx_word' id='word_1_934' title='bbox 1360 3005 1459 3042; x_wconf 90' lang='lat' dir='ltr'>quae</span> <span class='ocrx_word' id='word_1_935' title='bbox 1487 3004 1565 3028; x_wconf 91' lang='lat' dir='ltr'>non</span> <span class='ocrx_word' id='word_1_936' title='bbox 1595 2991 1845 3040; x_wconf 91' lang='lat' dir='ltr'>respiciuntur</span> <span class='ocrx_word' id='word_1_937' title='bbox 1872 3003 1894 3028; x_wconf 90' lang='lat' dir='ltr'>a</span> <span class='ocrx_word' id='word_1_938' title='bbox 1922 2991 2022 3038; x_wconf 91' lang='lat' dir='ltr'>sole,</span> <span class='ocrx_word' id='word_1_939' title='bbox 2051 2999 2094 3028; x_wconf 93' lang='lat' dir='ltr'>ut</span> <span class='ocrx_word' id='word_1_940' title='bbox 2128 2991 2217 3029; x_wconf 87' lang='lat' dir='ltr'>dixit</span> <span class='ocrx_word' id='word_1_941' title='bbox 2252 2992 2420 3028; x_wconf 91' lang='lat' dir='ltr'>secunda</span> 
     </span>
     <span class='ocr_line' id='line_1_124' title="bbox 1361 3044 2420 3095; baseline 0 -14"><span class='ocrx_word' id='word_1_942' title='bbox 1361 3045 1506 3094; x_wconf 85' lang='lat' dir='ltr'>opinio3</span> <span class='ocrx_word' id='word_1_943' title='bbox 1532 3057 1658 3092; x_wconf 91' lang='lat' dir='ltr'>neque</span> <span class='ocrx_word' id='word_1_944' title='bbox 1677 3044 1698 3066; x_wconf 71' lang='lat'>&#39;¹‘</span> <span class='ocrx_word' id='word_1_945' title='bbox 1722 3052 1777 3081; x_wconf 90' lang='lat' dir='ltr'>est</span> <span class='ocrx_word' id='word_1_946' title='bbox 1805 3044 2038 3093; x_wconf 91' lang='lat' dir='ltr'>repercussio</span> <span class='ocrx_word' id='word_1_947' title='bbox 2058 3044 2162 3081; x_wconf 92' lang='lat' dir='ltr'>visus</span> <span class='ocrx_word' id='word_1_948' title='bbox 2182 3057 2204 3095; x_wconf 87' lang='lat' dir='ltr'>a</span> <span class='ocrx_word' id='word_1_949' title='bbox 2232 3044 2344 3082; x_wconf 91' lang='lat' dir='ltr'>stellis</span> <span class='ocrx_word' id='word_1_950' title='bbox 2372 3045 2420 3082; x_wconf 92' lang='lat' dir='ltr'>ad</span> 
     </span>
     <span class='ocr_line' id='line_1_125' title="bbox 1360 3096 2419 3146; baseline -0.001 -11"><span class='ocrx_word' id='word_1_951' title='bbox 1360 3099 1500 3146; x_wconf 89' lang='lat' dir='ltr'>solem,</span> <span class='ocrx_word' id='word_1_952' title='bbox 1529 3105 1570 3134; x_wconf 93' lang='lat' dir='ltr'>ut</span> <span class='ocrx_word' id='word_1_953' title='bbox 1589 3097 1679 3134; x_wconf 85' lang='lat' dir='ltr'>dixit</span> <span class='ocrx_word' id='word_1_954' title='bbox 1705 3097 1811 3134; x_wconf 91' lang='lat' dir='ltr'>tertia</span> <span class='ocrx_word' id='word_1_955' title='bbox 1831 3096 1972 3145; x_wconf 90' lang='lat' dir='ltr'>opinio.</span> <span class='ocrx_word' id='word_1_956' title='bbox 1995 3097 2077 3133; x_wconf 87' lang='lat' dir='ltr'>Hae</span> <span class='ocrx_word' id='word_1_957' title='bbox 2099 3097 2200 3134; x_wconf 89' lang='lat' dir='ltr'>enim</span> <span class='ocrx_word' id='word_1_958' title='bbox 2220 3097 2419 3146; x_wconf 92' lang='lat' dir='ltr'>opiniones</span> 
     </span>
     <span class='ocr_line' id='line_1_126' title="bbox 1359 3149 2002 3197; baseline -0.005 -9"><span class='ocrx_word' id='word_1_959' title='bbox 1359 3152 1512 3188; x_wconf 85' lang='lat' dir='ltr'>fuerunt</span> <span class='ocrx_word' id='word_1_960' title='bbox 1539 3158 1625 3187; x_wconf 90' lang='lat' dir='ltr'>ante</span> <span class='ocrx_word' id='word_1_961' title='bbox 1654 3162 1744 3186; x_wconf 90' lang='lat' dir='ltr'>eum</span> <span class='ocrx_word' id='word_1_962' title='bbox 1773 3150 1821 3187; x_wconf 93' lang='lat' dir='ltr'>de</span> <span class='ocrx_word' id='word_1_963' title='bbox 1848 3149 2002 3197; x_wconf 83' lang='lat' dir='ltr'>galaxia.</span> 
     </span>
    </p>
   </div>
   <div class='ocr_carea' id='block_1_22' title="bbox 1358 3254 2420 3463">
    <p class='ocr_par' dir='ltr' id='par_1_29' title="bbox 1358 3254 2420 3358">
     <span class='ocr_line' id='line_1_127' title="bbox 1411 3254 2420 3288; baseline 0 -8"><span class='ocrx_word' id='word_1_964' title='bbox 1411 3256 1438 3288; x_wconf 88' lang='grc' dir='ltr'>η)</span> <span class='ocrx_word' id='word_1_965' title='bbox 1459 3256 1514 3280; x_wconf 87' lang='lat' dir='ltr'>Sed</span> <span class='ocrx_word' id='word_1_966' title='bbox 1531 3263 1550 3280; x_wconf 88' lang='lat' dir='ltr'>a</span> <span class='ocrx_word' id='word_1_967' title='bbox 1566 3256 1659 3287; x_wconf 78' lang='lat' dir='ltr'>seipsis</span> <span class='ocrx_word' id='word_1_968' title='bbox 1682 3255 1722 3280; x_wconf 88' lang='lat' dir='ltr'>sol</span> <span class='ocrx_word' id='word_1_969' title='bbox 1745 3257 1772 3279; x_wconf 89' lang='lat' dir='ltr'>et</span> <span class='ocrx_word' id='word_1_970' title='bbox 1794 3255 1894 3279; x_wconf 87' lang='lat' dir='ltr'>steIIae.</span> <span class='ocrx_word' id='word_1_971' title='bbox 1912 3268 1931 3274; x_wconf 88' lang='lat'>—-</span> <span class='ocrx_word' id='word_1_972' title='bbox 1949 3254 2004 3279; x_wconf 86' lang='lat' dir='ltr'>Sed</span> <span class='ocrx_word' id='word_1_973' title='bbox 2021 3261 2039 3278; x_wconf 87' lang='lat' dir='ltr'>a</span> <span class='ocrx_word' id='word_1_974' title='bbox 2060 3254 2170 3286; x_wconf 81' lang='lat' dir='ltr'>seipsis,</span> <span class='ocrx_word' id='word_1_975' title='bbox 2190 3257 2216 3279; x_wconf 85' lang='lat' dir='ltr'>et</span> <span class='ocrx_word' id='word_1_976' title='bbox 2238 3254 2287 3280; x_wconf 84' lang='lat' dir='ltr'>hoe</span> <span class='ocrx_word' id='word_1_977' title='bbox 2306 3258 2420 3287; x_wconf 79' lang='lat' dir='ltr'>propter</span> 
     </span>
     <span class='ocr_line' id='line_1_128' title="bbox 1358 3289 2420 3324; baseline 0 -8"><span class='ocrx_word' id='word_1_978' title='bbox 1358 3292 1437 3324; x_wconf 80' lang='lat' dir='ltr'>ipsos,</span> <span class='ocrx_word' id='word_1_979' title='bbox 1455 3291 1496 3315; x_wconf 85' lang='lat' dir='ltr'>sol</span> <span class='ocrx_word' id='word_1_980' title='bbox 1513 3293 1540 3315; x_wconf 88' lang='lat' dir='ltr'>et</span> <span class='ocrx_word' id='word_1_981' title='bbox 1557 3291 1649 3315; x_wconf 80' lang='lat' dir='ltr'>stellae</span> <span class='ocrx_word' id='word_1_982' title='bbox 1662 3290 1821 3322; x_wconf 82' lang='lat' dir='ltr'>praedictae</span> <span class='ocrx_word' id='word_1_983' title='bbox 1833 3290 1892 3320; x_wconf 56' lang='lat' dir='ltr'>A&amp;</span> <span class='ocrx_word' id='word_1_984' title='bbox 1912 3289 2090 3321; x_wconf 81' lang='lat' dir='ltr'>interpolando</span> <span class='ocrx_word' id='word_1_985' title='bbox 2103 3294 2192 3316; x_wconf 79' lang='lat' dir='ltr'>notam</span> <span class='ocrx_word' id='word_1_986' title='bbox 2206 3289 2389 3323; x_wconf 77' lang='lat' dir='ltr'>marginalem?</span> <span class='ocrx_word' id='word_1_987' title='bbox 2402 3305 2420 3310; x_wconf 98' lang='lat'><strong>—</strong></span> 
     </span>
     <span class='ocr_line' id='line_1_129' title="bbox 1358 3324 1959 3358; baseline -0.003 -7"><span class='ocrx_word' id='word_1_988' title='bbox 1358 3328 1408 3351; x_wconf 87' lang='lat' dir='ltr'>Pro</span> <span class='ocrx_word' id='word_1_989' title='bbox 1428 3326 1538 3358; x_wconf 80' lang='lat' dir='ltr'>Delphis</span> <span class='ocrx_word' id='word_1_990' title='bbox 1555 3325 1605 3350; x_wconf 90' lang='lat' dir='ltr'>hoc</span> <span class='ocrx_word' id='word_1_991' title='bbox 1622 3328 1670 3354; x_wconf 87' lang='lat' dir='ltr'>est,</span> <span class='ocrx_word' id='word_1_992' title='bbox 1689 3325 1800 3350; x_wconf 85' lang='lat' dir='ltr'>diversis</span> <span class='ocrx_word' id='word_1_993' title='bbox 1820 3324 1888 3350; x_wconf 85' lang='lat' dir='ltr'>idest</span> <span class='ocrx_word' id='word_1_994' title='bbox 1905 3325 1959 3349; x_wconf 82' lang='lat' dir='ltr'>AB.</span> 
     </span>
    </p>

    <p class='ocr_par' dir='ltr' id='par_1_30' title="bbox 1358 3359 2420 3427">
     <span class='ocr_line' id='line_1_130' title="bbox 1411 3359 2420 3394; baseline 0.001 -9"><span class='ocrx_word' id='word_1_995' title='bbox 1411 3359 1436 3394; x_wconf 89' lang='grc' dir='ltr'>θ)</span> <span class='ocrx_word' id='word_1_996' title='bbox 1459 3361 1568 3385; x_wconf 83' lang='lat' dir='ltr'>Unde...</span> <span class='ocrx_word' id='word_1_997' title='bbox 1581 3367 1637 3386; x_wconf 85' lang='lat' dir='ltr'>esse</span> <span class='ocrx_word' id='word_1_998' title='bbox 1648 3360 1759 3394; x_wconf 88' lang='lat' dir='ltr'>salsam.</span> <span class='ocrx_word' id='word_1_999' title='bbox 1777 3373 1795 3378; x_wconf 95' lang='lat'><em>-</em></span> <span class='ocrx_word' id='word_1_1000' title='bbox 1814 3360 1871 3384; x_wconf 88' lang='lat' dir='ltr'>Hoc</span> <span class='ocrx_word' id='word_1_1001' title='bbox 1889 3367 1942 3384; x_wconf 88' lang='lat' dir='ltr'>om.</span> <span class='ocrx_word' id='word_1_1002' title='bbox 1957 3360 2009 3389; x_wconf 84' lang='lat' dir='ltr'>Pa,</span> <span class='ocrx_word' id='word_1_1003' title='bbox 2029 3360 2076 3385; x_wconf 86' lang='lat' dir='ltr'>sed</span> <span class='ocrx_word' id='word_1_1004' title='bbox 2094 3367 2173 3392; x_wconf 85' lang='lat' dir='ltr'>supra</span> <span class='ocrx_word' id='word_1_1005' title='bbox 2191 3368 2263 3386; x_wconf 90' lang='lat' dir='ltr'>num.</span> <span class='ocrx_word' id='word_1_1006' title='bbox 2280 3360 2293 3386; x_wconf 88' lang='lat'>5</span> <span class='ocrx_word' id='word_1_1007' title='bbox 2308 3365 2334 3386; x_wconf 88' lang='lat' dir='ltr'>et</span> <span class='ocrx_word' id='word_1_1008' title='bbox 2352 3360 2368 3385; x_wconf 87' lang='lat'>6</span> <span class='ocrx_word' id='word_1_1009' title='bbox 2386 3362 2420 3386; x_wconf 87' lang='lat' dir='ltr'>si-</span> 
     </span>
     <span class='ocr_line' id='line_1_131' title="bbox 1358 3394 1911 3427; baseline -0.004 -6"><span class='ocrx_word' id='word_1_1010' title='bbox 1358 3396 1411 3421; x_wconf 89' lang='lat' dir='ltr'>mili</span> <span class='ocrx_word' id='word_1_1011' title='bbox 1430 3397 1510 3420; x_wconf 89' lang='lat' dir='ltr'>modo</span> <span class='ocrx_word' id='word_1_1012' title='bbox 1528 3395 1715 3427; x_wconf 80' lang='lat' dir='ltr'>argumentatio</span> <span class='ocrx_word' id='word_1_1013' title='bbox 1738 3394 1911 3419; x_wconf 86' lang='lat' dir='ltr'>claudebatur.</span> 
     </span>
    </p>

    <p class='ocr_par' dir='ltr' id='par_1_31' title="bbox 1411 3429 2420 3463">
     <span class='ocr_line' id='line_1_132' title="bbox 1411 3429 2420 3463; baseline 0 -7"><span class='ocrx_word' id='word_1_1014' title='bbox 1411 3431 1429 3463; x_wconf 88' lang='grc' dir='ltr'>ι)</span> <span class='ocrx_word' id='word_1_1015' title='bbox 1444 3432 1486 3456; x_wconf 78' lang='lat' dir='ltr'>vel</span> <span class='ocrx_word' id='word_1_1016' title='bbox 1492 3434 1607 3462; x_wconf 78' lang='lat' dir='ltr'>propter</span> <span class='ocrx_word' id='word_1_1017' title='bbox 1655 3430 1741 3455; x_wconf 75' lang='lat' dir='ltr'>ualde.</span> <span class='ocrx_word' id='word_1_1018' title='bbox 1754 3443 1773 3449; x_wconf 88' lang='lat'>-</span> <span class='ocrx_word' id='word_1_1019' title='bbox 1785 3430 1826 3455; x_wconf 77' lang='lat' dir='ltr'>vel</span> <span class='ocrx_word' id='word_1_1020' title='bbox 1835 3433 1949 3462; x_wconf 84' lang='lat' dir='ltr'>propter</span> <span class='ocrx_word' id='word_1_1021' title='bbox 1962 3429 2127 3459; x_wconf 76' lang='lat' dir='ltr'>distantiam,</span> <span class='ocrx_word' id='word_1_1022' title='bbox 2143 3430 2252 3455; x_wconf 76' lang='lat' dir='ltr'>videtur</span> <span class='ocrx_word' id='word_1_1023' title='bbox 2263 3431 2332 3456; x_wconf 84' lang='lat' dir='ltr'>enim</span> <span class='ocrx_word' id='word_1_1024' title='bbox 2343 3432 2420 3456; x_wconf 84' lang='lat' dir='ltr'>valde</span> 
     </span>
    </p>
   </div>
   <div class='ocr_carea' id='block_1_23' title="bbox 1357 3465 2441 3498">
    <p class='ocr_par' dir='ltr' id='par_1_32' title="bbox 1357 3465 2441 3498">
     <span class='ocr_line' id='line_1_133' title="bbox 1357 3465 2441 3498; baseline -0.001 -6"><span class='ocrx_word' id='word_1_1025' title='bbox 1357 3468 1437 3492; x_wconf 86' lang='lat' dir='ltr'>etiam</span> <span class='ocrx_word' id='word_1_1026' title='bbox 1449 3466 1495 3491; x_wconf 86' lang='lat' dir='ltr'>Pa.</span> <span class='ocrx_word' id='word_1_1027' title='bbox 1505 3466 1593 3490; x_wconf 80' lang='lat' dir='ltr'>Lectio</span> <span class='ocrx_word' id='word_1_1028' title='bbox 1603 3466 1723 3498; x_wconf 78' lang='lat' dir='ltr'>adoptata</span> <span class='ocrx_word' id='word_1_1029' title='bbox 1733 3472 1763 3490; x_wconf 83' lang='lat' dir='ltr'>ex</span> <span class='ocrx_word' id='word_1_1030' title='bbox 1773 3465 1848 3490; x_wconf 88' lang='lat' dir='ltr'>codd.</span> <span class='ocrx_word' id='word_1_1031' title='bbox 1855 3466 1917 3490; x_wconf 86' lang='lat' dir='ltr'>satis</span> <span class='ocrx_word' id='word_1_1032' title='bbox 1927 3466 2063 3498; x_wconf 81' lang='lat' dir='ltr'>perspicue</span> <span class='ocrx_word' id='word_1_1033' title='bbox 2072 3465 2174 3490; x_wconf 85' lang='lat' dir='ltr'>exhibet</span> <span class='ocrx_word' id='word_1_1034' title='bbox 2184 3473 2290 3491; x_wconf 81' lang='lat' dir='ltr'>sensum</span> <span class='ocrx_word' id='word_1_1035' title='bbox 2300 3474 2315 3491; x_wconf 78' lang='lat' dir='ltr'>a</span> <span class='ocrx_word' id='word_1_1036' title='bbox 2324 3466 2421 3491; x_wconf 83' lang='lat' dir='ltr'>s.Tho-</span> <span class='ocrx_word' id='word_1_1037' title='bbox 2437 3490 2441 3494; x_wconf 83' lang='grc'><em>,</em></span> 
     </span>
    </p>
   </div>
   <div class='ocr_carea' id='block_1_24' title="bbox 1357 3500 2420 3640">
    <p class='ocr_par' dir='ltr' id='par_1_33' title="bbox 1357 3500 2420 3640">
     <span class='ocr_line' id='line_1_134' title="bbox 1357 3500 2420 3534; baseline 0 -8"><span class='ocrx_word' id='word_1_1038' title='bbox 1357 3509 1400 3526; x_wconf 87' lang='lat' dir='ltr'>tna</span> <span class='ocrx_word' id='word_1_1039' title='bbox 1412 3501 1461 3526; x_wconf 89' lang='lat' dir='ltr'>hoc</span> <span class='ocrx_word' id='word_1_1040' title='bbox 1475 3502 1533 3525; x_wconf 91' lang='lat' dir='ltr'>loco</span> <span class='ocrx_word' id='word_1_1041' title='bbox 1548 3501 1683 3525; x_wconf 89' lang='lat' dir='ltr'>intentum.</span> <span class='ocrx_word' id='word_1_1042' title='bbox 1693 3500 1761 3526; x_wconf 88' lang='lat' dir='ltr'>Cum</span> <span class='ocrx_word' id='word_1_1043' title='bbox 1772 3501 1840 3525; x_wconf 87' lang='lat' dir='ltr'>enim</span> <span class='ocrx_word' id='word_1_1044' title='bbox 1854 3501 1887 3526; x_wconf 88' lang='lat' dir='ltr'>sit</span> <span class='ocrx_word' id='word_1_1045' title='bbox 1901 3500 2064 3526; x_wconf 80' lang='lat' dir='ltr'>manifestum</span> <span class='ocrx_word' id='word_1_1046' title='bbox 2076 3501 2147 3534; x_wconf 89' lang='lat' dir='ltr'>quod</span> <span class='ocrx_word' id='word_1_1047' title='bbox 2157 3502 2320 3533; x_wconf 76' lang='lat' dir='ltr'>repercussio</span> <span class='ocrx_word' id='word_1_1048' title='bbox 2334 3502 2360 3526; x_wconf 89' lang='lat' dir='ltr'>in</span> <span class='ocrx_word' id='word_1_1049' title='bbox 2371 3501 2420 3526; x_wconf 88' lang='lat' dir='ltr'>boc</span> 
     </span>
     <span class='ocr_line' id='line_1_135' title="bbox 1358 3535 2420 3569; baseline 0.001 -8"><span class='ocrx_word' id='word_1_1050' title='bbox 1358 3544 1419 3562; x_wconf 85' lang='lat' dir='ltr'>casu</span> <span class='ocrx_word' id='word_1_1051' title='bbox 1433 3536 1523 3569; x_wconf 89' lang='lat' dir='ltr'>nequit</span> <span class='ocrx_word' id='word_1_1052' title='bbox 1540 3535 1594 3560; x_wconf 86' lang='lat' dir='ltr'>fieri</span> <span class='ocrx_word' id='word_1_1053' title='bbox 1610 3536 1757 3561; x_wconf 85' lang='lat' dir='ltr'>immediate</span> <span class='ocrx_word' id='word_1_1054' title='bbox 1775 3536 1806 3560; x_wconf 84' lang='lat' dir='ltr'>ad</span> <span class='ocrx_word' id='word_1_1055' title='bbox 1826 3536 1918 3566; x_wconf 86' lang='lat' dir='ltr'>solem,</span> <span class='ocrx_word' id='word_1_1056' title='bbox 1933 3536 2107 3560; x_wconf 78' lang='lat' dir='ltr'>necessarium</span> <span class='ocrx_word' id='word_1_1057' title='bbox 2126 3541 2165 3561; x_wconf 82' lang='lat' dir='ltr'>est</span> <span class='ocrx_word' id='word_1_1058' title='bbox 2183 3544 2330 3569; x_wconf 82' lang='lat' dir='ltr'>supponere</span> <span class='ocrx_word' id='word_1_1059' title='bbox 2349 3538 2420 3569; x_wconf 85' lang='lat' dir='ltr'>quod</span> 
     </span>
     <span class='ocr_line' id='line_1_136' title="bbox 1357 3571 2418 3604; baseline 0 -8"><span class='ocrx_word' id='word_1_1060' title='bbox 1357 3571 1411 3597; x_wconf 87' lang='lat' dir='ltr'>sint</span> <span class='ocrx_word' id='word_1_1061' title='bbox 1425 3571 1462 3596; x_wconf 75' lang='lat' dir='ltr'>ibi</span> <span class='ocrx_word' id='word_1_1062' title='bbox 1473 3571 1542 3596; x_wconf 87' lang='lat' dir='ltr'>duae</span> <span class='ocrx_word' id='word_1_1063' title='bbox 1556 3573 1774 3604; x_wconf 78' lang='lat' dir='ltr'>repercussiones,</span> <span class='ocrx_word' id='word_1_1064' title='bbox 1787 3579 1839 3595; x_wconf 79' lang='lat' dir='ltr'>una</span> <span class='ocrx_word' id='word_1_1065' title='bbox 1850 3571 1882 3595; x_wconf 82' lang='lat' dir='ltr'>ab</span> <span class='ocrx_word' id='word_1_1066' title='bbox 1893 3578 1959 3604; x_wconf 86' lang='lat' dir='ltr'>aqua</span> <span class='ocrx_word' id='word_1_1067' title='bbox 1973 3571 2005 3595; x_wconf 86' lang='lat' dir='ltr'>ad</span> <span class='ocrx_word' id='word_1_1068' title='bbox 2024 3571 2120 3600; x_wconf 81' lang='lat' dir='ltr'>stellas,</span> <span class='ocrx_word' id='word_1_1069' title='bbox 2135 3575 2160 3596; x_wconf 82' lang='lat' dir='ltr'>et</span> <span class='ocrx_word' id='word_1_1070' title='bbox 2173 3572 2252 3597; x_wconf 73' lang='lat' dir='ltr'>altera</span> <span class='ocrx_word' id='word_1_1071' title='bbox 2266 3579 2280 3596; x_wconf 86' lang='lat' dir='ltr'>a</span> <span class='ocrx_word' id='word_1_1072' title='bbox 2293 3573 2374 3597; x_wconf 79' lang='lat' dir='ltr'>stellis</span> <span class='ocrx_word' id='word_1_1073' title='bbox 2387 3572 2418 3596; x_wconf 79' lang='lat' dir='ltr'>ad</span> 
     </span>
     <span class='ocr_line' id='line_1_137' title="bbox 1358 3605 2418 3640; baseline 0.001 -9"><span class='ocrx_word' id='word_1_1074' title='bbox 1358 3607 1444 3640; x_wconf 86' lang='lat' dir='ltr'>ipsum</span> <span class='ocrx_word' id='word_1_1075' title='bbox 1459 3607 1555 3631; x_wconf 79' lang='lat' dir='ltr'>solem:</span> <span class='ocrx_word' id='word_1_1076' title='bbox 1569 3607 1615 3631; x_wconf 89' lang='lat' dir='ltr'>sed</span> <span class='ocrx_word' id='word_1_1077' title='bbox 1626 3607 1666 3631; x_wconf 78' lang='lat' dir='ltr'>vel</span> <span class='ocrx_word' id='word_1_1078' title='bbox 1675 3609 1790 3638; x_wconf 79' lang='lat' dir='ltr'>propter</span> <span class='ocrx_word' id='word_1_1079' title='bbox 1798 3605 1955 3632; x_wconf 84' lang='lat' dir='ltr'>distantiam</span> <span class='ocrx_word' id='word_1_1080' title='bbox 1969 3606 2076 3631; x_wconf 81' lang='lat' dir='ltr'>videtur</span> <span class='ocrx_word' id='word_1_1081' title='bbox 2087 3606 2164 3632; x_wconf 80' lang='lat' dir='ltr'>valde</span> <span class='ocrx_word' id='word_1_1082' title='bbox 2177 3607 2361 3633; x_wconf 77' lang='lat' dir='ltr'>inconveniens</span> <span class='ocrx_word' id='word_1_1083' title='bbox 2371 3613 2418 3632; x_wconf 85' lang='lat' dir='ltr'>etc.</span> 
     </span>
    </p>
   </div>
   <div class='ocr_carea' id='block_1_25' title="bbox 2478 359 2670 380">
    <p class='ocr_par' dir='ltr' id='par_1_34' title="bbox 2478 359 2670 380">
     <span class='ocr_line' id='line_1_138' title="bbox 2478 359 2670 380; baseline 0.016 -3"><span class='ocrx_word' id='word_1_1084' title='bbox 2478 359 2611 379; x_wconf 82' lang='lat' dir='ltr'>moveretur</span> <span class='ocrx_word' id='word_1_1085' title='bbox 2625 365 2654 380; x_wconf 77' lang='grc' dir='ltr'>ΑΒ</span> <span class='ocrx_word' id='word_1_1086' title='bbox 2662 375 2670 380; x_wconf 95' lang='grc'>.</span> 
     </span>
    </p>
   </div>
   <div class='ocr_carea' id='block_1_26' title="bbox 2476 1045 2633 1066">
    <p class='ocr_par' dir='ltr' id='par_1_35' title="bbox 2476 1045 2633 1066">
     <span class='ocr_line' id='line_1_139' title="bbox 2476 1045 2633 1066; baseline 0.013 -2"><span class='ocrx_word' id='word_1_1087' title='bbox 2476 1045 2581 1065; x_wconf 74' lang='lat' dir='ltr'>movetur</span> <span class='ocrx_word' id='word_1_1088' title='bbox 2594 1050 2633 1066; x_wconf 76' lang='grc' dir='ltr'>ΑΒ.</span> 
     </span>
    </p>
   </div>
   <div class='ocr_carea' id='block_1_27' title="bbox 2475 1365 2607 1381">
    <p class='ocr_par' dir='ltr' id='par_1_36' title="bbox 2475 1365 2607 1381">
     <span class='ocr_line' id='line_1_140' title="bbox 2475 1365 2607 1381; baseline 0.008 -1"><span class='ocrx_word' id='word_1_1089' title='bbox 2475 1365 2490 1380; x_wconf 76' lang='lat' dir='ltr'><em>a</em></span> <span class='ocrx_word' id='word_1_1090' title='bbox 2506 1365 2554 1381; x_wconf 78' lang='lat' dir='ltr'>om·</span> <span class='ocrx_word' id='word_1_1091' title='bbox 2568 1365 2607 1381; x_wconf 70' lang='lat' dir='ltr'>Pa.</span> 
     </span>
    </p>
   </div>
   <div class='ocr_carea' id='block_1_28' title="bbox 2452 1940 2657 1961">
    <p class='ocr_par' dir='ltr' id='par_1_37' title="bbox 2452 1940 2657 1961">
     <span class='ocr_line' id='line_1_141' title="bbox 2452 1940 2657 1961; baseline 0 -1"><span class='ocrx_word' id='word_1_1092' title='bbox 2452 1940 2461 1948; x_wconf 83' lang='lat'><strong>‘</strong></span> <span class='ocrx_word' id='word_1_1093' title='bbox 2475 1941 2551 1960; x_wconf 87' lang='lat' dir='ltr'>autem</span> <span class='ocrx_word' id='word_1_1094' title='bbox 2562 1944 2609 1960; x_wconf 91' lang='lat' dir='ltr'>om.</span> <span class='ocrx_word' id='word_1_1095' title='bbox 2618 1945 2657 1961; x_wconf 69' lang='lat' dir='ltr'>va.</span> 
     </span>
    </p>
   </div>
   <div class='ocr_carea' id='block_1_29' title="bbox 2474 2157 2630 2182">
    <p class='ocr_par' dir='ltr' id='par_1_38' title="bbox 2474 2157 2630 2182">
     <span class='ocr_line' id='line_1_142' title="bbox 2474 2157 2630 2182; baseline 0.006 -6"><span class='ocrx_word' id='word_1_1096' title='bbox 2474 2157 2596 2182; x_wconf 83' lang='lat' dir='ltr'>oporteret</span> <span class='ocrx_word' id='word_1_1097' title='bbox 2607 2162 2630 2177; x_wconf 79' lang='grc' dir='ltr'>Α.</span> 
     </span>
    </p>
   </div>
   <div class='ocr_carea' id='block_1_30' title="bbox 2448 2579 2642 2599">
    <p class='ocr_par' dir='ltr' id='par_1_39' title="bbox 2448 2579 2642 2599">
     <span class='ocr_line' id='line_1_143' title="bbox 2448 2579 2642 2599; baseline 0 0"><span class='ocrx_word' id='word_1_1098' title='bbox 2448 2579 2457 2587; x_wconf 80' lang='lat'>&#39;</span> <span class='ocrx_word' id='word_1_1099' title='bbox 2473 2579 2526 2599; x_wconf 67' lang='lat' dir='ltr'>lunc</span> <span class='ocrx_word' id='word_1_1100' title='bbox 2539 2583 2588 2599; x_wconf 78' lang='lat' dir='ltr'>om.</span> <span class='ocrx_word' id='word_1_1101' title='bbox 2602 2583 2642 2599; x_wconf 74' lang='lat' dir='ltr'>Pa.</span> 
     </span>
    </p>
   </div>
   <div class='ocr_carea' id='block_1_31' title="bbox 2552 2632 2560 2647">
    <p class='ocr_par' dir='ltr' id='par_1_40' title="bbox 2552 2632 2560 2647">
     <span class='ocr_line' id='line_1_144' title="bbox 2552 2632 2560 2647; baseline 0 0"><span class='ocrx_word' id='word_1_1102' title='bbox 2552 2632 2560 2647; x_wconf 83' lang='lat' dir='ltr'>t</span> 
     </span>
    </p>
   </div>
   <div class='ocr_carea' id='block_1_32' title="bbox 2449 2737 2547 2758">
    <p class='ocr_par' dir='ltr' id='par_1_41' title="bbox 2449 2737 2547 2758">
     <span class='ocr_line' id='line_1_145' title="bbox 2449 2737 2547 2758; baseline 0 0"><span class='ocrx_word' id='word_1_1103' title='bbox 2449 2738 2457 2746; x_wconf 72' lang='lat'>⁸</span> <span class='ocrx_word' id='word_1_1104' title='bbox 2471 2737 2495 2758; x_wconf 88' lang='lat' dir='ltr'>in</span> <span class='ocrx_word' id='word_1_1105' title='bbox 2509 2742 2547 2758; x_wconf 75' lang='lat' dir='ltr'>ra.</span> 
     </span>
    </p>
   </div>
   <div class='ocr_carea' id='block_1_33' title="bbox 2447 3052 2643 3074">
    <p class='ocr_par' dir='ltr' id='par_1_42' title="bbox 2447 3052 2643 3074">
     <span class='ocr_line' id='line_1_146' title="bbox 2447 3052 2643 3074; baseline 0.005 -1"><span class='ocrx_word' id='word_1_1106' title='bbox 2447 3052 2457 3063; x_wconf 79' lang='lat'>⁸</span> <span class='ocrx_word' id='word_1_1107' title='bbox 2471 3054 2541 3074; x_wconf 70' lang='lat' dir='ltr'>etiam</span> <span class='ocrx_word' id='word_1_1108' title='bbox 2556 3052 2610 3074; x_wconf 78' lang='lat' dir='ltr'>add.</span> <span class='ocrx_word' id='word_1_1109' title='bbox 2619 3059 2643 3074; x_wconf 75' lang='grc' dir='ltr'>Α.</span> 
     </span>
    </p>
   </div>
  </div>
 </body>
</html>
