2782 4134
380 418 391 437 ι.
440 382 499 434 (g)
527 397 812 447 &perpetuitate
846 394 936 432 caeli
970 401 1005 430 et
1033 391 1245 429 diversitate
1277 402 1362 437 par-

368 448 398 476 ·³⁴
428 423 558 518 Qssgj?
568 451 660 488 tium
682 449 777 495 eius,
806 448 866 485 hic
886 446 1108 484 determinat
1127 444 1173 480 de
1201 443 1322 490 figura
1344 442 1362 462 '¹‘

428 506 432 509 ’
516 490 557 534 ’“νῖ
568 503 682 552 ipsius
695 504 725 538 *.
739 503 787 538 Et
799 500 923 549 primo
939 497 1101 534 ostendit
1115 496 1263 532 caelum
1279 506 1361 531 esse

308 556 523 607 sphaericae
550 557 710 603 figurae;
745 552 910 590 secundo
940 549 1100 587 ostendit
1135 548 1238 596 quod
1266 548 1362 583 haec

307 612 426 658 figura
449 610 611 659 perfecte
638 608 676 644 in
703 607 784 655 ipso
815 604 951 651 existit,
980 603 1052 639 ibi:
1086 601 1195 643 Quod
1212 601 1359 648 quidem

308 665 423 714 igitur
439 662 651 711 sphaericus
668 661 687 681 *
702 664 755 695 est
768 665 834 695 etc.
854 657 962 693 Circa
975 655 1143 704 primum
1163 654 1240 691 duo
1257 652 1358 690 facit:

306 717 430 766 primo
463 714 623 752 ostendit
659 712 803 749 caelum
832 721 912 745 esse
947 707 1165 756 sphaericae
1199 706 1357 754 figurae,

308 768 510 807 rationibus
539 765 694 814 sumptis
715 776 758 800 ex
776 770 880 811 parte
910 761 1025 810 ipsius
1051 760 1159 805 caeli;
1190 759 1358 796 secundo

307 822 450 860 ratione
478 827 626 867 sumpta
655 830 698 854 ex
727 824 832 865 parte
869 814 1090 851 inferiorum
1130 824 1357 862 corporum,

307 875 374 913 ibi:
403 875 530 910 Sumet
554 877 676 908 autem
706 869 829 917 utique
856 868 937 916 quis
955 868 975 888 ’¹‘
995 873 1092 905 etc.⁰‘

360 927 467 964 Circa
490 925 652 974 primurn
673 922 748 959 duo
769 921 865 958 facit.
891 920 1019 957 Primo
1047 919 1226 969 proponit
1253 918 1358 967 quod

306 979 475 1018 intendit:
501 985 536 1014 et
564 975 649 1014 dicit
672 974 776 1024 quod
796 986 951 1010 necesse
972 981 1026 1010 est
1051 974 1196 1010 caelum
1216 972 1357 1008 habere

306 1032 535 1083 sphaericam
546 1030 717 1077 figuram,
729 1035 810 1064 tum
821 1026 908 1076 quia
918 1027 986 1064 ista
995 1027 1116 1074 figura
1126 1033 1182 1062 est
1191 1024 1356 1061 maxime

299 1085 470 1135 propria,
504 1083 598 1119 idest
626 1080 874 1127 conveniens,
905 1079 1052 1128 corpori
1081 1078 1247 1125 caelesti3
1275 1085 1356 1114 tum

306 1139 415 1176 etiam
427 1136 513 1185 quia
524 1142 578 1171 est
587 1134 710 1183 prima
720 1133 938 1181 figurarum,
949 1140 984 1169 et
993 1131 1225 1177 naturaliter,
1234 1131 1330 1168 sicut
1338 1132 1356 1152 '³‘

303 1191 508 1240 perfectum
524 1195 578 1224 est
591 1187 694 1236 prius
709 1186 943 1234 imperfecto,
957 1193 993 1222 et
1002 1185 1206 1222 substantia
1217 1185 1248 1231 *,
1262 1184 1358 1221 idest

303 1243 510 1282 secundum
531 1240 731 1287 rationem,
752 1239 846 1275 sicut
864 1251 984 1275 unum
1006 1246 1060 1276 est
1078 1238 1181 1287 prius
1201 1237 1337 1274 multis.

355 1294 529 1333 Secundo
558 1293 624 1330 ibi:
645 1293 827 1330 Dicamus
850 1298 975 1329 autem
996 1291 1254 1328 universaliter
1274 1298 1355 1338 etc.,

300 1350 434 1399 probat
450 1346 696 1396 propositum.
719 1346 767 1382 Et
780 1345 905 1393 primo
927 1344 1090 1381 ostendit
1110 1345 1259 1381 caelum
1275 1356 1357 1380 esse

301 1401 514 1452 sphaericae
533 1400 695 1447 figurae,
717 1411 762 1435 ex
780 1399 855 1435 hoc
883 1398 988 1446 quod
1005 1399 1023 1419 ²⁸
1038 1399 1134 1434 haec
1161 1397 1283 1445 figura
1304 1404 1358 1433 est

299 1455 418 1504 prima
445 1454 666 1501 figurarum
696 1452 863 1488 secundo
893 1463 936 1487 ex
966 1452 1042 1488 hoc
1069 1450 1172 1500 quod
1193 1458 1249 1487 est
1268 1463 1357 1487 con—

298 1506 576 1546 venientissima
605 1505 729 1552 caelo,
759 1504 830 1541 ibi:
859 1505 993 1541 Adhuc
1020 1510 1144 1541 autem
1178 1504 1357 1553 quoniam

297 1562 440 1599 videtur
469 1561 487 1581 '²⁴
517 1567 584 1596 ete.
620 1558 729 1595 Circa
764 1557 932 1607 primum
967 1557 1044 1595 duo
1082 1557 1192 1594 facit:
1231 1557 1357 1606 primo

299 1614 457 1652 ostendit
483 1612 587 1661 quod
615 1623 836 1660 supremum
870 1611 1017 1648 eaelum
1053 1618 1108 1647 est
1139 1610 1357 1659 sphaericae

297 1669 455 1716 figurae3
483 1665 649 1703 secundo
679 1663 842 1701 ostendit
869 1664 975 1713 quod
1003 1664 1117 1701 etiam
1146 1663 1218 1701 alia
1238 1665 1357 1701 caele-

299 1721 366 1758 stia
394 1731 551 1768 corpora
570 1717 743 1755 inferiora
763 1725 848 1754 sunt
868 1717 1087 1766 sphaericae
1105 1717 1262 1765 figurae,
1284 1717 1354 1754 ibi:

297 1775 347 1811 Et
372 1773 583 1810 continuum
613 1771 728 1821 igitur
755 1770 810 1807 illi
827 1772 846 1792 ‘¹²
868 1778 936 1807 etc.

351 1838 385 1863 2.
416 1826 523 1863 Circa
550 1824 716 1874 primum
735 1823 842 1873 ponit
860 1824 974 1860 talem
1003 1823 1200 1861 rationem.
1227 1823 1356 1861 Prima

297 1880 417 1928 figura
444 1878 600 1916 debetur
627 1877 776 1926 corpori
805 1877 948 1926 prim03
985 1877 1053 1914 sed
1086 1877 1183 1914 inter
1215 1877 1356 1925 figuras

299 1932 510 1981 corporales
538 1930 731 1980 sphaerica
757 1930 880 1978 figura
907 1938 963 1967 est
989 1930 1131 1979 prima;
1161 1942 1251 1978 ergo
1273 1943 1356 1967 cae—

297 1987 387 2032 lum,
416 1984 518 2033 quod
543 1991 597 2021 est
616 1995 752 2032 corpus
779 1984 960 2032 primum,
990 1991 1046 2021 est
1074 1984 1294 2033 sphaericae
1313 1984 1356 2021 fi-

298 2051 421 2087 gurae.
438 2059 461 2066 -
478 2037 597 2074 Huius
616 2044 741 2074 autern
761 2036 915 2074 rationis
933 2036 1059 2086 primo
1077 2037 1215 2086 probat
1234 2037 1356 2074 mino-

298 2104 397 2137 rem;
419 2090 595 2138 secundo,
615 2089 736 2139 posita
755 2090 902 2137 maiori,
924 2090 1034 2127 infert
1058 2090 1354 2138 conclusionem,

298 2144 369 2181 ibi:
403 2144 585 2186 Quoniam
617 2149 740 2180 autem
768 2143 898 2191 prima
927 2143 1076 2192 quidem
1095 2144 1115 2164 ³*
1145 2151 1213 2181 etc.
1245 2144 1356 2182 Circa

298 2197 463 2246 primum
491 2197 566 2234 duo
595 2196 698 2233 facit:
727 2196 853 2245 primo
872 2197 1009 2245 probat
1036 2197 1199 2244 figuram
1220 2198 1355 2246 sphae-

298 2250 412 2287 ricam
442 2262 521 2286 esse
554 2249 717 2299 primam
747 2249 1001 2298 corporalium
1029 2250 1258 2298 figurarum,
1287 2263 1356 2300 per

298 2302 478 2350 rationes;
517 2302 683 2340 secundo
719 2315 788 2352 per
825 2302 1023 2351 opiniones
1061 2303 1243 2351 aliorum,
1281 2303 1354 2341 ibi:

297 2356 429 2393 Adhuc
455 2361 577 2393 autem
602 2355 800 2392 dividentes
821 2356 839 2377 *
861 2363 930 2393 etc.

352 2408 460 2446 Circa
477 2408 641 2458 primum
662 2409 739 2446 duo
768 2408 863 2446 facit.
894 2408 1024 2446 Primo
1049 2409 1229 2458 proponit
1249 2410 1355 2458 quod

298 2461 469 2499 intendit:
490 2469 526 2498 et
545 2461 630 2499 dicit
647 2461 752 2511 quod
776 2461 1038 2499 universaliter
1066 2470 1121 2500 est
1149 2462 1353 2500 dicendum

300 2514 345 2551 de
382 2514 509 2562 figuris
537 2527 635 2563 quae
664 2515 708 2552 sit
735 2514 855 2564 prima
883 2527 1028 2563 earum,
1058 2522 1135 2552 tarn
1163 2515 1201 2552 in
1226 2516 1354 2563 figuris

294 2567 428 2615 planis,
458 2567 552 2604 idest
579 2567 615 2604 in
638 2568 657 2588 *
676 2568 990 2616 superficialibus,
1012 2580 1129 2618 quarn
1154 2569 1192 2606 in
1210 2569 1353 2616 solidis,

299 2619 394 2656 idest
420 2620 458 2657 in
482 2620 736 2668 corporalibus
757 2622 776 2642 *
794 2621 934 2669 figuris.
964 2621 1109 2659 Dicitur
1136 2629 1264 2659 autern
1294 2635 1354 2659 su-

299 2672 496 2720 perficialis
524 2673 658 2721 figura,
689 2686 763 2722 qua
789 2674 969 2722 figuratur
1001 2675 1242 2724 superficies;
1273 2688 1354 2713 cor-

162 2732 177 2765 β
300 2725 438 2774 poralis
465 2733 591 2762 autem
618 2727 755 2774 figura,
784 2739 859 2776 qua
887 2727 1068 2776 figuratur
1096 2740 1234 2777 corpus
1253 2727 1281 2766 β.

355 2779 388 2815 3.
420 2779 596 2816 Secundo
624 2779 695 2816 ibi:
720 2780 848 2817 Omnis
867 2780 990 2829 itaque
1009 2789 1091 2829 etc.,
1112 2782 1249 2831 probat
1266 2794 1354 2830 pro-

299 2830 484 2879 positum:
515 2839 550 2868 et
567 2832 688 2880 primo
709 2841 892 2882 quantum
912 2835 959 2871 ad
979 2835 1117 2882 figuras
1138 2835 1354 2883 superficia-

299 2884 370 2930 les;
391 2884 556 2921 secundo
578 2893 759 2933 quantum
779 2886 828 2923 ad
848 2888 1074 2935 corporales,
1090 2887 1158 2924 ibi:
1179 2889 1356 2925 Similiter

300 2942 422 2973 autem
441 2942 477 2973 et
491 2938 650 2986 sphaera
664 2939 684 2959 *
702 2946 770 2975 etc.
783 2960 807 2966 -
824 2939 933 2976 Circa
951 2940 1116 2989 primum
1134 2941 1242 2990 ponit
1261 2941 1355 2979 duas

162 3004 178 3030 γ
301 2989 476 3026 rationes:
506 3003 666 3038 quarum
694 2991 817 3040 prima
843 2992 926 3029 talis
945 3000 1001 3030 est
1019 2999 1045 3030 ⁷.
1073 2994 1210 3031 Omnis
1234 2995 1356 3042 figura

294 3041 423 3089 plana,
452 3042 547 3080 idest
574 3044 828 3092 superficialis,
858 3053 922 3082 aut
950 3053 1006 3083 est
1034 3046 1241 3095 rectilinea,
1263 3047 1356 3085 sicut

301 3094 502 3142 triangulus
531 3103 565 3132 et
592 3097 829 3145 quadratum,
855 3106 920 3135 aut
949 3106 1004 3135 est
1032 3099 1230 3147 circularis,
1261 3100 1356 3138 sicut

301 3146 380 3194 ipse
408 3147 574 3185 circulus.
605 3149 741 3187 Omnis
765 3158 893 3188 autem
919 3151 1107 3189 rectilinea
1125 3153 1247 3200 figura
1267 3165 1355 3191 con-

302 3198 437 3236 tinetur
464 3213 486 3237 a
512 3201 680 3249 pluribus
705 3203 810 3240 lineis
836 3211 872 3240 et
890 3216 970 3241 non
990 3205 1037 3242 ab
1057 3217 1134 3242 una
1153 3206 1233 3243 sola
1257 3209 1356 3253 (una

72 460 81 469 ·
96 458 187 486 figuris
201 463 234 478 ΡΛ.

72 513 80 521 ·
97 510 131 532 cf.
146 511 197 531 leet.
207 515 221 536 ι,
233 514 280 530 n.1.

71 679 79 687 ·
90 677 153 698 Lect.
164 682 212 704 seq.
223 682 245 697 n.
255 676 277 697 8.

70 887 78 895 ·
94 885 153 906 Ibid.
166 890 189 905 n.
200 890 220 911 5.

71 1154 79 1162 ·
94 1152 149 1180 quia
164 1158 186 1172 P.

69 1211 78 1219 ·
93 1209 192 1229 subiecto
203 1214 215 1228 p
230 1206 276 1231 <liic

68 1239 89 1256 et
103 1235 125 1256 in
140 1234 260 1259 versione).

69 1419 77 1427 ·
94 1417 147 1445 quia
162 1423 182 1438 Ρ.

66 1523 75 1532 '¹
90 1521 153 1543 Lect.
167 1527 215 1548 seq.

65 1784 76 1795 ⁴
90 1784 160 1806 Num.
175 1790 197 1812 9.

66 2159 74 2167 ·
90 2157 159 2179 Num.
174 2157 195 2180 8.

65 2365 73 2373 ·
90 2363 159 2386 Num.
174 2363 196 2386 6.

65 2579 74 2588 ⁶
89 2578 112 2599 in
127 2584 174 2600 om.
189 2584 210 2600 Ρ.

66 2632 74 2641 ·
89 2631 271 2658 superficialibus

64 2662 183 2685 ner-pomi.

68 2947 77 2956 ·
92 2946 161 2968 Num.
175 2952 195 2974 5.

358 3354 385 3387 α)
404 3355 515 3380 secundo
534 3357 648 3381 ostendit
665 3358 767 3389 quod...
782 3358 869 3391 utique
883 3360 941 3392 quis
955 3364 1031 3386 etc.—
1044 3362 1080 3386 Ita
1093 3362 1168 3393 AsG3
1188 3363 1206 3388 Ρ
1222 3369 1247 3388 et
1260 3369 1308 3389 cet.
1322 3364 1358 3389 le-

305 3394 367 3421 gunt
385 3390 496 3415 secundo
513 3391 628 3416 ostendit
645 3393 715 3424 quod
733 3393 796 3418 haec
806 3394 901 3426 figura
920 3397 1038 3429 perfecte
1056 3397 1082 3422 in
1103 3398 1159 3429 ipso
1177 3398 1285 3428 existit,
1305 3399 1341 3424 ibi
1351 3407 1359 3423 .·

306 3424 398 3449 Sumet
415 3427 502 3450 autem
522 3426 609 3458 utique
622 3427 679 3458 quis
693 3430 742 3452 etc.
755 3428 850 3454 Divisio
869 3434 951 3455 textus
970 3431 1034 3456 falsa
1048 3437 1101 3463 est;
1122 3441 1181 3458 nam
1196 3434 1222 3458 in
1236 3439 1306 3459 textu
1319 3434 1356 3459 in—

306 3459 413 3491 cipiente
433 3460 522 3484 Sume:
540 3464 635 3489 autem,
655 3462 804 3487 Aristoteles
824 3472 876 3489 non
894 3466 1005 3491 ostendit
1024 3468 1123 3492 caelum
1143 3476 1202 3494 esse
1220 3469 1356 3501 sphaeram

305 3493 458 3534 perfectam,
477 3494 508 3519 cf.
522 3495 579 3520 lect.
592 3503 647 3528 seq.
662 3504 760 3522 numm.
775 3497 787 3523 5
804 3504 828 3524 et
840 3497 869 3530 8;
885 3501 930 3525 sed
946 3501 1005 3527 talia
1019 3503 1112 3528 menda
1124 3504 1277 3536 scriptorum
1292 3504 1357 3530 inter

305 3528 447 3561 frequentia
464 3535 643 3560 numerantur,
668 3531 784 3557 aberrare
802 3541 895 3566 nempe
914 3535 944 3559 ab
963 3544 1015 3560 uno
1035 3542 1104 3562 textu
1123 3538 1198 3563 citato
1218 3539 1249 3563 ud
1268 3539 1356 3565 alium.

361 3562 385 3596 β)
406 3563 512 3588 Dicitur
530 3567 616 3590 autem
626 3566 795 3598 ...figuratur
809 3575 911 3600 corpus.
925 3583 943 3588 —
958 3571 1064 3597 Dicitur
1078 3576 1166 3598 autem
1185 3574 1356 3610 superficialis

298 3599 395 3631 figura
408 3599 493 3631 plana
506 3599 534 3628 Ρ,
553 3600 701 3632 corrigendo
720 3602 853 3628 lectionem
873 3604 970 3630 dicitur
982 3609 1069 3632 autem
1082 3608 1253 3642 superficialis
1260 3609 1356 3642 figura

996 263 1066 299 DE
1097 260 1270 297 CAELO
1298 257 1369 295 ET
1398 255 1593 293 MUNDO
1623 256 1718 292 LIB.
1750 256 1781 291 II

507 362 521 375 υ
548 353 556 366 “
569 353 743 394 ostquam
762 343 1014 390 Philosophus
1035 338 1295 378 determinavit
1315 337 1362 374 de
1418 334 1518 371 enim
1548 334 1628 371 sola
1652 334 1751 371 linea
1771 342 1872 371 recta
1892 347 1970 371 non
1990 334 2191 383 porrigitur
2210 334 2281 371 nisi
2301 335 2349 372 ad
2369 347 2487 372 unam

1416 394 1584 435 partem,
1617 387 1663 424 de
1693 387 1839 424 ratione
1872 395 2001 424 autem
2034 387 2179 435 figurae
2219 395 2274 424 est
2307 388 2415 436 quod
2443 388 2489 425 sit

1415 439 1615 477 terminata
1653 453 1699 477 ex
1734 441 1841 478 omni
1868 443 2021 490 parte):
2051 440 2119 477 sed
2148 440 2338 477 circularis
2366 441 2489 489 figura

1417 493 1754 541 comprehenditur
1773 494 1821 531 ab
1841 506 1918 531 una
1947 494 2028 530 sola
2056 494 2167 542 linea,
2199 505 2297 542 quae
2316 494 2487 542 undique

1414 545 1630 594 porrigitur.
1662 548 1704 583 In
1723 559 1960 596 unoquoque
1980 554 2109 584 autem
2129 559 2268 595 genere
2287 559 2410 583 unum
2431 554 2487 584 est

1413 598 1518 647 prius
1546 599 1798 648 multitudine,
1830 608 1866 637 et
1893 600 2053 649 simplex
2082 608 2138 637 est
2165 599 2270 649 prius
2296 599 2488 649 composi·

1414 651 1460 688 tis
1490 653 1521 688 Ψ.
1561 652 1673 690 Unde
1702 652 1924 701 relinquitur
1957 653 2063 702 quod
2096 653 2193 690 inter
2230 652 2487 702 superficiales

1414 705 1556 752 figuras
1585 705 1775 743 circularis
1804 714 1860 743 est
1887 706 2023 755 prima.

1467 770 1504 805 4.
1523 759 1743 796 Secundam
1760 759 1947 796 rationem
1962 759 2070 808 ponit
2084 759 2152 796 ibi:
2164 759 2299 796 Adhuc
2313 765 2439 796 autem
2454 760 2489 796 si

1414 811 1563 859 quidem
1579 819 1648 848 etc.
1666 812 1883 849 Perfectum
1902 812 2037 850 dicitur
2056 825 2139 850 esse
2154 812 2246 850 illud
2262 820 2364 850 extra
2380 812 2485 862 quod

1413 863 1505 901 nihil
1521 872 1575 901 est
1590 864 1763 914 accipere
1782 877 1918 902 eorum
1933 878 2032 915 quae
2050 873 2213 914 possunt
2231 865 2333 915 ipsi*
2344 878 2485 903 conve-

1412 916 1513 963 nire,
1544 917 1640 954 sicut
1666 918 1787 954 homo
1817 918 1953 955 dicitur
1981 931 2063 956 esse
2091 919 2282 968 perfectus
2311 919 2370 957 cui
2406 931 2486 956 non

1414 969 1519 1006 deest
1547 970 1690 1018 aliquid
1711 983 1845 1008 eorum
1865 983 1964 1019 quae
1985 972 2034 1009 ad
2053 971 2253 1010 hominem
2273 972 2483 1022 pertinent:

1413 1030 1448 1059 et
1467 1023 1542 1060 hoc
1557 1023 1854 1060 determinatum
1875 1032 1930 1061 est
1947 1024 2064 1074 prius,
2079 1033 2159 1062 tam
2180 1025 2219 1062 in
2238 1026 2289 1062 111
2309 1026 2485 1075 Physic.*

1413 1088 1528 1124 quam
1557 1076 1597 1112 in
1623 1075 1811 1125 principio
1839 1077 1953 1114 huius
1981 1077 2066 1115 libri
2084 1078 2116 1115 ³¹.
2138 1078 2326 1116 Videmus
2354 1087 2484 1116 autem

1411 1129 1518 1177 quod
1546 1136 1669 1166 rectae
1698 1129 1820 1166 lineae
1849 1142 2003 1179 semper
2030 1138 2156 1180 potest
2183 1131 2267 1168 fieri
2295 1132 2484 1182 appositio

1412 1189 1598 1229 quantum
1619 1190 1675 1219 est
1695 1194 1740 1219 ex
1759 1190 1895 1219 natura
1922 1183 2041 1232 ipsius
2059 1184 2198 1231 lineae,
2218 1184 2304 1222 licet
2322 1185 2419 1222 forte
2439 1197 2486 1223 ex

1411 1235 1536 1284 aliqua
1555 1235 1627 1272 alia
1647 1235 1667 1256 ²¹²
1688 1247 1802 1272 causa
1828 1247 1907 1272 non
1926 1244 2057 1284 posset
2084 1236 2118 1273 ei
2138 1237 2279 1285 aliquid
2298 1237 2400 1276 aliud
2419 1251 2485 1288 ap-

1410 1288 1515 1337 poni,
1537 1289 1634 1325 sicut
1662 1288 1848 1326 diametro
1877 1289 1992 1326 totius
2016 1290 2162 1327 mundi.
2192 1290 2242 1327 Et
2260 1290 2336 1327 hoc
2363 1291 2486 1329 mani-

1412 1341 1550 1378 festum
1580 1349 1636 1379 est
1663 1341 1695 1378 si
1723 1342 1823 1379 linea
1856 1349 1958 1380 recta
1990 1342 2037 1380 sit
2069 1343 2194 1380 finita:
2223 1343 2328 1381 unde
2357 1343 2485 1382 omnis

1411 1394 1509 1431 linea
1529 1403 1630 1432 recta
1649 1395 1756 1433 finita
1777 1402 1832 1433 est
1850 1395 2085 1444 imperfecta.
2115 1397 2174 1433 De
2193 1395 2340 1434 infinita
2355 1404 2485 1436 autem

1412 1447 1656 1485 manifestum
1687 1454 1743 1486 est
1770 1449 1877 1498 quod
1905 1448 1952 1486 sit
1979 1449 2221 1499 imperfecta:
2251 1457 2354 1487 caret
2381 1450 2486 1488 enim

1412 1501 1502 1549 fine,
1523 1513 1641 1551 quern
1661 1509 1751 1539 nata
1769 1509 1825 1539 est
1843 1503 1999 1540 habere.
2021 1502 2165 1540 Lineae
2185 1514 2281 1540 vero
2311 1503 2484 1542 circuffiri

1413 1567 1492 1591 non
1519 1562 1645 1604 potest
1681 1555 1764 1592 fieri
1793 1555 1955 1604 additio,
1984 1555 2075 1606 quia
2102 1556 2190 1594 finis
2218 1556 2300 1594 eius
2329 1557 2486 1596 coniun-

1412 1608 1509 1656 gitur
1535 1608 1751 1658 principio:
1765 1609 1867 1646 unde
1896 1609 2142 1647 manifestum
2167 1617 2224 1647 est
2251 1610 2359 1659 quod
2386 1610 2487 1650 linea

1413 1661 1611 1699 continens
1631 1662 1815 1700 circulum
1836 1669 1892 1699 est
1917 1662 2097 1711 perfecta.
2119 1663 2336 1701 Perfectum
2356 1671 2486 1702 autem

1413 1722 1469 1752 est
1486 1714 1591 1764 prius
1610 1715 1851 1764 imperfecto:
1872 1715 2091 1765 simpliciter
2118 1716 2275 1765 quidem
2294 1723 2431 1755 natura
2449 1723 2487 1755 e't

1411 1775 1604 1818 tempore;
1626 1769 1665 1806 in
1683 1781 1761 1806 uno
1782 1776 1912 1806 autem
1934 1776 1971 1806 et
1989 1769 2130 1807 eodem
2148 1769 2361 1819 perfectum
2379 1769 2485 1820 prius

1413 1829 1467 1858 est
1495 1830 1650 1870 natura,
1678 1822 1746 1860 sed
1775 1821 2042 1872 imperfectum
2072 1830 2128 1860 est
2154 1822 2260 1872 prius
2287 1829 2484 1874 tempore,

1411 1874 1506 1912 sicut
1534 1875 1668 1925 aliquis
1688 1876 1809 1913 homo
1837 1875 1942 1926 prius
1962 1882 2138 1926 ternpore
2166 1883 2223 1914 est
2240 1888 2338 1926 puer
2365 1888 2485 1926 quam

1410 1928 1469 1965 vir
1495 1929 1707 1978 perfectus;
1737 1936 1868 1966 tamen
1895 1929 1955 1967 vir
1981 1929 2172 1978 perfectus
2200 1937 2257 1968 est
2284 1929 2389 1980 prius
2417 1942 2483 1968 na-

1410 1989 1504 2029 tura,
1527 1982 1615 2031 quia
1642 1983 1719 2019 hoc
1747 1990 1803 2020 est
1839 1982 1945 2031 quod
1973 1990 2108 2020 natura
2135 1982 2312 2030 intendit;
2341 1983 2485 2034 simpli-

1411 2034 1503 2072 citer
1530 2043 1660 2072 autern
1689 2035 1803 2073 etiam
1831 2042 2008 2085 tempore
2030 2036 2243 2086 perfectum
2273 2044 2330 2074 est
2356 2036 2482 2087 prius,

1411 2100 1502 2126 nam
1525 2101 1623 2138 puer
1650 2089 1699 2126 ab
1729 2088 1855 2139 aliquo
1883 2089 1967 2127 viro
2002 2097 2214 2138 generatur.
2249 2089 2312 2127 Sic
2333 2090 2484 2139 *igitur

1410 2149 1514 2190 patet
1541 2142 1647 2191 quod
1675 2150 1831 2191 propter
1864 2143 1964 2180 hanc
1993 2143 2182 2180 rationem
2221 2142 2335 2181 etiam
2365 2143 2484 2182 circu-

1410 2195 1468 2232 lus
1497 2202 1553 2232 est
1579 2195 1705 2244 prima
1732 2195 2028 2244 superficialium
2056 2196 2279 2244 figurarum.

1468 2249 1501 2285 5.
1523 2248 1673 2286 Deinde
1698 2261 1787 2286 cum
1813 2248 1919 2287 dicit:
1946 2249 2126 2287 Similiter
2148 2255 2275 2287 autem
2294 2256 2330 2288 et
2350 2251 2483 2300 sphae-

1411 2313 1456 2338 ra
1477 2308 1559 2348 etc.,
1590 2301 1755 2339 ostendit
1783 2314 1882 2351 quae
1901 2301 1948 2340 sit
1965 2302 2091 2352 prima
2114 2302 2325 2352 figurarum
2346 2316 2484 2354 corpo·

1409 2354 1545 2392 ralium
1560 2356 1590 2391 *.
1613 2355 1662 2392 Et
1682 2355 1769 2392 dicit
1788 2355 1895 2404 quod
1914 2355 2084 2394 similiter
2101 2357 2265 2406 sphaera
2285 2363 2341 2394 est
2358 2357 2484 2407 prima

1410 2407 1507 2445 inter
1540 2408 1682 2457 figuras
1709 2409 1868 2455 solidas,
1900 2409 1998 2447 idest
2027 2421 2252 2460 corporeas:
2283 2409 2373 2460 quia
2400 2410 2484 2451 sola

1411 2461 1608 2510 sphaerica
1636 2461 1759 2510 figura
1787 2461 2001 2500 continetur
2021 2463 2041 2484 ¹*
2061 2475 2139 2501 una
2157 2462 2240 2500 sola
2265 2463 2480 2512 superficie,

1410 2527 1509 2563 quae
1536 2514 1709 2564 undique
1729 2515 1850 2552 ambit
1878 2527 2018 2565 corpus
2045 2515 2307 2565 sphaericum
2336 2517 2482 2565 figurae

1411 2576 1539 2605 autem
1569 2568 1782 2606 rectilineae
1811 2570 2029 2618 corporales
2049 2569 2290 2607 continentur
2308 2569 2481 2619 pluribus

1411 2621 1704 2671 superficiebus,
1734 2621 1831 2659 sicut
1858 2634 1998 2672 corpus
2026 2622 2204 2660 cubicum
2233 2635 2300 2661 sex
2321 2624 2482 2673 superfi-

1411 2675 1541 2712 ciebus
1568 2672 1597 2722 δ,
1630 2682 1666 2712 et
1696 2674 1866 2725 pyramis
1900 2675 2135 2724 triangularis
2169 2683 2352 2725 quatuor:
2387 2676 2483 2716 sicut

1411 2727 1514 2765 enim
1543 2740 1584 2766 se
1612 2729 1728 2766 habet
1762 2727 1922 2766 circulus
1955 2729 1994 2766 in
2022 2728 2318 2779 superficiebus,
2355 2729 2406 2768 ita
2440 2742 2481 2768 se

1408 2782 1524 2818 habet
1551 2782 1714 2831 sphaera
1737 2782 1777 2820 in
1803 2782 1942 2829 solidis,
1970 2782 2069 2820 idest
2094 2782 2134 2821 in
2162 2782 2399 2832 corporibus.

1465 2835 1501 2872 6.
1514 2835 1664 2873 Deinde
1675 2847 1764 2873 cum
1780 2835 1880 2873 dicit:
1891 2836 2028 2873 Adhuc
2040 2841 2166 2874 autem
2181 2836 2384 2873 dividentes
2394 2843 2478 2884 etc.,

1410 2888 1573 2925 ostendit
1590 2889 1832 2938 propositum
1852 2901 1921 2938 per
1939 2889 2142 2939 opiniones
2157 2888 2331 2926 aliorum.
2348 2889 2398 2926 Et
2410 2901 2480 2939 po-

1409 2940 1463 2978 nit
1483 2941 1578 2979 duas
1602 2941 1815 2991 opiniones.
1837 2943 2012 2990 Quarum
2030 2941 2156 2992 prima
2179 2949 2236 2979 est
2255 2953 2390 2979 eorum
2416 2942 2481 2993 qui

1410 2996 1604 3033 resolvunt
1619 3007 1781 3044 corpora
1793 2995 1831 3033 in
1846 2995 2080 3045 superficies,
2092 3003 2129 3033 et
2143 3008 2190 3033 ex
2204 2995 2481 3045 superficiebus

1410 3056 1591 3096 generant
1607 3050 1626 3070 ²⁸
1647 3060 1820 3098 corpora.
1843 3049 1944 3096 Quia
1972 3049 2094 3086 solam
2123 3048 2363 3099 sphaericam
2383 3049 2479 3099 figu-

1411 3113 1493 3138 ram
1522 3101 1617 3139 inter
1639 3102 1781 3150 figuras
1801 3101 1942 3140 solidas
1970 3114 2050 3140 non
2070 3102 2268 3140 resolvunt
2294 3101 2334 3139 in
2352 3102 2480 3152 plures

1411 3155 1644 3203 superficies,
1661 3167 1708 3192 eo
1724 3155 1829 3204 quod
1844 3155 2058 3193 continetur
2072 3167 2149 3193 una
2163 3156 2245 3193 sola
2259 3154 2478 3204 superficie:

1413 3207 1503 3245 alias
1517 3220 1612 3245 vero
1632 3209 1774 3257 figuras
1789 3209 1809 3231 *
1826 3209 2020 3246 resolvunt
2040 3209 2078 3247 in
2097 3210 2226 3259 plures
2245 3207 2477 3258 superficies,

1384 3364 1388 3404 Ι
1411 3372 1516 3397 corpus,
1537 3373 1615 3399 quum
1634 3367 1731 3393 habent
1749 3368 1851 3394 codices
1871 3368 1984 3401 exceptis
2002 3367 2107 3398 AaEGl,
2126 3367 2276 3393 omittentes
2295 3368 2383 3393 omnin
2401 3367 2479 3393 inter-

1412 3401 1572 3476 mess3.duas
1586 3438 1719 3464 raei'ones:
1731 3446 1846 3472 quarum
1863 3439 1957 3472 prima
1971 3438 2034 3464 talis
2047 3441 2094 3464 est.
2108 3451 2127 3479 7
2139 3437 2258 3479 rationes
2273 3437 2350 3468 duas,
2365 3445 2478 3472 quarum

1406 3478 1499 3539 ³⁶⁶3?
1508 3472 2418 3543 522520sitiit-2‚5322‘22223133255'3'502022531200.-
2428 3507 2479 3533 Pro

1406 3542 1532 3583 pyramis
1551 3543 1743 3584 triangularis,
1760 3545 1886 3579 pyramis
1905 3548 1931 3571 et
1949 3543 2090 3578 angularis
2109 3543 2141 3575 Ρ;
2161 3551 2209 3586 pro
2230 3544 2260 3585 in·
2277 3543 2478 3586 superficielsus,

1410 3577 1682 3648 gdpiiagzgcidgsotnin
1704 3580 1889 3614 superficiebus
1908 3581 1932 3612 13
1951 3588 2000 3613 pro
2018 3580 2045 3605 r'n
2064 3580 2229 3612 corporibus,
2250 3587 2277 3605 m
2295 3579 2479 3617 carpet-dibus

2516 663 2525 671 ⁶
2531 661 2701 689 compositione
2705 667 2729 684 Α.

2516 874 2591 902 ἐίι,
2605 874 2728 901 rationis.

2513 1035 2524 1045 ⁸
2544 1034 2577 1056 Cn
2596 1049 2602 1056 .
2617 1040 2654 1062 vr,
2675 1040 2700 1057 ιι.
2714 1035 2728 1057 8

2515 1067 2562 1089 sq.;
2586 1060 2727 1083 ·..·rh1ect.

2515 1093 2621 1141 Phinei}
2632 1114 2686 1136 ιω.
2696 1120 2726 1141 w,

2516 1147 2540 1162 n.
2551 1146 2576 1162 ιο
2589 1146 2625 1168 sq.

2512 1247 2525 1257 ¹·
2535 1246 2587 1268 allo
2601 1252 2650 1269 om.
2666 1253 2687 1269 r.

2511 2103 2522 2114 '
2531 2101 2599 2125 Stena
2605 2107 2726 2132 ιωιρνοι.
2770 2091 2775 2137 Γ

2510 2365 2712 2413 Low

2509 2469 2521 2481 ⁸
2535 2469 2560 2492 tn
2574 2469 2629 2493 add.
2642 2476 2677 2492 η.

2508 3063 2517 3072 ·
2535 3064 2686 3091 generamus·
2698 3068 2720 3085 r.

2506 3194 2520 3243 ζ
2523 3194 2662 3223 corporales
2666 3194 2721 3218 add.
