2782 4134
0 1264 10 1327 *ὟΑ
6 1271 20 1277 ⁸*
0 1190 8 1253 wax-
0 1109 5 1176 v--v-w-
0 1086 7 1100 z
0 1068 5 1076 v
0 1045 3 1056 -

1141 274 1252 310 CAP.
1283 274 1350 321 IV,
1381 273 1533 310 LECT.
1562 273 1598 310 V
2404 271 2474 316 139

1043 491 1346 547 LEcT10
1387 490 1704 568 QUINTA

497 654 678 687 CAELUM
702 653 802 685 ESSE
825 652 1016 683 FIGURAE
1040 652 1310 683 SPHAERICAE
1336 652 1617 684 OSTENDITUR
1641 653 1698 684 EX
1722 652 1780 684 Eo
1806 652 1929 691 QUOD
1954 651 2073 682 HAEC
2097 651 2259 698 FIGVURA

1118 709 1199 740 EST
1223 710 1358 740 PRIMA
1382 710 1406 739 F
1410 709 1639 740 IGURARUM

278 852 404 905 Σχῆμα
428 845 457 882 δ’
481 849 613 904 ἀνάγκη
631 843 848 903 ’σφαιροειδὲς
874 849 962 894 ἔχειν
989 847 1030 880 τὸ
1053 846 1213 890 οὐρανόν·
1241 848 1350 880 τοῦτο
1409 848 1424 864 *
1449 849 1600 890 Figuram
1628 857 1735 880 autem
1759 847 1954 890 sphaericam
1982 860 2108 881 necesse
2133 856 2179 881 est
2201 849 2315 880 habere
2340 849 2480 879 caelum:
2510 858 2517 866 ·

343 906 410 941 γαρ
435 895 656 926 οἱκειοτατον
684 905 722 925 τε
748 894 793 936 τῇ
820 893 919 933 οὐσίᾳ
942 894 1002 924 καὶ
1020 894 1065 935 τῇ
1086 891 1182 935 φύσει
1201 893 1348 925 πρῶτον.

276 941 433 983 Εῐπωμεν
449 935 488 971 δέ
503 937 652 971 καθόλου
670 940 745 981 περὶ
767 939 836 971 τῶν
859 936 1063 982 σχημάτων,
1090 937 1132 970 τὸ
1154 924 1251 969 ποῖύν
1279 938 1352 970 ἐστι

345 984 498 1026 πρῶτον,
523 986 582 1016 καὶ
609 984 642 1017 ἐν
669 978 844 1021 ἐπιπέδοις
868 984 927 1014 καὶ
954 982 987 1013 ἐν
1013 985 1173 1036 στερεοῖς.

269 1028 384 1062 ’Δπαν
409 1023 452 1065 δή
477 1029 599 1074 σχῆμα
625 1022 788 1060 ἐπίπεδον
815 1026 835 1064 ἦ
861 1025 1100 1072 εὐθύγραμμον
1128 1027 1220 1059 ἐστιν
1247 1025 1268 1063 ἦ
1295 1038 1354 1058 πε-

345 1073 626 1119 ριφερόγραμμον.
661 1073 728 1104 Καὶ
754 1072 795 1105 τὸ
820 1071 879 1116 μὲν
898 1070 1135 1117 εὐθύγραμμον
1155 1070 1221 1103 ὑπὸ
1240 1070 1354 1103 πλειό-

345 1129 408 1149 νων
439 1117 639 1163 περιέχεται
671 1131 692 1165 γ
715 1118 856 1161 αμμῶν,
894 1115 936 1148 τὸ
968 1111 1006 1147 δὲ
1039 1114 1352 1162 περιφερόγραμμον

346 1161 414 1194 ὑπὸ
438 1163 529 1207 μιᾶς.
567 1160 664 1194 Ἐπεὶ
714 1162 728 1194 ὲ
753 1160 919 1206 πρότερον
949 1161 995 1203 τῇ
1021 1159 1117 1204 φύσει
1150 1161 1183 1193 ἐν
1217 1159 1352 1201 ἑκάστῳ

288 1235 340 1245 f-»
377 1206 385 1216 ¹
434 1206 504 1240 ’τό
526 1207 560 1239 ἓν
587 1208 654 1239 τῶν
686 1208 820 1240 πολλῶν
852 1208 910 1238 καὶ
942 1205 983 1237 τὸ
1017 1206 1148 1238 ἁπλοῦν
1181 1205 1249 1238 τῶν
1279 1216 1354 1236 συν-

366 1250 475 1293 έτων,
503 1252 637 1296 πρῶτον
670 1251 710 1284 ἂν
735 1253 785 1289 εἴη
816 1251 884 1283 τῶν
917 1246 1089 1283 ἐπιπέδων
1121 1249 1310 1295 σχημάτων
1338 1249 1354 1280 ὁ

344 1296 479 1334 κύκλος.

270 1342 350 1375 Ἔτι
374 1336 413 1373 δὲ
437 1343 530 1386 εἴπερ
556 1339 688 1373 τέλειόν
715 1338 807 1372 ἐστιν
833 1338 872 1371 οὗ
897 1332 1003 1384 μηδὲν
1026 1337 1090 1378 ἔξω
1106 1338 1224 1379 λαβεῖν
1243 1337 1354 1369 αὐτοῦ

345 1381 515 1426 δυνατόν,
541 1384 652 1431 ὥσπερ
677 1384 820 1428 ὥρισται
846 1384 951 1427 πρότε
976 1394 1030 1423 ον,
1060 1385 1118 1414 καὶ
1145 1382 1190 1424 τῇ
1217 1381 1276 1423 μὲν
1302 1382 1357 1413 εὗ-

345 1429 421 1471 θείᾳ
447 1428 623 1474 πρόσθεσίς
658 1430 750 1462 ἐστιν
778 1429 850 1469 ἀεί,
877 1430 922 1471 τῇ
972 1427 986 1459 ἐ
1012 1428 1075 1460 τοῦ
1106 1426 1232 1458 κύκλου
1261 1422 1356 1458 οὐδέ-

347 1486 448 1515 ποτε,
467 1474 609 1519 φανερὸν
635 1472 690 1506 ὅτι
712 1472 842 1511 τέλειος
869 1471 909 1506 ἄν
933 1475 984 1510 εἴη
1010 1473 1032 1508 ἡ
1058 1470 1265 1516 περιέχουσα
1293 1471 1352 1503 τὸν

345 1518 488 1551 κύκλον·
514 1518 594 1551 ὥστ’
622 1518 651 1550 εἱ
676 1517 718 1550 τὸ
744 1517 875 1551 τέλειον
908 1516 1072 1562 πρότερον
1103 1518 1166 1550 τοῦ
1193 1515 1352 1557 ἀτελοῦς,

345 1565 405 1596 καὶ
429 1558 490 1596 διαὶ
520 1563 640 1596 ταῦτα
673 1561 837 1607 πρότερον
871 1560 911 1594 ἂν
943 1563 994 1599 εἴη
1027 1561 1094 1593 τῶν
1121 1562 1310 1606 σχημάτων
1338 1562 1354 1593 ὁ

345 1606 481 1646 κύκλος.

274 1651 450 1690 ’Ὡσαύτως
475 1646 514 1684 δὲ
537 1653 595 1683 καὶ
621 1651 642 1688 ἡ
669 1654 796 1695 σφαῖρα
821 1650 888 1683 τῶν
914 1662 974 1684 στε
998 1651 1078 1682 εῶν·
1105 1649 1189 1694 μόνη
1208 1649 1273 1696 γάρ
1296 1661 1355 1682 πε-

345 1694 501 1742 ριέχεται
526 1697 588 1740 μιᾷ
605 1693 802 1738 ἐπιφανείᾳ,
821 1694 870 1728 τοὶ
886 1690 915 1726 δ’
937 1662 1164 1741 εὐθύγραμμα
1182 1695 1351 1727 πλείοσιν·

346 1742 390 1779 ὥς
413 1741 479 1788 γὰρ
505 1739 576 1786 ἔχει
602 1741 619 1772 ὀ
642 1739 766 1778 κύκλος
797 1739 831 1772 ἐν
865 1743 938 1778 τοῖς
967 1735 1164 1780 ἐπιπέδοις,
1198 1738 1307 1777 οὕτως
1333 1740 1354 1776 ἡ

345 1799 366 1820 o·
393 1792 474 1830 αῖρα
499 1786 532 1818 ἐν
558 1788 630 1823 τοῖς
655 1788 798 1829 στεροῖς.

270 1835 351 1867 Ἔτι
368 1797 414 1866 δὲ
437 1833 495 1863 καὶ
523 1832 552 1862 οἰ
577 1824 788 1874 διαιροῦντες
813 1828 858 1866 εἰς
876 1823 1027 1860 ἐπίπεδα
1050 1829 1111 1860 καὶ
1130 1826 1164 1869 ἐξ
1182 1823 1354 1860 ἐπιπέδων

347 1878 396 1912 τοὶ
433 1875 581 1920 σώματα
620 1874 802 1920 γεννῶντες
839 1873 1135 1918 μεμαρτυρηκέναι
1173 1874 1355 1916 φαίνονται

347 1921 504 1964 τούτοις
531 1917 636 1962 μόνην
688 1918 726 1962 οὶρ
753 1918 820 1950 τῶν
855 1918 998 1962 στερεῶν
1025 1917 1063 1950 οὗ
1088 1912 1256 1962 διαιροῦσι
1290 1917 1354 1954 τήν

348 1970 492 2021 σφαῖραν
517 1965 560 2001 ὥς
588 1963 647 1996 οὑκ
662 1931 819 2008 γἔχουσαν
846 1963 981 2000 πλείους
998 1962 1195 2005 ἐπιφανείας
1215 1961 1237 1998 ἦ
1254 1963 1353 2016 μίαν·

347 2013 369 2049 ἦ
393 2022 442 2058 γα
483 2009 530 2047 εἷς
555 2007 604 2041 τοὶ
627 2002 780 2040 ἐπίπεδα
807 2001 968 2050 διαίρεσις
995 2007 1059 2052 οὐχ
1083 2008 1126 2045 ὠς
1152 2005 1192 2039 ἂν
1223 2018 1354 2050 τεμνων

348 2067 400 2095 τις
425 2066 471 2092 εις
496 2053 545 2087 ταὶ
568 2051 652 2098 μέρη
684 2047 792 2084 διέλοι
817 2051 859 2084 το“
885 2049 986 2092 ὅλον,
1013 2053 1140 2084 τοῦτον
1171 2047 1356 2096 διαιρεῖται

347 2101 410 2134 τὸν
434 2098 584 2144 τρόπον,
612 2097 685 2129 ἀλλ’
714 2097 756 2134 ὠς
781 2096 828 2133 εἰς
853 2094 956 2141 ἕτερα
981 2097 1029 2138 τῷ
1062 2091 1156 2128 εἴδει.
1191 2095 1269 2128 ’Ότι
1294 2096 1354 2139 μὲν

347 2143 406 2179 οὖν
431 2141 566 2188 πρῶτόν
591 2141 684 2174 ἐστιν
703 2142 724 2178 η’
747 2143 874 2184 σφαῖρα
901 2141 968 2172 τῶν
985 2141 1129 2186 στερεῶν
1148 2139 1354 2185 σχημάτων,

348 2186 466 2222 δ’·λον.

273 2203 435 2268 Ἐστιηδὲ
458 2233 518 2263 καὶ
541 2229 640 2262 κατα
664 2229 723 2262 τὸν
751 2227 890 2273 ἀριθμὸν
915 2228 980 2265 τήν
1005 2227 1106 2269 τάξιν
1133 2223 1355 2262 ἀποδιδοῦσιν

350 2277 441 2311 οὕτω
465 2274 539 2308 τιθε
568 2273 652 2311 ένοις
670 2271 929 2319 εὐλογώτατον,
948 2272 1008 2305 τὸν
1029 2273 1089 2317 μὲν
1113 2272 1236 2305 κύκλον
1261 2273 1357 2306 κατοί

348 2322 390 2357 τὸ
409 2321 457 2363 ἓν,
476 2320 518 2352 τὸ
541 2285 582 2352 δὲ
606 2320 659 2362 τρί
685 2329 769 2350 ωνον
794 2318 892 2351 κατά
915 2317 980 2354 τήν
1006 2313 1135 2358 δυάδα,
1155 2312 1275 2354 ἐπειδή
1293 2312 1355 2350 δύο

349 2366 463 2413 ὀρθαί·
491 2365 549 2398 ἐάν
575 2358 614 2396 δὲ
638 2375 680 2396 το
713 2363 746 2395 ἓν
778 2362 876 2395 κατὰ
906 2362 947 2395 τὸ
979 2364 1164 2408 τρίγωνον,
1192 2363 1208 2394 ὁ
1233 2361 1354 2400 κύκλος

350 2409 468 2444 ούκὲτι
494 2409 595 2441 ἔσται
619 2408 752 2453 σχῆμα.

275 2457 374 2489 Ἐπεὶ
399 2451 438 2487 δὲ
461 2454 503 2487 τὸ
528 2453 588 2496 μὲν
614 2453 748 2497 πρῶτον
774 2451 895 2496 σχῆμα
919 2450 983 2482 τοῦ
1009 2450 1146 2494 πρώτου
1171 2449 1329 2494 σώματος
1344 2474 1353 2492 ,

348 2500 483 2544 πρῶτον
507 2493 547 2530 δὲ
571 2497 672 2541 σῶμα
695 2496 738 2529 τὸ
764 2493 798 2528 ἐν
824 2496 870 2538 τῇ
896 2493 1031 2539 ἐσχάτῃ
1057 2495 1237 2540 περιφορᾷ,
1259 2506 1357 2539 σφαι-

348 2539 473 2590 ροειδὲς
501 2541 540 2575 ἅν
565 2543 616 2579 εἴη
643 2541 685 2574 τὰ
710 2541 775 2578 τήν
798 2540 909 2581 κύκλῳ
935 2539 1191 2584 περιφερόμενον
1239 2539 1332 2584 οράν.

280 2591 349 2623 Καὶ
373 2589 415 2623 τὸ
439 2586 576 2632 συνεχὲς
603 2585 669 2631 ἄρα
694 2586 825 2627 ἐκείνῳ·
853 2584 894 2618 τὰ
938 2584 977 2629 οὶρ
995 2585 1044 2626 τῷ
1063 2550 1269 2640 σφαιροειδεῖ
1284 2595 1357 2616 συν-

349 2634 424 2680 εχὲς
448 2626 673 2678 σφαιροειδές.
709 2629 886 2667 Ὡσαύτως
935 2629 950 2662 ἑ
973 2631 1031 2661 καὶ
1057 2641 1105 2662 τα
1129 2628 1211 2673 πρὸς
1238 2628 1279 2661 τὸ
1302 2627 1358 2673 μέ-

348 2690 406 2711 σον
434 2676 587 2710 τούτων·
613 2676 663 2709 τοὶ
685 2675 750 2722 γάρ
776 2675 844 2707 ύπὸ
870 2675 934 2708 τοῦ
951 2668 1184 2719 σφαιροειδοῦς
1207 2672 1359 2719 περιεχό-

350 2734 437 2768 μενα
469 2723 528 2753 καὶ
556 2719 740 2763 ἁπτόμενα
765 2718 830 2752 ὅλα
859 2713 1058 2765 σφαιροειδῆ
1093 2718 1225 2764 ἀνάγκη
1252 2715 1356 2749 εἶναι·

350 2767 399 2801 τά
420 2763 459 2799 δὲ
481 2764 580 2798 κάτω
605 2765 670 2803 τῆς
693 2765 761 2797 τῶν
778 2765 963 2802 πλανητῶν
984 2762 1139 2796 ἅπτεται
1161 2763 1223 2801 τῆς
1242 2761 1358 2795 ἐπάνω

350 2814 505 2856 σφαίρας.
530 2808 635 2842 Ὥστε
651 2804 868 2853 σφαιροειδής
888 2808 927 2841 οἲν
949 2809 1000 2845 εἴη
1018 2808 1134 2840 πᾶσα·
1155 2807 1274 2840 πάντα
1291 2806 1357 2853 γάρ

352 2855 508 2889 ἅπτεται
529 2856 590 2888 καὶ
615 2855 740 2899 συνεχῆ
767 2854 841 2886 ἐστὶ
866 2857 943 2891 ταῖς
968 2855 1136 2897 σφαίραις.

337 2951 478 2980 ΞΥΝοΡειε
506 2967 540 2972 -
571 2959 595 2978 1.
620 2951 835 2987 Argumentum
863 2955 891 2977 et
911 2948 1015 2977 divisio
1036 2954 1138 2977 textus.
1154 2965 1173 2970 -
1188 2947 1358 2976 Ostenditur

280 2991 381 3030 primo
393 2999 564 3028 supremum
578 2990 691 3018 caelum
705 2998 768 3018 esse
783 2988 949 3026 sphaericae
963 2988 1082 3026 figurae.
1097 3005 1117 3009 —
1132 2995 1159 3016 2.
1174 2989 1249 3016 Nam
1263 2987 1358 3024 prima

284 3030 443 3067 figurarum
464 3030 586 3058 debetur
605 3029 702 3066 primo
723 3028 856 3066 corpori,
881 3029 963 3066 quod
983 3034 1027 3056 est
1047 3028 1176 3063 caelum;
1197 3027 1273 3056 inter
1292 3036 1358 3056 cor-

284 3069 400 3107 porales
420 3075 519 3098 autem
539 3069 645 3106 figuras
666 3068 816 3106 sphaetica
830 3075 873 3097 est
890 3068 1143 3106 primm—Tenus
1157 3067 1326 3096 subdivisio.
1339 3083 1359 3089 -

287 3109 314 3138 3.
337 3110 393 3138 Per
413 3108 542 3137 rationes
562 3109 703 3144 probatur
723 3109 805 3146 quod
825 3108 918 3146 figura
937 3107 1087 3145 sphaerica
1112 3107 1148 3135 sit
1170 3107 1265 3145 prima
1285 3107 1359 3145 figu-

285 3158 402 3177 rarum:
431 3154 459 3176 et
485 3147 582 3185 primo
603 3154 746 3185 quantum
773 3148 811 3176 ad
832 3147 938 3184 figuras
963 3147 1168 3184 superficiales.
1196 3149 1225 3183 a)
1253 3147 1359 3184 Figura

284 3189 373 3226 plana
393 3187 541 3216 rectilinea
561 3187 727 3216 continetur
747 3187 879 3224 pluribus
899 3187 1001 3223 lineis,
1027 3188 1079 3216 sed
1100 3186 1246 3215 circularis
1265 3186 1359 3224 figura

285 3227 544 3265 comprehenditur
563 3227 600 3256 ab
614 3235 675 3255 una
688 3226 752 3255 sola
768 3226 859 3255 linea:
880 3226 911 3255 in
931 3226 1014 3255 omni
1034 3233 1132 3255 autem
1146 3236 1252 3264 genere
1265 3236 1358 3255 unum

286 3275 330 3297 est
342 3268 424 3305 prius
446 3266 640 3302 multitudine,
655 3272 684 3294 et
697 3266 819 3302 simplex
839 3266 1014 3303 composito.
1029 3283 1049 3286 —
1062 3275 1092 3301 4.
1114 3267 1142 3302 b)
1165 3266 1255 3295 Linea
1269 3273 1355 3301 recta,

286 3308 310 3337 si
332 3308 368 3336 sit
389 3307 488 3343 finita,
516 3313 613 3343 potest
634 3305 779 3342 suscipere
800 3312 1005 3342 augmentum3
1034 3305 1058 3334 si
1078 3315 1148 3335 vero
1169 3306 1206 3334 sit
1226 3306 1357 3341 infinita,

286 3355 364 3377 caret
377 3347 444 3383 fine,
460 3356 548 3384 quem
562 3352 631 3375 nata
646 3346 831 3380 est.habere;
853 3354 922 3382 ergo
943 3345 1024 3373 nullo
1046 3346 1137 3374 modo
1158 3352 1201 3374 est
1221 3346 1356 3382 perfecta.

285 3388 345 3416 Sed
364 3388 458 3416 lineae
479 3386 610 3415 circulari
637 3385 739 3422 nequit
766 3384 877 3413 additio
898 3384 978 3413 fieri:
1006 3384 1074 3413 ideo
1102 3384 1178 3413 linea
1205 3385 1357 3414 continens

286 3427 427 3456 circulum
454 3427 581 3464 perfecta
608 3432 660 3454 est.
693 3425 854 3453 Perfectum
883 3430 980 3452 autern
1008 3430 1051 3452 est
1078 3424 1251 3462 simpliciter
1277 3426 1357 3462 prius

287 3467 457 3504 imperfecto
484 3473 588 3495 namra
617 3471 645 3494 et
672 3471 823 3502 tempore:
853 3473 922 3501 ergo
944 3463 1067 3492 circulus
1094 3470 1137 3492 est
1163 3463 1258 3501 prima
1283 3464 1358 3492 inter

287 3506 482 3544 superficiales
493 3506 609 3544 figuras.
616 3522 636 3527 —-
645 3505 670 3534 5.
681 3504 851 3533 Ostenditur
861 3504 990 3532 secundo
1002 3503 1084 3541 quod
1095 3502 1225 3531 similiter
1235 3504 1358 3540 sphaera

287 3553 330 3575 est
344 3546 439 3584 prima
458 3546 534 3574 inter
553 3545 659 3583 figuras
680 3544 797 3574 solidas.
820 3544 889 3572 Sola
910 3543 988 3572 enim
1009 3543 1158 3580 sphaerica
1177 3542 1270 3580 figura
1286 3552 1359 3572 con-

286 3586 394 3615 tinetur
407 3585 494 3614 unica
508 3585 668 3623 superficie,
684 3594 759 3622 quae
773 3583 903 3621 undique
917 3582 1009 3611 ambit
1022 3589 1118 3612 totum
1133 3592 1239 3620 corpus
1253 3583 1357 3619 sphae-

286 3626 389 3655 ricum.
404 3643 423 3649 -
439 3627 467 3654 6.
483 3627 538 3654 Per
551 3625 706 3662 opiniones
720 3624 846 3654 aliorum
861 3623 1022 3652 ostenditur
1039 3622 1162 3660 figuram
1177 3622 1356 3660 sphaericam

2535 856 2592 884 Cap.
2606 863 2637 878 iv.
2652 856 2723 879 Text.

1476 894 1554 925 haec
1578 894 1664 925 enim
1688 894 1916 935 propriissima,
1941 902 1971 926 et
1995 894 2169 925 substantia
2189 901 2220 925 et
2236 901 2348 924 namra
2368 893 2480 934 prima.
2509 889 2542 905 ²²⁴

1410 938 1562 969 Dicamus
1579 946 1687 969 autem
1711 939 1926 970 universaliter
1949 939 1988 969 de
2011 938 2119 979 figuris
2139 948 2222 980 quae
2245 944 2292 969 est
2314 937 2428 978 prima,
2454 944 2484 968 et

1475 983 1509 1015 in
1532 983 1635 1024 planis
1659 990 1690 1014 et
1713 983 1832 1014 solidis.

1409 1027 1525 1059 Omnis
1548 1027 1656 1068 itaque
1675 1026 1776 1067 figura
1799 1027 1893 1067 plana
1916 1035 1971 1058 aut
1993 1027 2152 1058 rectilinea
2175 1033 2222 1057 est
2240 1033 2295 1057 aut
2315 1025 2482 1057 circularis.

1476 1072 1518 1102 Et
1540 1072 1699 1103 rectilinea
1723 1071 1854 1112 quidem
1878 1082 1896 1101 a
1919 1071 2063 1112 pluribus
2088 1071 2268 1102 continetur
2290 1070 2397 1109 lineis,
2427 1070 2483 1101 cir-

1476 1116 1590 1147 cularis
1614 1123 1723 1147 autem
1747 1116 1786 1146 ab
1802 1126 1878 1146 una.
1906 1116 2070 1153 Quoniam
2090 1123 2197 1146 autem
2213 1115 2302 1156 prius
2321 1121 2432 1145 natura
2450 1114 2484 1144 in

1476 1171 1678 1202 unoquoque
1705 1170 1819 1200 genere
1847 1170 1951 1191 unum
1980 1161 2089 1191 multis
2113 1167 2143 1191 et
2166 1160 2301 1200 simplex
2323 1159 2483 1200 composi-

1476 1205 1533 1244 tis,
1557 1205 1660 1245 prima
1684 1205 1795 1246 utique
1820 1205 1877 1236 erit
1900 1205 2068 1245 planarum
2091 1204 2266 1245 figurarum
2290 1203 2436 1235 circulus.

1408 1340 1426 1359 *
1448 1340 1565 1371 Adhuc
1593 1346 1718 1378 autern,
1743 1339 1768 1369 si
1799 1338 1930 1379 quidem
1954 1338 2129 1379 perfectum
2153 1345 2200 1369 est
2223 1338 2314 1369 cuius
2337 1337 2415 1368 nihil
2438 1345 2485 1369 est
2512 1347 2520 1354 ·

1476 1391 1561 1415 extra
1584 1384 1724 1424 accipere
1748 1393 1862 1414 eorum
1890 1393 1973 1424 quae
2000 1382 2100 1423 ipsius
2130 1382 2300 1423 possibile,
2331 1383 2484 1423 quemad-

1477 1429 1614 1460 modum
1638 1428 1883 1459 determinatum
1907 1434 1953 1458 est
1976 1427 2079 1467 prius;
2103 1433 2134 1458 et
2155 1434 2257 1458 rectae
2281 1427 2413 1468 quidem
2428 1438 2484 1468 ap-

1476 1473 1594 1514 positio
1622 1480 1669 1504 est
1699 1482 1842 1512 semper,
1866 1472 2008 1502 circulari
2031 1479 2140 1502 autem
2169 1479 2392 1513 nequaquam3
2416 1482 2484 1502 ma—

1476 1518 1628 1549 nifestum
1652 1517 1728 1558 quia
1752 1516 1890 1557 perfecta
1913 1516 2024 1556 utique
2049 1516 2106 1547 erit
2129 1516 2294 1547 continens
2319 1516 2483 1547 circulum.

1477 1563 1604 1604 Itaque,
1619 1561 1645 1592 si
1669 1561 1845 1602 perfectum
1861 1560 1949 1601 prius
1972 1559 2170 1600 imperfecto,
2188 1560 2336 1601 equidem
2355 1567 2485 1601 propter

1477 1607 1540 1637 hoc
1563 1606 1650 1648 prior
1674 1606 1732 1636 erit
1754 1605 1865 1646 utique
1888 1604 2063 1644 figurarum
2087 1604 2232 1635 circulus.

1410 1651 1560 1683 Similiter
1583 1657 1691 1681 autem
1714 1656 1746 1680 et
1768 1650 1901 1690 sphaera
1920 1648 2108 1680 solidorum.
2132 1649 2188 1679 Illa
2211 1649 2296 1679 enim
2320 1649 2387 1679 sola
2411 1658 2485 1679 con-

1476 1696 1595 1727 tinetur
1610 1705 1676 1726 una
1691 1693 1868 1735 superficie,
1891 1693 2068 1724 rectilineae
2092 1701 2199 1724 autem
2222 1693 2380 1733 pluribus:
2406 1693 2486 1724 sicut

1478 1740 1565 1772 enim
1588 1750 1621 1771 se
1645 1739 1740 1770 habet
1763 1738 1898 1770 circulus
1915 1738 1948 1768 in
1971 1738 2086 1779 planis,
2102 1738 2145 1769 sic
2165 1738 2296 1778 sphaera
2312 1737 2344 1767 in
2366 1737 2484 1768 solidis.

1410 1831 1427 1850 *
1450 1830 1566 1862 Adhuc
1589 1835 1708 1867 autem,
1734 1828 1907 1858 dividentes
1931 1828 1971 1857 ad
1994 1827 2089 1868 plana
2113 1833 2143 1858 et
2167 1837 2203 1857 ex
2227 1826 2329 1867 planis
2354 1837 2486 1868 corpora

1478 1880 1673 1916 generantes,
1698 1872 1855 1904 testificari
1878 1871 2025 1902 videntur
2044 1871 2102 1902 his.
2127 1871 2236 1902 Solam
2259 1871 2345 1901 enim
2369 1871 2487 1902 solido-

1478 1929 1551 1950 rum
1575 1928 1641 1949 non
1666 1917 1813 1948 dividunt
1836 1916 2021 1957 sphaeram,
2045 1923 2199 1956 tanquam
2223 1926 2289 1946 non
2317 1915 2486 1947 habentem

1478 1961 1790 2005 pluressuperficies
1814 1971 1913 2002 quam
1936 1968 2050 1992 unam:
2076 1960 2189 1991 divisio
2220 1960 2307 1990 enim
2330 1960 2370 1990 ad
2393 1961 2487 2001 plana

1478 2018 1546 2039 non
1570 2014 1606 2038 ut
1637 2006 1748 2047 utique
1780 2006 1922 2036 incidens
1951 2005 2022 2046 quis
2051 2005 2085 2035 in
2109 2011 2212 2045 partes
2237 2005 2372 2043 dividet,
2396 2005 2486 2046 quasi

1478 2059 1585 2084 totum
1597 2052 1659 2083 hoc
1675 2051 1834 2081 dividatur
1850 2050 1961 2089 modo,
1977 2050 2032 2080 sed
2045 2056 2080 2080 ut
2096 2050 2136 2080 ad
2148 2049 2243 2080 altera
2255 2048 2370 2089 specie.
2388 2049 2486 2087 Quod

1477 2097 1611 2139 quidem
1633 2095 1728 2137 igitur
1751 2094 1854 2136 prima
1877 2101 1924 2125 est
1952 2094 2083 2135 sphaera
2112 2093 2286 2124 solidarum
2313 2093 2486 2135 figurarum

1477 2142 1595 2182 palam.

1410 2228 1426 2245 *
1450 2230 1507 2260 Est
1520 2235 1628 2260 autem
1651 2234 1683 2259 et
1705 2227 1884 2258 secundum
1899 2236 2072 2257 numerum
2091 2227 2236 2257 ordinem
2257 2227 2486 2267 assignantibus
2514 2235 2522 2243 ·

1478 2273 1522 2304 sic
1545 2272 1657 2314 positis
1686 2271 2002 2303 rationabilissimum
2033 2271 2187 2302 circulum
2215 2271 2345 2312 quidem
2375 2282 2486 2303 secun-

1479 2318 1558 2348 dum
1593 2326 1713 2355 unum,
1741 2316 1905 2356 trigonum
1937 2322 2046 2346 autern
2078 2316 2256 2346 secundum
2287 2316 2485 2355 dualitatem,

1478 2360 1635 2403 quoniam
1651 2361 1718 2391 duo
1734 2360 1819 2391 recti.
1836 2360 1869 2391 Si
1885 2367 1993 2391 autem
2003 2360 2180 2391 secundum
2194 2360 2357 2401 trigonum
2371 2371 2485 2400 unum,

1479 2406 1615 2437 circulus
1638 2415 1705 2436 non
1729 2405 1786 2436 erit
1808 2404 1920 2445 figura.

1410 2451 1428 2470 *
1451 2450 1618 2489 Quoniam
1646 2456 1754 2481 autem
1782 2449 1886 2490 prima
1909 2449 2040 2490 quidem
2068 2447 2169 2488 figura
2197 2448 2292 2489 primi
2322 2449 2484 2490 corporis,

1479 2495 1622 2536 primum
1641 2500 1749 2525 autem
1768 2503 1885 2534 corpus
1904 2493 1993 2534 quod
2012 2493 2046 2523 in
2065 2499 2203 2524 extrema
2222 2493 2485 2533 circumferentia,

1479 2539 1682 2580 sphaericum
1704 2538 1815 2579 utique
1839 2538 1897 2568 erit
1919 2538 2010 2578 quod
2033 2537 2130 2568 fertur
2154 2537 2366 2569 circulatione.

1412 2584 1454 2616 Et
1477 2584 1668 2616 continuum
1681 2582 1777 2623 igitur
1791 2582 1856 2613 illi:
1881 2581 2045 2622 sphaerico
2063 2582 2148 2612 enirn
2170 2582 2359 2612 continuum
2375 2583 2486 2622 sphae-

1480 2628 1583 2659 ricum
1607 2634 1662 2659 est.
1688 2626 1837 2658 Similiter
1853 2633 1961 2657 autem
1981 2633 2011 2657 et
2034 2636 2115 2667 quae
2134 2626 2174 2656 ad
2189 2626 2332 2657 medium
2350 2626 2483 2658 horum:

1480 2683 1562 2714 quae
1582 2671 1669 2703 enim
1684 2682 1702 2702 a
1717 2671 1881 2712 sphaerico
1902 2677 2050 2702 contenta
2066 2678 2097 2701 et
2119 2677 2211 2709 tacta,
2235 2677 2302 2701 tota
2325 2671 2486 2711 sphaerica

1481 2727 1607 2748 necesse
1631 2723 1678 2747 est
1701 2723 1785 2747 esse:
1810 2726 1892 2757 quae
1912 2715 1998 2746 enim
2022 2715 2172 2745 deorsum
2197 2715 2395 2755 planetarum
2417 2722 2486 2746 tan-

1480 2769 1561 2802 gunt
1575 2771 1647 2792 eam
1661 2770 1744 2802 quae
1759 2770 1856 2801 supra
1871 2760 2048 2800 sphaeram.
2069 2759 2175 2797 Quare
2191 2759 2352 2800 sphaerica
2375 2760 2487 2800 utique

1481 2806 1539 2837 en't
1562 2806 1669 2837 omnis
1685 2805 1778 2836 latio:
1804 2805 1914 2836 omnia
1937 2804 2023 2835 enim
2042 2811 2177 2845 tangunt
2199 2811 2230 2835 et
2245 2805 2396 2835 continua
2413 2811 2487 2835 sunt

1481 2850 1631 2891 sphaeris.

1413 2956 1475 2975 esse
1496 2946 1621 2983 primam
1643 2945 1718 2974 inter
1738 2945 1905 2983 corporales
1926 2944 2040 2982 figuras.
2063 2945 2091 2980 a)
2115 2944 2172 2979 Qui
2193 2944 2341 2972 resolvunt
2362 2953 2485 2980 corpora

1413 2986 1443 3015 in
1464 2986 1631 3023 superficies
1652 2992 1680 3014 et
1701 2995 1736 3014 ex
1757 2984 1963 3022 superficiebus
1984 2990 2124 3021 generant
2144 2992 2278 3020 corpora,
2300 2983 2393 3011 solam
2411 2983 2483 3020 figu-

1412 3036 1476 3055 ram
1498 3026 1678 3063 sphaericam
1703 3025 1779 3054 inter
1806 3025 1914 3053 solidas
1936 3024 2041 3061 figuras
2069 3033 2131 3052 non
2156 3023 2305 3051 resolvunt
2331 3023 2373 3051 in⁴
2387 3023 2484 3059 plures

1413 3066 1588 3103 superficies.
1610 3067 1689 3094 Haec
1710 3072 1808 3094 autem
1829 3074 1891 3093 non
1913 3070 1955 3092 est
1976 3063 2078 3092 divisio
2100 3062 2231 3099 corporis
2253 3063 2283 3091 in
2302 3072 2368 3091 suas
2388 3069 2484 3099 partes

1413 3106 1634 3143 quantitativas3
1664 3106 1716 3133 sed
1737 3111 1780 3133 est
1801 3103 1883 3142 quasi
1905 3103 2008 3131 divisio
2030 3102 2060 3130 in
2082 3112 2116 3131 ea
2137 3111 2211 3139 quae
2233 3101 2369 3130 differunt
2390 3102 2485 3139 specie

1412 3147 1449 3174 ab
1471 3155 1507 3175 eo
1529 3146 1610 3183 quod
1631 3145 1776 3173 dividitur.
1801 3161 1821 3165 -
1846 3153 1872 3180 7.
1895 3144 1923 3178 1⁷)
1946 3144 2025 3171 quta
2046 3142 2217 3179 opinionem
2238 3151 2341 3170 eorum
2364 3142 2414 3179 qui
2435 3152 2483 3171 or-

1413 3186 1515 3214 dinant
1536 3186 1642 3223 figuras
1663 3185 1825 3213 secundum
1846 3183 1972 3220 speeiem
1993 3191 2184 3210 numerorum
2197 3204 2205 3217 ,
2234 3182 2300 3210 ideo
2327 3182 2484 3211 rationabi-

1411 3226 1476 3254 liter
1497 3225 1620 3256 circulus
1641 3225 1795 3261 adaptatur
1815 3222 1918 3251 unitati
1930 3245 1937 3257 ,
1967 3222 2036 3259 quia
2056 3221 2117 3259 ipse
2139 3228 2182 3250 est
2202 3221 2298 3259 prima
2324 3228 2352 3250 et
2373 3222 2483 3259 simpli-

1412 3265 1529 3294 cissima
1543 3264 1710 3302 figurarum.
1726 3281 1745 3285 -
1760 3263 1787 3291 8.
1804 3262 1995 3291 Concluditur
2009 3261 2136 3298 primum
2151 3271 2266 3298 σοι-ρης,
2282 3262 2364 3298 quod
2378 3271 2484 3299 nempe

1412 3312 1455 3333 est
1476 3305 1506 3333 in
1527 3311 1654 3332 extrema
1675 3302 1905 3331 circumferentia
1925 3302 2015 3330 totius
2037 3301 2148 3337 mundi,
2165 3311 2229 3330 esse
2250 3302 2442 3338 sphaericum.
2464 3319 2484 3324 -

1413 3355 1440 3381 9.
1457 3344 1627 3372 Ostenditur
1641 3343 1768 3371 secundo
1783 3343 1864 3379 quod
1879 3341 1965 3370 etiam
1981 3351 2105 3378 corpora
2119 3341 2252 3370 caelestia
2267 3341 2403 3370 inferiora
2417 3348 2485 3370 sunt

1412 3384 1570 3421 sphaerica.
1593 3384 1668 3411 Cum
1690 3382 1769 3410 enirn
1790 3382 1892 3410 eadem
1913 3388 2017 3410 natura
2038 3381 2075 3410 sit
2093 3381 2180 3418 primi
2202 3381 2333 3418 corporis
2353 3381 2384 3410 in
2403 3389 2484 3419 parte

1412 3432 1540 3452 concava
1559 3429 1588 3451 et
1609 3423 1639 3450 in
1659 3428 1741 3459 parte
1762 3430 1903 3457 convexa,
1925 3427 2042 3458 oportet
2062 3422 2144 3458 quod
2165 3421 2201 3450 sit
2219 3421 2401 3458 sphaericum
2422 3431 2484 3451 non

1412 3464 1507 3492 solum
1529 3463 1690 3491 secundum
1712 3471 1798 3489 suum
1819 3470 2000 3497 convexum,
2028 3462 2079 3489 sed
2101 3461 2188 3490 etiam
2209 3462 2371 3490 secundum
2397 3471 2483 3490 suum

1412 3512 1583 3532 concavum.
1606 3503 1684 3539 Ergo
1706 3510 1812 3538 corpus
1833 3502 2008 3536 secundum,
2031 3502 2113 3539 quod
2135 3507 2179 3529 est
2199 3501 2388 3537 continuum,
2410 3502 2484 3530 idest

1411 3542 1579 3571 immediate
1594 3541 1782 3570 coniunctum
1799 3541 1904 3578 primo,
1920 3547 2035 3578 oportet
2049 3550 2111 3569 esse
2124 3541 2322 3578 sphaericum:
2339 3548 2366 3570 et
2381 3542 2482 3570 eadem

1411 3582 1484 3611 ratio
1506 3588 1549 3610 est
1564 3582 1599 3610 de
1614 3580 1733 3619 reliquis
1754 3581 1926 3618 corporibus
1948 3590 2024 3618 quae
2045 3588 2113 3610 sunt
2134 3581 2164 3609 in
2186 3581 2284 3610 medio
2304 3590 2416 3617 eorum,
2432 3590 2482 3609 seu

1412 3621 1597 3651 continentur
1618 3621 1655 3650 ab
1677 3620 1756 3658 ipsis.
2131 3621 2133 3623 '

2536 1344 2603 1367 Text.
2619 1350 2652 1372 23.

2513 1833 2523 1843 ·
2537 1832 2604 1854 Text.
2620 1838 2655 1858 24.

2539 2233 2606 2255 Text.
2622 2239 2655 2261 25.

2512 2456 2520 2464 ·
2537 2453 2605 2476 Text.
2620 2454 2656 2476 26.
