2782 4134
1082 265 1193 302 CAP.
1222 265 1328 314 VIII,
1358 266 1510 304 LECT.
1540 268 1610 304 XII

2369 270 2444 318 357

946 480 1244 536 LECTIO
1280 484 1759 541 DUODECIMA

695 629 1023 662 DISCUTIUNTUR
1045 631 1244 664 ALIORUM
1268 633 1496 666 OPINIONES
1519 636 1576 666 DE
1600 636 1777 669 LACTEO
1802 637 1994 670 CIRCULO

242 769 354 807 “Ὀπως
379 763 432 809 δὲ,
456 770 515 800 καὶ
541 762 601 800 διαὶ
625 768 687 799 τίν’
718 768 835 800 αἰτίαν
859 771 1008 814 γίνεται,
1034 772 1091 801 καὶ
1117 772 1151 802 τί
1178 770 1251 803 ἐστι
1277 770 1318 803 τό

316 812 424 860 γάλα,
441 812 593 859 λέγωμεν
619 809 704 850 ἤδη·
731 808 980 858 προδιὲλθωμεν
1005 809 1043 846 δὲ
1067 815 1126 846 καὶ
1147 817 1220 858 περὶ
1242 815 1322 847 τού-

292 895 299 902 .
317 869 380 891 του
405 857 454 890 τά
477 857 576 902 παραὶ
598 857 667 889 τῶν
695 856 805 889 ἄλλων
830 857 989 903 εἰρημένα
1014 859 1161 904 πρῶτον.

250 903 320 935 Τῶν
335 902 405 958 τμὲν
432 899 488 934 οὖν
513 900 731 946 καλουμένων
755 902 987 949 Πυθαγορείων
1013 906 1093 948 φασί
1126 914 1213 941 τινες
1240 900 1318 936 ὀδόν

318 958 404 980 ειναι
430 945 579 989 ταύτην,
602 949 632 978 οἱ
657 946 716 991 μὲν
743 947 810 979 τῶν
835 947 1049 980 ἐκπεσόντων
1075 948 1166 986 τινὸς
1189 949 1318 993 ἄστρων

315 991 414 1024 κατά
437 990 502 1028 τήν
525 990 711 1037 λεγομένην
745 991 800 1024 ἐπὶ
829 990 1023 1031 Φαέθοντος
1054 992 1199 1035 φθοράν,
1228 995 1256 1025 οἱ
1282 990 1319 1026 δὲ

317 1036 378 1071 τὸν
403 1034 499 1073 ἥλιον
525 1038 652 1069 τοῦτον
678 1035 737 1068 τὸν
761 1035 884 1069 κύκλον
910 1036 1066 1082 φέρεσθαί
1092 1036 1179 1070 ποτέ
1199 1049 1318 1081 φασιν·

284 1082 297 1109 Γ
317 1081 386 1114 οἷον
413 1078 469 1113 οὖν
494 1075 742 1113 διακεκαῦσθαι
766 1081 826 1114 τόν
852 1081 961 1115 τόπον
987 1082 1127 1123 τοῦτον,
1150 1081 1173 1118 ἥ
1189 1094 1224 1115 τι
1250 1093 1321 1114 τοι-

316 1127 418 1159 οῦτον
445 1125 529 1158 ἀλλο
555 1124 763 1158 πεπονθέναι
783 1124 891 1164 πάθος
910 1126 976 1158 ύπό
993 1127 1056 1164 τῆς
1073 1127 1175 1171 φορᾶς
1195 1127 1316 1159 αὐτοῦ.

240 1168 394 1204 ’Δτοπον
418 1165 457 1202 δὲ
481 1169 523 1203 τὸ
548 1170 597 1214 μή
621 1174 769 1202 συννοεῖν
803 1169 857 1203 ὅτι
889 1172 982 1224 εἴπερ
1007 1171 1105 1203 τοῦτ’
1134 1169 1175 1208 ἦν
1201 1171 1243 1203 τὸ
1269 1172 1320 1202 αἵ-

261 1219 416 1257 ⁴dctuvs
427 1209 496 1246 ἔδει
519 1216 579 1246 καὶ
603 1214 664 1247 τόν
690 1215 758 1247 τῶν
782 1210 908 1258 ζῳδίων
931 1217 1055 1247 κυκλον
1081 1214 1188 1253 οὕτως
1216 1215 1318 1261 ἔχειν,

315 1261 374 1292 καὶ
409 1260 538 1304 μᾶλλον
565 1257 586 1296 ἢ
612 1258 673 1291 τόν
698 1259 762 1291 τοῦ
790 1259 984 1305 γάλακτος·
1013 1258 1158 1292 ἅπαντα
1189 1260 1254 1306 γάρ
1286 1260 1318 1291 ἐν

316 1305 413 1346 αὐτῷ
438 1303 577 1348 φέρεται
602 1304 652 1336 τοὶ
667 1303 874 1347 πλανώμενα
898 1305 956 1336 καὶ
975 1304 1039 1349 οὐχ
1057 1305 1073 1336 ὁ
1090 1303 1184 1342 ἥλιος
1204 1303 1317 1348 μόνος.

315 1349 424 1387 Δῆλος
448 1344 477 1380 δ’
506 1349 586 1393 ἡμῖν
620 1347 712 1386 ἅπας
738 1349 754 1380 ὁ
779 1348 918 1386 κύκλος·
948 1346 1000 1381 ἀεὶ
1023 1349 1089 1395 γάρ
1116 1346 1226 1382 αὐτοῦ
1283 1360 1319 1380 α-

313 1393 407 1438 νερόν
433 1393 632 1438 ἡμικύκλιον
658 1393 722 1430 τῆς
747 1393 881 1432 νυκτὸς,
910 1390 1002 1425 ἀλλά
1025 1391 1192 1431 πεπονθὸς
1221 1393 1259 1425 οὐ
1285 1391 1318 1425 ἐν

315 1440 476 1483 φαίνεται
501 1439 674 1478 τοιοῦτον,
699 1437 789 1474 πλην
814 1439 844 1469 εἴ
869 1449 903 1470 τι
927 1436 1095 1470 συνάπτει
1119 1437 1233 1483 μόριον
1260 1437 1320 1470 αὖ-

315 1483 380 1516 τοῦ
405 1483 487 1527 πρός
513 1481 572 1515 τόν
598 1483 662 1515 τοῦ
686 1480 863 1528 γάλακτος
886 1481 1022 1514 κύκλον,

246 1529 286 1562 Οἰ
309 1522 349 1560 δὲ
373 1529 447 1572 περὶ
466 1525 643 1574 Ἀναξαγό
664 1537 705 1558 αν
738 1526 799 1557 καὶ
833 1525 1040 1571 Δημόκριτον
1067 1527 1132 1580 φῶς
1166 1523 1252 1559 εἶναι
1278 1525 1319 1558 τό

315 1569 411 1620 γάλα
442 1571 599 1618 λέγουσιν
633 1538 766 1614 ἱστρων
799 1571 918 1604 τινῶν·
945 1569 1005 1603 τόν
1034 1582 1099 1617 γαρ
1130 1569 1225 1608 ἥλιον
1251 1570 1318 1602 ύπό

292 1623 294 1626 ’
315 1615 381 1654 τήν
405 1617 471 1663 γνῆν
497 1616 676 1660 φερόμενον
701 1614 769 1671 οὐχἱ
791 1615 871 1660 ὁρᾶν
889 1614 962 1647 ἔνια
980 1615 1047 1648 τῶν
1067 1615 1211 1661 ἄστρων.
1231 1613 1319 1647 ’Ὁσα

310 1661 375 1706 μὲν
400 1657 458 1692 οὖν
483 1660 687 1705 περιορᾶται
713 1660 759 1691 ὑπ
791 1657 916 1701 αὐτοῦ,
935 1658 1069 1693 τούτων
1094 1661 1154 1704 μὲν
1181 1660 1219 1692 οὗ
1244 1662 1316 1703 φαί-

313 1703 430 1738 νεσθαι
454 1705 496 1738 τὸ
521 1706 586 1748 φῶς
611 1703 819 1749 (κωλύεσθαι
850 1704 916 1751 γάρ
943 1703 1009 1738 ὑπὸ
1033 1705 1101 1737 τῶν
1127 1706 1190 1738 τοῦ
1221 1705 1318 1742 ἡλίου

277 1747 500 1792 ,ἀκτίνωνγ
528 1748 617 1786 ὅσοις
643 1748 673 1780 δ’
697 1748 921 1804 ἀντιφράττει
946 1750 966 1787 ἡ
992 1749 1038 1805 γῆ
1062 1748 1150 1783 ὥστε
1175 1749 1224 1786 μή
1243 1749 1321 1794 6ρᾶ-

314 1792 393 1831 σθαι
417 1793 485 1826 ὑπὸ
510 1794 717 1837 τοῦὴλίου,
748 1805 789 1826 το
814 1793 949 1826 τούτων
984 1797 1103 1826 οικεΐον
1128 1790 1194 1838 φῶς
1218 1805 1317 1839 φασιν

313 1835 401 1872 εἶναι
426 1838 467 1872 τό
491 1837 598 1884 γάλα.
925 1838 928 1839 ’

245 1883 395 1926 Φανερόν
420 1878 450 1915 δ’
480 1882 535 1915 ὅτι
558 1884 616 1914 καὶ
643 1879 742 1914 τοῦτ’
764 1877 957 1915 ἀδύνατον·
983 1882 1025 1914 τό
1050 1882 1110 1926 μὲν
1133 1881 1199 1928 γάρ
1224 1881 1318 1929 γάλα

275 1944 277 1946 ’
315 1928 368 1962 ἀεὶ
393 1927 435 1960 τὸ
461 1926 550 1960 αὐτὸ
575 1926 609 1958 ἑν
627 1930 699 1964 τοῖς
717 1927 836 1964 αὐτοῖς
861 1927 954 1960 ἐστιν
975 1926 1112 1969 ἄστροις
1140 1929 1318 1971 (φαίνεται

314 1973 380 2020 γάρ
397 1971 558 2019 μέγιστος
576 1970 620 2003 ὢν
639 1970 791 2014 κύκλος)·
811 1971 878 2004 ύπὸ
894 1966 932 2003 ’δέ
950 1972 1013 2005 τοῦ
1030 1972 1127 2008 ἡλίου
1147 1972 1199 2005 ἀεὶ
1217 1970 1319 2015 ἕτερα

315 2018 365 2052 τά
389 2018 426 2050 οὐ
478 2016 630 2061 ὁρώμενα
654 2011 714 2048 διαὶ
738 2016 780 2048 τὸ
803 2015 851 2059 μή
878 2013 910 2048 ἐν
937 2016 1056 2058 ταύτῷ
1079 2016 1189 2060 μένειν
1207 2015 1316 2058 τόπῳ.

307 2057 403 2094 Ἔδει
429 2073 485 2094 ουν
510 2059 760 2107 μεθισταμένου
790 2061 853 2093 τοῦ
883 2061 980 2098 ἡλίου
1008 2059 1236 2105 μεθίστασθαι
1259 2062 1318 2093 καὶ

316 2106 358 2140 τό
410 2105 498 2139 άλα·
525 2106 581 2138 νῦν
606 2100 636 2136 δ’
666 2106 705 2137 οὐ
730 2107 892 2148 φαίνεται
918 2106 1024 2138 τοῦτο
1049 2105 1237 2153 γινόμενον.

246 2151 328 2196 Πρὸς
357 2146 397 2183 δε
421 2149 583 2190 τούτοις,
616 2150 644 2181 εἱ
674 2148 831 2195 καθάπερ
866 2144 1041 2183 δείκνυται
1074 2150 1106 2182 ἐν
1139 2154 1212 2187 τοῖς
1244 2151 1318 2194 περὶ

316 2196 545 2241 ἀστρολογίαν
569 2193 797 2238 θεωρήμασιν,
817 2193 925 2232 οὕτως
950 2195 1033 2240 ἔχει,
1058 2196 1117 2226 καὶ
1138 2194 1181 2227 τό
1197 2206 1236 2227 τε
1255 2194 1318 2226 τοῦ

313 2241 413 2277 ἡλίου
443 2238 583 2286 μέγεθος
615 2238 730 2283 μεῖζόν
761 2237 853 2271 ἐστιν
879 2238 901 2275 ’ἢ
927 2239 968 2271 τό
997 2239 1061 2277 τῆς
1094 2240 1158 2285 γῆς
1191 2239 1251 2270 καὶ
1276 2239 1317 2270 τό

314 2281 495 2330 διάστημα
536 2285 806 2321 πολλαπλασίως
844 2283 957 2327 μεῖζον
993 2284 1035 2316 τὸ
1072 2286 1139 2317 τῶν
1185 2282 1317 2328 ἄστρων

315 2329 396 2375 πρός
415 2330 480 2366 τήν
497 2329 562 2375 γῆν
580 2327 602 2366 ἦ
621 2327 662 2360 τό
680 2329 744 2361 τοῦ
768 2329 879 2369 ἡλίου,
905 2327 1061 2372 καθάπερ
1079 2329 1121 2362 τὸ
1138 2328 1202 2361 τοῦ
1220 2328 1317 2365 ἡλίου

315 2374 397 2417 πρὸς
424 2375 489 2411 τήν
513 2373 578 2420 γῆν
600 2371 621 2410 ἦ
642 2372 684 2405 τό
707 2373 770 2410 τῆς
795 2371 952 2414 σελήνης,
973 2373 1032 2405 οὐκ
1059 2371 1098 2405 ἄν
1123 2372 1233 2418 πόρρω
1252 2383 1317 2404 που

280 2433 286 2436 ,
315 2419 386 2452 ἀπό
412 2420 475 2457 τῆς
500 2418 563 2465 γῆς
591 2418 607 2450 ὀ
631 2417 734 2455 κῶνος
760 2418 776 2449 ό
804 2417 874 2450 ἀπὸ
900 2418 963 2449 τοῦ
995 2418 1092 2455 ἡλίου
1125 2416 1317 2460 συμβάλλοι

294 2463 378 2502 “t-eie
406 2463 562 2504 ἀκτῖνας,
590 2457 660 2494 οὐδ’
682 2460 722 2494 ἄν
747 2462 768 2500 ἡ
794 2461 875 2494 σκιά
898 2462 980 2506 πρὸς
1004 2466 1075 2500 τοῖς
1103 2461 1240 2506 ἄστροις
1265 2463 1315 2499 εἴη

314 2508 378 2546 τῆς
403 2509 481 2555 γῆς,
507 2509 528 2545 ἡ
553 2506 746 2551 καλουμένη
770 2506 844 2548 νύξ,
865 2506 937 2539 ἀλλ’
960 2506 1093 2553 ἀνάγκη
1119 2506 1239 2539 πάντα
1256 2506 1316 2539 τὸν

306 2551 409 2589 ,ἥλιον
435 2553 484 2586 τά
509 2553 622 2596 ἄστρα
647 2552 826 2596 περιορᾶν,
856 2553 914 2583 καὶ
940 2551 1054 2596 μηθενὶ
1080 2550 1145 2587 τὴν
1169 2551 1233 2597 γῆν
1260 2563 1317 2584 αν-

314 2596 514 2643 τιφράττειν
541 2596 669 2629 αὐτῶν.
716 2619 718 2621 >

235 2639 317 2674 Ἔτι
341 2637 370 2674 δ’
400 2641 473 2675 ἐστὶ
505 2644 605 2686 τρίτη
637 2651 689 2678 τις
720 2638 886 2683 ὑπόληψις
919 2642 994 2684 περὶ
1027 2641 1154 2673 αὐτοῦ·
1178 2638 1316 2686 λέγουσι

341 2686 379 2732 άρ
405 2698 492 2724 τινες
520 2685 708 2719 ἀνάκλασιν
741 2681 828 2716 εἶναι
862 2683 903 2717 τό
928 2684 1023 2731 γάλα
1049 2686 1112 2723 τῆς
1145 2683 1317 2728 ἡμετέρας

313 2698 418 2774 {theme
445 2730 525 2774 πρός
557 2730 618 2764 τόν
643 2727 763 2771 ἥλιον,
789 2728 899 2774 ὥσπερ
930 2732 988 2762 καὶ
1014 2729 1074 2763 τὸν
1101 2727 1231 2772 ἀστέρα
1255 2729 1316 2761 τόν

313 2775 484 2821 κομήτην.

234 2815 432 2855 ’Δδύνατον
457 2815 497 2852 δὲ
518 2820 578 2851 καὶ
602 2818 728 2852 τοῦτο·
755 2817 783 2848 εὶ
808 2817 866 2861 μὲν
885 2817 951 2864 γάρ
969 2817 1013 2850 τό
1029 2818 1055 2849 θ’
1077 2818 1158 2863 ὁρῶν
1176 2818 1316 2861 ἠρεμοίη

313 2867 374 2905 καὶ
398 2865 441 2898 τό
467 2864 631 2909 ἐνοπτρον
655 2864 715 2895 καὶ
732 2861 774 2894 τὸ
793 2861 957 2906 ὁρώμενον
977 2861 1083 2905 ἅπαν,
1104 2863 1137 2895 ἐν
1154 2863 1202 2903 τῷ
1221 2860 1317 2903 αὐτῷ·

315 2912 440 2953 σημείῳ
466 2910 529 2942 τοῦ
555 2907 720 2950 ἐνόπτρου
738 2905 781 2939 τὸ
799 2906 887 2939 αὐτὸ
905 2906 1048 2950 φαίνοιτ’
1073 2905 1111 2939 ἄν
1136 2906 1234 2951 μέρος
1255 2907 1318 2944 τῆς

317 2954 509 3000 ἐμφάσεως·
535 2954 563 2985 εἱ
587 2947 626 2984 δὲ
648 2955 778 2984 κινοῖτο
803 2950 845 2982 ve
867 2950 1030 2994 ἐ’νοπτρον
1054 2953 1112 2984 καὶ
1131 2952 1173 2983 τό
1195 2950 1317 2996 ὁρώμε-

315 3010 375 3032 νον
397 2999 430 3032 ἐν
456 2998 505 3040 τῷ
532 2998 627 3038 αὐτῷ
652 2996 712 3040 μὲν
740 2994 969 3036 ἀποστήματα.
994 2996 1075 3039 πρὸς
1093 2995 1134 3029 τό
1154 2997 1235 3041 ὀρῶν
1258 2997 1318 3027 καὶ

315 3043 476 3089 ἠρεμοῦν,
495 3042 575 3087 πρὸς
599 3042 733 3079 ἄλληλα
753 3035 791 3072 δὲ
808 3039 890 3084 μήτ’
910 3041 1096 3087 ἰσοταχῶς,
1113 3040 1195 3085 μήτ’
1218 3041 1250 3073 ἐν
1269 3040 1317 3081 τῷ

316 3088 413 3130 αὐτῷ
432 3088 485 3120 ἀεὶ
507 3083 638 3124 διαστὴ
667 3097 740 3127 ατι,
761 3079 934 3118 ἀδύνατον
955 3085 1019 3122 τήν
1038 3083 1150 3122 αὐτὴν
1175 3085 1319 3130 ἔμφασιν

315 3132 373 3167 ἐπὶ
398 3133 461 3166 τοῦ
487 3129 598 3165 αὐτοῦ
623 3142 709 3171 ειναι
733 3129 850 3174 μέρους
877 3130 939 3162 τοῦ
958 3128 1136 3173 ἐνόπτρου.
1164 3129 1216 3161 Tei
1235 3124 1264 3161 δ’
1285 3126 1317 3160 ἐν

274 3175 276 3178 ’
316 3179 364 3220 τῷ
389 3178 452 3210 τοῦ
481 3176 660 3223 γάλακτος
683 3174 794 3216 κύκλῳ
827 3173 994 3218 φερόμενα
1028 3173 1139 3220 ἄστρα
1172 3177 1318 3206 κινεῖται

314 3223 374 3254 καὶ
400 3222 417 3254 ὁ
442 3219 536 3259 ἥλιος
562 3221 642 3266 πρὸς
669 3220 704 3252 ὃν
731 3220 751 3256 ἡ
780 3217 984 3259 ἀνάκλασις,
1012 3218 1181 3263 μενόντων
1209 3218 1316 3261 ἡμῶν,

313 3269 372 3298 καὶ
406 3266 526 3310 ὁμοίως
559 3267 618 3298 καὶ
641 3267 714 3296 ἴσον
739 3263 819 3308 πρὸς
845 3263 935 3307 ἡμᾶς
970 3263 1175 3308 ἀπέχοντα,
1202 3262 1317 3294 αὐτῶν

315 3305 347 3342 δ’
375 3310 436 3342 οὐκ
466 3312 556 3342 ἴσον·
584 3309 645 3342 ὁτὲ
676 3308 736 3352 μὲν
764 3306 831 3354 γάρ
890 3307 973 3339 ε’σων
1004 3308 1133 3339 νυκτῶν
1163 3308 1180 3338 ὀ
1204 3301 1316 3350 δελφὶς

317 3353 503 3395 ἐπιτέλλει,
522 3354 583 3386 ὁτὲ
606 3349 636 3386 δ’
658 3351 773 3393 ἕωθεν,
791 3351 840 3384 ταὶ
863 3319 901 3383 §a
925 3350 1027 3395 μόρια
1051 3352 1114 3383 τοῦ
1139 3349 1316 3396 γάλακτος

316 3398 366 3432 τά
395 3398 491 3431 αὐτοὶ
520 3397 612 3443 μένει
636 3398 670 3430 ἐν
693 3396 849 3437 ἑκάστω·
874 3398 997 3435 καίτοι
1023 3393 1083 3427 οὐκ
1108 3390 1196 3436 ἔδει,
1223 3395 1253 3426 εἰ
1276 3391 1316 3431 ἦν

317 3443 471 3488 ἔμφασις,
493 3441 584 3475 ἀλλά
607 3440 653 3487 μὴ
679 3441 712 3474 ἐν
739 3440 858 3478 αὐτοῖς
883 3451 917 3472 τι
943 3437 983 3477 ἦν
1009 3439 1117 3471 τοῦτο
1142 3437 1183 3471 τὸ
1209 3437 1317 3475 πάθος

318 3492 390 3525 τοῖς
415 3486 548 3524 τόποις.

232 3530 319 3564 ’Ἔτι
350 3528 387 3564 δὲ
416 3530 546 3575 νύκτωρ
580 3528 612 3563 ἐν
646 3525 750 3562 ὕδατι
781 3530 840 3561 καὶ
872 3526 1045 3568 τοιούτοις
1071 3526 1248 3569 ἐνόπτροις
1275 3525 1316 3557 τό

317 3576 376 3621 μὲν
408 3575 503 3621 γάλα
535 3573 736 3619 ἐμφαίνεται
770 3571 969 3616 θεωροῦσιν,
1003 3571 1044 3604 τό
1075 3565 1115 3603 δὲ
1149 3570 1213 3607 τὴν
1244 3567 1316 3612 ὅψιν

319 3619 533 3653 ἀνακλᾶσθαι
559 3619 639 3664 πρὸς
665 3618 724 3651 τόν
751 3617 846 3654 ἥλιον
873 3617 942 3654 πῶς
967 3611 1136 3654 ὃυνατόν;

1374 775 1392 794 *
1415 777 1559 814 Qualiter
1582 785 1689 808 autem
1712 786 1743 809 et
1765 786 1894 820 propter
1917 790 2014 821 quam
2039 790 2166 812 causam
2182 780 2227 820 fit,
2252 782 2379 823 etquid
2395 790 2441 814 est

1440 821 1499 860 lac,
1515 821 1656 852 dicamus
1671 823 1746 861 iam,
1763 824 2039 863 praediscutientes
2055 832 2163 856 autem
2179 832 2210 857 et
2225 826 2263 856 de
2277 826 2339 857 hoc
2355 837 2437 868 quae

1441 866 1481 896 ab
1504 865 1572 896 aliis
1596 866 1678 897 dicta
1699 874 1774 898 sunt
1796 868 1912 908 primo.

1375 910 1572 941 Vocatorum
1595 910 1727 951 quidem
1756 911 1851 951 igitur
1878 912 2162 953 Pythagoricorum
2191 914 2322 954 quidam
2352 914 2442 946 aiunt

2469 789 2479 800 ⁸
2494 789 2552 817 Cap.
2566 796 2618 812 vni.

1440 955 1526 985 viam
1542 964 1608 985 esse
1625 954 1720 985 hanc:
1736 955 1768 985 hi
1785 955 1915 996 quidem
1927 957 2145 988 excedentium
2160 958 2326 989 cuiusdam
2341 966 2439 990 astro·
2477 981 2486 993 .

1441 1009 1524 1037 rum,
1542 999 1719 1030 secundum
1731 999 1847 1030 dictam
1859 1001 1916 1031 sub
1927 1001 2100 1032 Phaetonte
2111 1001 2280 1041 lationem3
2290 1002 2323 1033 hi
2333 1010 2441 1034 autem

1441 1044 1543 1074 solem
1566 1044 1628 1075 hoc
1651 1043 1769 1074 circulo
1793 1044 1933 1075 delatum
1957 1055 2023 1076 esse
2039 1046 2210 1087 aliquando
2226 1046 2324 1078 aiunt.
2344 1047 2440 1079 Velut

1440 1088 1536 1128 igitur
1566 1095 1714 1119 exustum
1744 1098 1811 1118 esse
1840 1088 1925 1119 hunc
1947 1089 2074 1128 locum,
2098 1097 2153 1121 aut
2182 1090 2323 1131 aliquam
2345 1091 2440 1123 aliam

1439 1133 1536 1163 talem
1552 1132 1734 1172 passionem
1757 1142 1887 1172 passum
1910 1143 1976 1163 esse
1999 1144 2018 1163 a
2039 1134 2157 1165 latione
2178 1134 2334 1175 ipsorum.

1374 1176 1602 1207 Inconveniens
1625 1183 1734 1207 autem
1749 1187 1815 1207 non
1831 1177 2042 1218 cointelligere
2057 1179 2157 1219 quod,
2175 1178 2200 1209 si
2217 1179 2348 1219 quidem
2362 1179 2440 1211 haec

1441 1228 1507 1251 erat
1528 1231 1633 1259 causa,
1657 1220 1816 1261 oportebit
1839 1221 2004 1252 zodiacum
2029 1221 2183 1253 circulum
2205 1223 2249 1253 sic
2267 1223 2392 1263 habere,
2409 1230 2440 1255 et

1441 1265 1541 1306 magis
1565 1274 1663 1306 quam
1687 1275 1761 1295 eum
1785 1265 1840 1306 qui
1864 1265 1967 1296 lactis:
1992 1266 2100 1297 omnia
2123 1267 2209 1297 enim
2237 1267 2270 1297 in
2293 1267 2363 1308 ipso
2393 1268 2437 1298 fe—

1441 1317 1554 1340 runtur
1577 1309 1724 1347 errantia,
1748 1316 1779 1340 et
1801 1319 1866 1339 non
1891 1310 1940 1340 sol
1970 1310 2085 1341 solum.
2117 1310 2301 1341 Manifestus
2331 1318 2439 1342 autem

1441 1354 1534 1384 nobis
1561 1361 1648 1384 totus
1676 1353 1827 1391 circulus,
1857 1363 1980 1394 semper
2009 1354 2095 1385 enim
2126 1355 2224 1396 ipsius
2253 1355 2438 1387 manifestus

1441 1398 1657 1430 semicirculus
1681 1404 1793 1429 nocte:
1817 1398 1872 1428 sed
1895 1397 1974 1428 nihil
1996 1398 2119 1430 videtur
2143 1400 2203 1430 tale
2225 1409 2355 1440 passus,
2377 1400 2438 1431 nisi
2490 1404 2492 1406 ’

1442 1453 1523 1484 quae
1547 1442 1715 1483 copulatur
1737 1452 1808 1483 pars
1830 1442 1930 1482 ipsius
1953 1443 1993 1473 ad
2015 1443 2153 1474 lacteum
2176 1443 2339 1475 circulum.

1374 1532 1440 1570 Qui
1456 1539 1563 1563 autem
1587 1531 1667 1562 circa
1689 1533 1911 1570 Anaxagoram
1935 1537 1965 1562 et
1984 1530 2216 1570 Democritum,
2236 1531 2348 1564 lumen
2370 1542 2437 1564 esse

1440 1576 1488 1607 lac
1512 1583 1669 1607 astrorum
1692 1575 1895 1617 quorundam
1919 1574 2016 1606 aiunt.
2042 1574 2149 1605 Solem
2172 1574 2258 1606 enim
2281 1577 2339 1607 sub
2357 1583 2437 1608 terra

1440 1621 1541 1652 latum
1564 1630 1630 1650 non
1653 1619 1805 1660 respicere
1829 1619 1986 1660 quaedam
2009 1626 2183 1650 astrorum:
2212 1630 2435 1662 quaecumque

1441 1665 1573 1706 quidem
1587 1664 1683 1705 igitur
1705 1664 1901 1704 aspiciuntur
1915 1664 1954 1694 ab
1977 1663 2058 1704 ipso,
2075 1663 2192 1694 horum
2217 1665 2347 1704 quidem
2370 1675 2436 1696 non

1440 1719 1590 1750 apparere
1612 1709 1733 1747 lumen,
1749 1707 1909 1749 prohiberi
1934 1708 2019 1738 enim
2042 1718 2059 1738 a
2078 1708 2154 1739 solis
2176 1708 2284 1748 radiis;
2307 1709 2437 1751 quibus-

1440 1764 1580 1795 cumque
1595 1761 1703 1785 autem
1718 1752 1853 1784 obstruit
1869 1758 1960 1791 terra,
1980 1759 2015 1783 ut
2031 1762 2096 1783 non
2116 1752 2307 1794 aspiciantur
2321 1764 2340 1784 a
2358 1754 2436 1793 sole,
2469 1788 2475 1794 ,

1440 1799 1558 1829 horum
1581 1797 1748 1839 proprium
1771 1797 1880 1828 lumen
1903 1796 1992 1827 aiunt
2015 1807 2081 1827 esse
2104 1797 2162 1828 lac.

1373 1887 1577 1918 Manifestum
1602 1894 1648 1918 est
1671 1893 1778 1918 autem
1803 1886 1892 1927 quod
1916 1893 1945 1917 et
1968 1886 2030 1917 hoc
2052 1886 2257 1928 impossibile.
2281 1888 2344 1918 Lac
2367 1888 2436 1928 qui-

1440 1933 1514 1963 dem
1536 1932 1622 1963 enim
1645 1941 1770 1972 semper
1790 1930 1877 1963 idem
1893 1937 1923 1961 et
1938 1931 1971 1961 in
1986 1930 2104 1962 eisdem
2125 1938 2171 1962 est
2186 1931 2274 1962 astn's
2294 1930 2437 1974 (apparet

1440 1977 1526 2007 enim
1549 1976 1706 2007 maximus
1729 1986 1784 2007 ens
1801 1973 1966 2018 circulus):
1990 1986 2008 2006 a
2027 1975 2094 2006 sole
2116 1982 2223 2006 autem
2246 1985 2370 2016 semper
2391 1976 2436 2006 al-

1440 2028 1506 2052 tera
1527 2031 1609 2062 quae
1632 2031 1698 2051 non
1722 2020 1928 2061 aspiciuntur,
1951 2019 2028 2060 quia
2049 2029 2115 2050 non
2138 2019 2172 2050 in
2195 2020 2309 2050 eodem
2330 2027 2438 2051 manet

1440 2065 1524 2097 loco.
1545 2065 1721 2106 Oportebat
1743 2065 1848 2106 igitur,
1865 2064 2015 2095 translato
2039 2064 2117 2104 sole,
2135 2063 2292 2095 transferri
2316 2071 2347 2095 et
2367 2064 2434 2095 lac:

1441 2119 1507 2140 non
1531 2116 1638 2140 autem
1661 2119 1746 2140 nunc
1769 2115 1899 2149 apparet
1921 2109 1983 2139 hoc
2006 2107 2135 2139 factum.

1373 2153 1489 2185 Adhuc
1512 2161 1619 2185 autern
1643 2154 1684 2193 si,
1711 2153 1987 2194 quemadmodum
2018 2152 2193 2183 ostenditur
2215 2161 2300 2183 nunc
2329 2152 2362 2182 in
2384 2152 2432 2183 his

1441 2208 1523 2239 quae
1546 2198 1627 2229 circa
1648 2197 1864 2238 Astrologiam
1879 2196 2136 2235 theorematibus,
2152 2196 2229 2227 solis
2247 2196 2434 2236 magnitudo

1440 2242 1543 2273 maior
1566 2249 1612 2273 est
1634 2252 1733 2283 quam
1755 2249 1864 2280 terrae,
1882 2248 1912 2272 et
1934 2241 2080 2272 distantia
2102 2240 2205 2271 multo
2228 2240 2332 2271 maior
2354 2250 2435 2281 quae

1440 2294 1599 2318 astrorum
1622 2287 1661 2317 ad
1688 2293 1802 2318 terram
1829 2296 1927 2326 quam
1950 2285 2044 2324 solis,
2073 2285 2155 2316 sicut
2181 2294 2263 2325 quae
2285 2284 2362 2315 solis
2394 2285 2433 2315 ad

1438 2338 1554 2361 terram
1577 2341 1676 2372 quam
1698 2330 1810 2369 lunae;
1835 2340 1902 2361 non
1928 2329 2036 2371 itaque
2057 2330 2152 2370 longe
2175 2328 2288 2359 alicubi
2315 2339 2333 2359 a
2355 2335 2436 2359 terra

1440 2385 1540 2406 conus
1563 2374 1620 2416 qui
1638 2385 1656 2405 a
1671 2374 1738 2406 sole
1755 2374 1908 2405 coniaciet
1922 2374 2037 2416 radios,
2058 2383 2162 2415 neque
2189 2372 2299 2414 utique
2323 2373 2435 2403 umbra

1438 2426 1552 2458 terrae,
1577 2429 1659 2460 quae
1681 2426 1813 2450 vocatur
1836 2429 1910 2458 nox,
1934 2418 1991 2449 erit
2013 2418 2099 2459 apud
2114 2424 2213 2456 astra;
2239 2417 2295 2447 sed
2309 2426 2434 2448 necesse

1439 2464 1540 2494 solem
1562 2463 1595 2493 in
1619 2463 1729 2494 omnia
1751 2470 1831 2494 astra
1847 2462 2036 2504 prospicere,
2056 2469 2087 2493 et
2109 2461 2189 2493 nulli
2211 2461 2356 2502 ipsorum
2375 2468 2434 2492 ter-

1438 2518 1507 2538 ram
1530 2507 1691 2539 obsistere.

1371 2642 1521 2683 Amplius
1553 2647 1660 2672 autem
1683 2647 1730 2672 est
1752 2640 1841 2672 tertia
1864 2641 2022 2682 quaedam
2045 2640 2184 2681 suspicio
2208 2639 2246 2669 de
2269 2639 2349 2679 ipso.
2379 2638 2434 2669 Di-

1439 2692 1516 2717 cunt
1539 2685 1624 2716 enim
1642 2685 1774 2728 quidam
1792 2684 1839 2716 lac
1858 2695 1925 2716 esse
1943 2685 2163 2716 refractionem
2177 2683 2278 2714 nostri
2293 2683 2378 2713 visus
2395 2683 2434 2713 ad

1439 2730 1552 2769 solem,
1575 2730 1656 2761 sicut
1678 2737 1710 2761 et
1730 2730 1855 2761 stellam
1878 2735 2045 2761 cometam.

1373 2819 1572 2860 Impossibile
1594 2826 1702 2850 autem
1725 2825 1756 2849 et
1775 2818 1846 2849 hoc.
1863 2818 1895 2849 Si
1911 2818 2041 2859 quidem
2058 2817 2143 2849 enim
2158 2816 2268 2847 videns
2283 2814 2435 2856 quieverit

1441 2870 1472 2894 et
1494 2863 1661 2903 speculum
1684 2869 1715 2893 et
1742 2863 1832 2903 quod
1853 2862 1977 2893 videtur
2005 2871 2119 2900 omne,
2149 2860 2183 2891 in
2207 2860 2321 2890 eodem
2343 2858 2433 2899 signo

1440 2907 1560 2948 speculi
1591 2907 1703 2938 eadem
1732 2906 1894 2947 apparebit
1924 2906 2034 2947 utique
2063 2915 2135 2946 pars
2170 2904 2376 2944 emphaseos:
2408 2902 2433 2932 si

1440 2958 1548 2982 autem
1571 2958 1737 2982 moveatur
1758 2950 1926 2990 speculum
1949 2956 1979 2980 et
2002 2950 2091 2991 quod
2113 2948 2246 2986 videtur,
2270 2947 2303 2977 in
2323 2947 2434 2977 eadem
2458 2987 2461 2989 ,

1436 2996 1571 3037 quidem
1601 2995 1747 3026 distantia
1777 2995 1817 3025 ad
1846 2994 1955 3024 videns
1988 3001 2018 3024 et
2045 2993 2227 3034 quiescens,
2257 2990 2434 3021 adinvicem

1439 3047 1547 3071 autem
1570 3049 1673 3080 neque
1696 3049 1797 3079 aeque
1818 3038 1966 3069 velociter
1993 3047 2097 3078 neque
2119 3036 2152 3066 in
2175 3036 2287 3066 eadem
2309 3044 2434 3074 semper

1440 3084 1596 3123 distantia,
1612 3083 1810 3125 impossibile
1828 3082 1960 3112 eandem
1975 3080 2151 3121 emphasim
2167 3081 2200 3110 in
2218 3079 2330 3111 eadem
2346 3085 2432 3119 parte

1441 3139 1508 3159 esse
1536 3127 1666 3168 speculi.
1693 3128 1783 3164 Quae
1811 3133 1919 3157 autem
1940 3126 1974 3156 in
2001 3125 2089 3156 lactis
2116 3123 2233 3155 circulo
2261 3123 2323 3153 lata
2353 3129 2433 3153 astra

1440 3179 1619 3210 moventur,
1640 3178 1670 3202 et
1693 3171 1741 3202 sol
1764 3171 1804 3200 ad
1823 3180 1921 3211 quem
1935 3169 2089 3208 refractio‚
2113 3167 2314 3198 manentibus
2329 3166 2432 3205 nobis,

1440 3223 1471 3247 et
1503 3216 1645 3247 similiter
1677 3222 1707 3246 et
1735 3214 1906 3255 aequaliter
1934 3213 1974 3243 ad
2001 3223 2061 3243 nos
2092 3211 2256 3249 distantia,
2287 3211 2326 3241 ab
2356 3210 2432 3250 ipsis

1439 3267 1547 3291 autern
1570 3269 1635 3290 non
1653 3258 1838 3299 aequaliter:
1854 3258 2048 3299 quandoque
2063 3256 2194 3297 quidem
2214 3255 2299 3286 enim
2320 3254 2433 3285 mediis

1438 3304 1585 3335 noctibus
1607 3303 1739 3343 Delphis
1770 3302 1887 3339 oritur,
1913 3301 2108 3341 quandoque
2139 3306 2247 3331 autem
2279 3299 2431 3330 diluculo.

1438 3349 1544 3379 Partes
1567 3354 1674 3378 autem
1695 3346 1784 3385 lactis
1807 3346 1936 3377 eaedem
1958 3351 2088 3376 manent
2109 3344 2142 3374 in
2165 3350 2379 3385 unoquoque;
2404 3350 2434 3373 et

1438 3392 1569 3434 quidem
1599 3401 1665 3422 non
1689 3391 1855 3431 oportebat
1887 3389 1912 3420 si
1936 3396 2000 3420 erat
2030 3388 2208 3429 emphasis,
2233 3388 2288 3418 sed
2310 3397 2377 3418 non
2400 3387 2433 3417 in

1440 3436 1558 3466 eisdem
1581 3435 1684 3466 adhuc
1707 3441 1788 3465 esset
1810 3434 1886 3464 haec
1910 3433 2014 3474 passio
2038 3432 2126 3464 loc1s.

1371 3524 1486 3556 Adhuc
1502 3530 1610 3554 autem
1633 3530 1724 3554 nocte
1741 3522 1774 3552 in
1797 3532 1879 3563 aqua
1903 3528 1933 3552 et
1948 3521 2062 3552 talibus
2078 3519 2214 3561 speculis
2232 3519 2279 3550 lac
2303 3520 2433 3560 quidem

1437 3567 1590 3598 illucescit
1609 3566 1846 3608 aspicientibus:
1870 3566 1975 3596 visum
1990 3571 2098 3596 autem
2119 3564 2253 3604 refrangi
2269 3563 2309 3594 ad
2332 3564 2434 3594 solem

1438 3611 1607 3652 quomodo
1632 3608 1804 3652 possibile?
