2690 4062
1107 214 1219 252 CAP.
1250 215 1317 263 lv,
1338 215 1499 266 LECT.
1529 215 1565 253 v

2359 229 2431 254 XCV

1007 475 1305 531 LEcTro
1345 476 1654 553 QUINTA

318 633 377 664 DE
401 632 716 664 GENERATIONE
740 633 958 665 COLORUM
982 634 1107 666 IRIDIS
1131 635 1174 665 IN
1199 635 1415 667 GENERALI
1440 654 1459 660 -
1482 637 1830 671 DETERMINATUR
1853 639 1910 670 DE
1936 639 2113 671 COLORE
2136 639 2326 672 PUNICEO

292 816 378 848 ποία
402 811 441 847 δέ
460 826 512 852 τις
536 813 738 857 ἀνάκλασις,
756 818 814 848 καὶΙ
836 817 920 858 πῶς,
938 820 996 850 καὶ
1014 813 1074 850 8ιά
1097 820 1160 851 τίν’
1183 820 1301 853 αἰτίαν

290 858 426 893 ἕκαστα
447 861 585 913 ’γίνεται
611 860 678 893 τῶν
703 860 963 904 συμβαινόντων
985 863 1060 906 περὶ
1080 862 1230 907 ταύτην,
1247 864 1304 897 λέ-

290 915 402 950 γωμεν
428 914 500 938 νυν.

216 947 460 994 ’Δνακλωμένη
486 948 547 992 μέν
574 947 630 981 οὖν
656 949 677 986 ἡ
705 947 776 993 ὄψις
802 949 872 982 ἀπὸ
893 949 1034 984 πάντων
1052 953 1214 995 φαίνεται
1232 953 1299 985 τῶν

289 994 401 1035 λείων,
420 991 555 1026 τούτων
581 992 608 1025 δ’
632 993 705 1026 ἐστὶ
729 994 789 1026 καὶ
816 994 882 1036 ἀήρ
906 997 965 1028 καὶΙ
986 990 1085 1040 ὕδωρ.
1112 997 1248 1030 Γίνεται
1266 992 1296 1029 δ’

292 1037 362 1070 ἀπὸ
379 1037 440 1083 μὲν
467 1037 576 1083 ἀέρος,
598 1036 684 1070 ὅταν
703 1037 746 1070 τύ
774 1050 794 1081 ῃ
813 1039 1069 1084 συνιστάμενος.
1097 1039 1162 1073 Διά
1180 1040 1218 1073 δέ
1236 1041 1300 1078 τήν

289 1083 354 1121 τῆς
381 1081 485 1127 ὅψεως
512 1081 690 1115 ἀσθένειαν
716 1094 761 1115 πο
779 1082 883 1121 ’λάκις
914 1087 972 1116 καὶ
1000 1085 1078 1117 ἄνευ
1103 1085 1298 1124 συστάσεως

290 1130 383 1160 ποιεῖ
414 1126 625 1168 ἀνάκλασιν,
661 1125 730 1160 οἶόν
762 1138 850 1160 ποτε
881 1128 1059 1170 συνέβαινέ
1091 1140 1158 1161 τινι
1190 1130 1299 1168 πάθος

269 1170 493 1217 ,ἡρέμαεκαι
509 1171 570 1204 οὐκ
596 1171 655 1213 ὀξύ
686 1170 868 1212 βλέποντι·
897 1173 948 1206 ἀεὶ
973 1173 1038 1220 γάρ
1063 1167 1200 1207 εἴδωλον
1226 1169 1300 1207 ἐδό-

287 1227 339 1248 κει
355 1215 578 1263 προηγεῖσθαι
599 1211 779 1294 βαὸίέοντι
805 1217 916 1259 αὐτῷ,
935 1217 969 1260 ἐξ
987 1218 1147 1255 ἐναντίας
1172 1218 1298 1259 βλέπον

289 1260 371 1305 πρὸς
396 1259 520 1293 αὐτόν.
546 1261 658 1294 Τοῦτο
704 1262 712 1273 ’
735 1260 868 1308 ἔπασχε
885 1259 947 1296 διαὶ
963 1262 1005 1295 ‘ro‘
1025 1262 1091 1299 τήν
1118 1261 1190 1307 ὄψιν
1218 1261 1298 1296 ἀνα-

286 1304 438 1338 κλᾶσθαι
463 1305 545 1348 πρὸς
570 1305 697 1339 αὐτόν·
726 1303 817 1338 οὕτω
842 1309 907 1354 γάρ
935 1305 1076 1346 ἀσθενής
1101 1304 1142 1345 ἦν
1166 1309 1225 1340 καὶ
1244 1309 1298 1340 λε-

287 1350 362 1387 πτή
395 1348 544 1394 πάμπαν
577 1350 645 1383 dm>
678 1351 742 1389 τῆς
776 1349 989 1396 ἀρρωστίας,
1022 1350 1103 1385 ὥστ’
1133 1351 1297 1397 ἔνοπτρον

289 1393 422 1441 ἐγίνετο
446 1395 506 1427 καὶ
525 1395 541 1426 ὀ
559 1395 703 1432 πλησίον
723 1394 768 1432 ἀὴ
811 1398 870 1429 καὶ
890 1397 950 1429 οὐκ
968 1393 1116 1429 ἐδύνατο
1136 1396 1295 1439 ἀπωθεῖν,

286 1439 331 1477 ὠς
350 1440 367 1472 ὀ
385 1438 497 1484 πόρρω
521 1441 579 1471 καὶ
600 1439 742 1478 πυκνός·
791 1439 887 1486 ιόπερ
913 1441 948 1474 αἵ
974 1440 1007 1474 τ’
1030 1441 1130 1485 ἀκραι
1149 1440 1298 1474 ἀνεσπα-

286 1482 410 1528 σμέναι
434 1485 617 1528 φαίνονται
643 1484 676 1516 ἐν
701 1484 748 1523 τῆ
773 1484 951 1529 θαλάττῃ,
969 1486 1030 1518 καὶ
1049 1486 1151 1530 μείζω
1178 1486 1226 1519 τοὶ
1242 1498 1298 1530 με-

313 1527 370 1566 έθη
404 1527 566 1569 πάντων,
597 1526 684 1560 ὅταν
708 1515 799 1573 εύροι
824 1529 970 1573 πνέωσι,
996 1531 1056 1563 καὶ
1081 1530 1130 1563 τά
1154 1530 1187 1563 ἐν
1218 1535 1296 1569 ταῖς

271 1584 312 1608 ἀ
336 1571 454 1614 λύσιν,
482 1571 551 1604 οῐον
582 1573 642 1604 καὶ
667 1570 761 1611 ἥλιος
791 1576 850 1607 καὶ
877 1575 990 1620 ἀστρα
1017 1575 1091 1608 ἀνίσ
1120 1586 1207 1607 οντα
1237 1576 1297 1607 καὶ

286 1614 439 1652 δυνοντα
467 1616 599 1661 μᾶλλον
625 1615 646 1654 ἢ
671 1620 964 1663 μεσουρανοῦντα.
993 1618 1082 1652 'And
1129 1620 1138 1632 ’
1167 1617 1295 1658 ὕδατος

285 1661 443 1709 μάλιστα
474 1661 695 1704 ἀνακλᾶται,
724 1665 784 1695 καὶ
816 1664 886 1696 ἀπο
920 1663 1108 1710 ἀρχομένου
1143 1663 1296 1711 γίνεσθαι

313 1708 416 1740 ἄλλον
438 1705 496 1739 ’ἔτι
521 1703 543 1742 ἦ
571 1706 629 1738 ἀπ’
661 1704 774 1751 ἀέρος·
801 1707 949 1744 ἕκαστον
982 1708 1048 1756 γάρ
1080 1709 1147 1742 τῶν
1173 1711 1295 1753 μορίων

285 1719 323 1794 {fi
340 1751 384 1784 ὧν
401 1753 537 1798 γίνεται
561 1750 815 1796 συνισταμένων
834 1754 855 1790 η’
873 1751 985 1797 ψακάς
1006 1753 1171 1798 ἔνοπτρον
1190 1751 1296 1800 ἀναγ-

283 1799 383 1829 καῖον
408 1792 496 1828 εἶναι
520 1795 651 1838 μᾶλλον
677 1797 741 1834 τῆς
768 1795 907 1843 ἀχλύος.

210 1841 310 1875 Ἐπεὶ
333 1836 373 1873 δὲ
404 1842 464 1873 καὶ
493 1834 598 1875 δῆλον
629 1841 689 1872 καὶ
718 1843 852 1886 εἴρηται
882 1840 1047 1895 πρότερον
1079 1840 1134 1874 ὅτι
1162 1840 1197 1874 ἐν
1222 1845 1295 1880 τοῖς

285 1884 459 1923 τοιούτοις
477 1882 652 1929 ἐνόπτροις
676 1885 719 1918 το“
743 1887 864 1932 χρῶμα
889 1897 991 1931 μονον
1017 1887 1233 1931 ἐμφαίνεται,
1253 1886 1295 1920 τὸ

283 1925 324 1963 δὲ
339 1930 461 1977 σχῆμα
483 1923 625 1970 ἄδηλον,
646 1929 849 1987 ἀναγκαῖον,
870 1929 955 1963 ὅταν
979 1930 1130 1977 ἄρχηται
1148 1929 1215 1963 ὕειν
1235 1932 1295 1964 καὶ

284 1970 351 2013 ἤδη
377 1974 438 2020 μὲν
462 1974 671 2010 συνιστῆται
703 1986 748 2014 εις
773 1970 934 2019 ψακάδας
961 1976 978 2007 ὁ
1003 1976 1038 2007 ἐν
1062 1980 1135 2014 τοῖς
1163 1975 1293 2020 νέφεσιν

285 2019 375 2065 άῆρ,
406 2017 511 2063 μήπω
535 2013 566 2049 δ’
595 2016 659 2061 ὕῃ,
687 2018 746 2053 ἐάν
779 2020 816 2061 ἐξ
848 2021 1009 2058 ἐναντίας
1040 2017 1062 2063 ᾗ
1087 2021 1104 2052 ὀ
1129 2018 1245 2062 ἥλιος,
1273 2019 1294 2058 ἦ

285 2064 371 2098 ἄλλο
396 2075 432 2097 τι
457 2061 550 2095 οὕτω
573 2063 733 2107 λαμπρὸν
762 2064 852 2098 ὥστε
907 2063 1037 2096 ίνεσθαι
1063 2064 1227 2110 ἔνοπτρον
1253 2065 1294 2098 τὸ

283 2108 394 2154 νέφος,
411 2109 472 2140 καὶ
491 2106 555 2144 τήν
580 2106 770 2142 ἀνάκλασιν
787 2076 940 2156 γίνεσέαι
960 2108 1041 2152 πρὸς
1069 2111 1110 2141 τὸ
1134 2111 1292 2154 λαμπρὰν

283 2152 319 2196 ἐξ
343 2154 517 2194 ἐναντίας,
535 2151 688 2198 γίνεσθαί
713 2154 743 2186 τ’
765 2153 909 2199 ἔμφασιν
935 2153 1129 2208 χρώματος,
1150 2153 1188 2186 οὐ
1209 2153 1295 2199 σχή-

283 2209 408 2245 ματος.
438 2195 610 2229 Ἐκάστου
635 2192 663 2228 δ’
687 2198 784 2237 ὄντος
810 2199 877 2231 τῶν
897 2199 1069 2240 ἐνοπτρων
1091 2198 1209 2243 μικροῦ
1233 2201 1292 2231 καὶ

284 2241 454 2288 ἀοράτου,
481 2242 543 2280 τῆς
569 2237 599 2272 δ’
628 2241 663 2284 ἐξ
690 2243 855 2276 ἀπάντων
881 2243 996 2276 αὐτῶν
1026 2245 1202 2288 συνεχείας
1228 2244 1291 2275 τοῦ

283 2286 443 2334 μεγέθους
462 2287 478 2319 ὁ
501 2284 645 2332 ωμένης,
665 2284 798 2333 ἀνάγκη
825 2287 960 2334 συνεχὲς
986 2286 1127 2333 μέγεθος
1148 2288 1212 2320 τοῦ
1231 2286 1292 2319 αὐ-

283 2334 347 2366 τοῦ
363 2335 482 2378 φαίνεσ
505 2342 540 2362 αι
556 2343 580 2375 χ
601 2331 739 2376 ώματος
751 2344 758 2352 ·
781 2331 928 2365 ἕκαστον
945 2331 1010 2379 γάρ
1031 2332 1099 2365 τῶν
1118 2330 1291 2376 ἐνόπτρων

282 2378 326 2411 τὸ
352 2376 442 2410 αὗτό
469 2342 661 2409 &noscimus
715 2377 811 2422 ρῶμα
842 2378 890 2418 τῷ
922 2380 1070 2421 συνεχεῖ·
1102 2374 1182 2410 ὥστ’
1218 2377 1292 2409 ἐπεὶ

282 2421 388 2455 ταῦτ’
418 2415 599 2465 ἐνδέχεται
628 2389 843 2466 συμῇαίνειν,
870 2420 957 2454 ὅταν
989 2421 1116 2453 τοῦτον
1141 2421 1204 2467 ἔχῃ
1230 2421 1290 2454 τὸν

282 2466 413 2511 τρόπον
439 2464 456 2498 ὅ
481 2465 510 2497 θ’
531 2465 626 2504 ἥλιος
649 2468 709 2498 καὶ
734 2466 776 2499 τὸ
801 2466 897 2510 νέφος
921 2467 979 2498 καὶ
1005 2466 1102 2510 ἡμεῖς
1125 2465 1212 2510 ὦμεν
1235 2477 1293 2508 με-

283 2511 373 2553 ταξύ
399 2511 529 2552 αὐτῶν,
551 2513 651 2544 ἔσται
676 2506 736 2543 8ιά
759 2511 824 2548 την
852 2508 1039 2543 ἀνάκλασιν
1065 2509 1207 2554 ἔμφασίς
1225 2522 1288 2549 τις.

276 2555 387 2588 Ἀλλά
409 2554 476 2599 μήν
500 2558 559 2588 καὶ
584 2557 743 2602 φαίνεται
768 2554 866 2597 τότε,
892 2556 951 2587 καὶ
977 2554 1037 2587 οὐκ
1064 2554 1174 2593 ἄλλως
1196 2554 1291 2600 ἐχόν-

283 2611 351 2633 των
376 2600 536 2654 γινομένη
562 2602 583 2638 ἡ
608 2597 682 2643 ἶρις.

205 2642 287 2676 Ὀτι
311 2644 370 2689 μὲν
398 2643 454 2677 οὖν
481 2644 667 2682 ανάκλασις
686 2644 707 2680 ἡ
724 2640 786 2688 ἶρις
804 2644 867 2681 τῆς
894 2642 996 2687 ὄψεως
1015 2643 1096 2687 πρὸς
1116 2643 1176 2676 τόν
1195 2642 1290 2680 ἥλιόν

284 2688 379 2731 ἐστι,
405 2689 566 2734 φανερόν·
593 2685 647 2721 διὸ
677 2690 735 2720 καὶ
761 2687 797 2729 ἐξ
822 2689 984 2725 ἐναντίας
1012 2688 1062 2720 ἀεὶ
1087 2690 1242 2732 γίνεται,
1269 2688 1290 2724 ἧ

282 2728 312 2765 δ’
335 2733 424 2772 ἅλως
442 2736 515 2779 περὶ
542 2732 669 2775 αὐτόν·
694 2735 812 2764 καίτοι
838 2732 935 2777 ἀμφω
960 2732 1184 2770 ἀνακλάσεις·
1213 2731 1286 2766 ἀλλ“

283 2776 307 2815 ἥ
330 2790 370 2824 γε
395 2779 462 2812 τῶν
492 2777 684 2825 χρωμάτων
716 2778 871 2809 ποικιλία
899 2772 1068 2821 διαφέρει·
1095 2777 1116 2814 ἧ
1142 2776 1201 2820 μὲν
1225 2777 1291 2823 γάρ

284 2822 338 2866 ἀφ’
361 2818 490 2861 ὕδατος
513 2825 572 2855 καὶ
597 2821 744 2867 μέλανος
760 2823 894 2868 γίνεται
922 2820 1108 2859 ἀνάκλασις
1132 2822 1192 2853 καὶ
1211 2820 1293 2864 πόρ-

283 2867 406 2912 ρωθεν,
434 2868 455 2905 ἠ
480 2864 510 2900 δ’
539 2865 679 2915 ἐγγύθεν
703 2868 762 2898 καὶ
789 2865 847 2898 ἀπ’
879 2865 918 2898 ἀέ
941 2877 974 2903 ος
997 2864 1199 2908 λευκοτέρου
1225 2866 1291 2903 τήν

282 2912 391 2957 φύσιν.
428 2914 596 2945 Φαίνεται
616 2906 655 2944 δέ
679 2912 721 2944 τὸ
743 2910 902 2955 λαμπρὸν
920 2878 980 2944 Stoi
1004 2911 1067 2942 τοῦ
1092 2909 1250 2955 μέλανος,
1271 2908 1292 2947 ἦ

283 2958 317 2990 ἐν
343 2958 392 2999 τῷ
418 2957 541 3002 μέλανι
568 2953 736 3000 (διαφέρει
760 2957 826 3008 γάρ
849 2954 962 2999 οὐθέν)
984 2955 1165 2999 φοινικοῦν.
1193 2955 1291 2999 Ὁρᾶν

283 2997 314 3034 δ’
337 3001 451 3044 ἔξεστι
477 3001 519 3034 τό
543 3014 582 3049 γε
607 3002 675 3034 τῶν
699 3001 837 3045 χλωρων
863 2999 969 3042 ξύλων
995 3000 1074 3044 πῦρ,
1093 3000 1134 3038 ὥς
1153 2998 1292 3044 ἑρυθροὶν

283 3047 354 3105 ἔχζει
379 3046 445 3083 τη“ν
470 3045 582 3093 φλόγα
608 3042 668 3078 ’διά
690 3046 733 3077 τὸ
759 3045 808 3086 τῷ
832 3047 952 3087 καπνῷ
982 3045 1096 3086 πολλῷ
1127 3042 1291 3098 μεμίχθαι

283 3103 325 3124 το
351 3092 416 3134 πῦρ
440 3093 599 3136 λαμπρὸν
626 3090 662 3123 ὄν
686 3091 744 3121 καὶ
768 3089 906 3122 λευκόν·
932 3089 991 3122 καὶ
1015 3083 1053 3120 δι’
1083 3089 1210 3134 ἀχλυος
1234 3089 1293 3120 καὶ

281 3137 417 3169 καπνοῦ
443 3136 459 3168 ὀ
485 3135 579 3173 ἥλιος
605 3136 766 3178 φαίνεται
791 3135 977 3177 φοινικοῦς·

212 3172 269 3211 3ιό
295 3181 316 3218 ἡ
342 3180 402 3225 μὲν
429 3181 491 3218 τῆς
515 3175 618 3226 ἴριδος
646 3177 831 3216 ἀνάκλασις
851 3180 872 3216 ἡ
892 3179 952 3222 μέν
978 3176 1096 3221 πριύτη
1123 3175 1292 3213 τοιαύτην

284 3225 373 3270 ἔχειν
399 3227 559 3269 φαίνεται
585 3224 650 3260 τήν
675 3222 781 3270 χρόαν
807 3223 898 3264 (ἀπό
915 3219 1059 3268 ρανίδων
1104 3221 1142 3266 ἀρ
1168 3222 1290 3266 μικρῶν

282 3272 419 3316 γίνεται
444 3270 465 3307 ἦ
493 3268 718 3312 ἀνάκλασις),
746 3268 767 3304 ἦ
793 3261 831 3300 δὲ
860 3268 924 3305 τῆς
958 3266 1028 3299 ἅλω
1061 3278 1112 3297 ου.
1149 3267 1224 3309 Περὶ
1254 3261 1293 3297 δέ

283 3315 352 3346 τῶν
379 3314 488 3346 ἄλλων
513 3327 538 3360 χ
557 3311 706 3357 ωμάτων
729 3311 868 3355 ὕστερον
887 3312 1038 3356 ἐροῦμεν.
1068 3311 1146 3342 Ἔτι
1164 3305 1201 3342 δὲ
1219 3311 1292 3353 περὶ

285 3358 393 3391 αὑτὸν
420 3358 479 3402 μὲν
505 3371 565 3392 τον
591 3357 687 3395 ἥλιον
715 3357 752 3389 οὗ
777 3358 912 3402 γίνεται
937 3350 1099 3430 διατριξῆ
1124 3352 1291 3391 τοιαύτης

282 3401 493 3445 συστάσεως,
515 3403 584 3436 ἀλλ’
609 3401 630 3439 ἦ
650 3401 711 3441 ὕει,
732 3399 753 3438 ἦ
770 3397 973 3433 διαλύεται·
1001 3400 1037 3431 ἐκ
1079 3400 1093 3430 ὲ
1112 3399 1179 3430 τῶν
1198 3398 1291 3430 ἐναν-

284 3449 365 3480 τίων
385 3447 418 3480 ἐν
437 3449 485 3489 τῷ
511 3447 644 3494 μεταξύ
663 3447 725 3483 τῆς
744 3446 808 3478 τοῦ
827 3440 955 3482 ὕδατος
979 3443 1140 3490 γενέσεως
1157 3443 1289 3487 γίνεταί

283 3504 335 3530 τις
361 3491 499 3537 χρόνος·
526 3491 653 3526 τούτου
679 3490 744 3536 γάρ
770 3490 818 3534 μή
843 3489 1108 3533 συμβαίνοντος,
1136 3484 1222 3523 ἦσαν
1251 3484 1290 3518 ἀν

281 3536 604 3582 κεχρωματισμέναι
631 3538 666 3568 αἱ
694 3533 762 3575 ἅλῳ
787 3533 897 3577 ὥσπερ
924 3534 944 3570 ἡ
970 3529 1041 3587 ἶρις.
1075 3531 1142 3563 Νῦν
1167 3525 1196 3562 δ’
1225 3528 1290 3561 ὅλα

283 3581 342 3626 μὲν
370 3581 407 3615 ού
434 3583 570 3628 γίνεται
595 3578 763 3616 τοιαύτην
791 3578 918 3624 ἔχοντα
944 3588 1008 3614 την
1036 3576 1191 3620 ἔμφασιν,
1212 3569 1290 3606 οὐδὲ

223 771 267 803 Ἥ
291 765 319 802 δ’
347 766 409 814 ἶρις
434 768 490 803 ὅτι
514 769 574 814 μέν
600 770 695 803 ἐστιν
722 769 930 813 ἀνάκλασις,
959 775 1093 818 εἴρηται
1118 773 1300 819 πρότερον·
1353 776 1371 796 *
1387 777 1442 808 Iris
1472 784 1580 809 autem
1609 780 1764 820 quoniam
1791 781 1922 822 quidem
1952 788 1998 812 est
2027 781 2190 821 refractio,
2222 782 2344 813 dictum
2374 789 2421 813 est

1421 822 1527 862 prius;
1551 823 1652 864 qualis
1672 831 1778 855 autem
1801 824 1945 856 refractio
1969 832 2000 856 et
2022 826 2191 867 quomodo
2208 832 2239 857 et
2253 836 2310 866 per
2323 836 2422 868 quam

1422 876 1550 897 causam
1569 867 1692 908 singula
1714 868 1796 900 fiunt
1818 869 2027 900 accidentium
2044 870 2123 901 circa
2146 870 2260 911 ipsam,
2277 870 2419 902 dicamus

1422 920 1517 941 nunc.

1354 954 1519 986 Refractus
1541 955 1673 996 quidem
1695 956 1790 996 igitur
1811 957 1897 988 visus
1923 944 1963 988 ab
1986 958 2136 989 omnibus
2159 958 2284 990 videtur
2307 958 2420 999 planiS,

1420 999 1539 1030 horum
1562 1007 1669 1030 autem
1693 1007 1739 1031 est
1761 1011 1814 1031 aer
1836 1008 1867 1032 et
1889 1012 1980 1042 aqua.
2006 1002 2056 1033 Fit
2079 1009 2187 1034 autem
2209 1003 2248 1033 ab
2267 1013 2337 1033 aere
2353 1003 2422 1044 qui-

1422 1043 1506 1081 dem,
1524 1054 1599 1074 cum
1618 1043 1718 1075 factus
1742 1044 1835 1076 fuerit
1851 1045 2035 1077 consistens.
2058 1046 2192 1087 Propter
2209 1047 2296 1078 visus
2311 1054 2420 1078 autem

1421 1087 1614 1118 debilitatem
1629 1098 1722 1129 saepe
1739 1095 1769 1119 et
1781 1089 1847 1120 sine
1863 1089 2083 1130 inspissatione
2099 1090 2173 1122 facit
2188 1091 2419 1129 refractionem,

1420 1131 1523 1172 qualis
1539 1132 1711 1173 aliquando
1736 1133 1847 1164 accidit
1870 1134 1996 1164 cuidam
2011 1134 2117 1174 passio
2141 1134 2284 1166 debiliter
2306 1142 2337 1166 et
2352 1145 2419 1166 non

1421 1182 1511 1206 acute
1526 1176 1659 1215 videnti;
1676 1187 1801 1218 semper
1817 1178 1902 1208 enim
1915 1178 2041 1209 idolum
2055 1179 2219 1210 videbatur
2234 1179 2419 1220 praecedere

1420 1220 1637 1251 ambulantem
1659 1221 1786 1261 ipsum,
1811 1231 1848 1252 ex
1871 1222 2021 1262 opposito
2045 1222 2213 1263 respiciens
2237 1223 2275 1254 ad
2298 1223 2416 1264 ipsum.

1419 1264 1493 1295 Hoc
1522 1271 1630 1295 autem
1659 1265 1836 1305 patiebatur
1850 1289 1859 1304 ,
1892 1266 1967 1307 quia
1996 1266 2082 1297 visus
2115 1266 2349 1307 refrangebatur
2379 1268 2419 1298 ad

1418 1307 1541 1348 ipsum:
1566 1309 1610 1340 sic
1626 1309 1712 1339 enim
1735 1309 1845 1340 debilis
1869 1316 1934 1341 erat
1948 1317 1980 1342 et
1995 1311 2098 1341 tenuis
2120 1311 2211 1342 valde
2234 1312 2272 1342 ab
2287 1311 2419 1342 infirmi-

1418 1359 1499 1391 tate,
1528 1360 1564 1384 ut
1586 1354 1753 1394 speculum
1782 1353 1870 1385 fieret
1899 1361 1930 1385 et
1959 1355 2158 1396 propinquus
2189 1365 2260 1394 aer,
2292 1362 2322 1387 et
2351 1366 2418 1387 non

1419 1403 1528 1436 posset
1556 1404 1733 1438 penetrare,
1765 1398 1845 1429 sicut
1873 1398 1929 1439 qui
1950 1398 2046 1439 longe
2074 1406 2105 1430 et
2127 1399 2254 1439 spissus.
2286 1400 2418 1440 Propter

1418 1441 1508 1481 quod
1531 1447 1562 1472 et
1584 1441 1715 1472 navium
1737 1441 1934 1473 summitates
1957 1449 2104 1474 retractae
2117 1443 2264 1474 videntur
2278 1444 2311 1474 in
2326 1444 2416 1483 mari,

1419 1491 1450 1515 et
1470 1485 1605 1516 maiores
1629 1486 1862 1525 magnitudines
1886 1486 2044 1526 omnium,
2069 1497 2144 1518 cum
2167 1487 2234 1518 euri
2257 1487 2416 1527 flaverint,

1419 1535 1450 1559 et
1472 1539 1554 1570 quae
1584 1529 1617 1560 in
1645 1530 1847 1570 caliginibus,
1874 1530 1962 1561 velut
1985 1537 2016 1562 et
2039 1531 2087 1561 sol
2110 1538 2140 1562 et
2162 1538 2261 1570 astra,
2285 1532 2417 1563 orientia

1419 1579 1450 1604 et
1468 1573 1701 1613 occumbentia,
1718 1574 1817 1614 magis
1837 1585 1935 1615 quam
1957 1575 1990 1605 in
2014 1575 2120 1606 medio
2145 1576 2221 1606 caeli
2245 1576 2415 1607 existentia.

1417 1619 1468 1649 Ab
1485 1628 1568 1659 aqua
1582 1624 1691 1649 autem
1705 1618 1843 1649 maxime
1862 1618 2048 1659 refrangitur
2064 1626 2094 1650 et
2109 1619 2147 1650 ab
2163 1619 2331 1660 incipiente
2349 1619 2416 1651 fieri

1418 1662 1518 1703 magis
1541 1662 1646 1693 adhuc
1669 1673 1767 1703 quam
1787 1663 1826 1693 ab
1849 1670 1935 1693 aere:
1960 1663 2135 1704 quamlibet
2157 1664 2243 1694 enim
2265 1665 2415 1705 partium,

1419 1717 1457 1737 ex
1480 1706 1597 1748 quibus
1620 1705 1655 1737 fit
1678 1707 1896 1738 constantibus
1924 1707 2059 1747 roratio,
2083 1708 2250 1748 speculum
2272 1718 2414 1740 necessa-

1417 1751 1501 1782 rium
1526 1761 1592 1782 esse
1616 1751 1716 1791 magis
1742 1751 1882 1792 caligine.

1350 1839 1515 1877 Quoniam
1543 1846 1651 1870 autem
1679 1847 1710 1871 et
1732 1839 1936 1870 manifestum
1967 1846 2013 1871 est
2036 1846 2067 1871 et
2089 1840 2210 1871 dictum
2241 1847 2287 1872 est
2309 1841 2415 1881 prius,

1417 1885 1506 1925 quod
1529 1884 1562 1914 in
1585 1883 1699 1914 talibus
1723 1884 1858 1924 speculis
1882 1884 1971 1915 color
1994 1890 2118 1915 tantum
2141 1891 2285 1925 apparet,
2315 1884 2416 1926 figura

1416 1934 1524 1959 autem
1547 1928 1770 1967 immanifesta,
1794 1927 2024 1967 necessarium,
2049 1938 2123 1959 cum
2145 1928 2274 1969 incipiat
2296 1929 2414 1969 pluere,

1417 1979 1448 2003 et
1470 1972 1535 2003 iam
1558 1972 1689 2014 quidem
1713 1972 1863 2018 consistat
1885 1973 1918 2003 in
1940 1972 2115 2004 rorationes
2142 1973 2198 2014 qui
2221 1973 2254 2003 in
2276 1973 2414 2004 nubibus

1416 2027 1479 2055 aer,
1504 2017 1652 2048 nondum
1675 2024 1782 2048 tamen
1812 2017 1919 2057 pluat,
1943 2017 1968 2048 si
1992 2027 2028 2048 ex
2052 2017 2203 2060 opposito
2235 2017 2328 2048 fuerit
2354 2018 2412 2057 sol,

1417 2068 1472 2092 aut
1494 2061 1614 2102 aliquid
1638 2061 1723 2092 aliud
1748 2061 1792 2092 sic
1815 2061 1985 2101 fulgidum,
2005 2067 2041 2092 ut
2055 2060 2110 2092 fiat
2132 2061 2298 2102 speculum
2314 2062 2413 2092 nubes

1415 2112 1447 2136 et
1469 2105 1691 2136 refractionem
1713 2105 1780 2136 fieri
1804 2106 1843 2136 ad
1867 2105 2026 2145 fulgidum
2049 2115 2085 2136 ex
2105 2105 2266 2146 opposito,
2282 2105 2413 2147 fierique

1415 2149 1593 2190 emphasim
1613 2149 1739 2188 coloris,
1754 2159 1821 2180 non
1844 2149 1973 2190 figurae.
1997 2150 2204 2190 Unoquoque
2219 2156 2326 2180 autem
2342 2159 2412 2190 spe-

1414 2193 1562 2224 culorum
1578 2193 1727 2224 existente
1750 2204 1848 2234 parvo
1873 2200 1904 2224 et
1925 2193 2119 2232 indivisibili,
2136 2203 2172 2224 ea
2195 2200 2312 2232 autem,
2330 2203 2411 2234 quae

1413 2248 1452 2268 ex
1475 2238 1626 2269 omnibus
1653 2237 1730 2278 ipsis
1761 2238 1961 2269 continuatae
1993 2237 2238 2278 magnitudinis,
2268 2237 2335 2268 visa
2358 2247 2411 2269 ne-

1415 2292 1500 2313 cesse
1525 2282 1710 2313 continuam
1733 2282 1986 2323 magnitudinem
2016 2282 2158 2312 eiusdem
2185 2291 2334 2322 apparere
2358 2291 2410 2312 co—

1413 2326 1505 2365 loris3
1535 2326 1792 2367 unumquodque
1816 2326 1901 2357 enim
1924 2326 2127 2366 speculorum
2150 2326 2287 2360 eundem
2310 2325 2412 2357 reddit

1413 2371 1555 2402 colorem
1579 2370 1739 2402 continue.
1763 2371 1870 2409 Quare
1888 2370 2043 2411 quoniam
2065 2370 2142 2400 haec
2166 2369 2318 2410 contingit
2332 2370 2410 2400 acci-

1414 2415 1497 2454 dere,
1513 2425 1588 2446 cum
1603 2415 1716 2446 habeat
1737 2415 1800 2445 hoc
1815 2415 1914 2446 modo
1938 2414 1988 2445 sol
2006 2421 2036 2445 et
2052 2414 2163 2452 nubes,
2180 2420 2211 2444 et
2223 2423 2283 2444 nos
2299 2424 2410 2444 sumus

1412 2459 1444 2490 in
1469 2459 1657 2490 intermedio
1681 2459 1844 2500 ipsorum,
1876 2459 1933 2490 erit
1955 2465 2084 2499 propter
2107 2457 2327 2489 refractionem
2345 2468 2410 2488 em-

1413 2503 1519 2544 phasis
1543 2503 1712 2545 quaedam.
1746 2503 1936 2541 Quinimmo
1968 2510 1999 2534 et
2020 2502 2143 2533 videtur
2166 2508 2259 2541 tunc,
2291 2509 2322 2533 et
2343 2512 2410 2532 non

1412 2547 1501 2579 aliter
1523 2547 1710 2579 habentibus
1734 2547 1814 2579 facta
1837 2547 1900 2578 iris.

1346 2644 1446 2681 Quod
1464 2643 1596 2684 quidem
1618 2643 1714 2683 igitur
1735 2643 1788 2674 iris
1804 2643 1843 2674 sit
1863 2642 2005 2674 refractio
2028 2641 2114 2672 visus
2137 2641 2176 2671 ad
2192 2641 2293 2671 solem
2311 2640 2410 2671 mani—

1413 2688 1541 2727 festum,
1565 2694 1694 2728 propter
1718 2688 1807 2728 quod
1831 2694 1861 2718 et
1884 2698 1921 2718 ex
1944 2686 2094 2727 opposito
2117 2695 2241 2726 semper
2263 2685 2312 2716 fit:
2336 2684 2410 2715 halo

1413 2740 1520 2763 autem
1544 2732 1624 2763 circa
1642 2732 1766 2772 ipsum,
1791 2731 1937 2773 quamvis
1960 2731 2055 2761 ambo
2078 2729 2240 2767 refractio;
2271 2729 2326 2760 sed
2348 2729 2411 2759 hoc

1413 2777 1545 2818 quidem
1575 2776 1723 2807 colorum
1753 2776 1899 2806 varietate
1930 2775 2049 2805 differt:
2072 2774 2149 2804 haec
2172 2773 2302 2814 quidem
2326 2773 2411 2803 enim

1414 2822 1453 2852 ab
1477 2831 1559 2862 aqua
1582 2827 1613 2851 et
1636 2821 1726 2860 nigro
1745 2820 1781 2851 fit
1798 2820 1941 2850 refractio
1966 2826 1996 2849 et
2019 2819 2057 2849 de
2079 2818 2184 2858 longe,
2203 2817 2280 2847 haec
2303 2823 2410 2847 autem

1414 2866 1454 2896 de
1476 2875 1576 2906 prope
1601 2871 1631 2895 et
1654 2865 1692 2895 ab
1717 2874 1786 2895 aere
1816 2864 1934 2894 albiore
1957 2862 2133 2893 secundum
2156 2867 2311 2892 naturam.
2343 2862 2408 2900 Ap-

1414 2917 1503 2950 paret
1526 2916 1633 2940 autem
1656 2909 1815 2949 fulgidum
1837 2918 1893 2948 per
1920 2907 2063 2947 nigrum,
2088 2911 2142 2936 aut
2164 2905 2197 2935 in
2220 2905 2310 2945 nigro
2331 2902 2410 2946 (dif-

1414 2954 1474 2985 fert
1497 2954 1582 2984 enim
1605 2951 1696 2995 nihil)
1716 2952 1899 2993 puniceum.
1924 2951 2056 2982 Videtur
2078 2957 2185 2980 autern
2208 2948 2410 2979 madidorum

1413 2999 1574 3039 lignorum
1604 2998 1711 3037 ignem
1741 2996 1909 3037 quomodo
1931 2996 2062 3025 rubeam
2088 2994 2201 3024 habeat
2229 2993 2409 3030 flammam,

1414 3049 1581 3083 propterea
1605 3042 1693 3082 quod
1716 3040 1807 3071 fumo
1832 3040 1934 3070 multo
1958 3039 2074 3069 mixtus
2098 3044 2144 3068 est
2166 3037 2246 3077 ignis
2270 3036 2408 3077 fulgidus

1414 3087 1547 3117 existens
1567 3092 1597 3116 et
1612 3085 1713 3123 albus,
1730 3091 1760 3115 et
1776 3094 1831 3124 per
1848 3083 2013 3123 caliginem
2028 3089 2058 3113 et
2074 3082 2201 3112 fumum
2218 3080 2265 3111 sol
2281 3086 2411 3121 apparet

1414 3131 1578 3171 puniceus.

1347 3177 1480 3215 Propter
1502 3174 1591 3214 quod
1613 3172 1699 3203 iridis
1722 3172 1852 3213 quidem
1867 3170 2010 3201 refractio
2034 3179 2116 3210 quae
2139 3169 2241 3209 prima
2254 3169 2350 3200 talem
2365 3168 2410 3198 vi-

1415 3220 1506 3249 detur
1521 3218 1634 3248 habere
1651 3217 1791 3247 colorem
1809 3214 1840 3258 (a
1856 3215 1951 3255 guttis
1969 3214 2055 3245 enim
2070 3213 2173 3254 parvis
2188 3212 2224 3243 fit
2239 3210 2410 3255 refractio),

1413 3272 1495 3303 quae
1519 3268 1625 3292 autem
1648 3260 1748 3301 ipsius
1771 3260 1857 3297 halo,
1882 3269 1958 3289 non.
1982 3259 2030 3289 De
2046 3258 2113 3288 aliis
2128 3263 2235 3288 autem
2251 3257 2410 3287 coloribus

1413 3306 1570 3347 posterius
1594 3305 1746 3335 dicemus.
1775 3304 1890 3334 Adhuc
1913 3309 2020 3333 autem
2048 3302 2127 3332 circa
2149 3302 2257 3341 ipsum
2280 3301 2411 3342 quidem

1414 3351 1515 3381 solem
1538 3360 1603 3380 non
1627 3348 1662 3379 fit
1685 3358 1776 3379 mora
1798 3347 1868 3378 talis
1901 3346 2137 3384 consistentiae,
2162 3346 2217 3376 sed
2240 3352 2295 3376 aut
2317 3344 2409 3385 pluit,

1413 3402 1468 3425 aut
1491 3394 1689 3431 dissolvitur;
1714 3403 1751 3423 ex
1765 3391 1915 3432 opposito
1940 3397 2047 3421 autem
2065 3390 2098 3420 in
2113 3389 2301 3420 intermedio
2317 3398 2410 3429 gene-

1413 3438 1542 3469 rationis
1558 3447 1658 3478 aquae
1674 3437 1709 3467 fit
1727 3436 1889 3477 quoddam
1906 3442 2042 3475 tempus.
2060 3434 2224 3472 Quoniam
2238 3433 2264 3464 si
2280 3434 2410 3474 quidem

1412 3470 1510 3521 fieret,
1527 3489 1606 3512 esset
1625 3482 1735 3522 utique
1759 3481 1897 3511 colorata
1919 3479 1993 3509 halo
2010 3479 2090 3509 sicut
2105 3478 2167 3509 iris.
2190 3478 2284 3508 Nunc
2303 3483 2410 3507 autern

1413 3534 1480 3558 tota
1501 3537 1567 3557 non
1582 3525 1663 3556 fiunt
1679 3525 1774 3556 talem
1792 3524 1939 3555 habentia
1955 3523 2143 3563 emphasim,
2160 3532 2263 3562 neque
2280 3521 2408 3558 circulo,

1412 3581 1508 3612 parva
1522 3577 1629 3601 autem
1642 3577 1673 3601 et
1687 3569 1864 3600 secundum
1880 3574 2012 3609 partem,
2029 3577 2110 3608 quae
2126 3573 2279 3597 vocantur
2294 3565 2409 3605 virgae.

2450 785 2460 794 ·
2476 783 2534 812 Cap.
2548 790 2582 806 tv.
