2782 4134
0 1864 183 1891 ‘'and-m

1145 242 1258 279 CAP.
1287 242 1339 288 v,
1369 241 1522 278 LECT.
1552 241 1588 278 x

2415 252 2461 287 41

265 330 380 354 motam
400 322 432 352 in
446 324 635 353 contrarium.
651 340 671 346 -
684 333 713 360 4.
734 322 834 351 Tertia
855 321 940 349 ratio.
962 322 1005 348 Ex
1026 320 1191 357 praemissis
1213 320 1342 357 sequitur
1397 315 1470 358 pore
1491 320 1590 348 finito:
1619 329 1688 348 nam
1710 329 1805 356 neque
1820 320 1945 356 spatium
1967 319 2080 347 finitum
2101 319 2274 356 pertransire
2288 326 2383 356 potest
2397 327 2469 348 tem-

267 371 383 401 tempus
403 374 465 401 quo
490 364 568 393 linea
588 363 701 392 infinita
722 368 856 391 movetur
876 370 928 397 per
948 360 1055 389 lineam
1076 360 1198 396 finitam,
1221 370 1283 389 esse
1298 360 1342 388 in-

1398 370 1469 397 pore
1492 360 1584 388 finito.
1607 362 1699 388 Porro
1721 360 1833 388 caelum
1855 366 1987 396 tempore
2009 359 2091 387 finito
2113 359 2212 388 circuit
2229 366 2323 388 totum
2345 360 2472 396 spatium

267 404 392 433 finitum.
414 405 499 433 Unde
514 403 694 442 impossibile
709 409 752 431 est
769 410 875 438 corpus
889 399 1035 428 infinitum
1057 401 1168 429 moveri
1182 410 1234 438 per
1248 407 1342 429 totum
1399 410 1494 429 suum.
1516 401 1601 429 Unde
1614 400 1664 428 tali
1678 407 1811 437 ternpore
1826 399 1979 436 pertransit
1993 399 2119 436 aliquam
2134 399 2240 427 lineam
2257 399 2377 427 finitam.
2393 401 2473 437 Ergo

268 444 395 482 spatium
409 443 557 473 infinitum
571 444 618 480 (in
631 452 691 481 quo
709 450 815 478 nempe
830 440 1024 478 imaginamur
1038 448 1152 469 motum
1168 441 1247 477 eius)
1269 448 1342 469 tem-

510 545 519 558 ·
536 535 719 573 raemissa
745 535 872 584 prima
900 534 1058 581 ratione,
1088 546 1188 583 quae
1211 546 1345 583 proce-

502 596 519 620 -ἰ
535 589 651 627 debat
684 588 733 626 ad
766 588 1049 626 ostendendum
1090 600 1230 636 corpus
1266 600 1345 624 non

355 671 361 681 ,
512 646 619 679 esse
646 641 840 679 infinitum
873 641 980 690 quod
1013 640 1242 678 circulariter
1275 640 1346 677 fer-

416 688 515 737 'ffii''
535 702 610 742 tur,
640 706 688 731 ex
715 694 791 732 hoc
819 695 926 743 quod
954 693 1129 731 distantia
1157 706 1256 743 quae
1291 699 1347 730 est

268 750 366 788 inter
385 750 480 787 duas
503 748 622 786 lineas
641 759 664 785 a
684 755 814 785 centro
840 747 1075 796 egredientes
1105 746 1173 784 erit
1199 746 1347 784 infinita

269 810 307 841 et
333 800 672 852 impertransibilis,
691 801 754 838 hic
772 801 882 851 ponit
909 800 1120 838 secundam
1140 800 1344 847 rationem,

268 868 316 893 ex
343 856 420 893 hoc
448 854 554 904 quod
578 853 701 891 lineae
721 854 932 903 descriptae
951 853 1179 902 imaginatae
1205 853 1244 890 in
1265 866 1346 891 cor-

266 921 364 959 pore
393 908 562 954 infinito,
588 907 670 945 sive
699 907 738 945 in
767 908 848 946 eius
875 909 980 956 loco,
1009 920 1089 945 non
1116 914 1278 956 possunt
1306 919 1346 944 se

268 961 438 1000 invicem
466 961 708 998 intersecare.

323 1015 375 1052 Et
399 1013 608 1064 praemittit
634 1013 674 1051 in
702 1015 776 1052 hac
803 1014 950 1052 ratione
983 1014 1182 1063 quoddam
1210 1013 1347 1063 princi-

268 1067 392 1119 pium,
408 1067 550 1105 scilicet
568 1067 676 1116 quod
695 1068 727 1105 si
746 1081 769 1106 a
783 1075 959 1118 tempore
977 1068 1086 1106 finito
1107 1068 1349 1105 subtrahatur

269 1129 423 1171 tempus
437 1121 602 1169 finitum,
618 1122 726 1169 quod
745 1122 967 1171 relinquitur
980 1127 997 1143 α
1017 1133 1173 1159 necesse
1190 1129 1245 1158 est
1264 1133 1347 1158 esse

269 1174 450 1223 finitqtsss,
472 1174 565 1224 quia
591 1186 682 1224 pars
699 1175 797 1213 finiti
826 1187 906 1213 non
930 1182 1057 1225 potest
1076 1187 1159 1212 esse
1187 1173 1346 1221 infinita,

264 1224 442 1276 alffiquin
469 1235 594 1265 totum
615 1236 714 1267 esset
732 1229 860 1267 minus
881 1241 950 1266 sua
967 1235 1087 1278 parte.
1118 1228 1168 1265 Et
1195 1227 1226 1264 si
1255 1227 1348 1264 illud

270 1281 469 1319 residuum
501 1282 687 1330 temporis
717 1290 774 1320 est
803 1282 956 1321 finitum
972 1310 982 1329 ‚
1017 1292 1259 1329 consequens
1293 1288 1349 1318 est

272 1334 381 1385 quod
408 1334 550 1372 habeat
575 1334 824 1386 principium:
853 1337 930 1373 hoc
957 1334 1061 1372 enim
1086 1342 1239 1383 tempus
1259 1333 1348 1371 dici-

270 1399 360 1427 mus
374 1399 458 1425 esse
477 1387 642 1436 finitum,
659 1389 765 1438 quod
783 1389 900 1426 habet
916 1387 1147 1438 principium
1162 1394 1199 1424 et
1214 1387 1346 1424 finem.

237 1461 244 1468 -
271 1441 591 1481 Demonstratum
630 1449 686 1479 est
722 1449 849 1480 autem
885 1441 924 1479 in
951 1441 1003 1478 VI
1030 1440 1182 1490 Pinysic.
1202 1441 1222 1461 '¹'
1242 1440 1349 1488 quod

271 1500 427 1544 tempus
446 1501 484 1530 et
500 1501 629 1531 motus
657 1502 695 1532 et
722 1494 866 1533 mobile
886 1501 1181 1542 consequuntur·
1192 1506 1232 1530 se
1252 1493 1348 1531 invi-

272 1558 359 1585 cem
378 1546 418 1584 in
436 1546 512 1584 hoc
540 1548 647 1595 quod
667 1555 724 1586 est
742 1560 826 1586 esse
852 1547 1007 1586 finitum
1026 1548 1090 1585 vel
1108 1547 1302 1585 infinitum
1317 1546 1347 1584 Ρ.

271 1598 386 1638 Unde
418 1599 450 1637 si
481 1607 635 1650 tempus
670 1613 897 1639 mensurans
934 1601 1120 1639 incessum
1157 1600 1238 1638 sive
1265 1613 1349 1638 mo-

270 1659 376 1701 tum,
406 1659 463 1691 est
488 1652 643 1692 finitum
671 1661 710 1692 et
736 1655 884 1693 habens
910 1654 1162 1704 principium,
1191 1666 1348 1692 necesse

272 1713 329 1744 est
347 1705 456 1755 quod
473 1713 603 1744 motus
632 1707 679 1745 sit
705 1707 836 1746 finitus
864 1715 902 1746 et
923 1707 1030 1757 quod
1045 1707 1065 1729 *⁸
1080 1707 1221 1745 habeat
1246 1707 1350 1757 prin-

271 1758 435 1809 cipium,
465 1766 503 1797 et
526 1760 632 1810 quod
657 1761 772 1799 etiam
798 1761 1023 1810 magnitudo
1052 1767 1159 1799 mota
1179 1761 1225 1798 sit
1242 1761 1350 1799 finita

270 1819 310 1859 et
335 1813 484 1858 habens
509 1813 752 1864 principium.
791 1815 842 1852 Et
878 1815 974 1852 sicut
1008 1815 1085 1852 hoc
1121 1814 1282 1852 dicimus
1310 1815 1350 1852 in

270 1873 381 1904 motu
409 1866 522 1914 caeli,
552 1867 722 1906 similiter
749 1875 900 1918 oportet
927 1881 968 1906 se
996 1868 1140 1906 habere
1161 1869 1181 1890 *
1201 1868 1240 1906 in
1269 1867 1350 1906 aliis

268 1918 438 1959 motibus
467 1927 504 1957 et
531 1920 749 1960 mobilibus.

326 1984 362 2011 2.
397 1972 480 2013 Istis
512 1973 623 2022 igitur
653 1974 875 2024 praemissis
912 1982 1097 2023 tanquam
1133 1974 1347 2024 principiis,

268 2026 445 2076 procedit
467 2023 521 2065 ad‘
538 2026 883 2066 demonstrandum
909 2027 1165 2078 propositum.
1196 2028 1349 2078 Suppo-

269 2087 384 2118 natur
411 2091 503 2128 ergo
532 2081 642 2129 quod
669 2094 692 2120 a
721 2089 852 2120 centro
882 2081 1054 2131 corporis
1081 2081 1218 2120 infiniti
1241 2082 1348 2130 quod

270 2140 329 2171 est
345 2134 399 2182 A,
418 2134 663 2182 protrahatur
676 2136 696 2156 *
710 2135 904 2183 quaedam
923 2135 1036 2183 linea,
1057 2134 1198 2172 scillcet
1215 2135 1323 2172 AGE
1333 2164 1343 2183 ,

270 2198 371 2236 quae
391 2186 438 2224 sit
456 2186 606 2224 infinita
623 2187 674 2225 ad
693 2188 808 2225 aliam
826 2195 990 2237 partem,
1011 2187 1152 2225 scilicet
1176 2200 1222 2224 ex
1239 2195 1351 2237 parte

271 2240 328 2287 E;
354 2247 391 2278 et
409 2239 636 2288 intelligatur
654 2241 725 2278 ista
743 2241 843 2278 linea
862 2241 1114 2278 circumvolvi
1133 2241 1346 2278 secundum

271 2300 423 2331 motum
452 2293 567 2331 totius
596 2294 780 2344 corporis,
811 2301 848 2331 et
874 2294 981 2343 quod
1009 2293 1224 2332 secundum
1250 2306 1347 2344 pun-

271 2353 377 2384 ctum
401 2347 438 2384 G
467 2346 656 2385 describat
684 2347 880 2396 quendam
902 2347 1084 2385 circulum
1103 2360 1174 2385 suo
1193 2356 1302 2385 motu
1317 2353 1343 2384 ⁷.

271 2399 531 2448 Imaginemur
557 2401 672 2438 etiarn
700 2401 739 2438 in
768 2400 890 2451 spatio
910 2399 1115 2450 imaginato
1134 2401 1172 2439 in
1191 2413 1270 2450 quo
1290 2413 1347 2439 re-

269 2453 438 2492 volvitur
465 2466 606 2503 corpus
633 2454 838 2503 infinitum,
859 2454 1056 2504 quandam
1083 2454 1224 2492 lineam
1247 2462 1347 2492 stan-

269 2513 350 2544 tem
369 2506 624 2556 immobilem,
654 2520 753 2558 quae
781 2520 862 2546 non
888 2515 1054 2546 transeat
1071 2520 1142 2558 per
1161 2515 1346 2556 centrum,

271 2559 340 2598 sed
358 2560 404 2599 sit
421 2559 570 2599 infinita
589 2573 635 2598 ex
652 2569 813 2612 utraque
832 2569 952 2612 parte,
974 2569 1011 2599 et
1025 2562 1070 2600 sit
1088 2562 1188 2600 linea
1206 2563 1283 2600 BB.
1306 2562 1347 2600 Si

271 2625 375 2662 ergo,
405 2613 502 2651 sicut
525 2614 668 2652 dictum
696 2623 769 2664 est,
797 2615 898 2653 linea
926 2627 1026 2664 quae
1055 2623 1111 2654 est
1128 2616 1254 2664 AGE,
1279 2628 1349 2653 sua

269 2665 486 2705 incessione
518 2667 706 2706 describat
732 2668 918 2706 circulum
944 2681 969 2707 a
1001 2670 1036 2707 G
1059 2667 1088 2717 ὃ,
1118 2669 1215 2707 idest
1243 2670 1349 2707 cuius

271 2720 556 2759 semidiameter
573 2721 621 2760 sit
637 2723 728 2771 AG,
749 2722 942 2771 continget
969 2723 1076 2773 quod
1103 2723 1203 2761 linea
1221 2724 1346 2772 AGE,

324 2891 353 2925 a)
373 2891 447 2924 quod
468 2891 639 2924 relinquitur.
651 2905 671 2911 -
684 2891 757 2924 quod
781 2891 948 2925 relinquetur
966 2892 1002 2922 B,
1026 2892 1194 2925 relinquetur
1212 2893 1246 2923 C,
1266 2892 1348 2918 relin-

270 2926 364 2960 quitur
380 2927 480 2959 EpFG,
499 2928 632 2960 reliquum
651 2927 708 2952 AD.
719 2941 739 2946 —
750 2927 815 2952 Post
832 2935 913 2952 unam
931 2928 975 2952 lin.
989 2935 1039 2953 sua
1051 2936 1106 2953 om.
1118 2928 1194 2953 codd.

325 2960 351 2995 β)
364 2962 476 2995 finitum
495 2963 538 2988 vel
562 2963 706 2996 infinitum.
722 2976 742 2982 -
761 2963 803 2988 vel
827 2962 960 2996 infinitum
985 2971 1040 2988 om.
1053 2963 1086 2995 Ρ;
1111 2963 1144 2989 cf.
1164 2963 1252 2988 locum
1271 2963 1313 2989 cit.
1327 2977 1347 2981 -

271 2997 336 3022 Post
356 2998 401 3022 lin.
414 3005 463 3030 pro
481 3001 508 3023 er
526 2997 632 3028 habens,
652 2998 751 3024 habens
767 2999 804 3028 A,
823 3002 850 3024 et
867 2998 947 3024 habet
964 2999 1038 3030 sEF,
1056 3007 1111 3025 om.
1123 2999 1274 3032 BDGpEFl.

324 3032 351 3066 γ)
371 3039 419 3058 suo
438 3036 521 3058 motu.
534 3047 553 3052 -
564 3034 613 3058 sub
632 3037 706 3059 motu
724 3034 759 3066 P;
779 3034 820 3059 ed.
838 3033 906 3059 1516
924 3039 953 3059 ut
971 3035 1045 3059 codd.
1059 3049 1077 3053 -
1090 3035 1141 3059 Pro
1163 3035 1348 3068 Imaginemur

271 3067 387 3094 etiam...
401 3068 536 3100 quandam
555 3068 653 3094 lineam
671 3071 788 3094 stantem
808 3069 980 3100 immobilem,
1000 3074 1077 3103 prout
1095 3069 1174 3095 habet
1192 3071 1227 3101 A,
1247 3071 1266 3095 Ρ
1286 3071 1347 3103 legit

271 3104 441 3137 Imaginetur
459 3103 575 3129 etiam...
588 3104 721 3136 quaedam
740 3105 812 3130 linea
828 3108 905 3130 stans
924 3105 1080 3135 immobilis‚·
1099 3111 1148 3132 cet.
1163 3106 1239 3131 codd.
1258 3106 1348 3139 legunt

271 3147 332 3165 cum
350 3140 382 3169 A,
401 3139 450 3164 nisi
469 3139 542 3172 quod
561 3147 609 3172 pro
628 3139 812 3172 Imaginemur
831 3140 927 3166 habent
946 3141 1135 3174 Imaginemus.

324 3173 350 3207 δ)
369 3181 420 3200 sua
443 3174 586 3199 incessione
604 3174 739 3199 describat
762 3175 892 3201 circulum
910 3183 928 3201 a
949 3178 982 3202 G.
994 3190 1015 3196 -
1027 3177 1078 3202 Pro
1097 3177 1255 3207 incessione,
1276 3177 1347 3202 deci-

270 3210 345 3236 sione
365 3211 402 3240 B,
426 3210 554 3236 incisione
577 3214 640 3241 cet.;
665 3210 805 3243 legendum
830 3216 871 3237 est
894 3211 1051 3242 incessione,
1077 3213 1145 3237 sicut
1166 3218 1226 3238 ante
1249 3220 1346 3246 paucas

270 3246 353 3271 lineas
372 3245 471 3271 dictum
490 3250 530 3270 est
548 3245 682 3270 describat
706 3246 840 3278 quendam
863 3247 993 3272 circulum
1011 3255 1060 3273 suo
1079 3251 1152 3273 motu
1158 3256 1168 3278 ,·
1186 3248 1256 3273 idem
1276 3248 1346 3273 enirn

271 3280 408 3315 significat,
425 3282 457 3306 de
476 3281 602 3306 incisione
620 3281 704 3306 lineae
721 3281 765 3306 BB
781 3282 899 3307 nondum
918 3290 1007 3307 sermo
1021 3288 1069 3308 est.
1087 3283 1139 3308 Pro
1153 3291 1171 3308 a
1187 3285 1219 3313 G,
1232 3284 1315 3309 AGE
1325 3284 1345 3308 P

262 3315 324 3342 'non
336 3317 418 3342 bene:
437 3325 499 3342 nam
513 3321 584 3350 patet
596 3324 627 3341 ex
641 3321 762 3341 contextu
776 3317 847 3349 quod
861 3318 929 3343 linea
942 3318 1012 3343 AGE
1025 3318 1175 3351 intelligitur
1189 3319 1344 3350 describere,

271 3353 335 3378 dum
355 3352 573 3382 circumvolvitur,
592 3352 725 3385 quendam
744 3353 869 3377 circulum
888 3354 1033 3378 secundum
1051 3358 1177 3386 punctum
1190 3354 1222 3386 G,
1242 3362 1297 3385 seu,
1317 3359 1347 3379 ut

271 3388 421 3414 immediate
435 3388 544 3418 additur,
560 3388 632 3413 cuius
647 3387 841 3413 semidiameter
852 3388 886 3413 sit
898 3388 961 3419 AG;
979 3388 1039 3414 DG1
1051 3389 1171 3414 videntur
1184 3390 1271 3423 legere
1283 3391 1345 3415 AG.

271 3423 312 3449 Cf.
326 3428 396 3454 text„
412 3423 457 3449 ubi
475 3423 552 3449 codd.
564 3423 629 3448 Bkk.
647 3424 692 3448 EL
710 3431 765 3448 om.
779 3422 894 3456 κέντρου.
907 3437 927 3443 -
940 3424 1004 3449 Post
1022 3424 1067 3449 lin.
1079 3432 1127 3457 pro
1146 3425 1344 3455 circumeundo,

271 3459 342 3492 quod
356 3458 416 3484 hab.
430 3459 467 3489 D,
486 3459 628 3485 circuendo
641 3459 718 3490 PAG,
731 3458 893 3484 circueundo
907 3459 1021 3484 BCEFI:
1039 3459 1080 3484 hic
1093 3459 1200 3485 ultimus
1214 3460 1344 3485 scribendi

270 3495 367 3519 modus
381 3499 472 3528 posset
485 3499 511 3520 et
524 3494 582 3528 ipse
595 3494 730 3527 acceptari.
745 3494 784 3520 Cf.
795 3494 931 3519 Forcellini
942 3495 975 3519 V.
991 3494 1137 3520 Circumeo.
1146 3495 1213 3519 -lbi
1226 3495 1344 3530 Manife-

270 3533 341 3556 stum
354 3533 394 3555 est
410 3530 488 3560 enim,
507 3538 556 3563 pro
574 3530 659 3560 enim,
679 3530 751 3563 quod
769 3538 824 3555 orn.
838 3530 870 3561 D,
888 3533 979 3555 autem
997 3530 1017 3554 P
1037 3535 1063 3555 et
1081 3535 1130 3555 cet.
1149 3538 1202 3555 exc.
1217 3531 1254 3562 Α;
1273 3531 1344 3556 enim

270 3566 383 3599 legimus
401 3566 487 3598 potius
507 3574 587 3599 quam
605 3569 709 3595 autem,
719 3565 779 3599 quia
797 3565 839 3590 hic
858 3565 1038 3591 manifestatur
1056 3573 1137 3599 quare
1149 3566 1215 3591 linea
1227 3566 1307 3598 AGE,
1321 3567 1344 3592 si

271 3606 407 3627 moveatur
424 3602 459 3626 ita
477 3601 549 3634 quod
567 3601 693 3627 circulum
713 3601 846 3631 discribat,
865 3601 963 3627 secabit
980 3606 1062 3626 totam
1080 3601 1176 3627 lineam
1194 3601 1246 3626 BB-

415 3653 485 3687 Opp.
501 3654 532 3679 D.
551 3654 666 3679 Tuom
685 3654 717 3679 T.
737 3654 777 3679 III.

1399 440 1578 478 impossibile
1597 447 1639 469 est
1653 449 1759 477 corpus
1781 440 1862 477 quod
1884 439 2058 468 circulariter
2078 446 2212 468 movetur
2233 448 2294 467 esse
2315 439 2472 467 infinitum.

1401 533 1673 571 circumeundo
1704 533 1886 570 circulum
1909 532 2160 582 praedictum,
2181 532 2324 569 secabit
2351 539 2471 569 totam

1401 587 1542 624 lineam
1557 588 1621 624 BB
1641 587 1679 624 in
1699 594 1870 636 ternpore
1890 586 2009 624 finito.
2027 586 2274 623 Manifestum
2295 592 2350 622 est
2369 585 2473 622 enirn

1401 640 1508 688 quod
1528 640 1810 678 semidiameter
1829 640 1956 678 circuli
1975 652 2055 677 non
2074 646 2200 688 potest
2217 639 2324 676 volvi
2347 639 2386 675 in
2406 638 2473 675 cir-

1402 692 1504 729 cuitu
1519 693 1588 730 nisi
1608 693 1746 731 incidat
1763 695 1827 731 vel
1846 701 1948 731 secet
1967 692 2182 730 successive
2201 699 2320 729 totam
2334 692 2473 729 lineam

1401 745 1639 782 immobilem
1658 746 1904 795 imaginatam
1932 747 1971 784 in
2000 746 2140 784 circulo
2166 752 2268 783 extra
2289 753 2472 783 centrum.

1402 799 1452 835 Et
1483 799 1590 847 quod
1622 807 1775 849 tempus
1810 800 1855 837 sit
1888 800 2039 837 finitum
2065 800 2105 837 in
2132 811 2210 848 quo
2239 799 2339 836 linea
2374 811 2472 847 quae

1403 851 1575 889 educitur
1603 865 1625 888 a
1654 861 1806 900 centro,
1842 861 1945 890 secet
1977 853 2118 890 lineam
2151 852 2338 890 infinitam
2376 864 2475 901 quae

1403 905 1626 942 describitur
1641 913 1745 943 extra
1760 914 1945 954 centrum,
1962 907 2178 944 manifestat
2191 918 2261 955 per
2278 906 2354 942 hoc
2369 906 2475 954 quod

1402 965 1524 996 totum
1552 966 1706 1009 tempus
1733 959 1772 996 in
1801 971 1879 1007 quo
1910 961 2058 997 caelum
2085 967 2276 1007 movetur,
2307 966 2363 996 est
2390 958 2475 996 fini-

1403 1019 1507 1059 tum,
1543 1012 1638 1050 sicut
1673 1019 1778 1062 patet
1805 1014 1854 1050 ad
1883 1026 2057 1051 sensum:
2095 1013 2199 1051 unde
2234 1024 2474 1061 consequens

1404 1074 1461 1103 est
1479 1066 1585 1115 quod
1603 1078 1692 1115 pars
1710 1065 1806 1103 illius
1826 1067 2018 1116 temporis,
2039 1067 2146 1116 quod
2165 1066 2333 1104 aufertur
2352 1078 2374 1103 a
2393 1073 2473 1103 toto

1403 1127 1588 1168 tempore,
1610 1119 1656 1156 sit
1673 1119 1779 1157 :finita
1796 1121 1828 1166 ²²⁸,
1848 1119 1887 1157 in
1906 1133 1984 1169 quo
2009 1120 2147 1158 scilicet
2169 1120 2270 1157 linea
2292 1120 2400 1157 AGE
2420 1119 2474 1157 in-

1405 1172 1491 1210 cidit
1517 1172 1657 1210 lineam
1677 1173 1755 1210 BB.
1783 1173 1854 1210 Vel
1883 1174 2008 1222 potius
2028 1174 2196 1222 sequitur
2213 1173 2305 1210 illud
2323 1180 2474 1222 tempus

1404 1238 1488 1262 esse
1507 1225 1672 1274 finitum,
1688 1225 1726 1263 in
1741 1238 1818 1275 quo
1839 1227 1899 1264 illa
1917 1227 2015 1264 linea
2033 1227 2202 1264 incidens
2217 1227 2334 1264 fertur
2346 1238 2470 1275 usque

1404 1279 1454 1316 ad
1482 1278 1622 1316 lineam
1650 1291 1750 1328 quae
1778 1279 1967 1327 inciditur;
1998 1288 2034 1318 et
2062 1281 2137 1317 hoc
2165 1287 2316 1330 oportet
2338 1280 2476 1317 auferri

1404 1344 1427 1369 a
1445 1339 1526 1370 toto
1551 1340 1724 1382 tempore
1752 1333 1872 1381 finito,
1892 1341 1934 1371 ut
1953 1333 2093 1372 residui
2111 1333 2295 1383 temporis
2314 1333 2472 1383 accipia-

1403 1393 1464 1423 tur
1487 1386 1686 1434 quoddam
1714 1387 1954 1436 principium,
1984 1388 2196 1425 secundum
2223 1387 2475 1436 principium*

1405 1451 1520 1488 supra
1535 1441 1554 1459 ⁴·
1574 1440 1751 1489 positum.
1783 1441 1963 1489 Sequitur
1990 1453 2081 1489 ergo
2110 1440 2217 1489 quod
2246 1440 2292 1478 sit
2320 1440 2475 1488 aliquod

1403 1492 1632 1542 principium
1660 1494 1864 1543 temporis,
1897 1494 1937 1531 in
1971 1506 2049 1542 quo
2078 1493 2177 1530 linea
2205 1494 2312 1531 AGE
2347 1493 2476 1542 incipit

1403 1545 1570 1583 incidere
1598 1546 1740 1584 lineam
1768 1548 1846 1584 BB.
1877 1548 1964 1584 Hoc
1992 1555 2120 1584 autem
2151 1554 2207 1583 est
2223 1546 2474 1596 impossibile:

1405 1599 1508 1647 quia,
1529 1611 1619 1636 cum
1640 1612 1760 1637 unam
1786 1607 1936 1649 partem
1964 1600 2102 1638 incidat
2130 1607 2216 1637 ante
2236 1599 2360 1647 aliam,
2382 1599 2413 1637 si
2433 1599 2477 1637 sit

1405 1652 1496 1690 dare
1524 1653 1753 1702 principium
1781 1653 1963 1703 temporis
1981 1654 2020 1691 in
2039 1666 2118 1702 quo
2146 1653 2272 1703 incipit
2298 1653 2475 1700 incidere,

1406 1713 1504 1743 esset
1533 1706 1624 1744 dare
1651 1706 1879 1756 principium
1907 1707 2060 1757 aliquod
2079 1707 2094 1734 ζ
2120 1706 2159 1744 in
2192 1706 2291 1744 linea
2318 1706 2476 1754 infinita,

1405 1759 1512 1808 quod
1532 1767 1587 1797 est
1607 1768 1738 1798 contra
1767 1760 1954 1798 rationem
1980 1760 2124 1798 infiniti.
2140 1781 2164 1788 -
2186 1760 2248 1797 Sic
2267 1772 2356 1808 ergo
2377 1767 2479 1810 patet

1405 1813 1511 1862 quod
1540 1825 1679 1863 corpus
1706 1813 1895 1851 infinitum
1923 1826 2002 1852 non
2031 1813 2210 1863 contingit
2237 1813 2384 1851 revolvi
2409 1813 2476 1851 cir-

1406 1866 1589 1904 culariter.
1619 1866 1732 1905 Unde
1761 1867 1792 1904 si
1817 1868 1986 1906 mundus
2014 1867 2059 1905 sit
2084 1867 2272 1914 infinitus,
2311 1866 2479 1915 sequitur

1406 1920 1511 1969 quod
1540 1932 1620 1958 non
1648 1927 1852 1958 moveatur
1880 1920 2115 1958 circulariter.
2144 1920 2329 1958 Videmus
2347 1928 2478 1957 autem

1404 1973 1695 2012 firmamentum
1723 1974 1874 2012 moveri
1905 1974 2149 2012 circulariter:
2183 1986 2264 2011 non
2301 1986 2390 2023 ergo
2424 1980 2480 2011 est

1402 2026 1606 2065 infinitum.
2098 2026 2100 2029 ’

1459 2081 1494 2118 3.
1516 2080 1688 2118 Tertiam
1707 2079 1895 2118 rationem
1919 2082 2028 2130 ponit
2053 2081 2121 2119 ibi:
2141 2082 2277 2119 Adhuc
2295 2086 2420 2117 autem
2445 2086 2482 2118 et

1403 2145 1454 2170 ex
1466 2134 1524 2171 his
1543 2142 1626 2171 etc.:
1648 2142 1685 2171 et
1703 2134 1865 2171 sumitur
1883 2135 1979 2172 haec
1994 2135 2088 2173 ratio
2105 2148 2150 2172 ex
2165 2133 2350 2172 infinitate
2364 2134 2478 2171 totius

1404 2187 1576 2236 corporis
1605 2187 1712 2236 quod
1738 2187 1895 2237 ponitur
1924 2188 2152 2226 circulariter
2180 2187 2341 2225 moveri.
2376 2187 2478 2225 Dicit

1404 2252 1495 2288 ergo
1525 2241 1632 2289 quod
1661 2253 1707 2278 ex
1734 2241 1793 2278 his
1823 2241 1937 2279 etiam
1966 2253 2066 2290 quae
2095 2249 2326 2291 sequuntur,
2356 2241 2477 2278 mani-

1402 2293 1542 2331 festum
1563 2301 1619 2331 est
1637 2293 1743 2344 quod
1766 2294 2002 2344 impossibile
2022 2303 2078 2333 est
2097 2308 2235 2345 corpus
2254 2294 2447 2332 infinitum
2463 2300 2478 2318 '¹

1403 2347 1553 2385 moveri
1579 2347 1819 2384 circulariter.
1850 2348 2060 2386 Praemittit
2079 2357 2208 2387 autern
2228 2347 2336 2398 quod
2355 2348 2386 2385 si
2406 2348 2479 2386 sint

1403 2400 1504 2438 duae
1531 2400 1654 2438 lineae
1682 2401 1824 2449 finitae,
1854 2413 2020 2450 quarum
2048 2415 2128 2440 una
2156 2403 2201 2440 sit
2219 2404 2255 2440 A
2276 2408 2312 2439 et
2340 2401 2412 2439 alia
2430 2403 2476 2451 B,

1402 2453 1454 2491 ita
1482 2454 1589 2503 quod
1616 2456 1652 2491 A
1679 2455 1821 2492 feratur
1839 2454 1942 2493 iuxta
1960 2457 1991 2493 B
2017 2456 2276 2505 quiescentem
2290 2453 2319 2502 ⁰,
2347 2467 2393 2492 ex
2411 2468 2478 2492 ne-

1404 2508 1575 2545 cessitate
1610 2508 1781 2557 sequitur
1818 2509 1924 2558 quod
1961 2509 2074 2547 simul
2107 2510 2207 2547 linea
2243 2518 2350 2548 mota
2377 2521 2478 2557 quae

1405 2568 1462 2598 est
1479 2563 1531 2610 A,
1552 2569 1749 2611 separetur
1776 2574 1799 2599 a
1826 2561 1926 2600 linea
1953 2570 2075 2600 stante
2104 2576 2204 2612 quae
2234 2571 2290 2601 est
2317 2565 2370 2612 B,
2401 2570 2438 2600 et
2457 2575 2477 2600 e

1405 2622 1536 2653 contra
1574 2615 1674 2653 linea
1701 2623 1805 2653 stans
1834 2627 1932 2664 quae
1962 2623 2019 2654 est
2045 2617 2089 2665 B,
2120 2624 2318 2666 separetur
2337 2630 2360 2654 a
2378 2616 2479 2654 linea

1404 2676 1511 2706 mota
1529 2681 1629 2718 quae
1651 2677 1707 2706 est
1723 2670 1771 2706 A.
1793 2670 1843 2706 Et
1856 2669 1970 2707 huius
1986 2670 2080 2708 ratio
2102 2678 2168 2719 est,
2189 2670 2279 2720 quia
2294 2678 2478 2720 quantam

1402 2729 1551 2772 partem
1579 2734 1658 2760 una
1687 2735 1822 2761 earum
1850 2723 1986 2773 accipit
2006 2724 2054 2762 de
2074 2724 2158 2773 alia,
2182 2731 2328 2762 tantam
2349 2737 2369 2761 e
2390 2736 2480 2761 con-

1458 2893 1480 2926 ε)
1500 2892 1646 2918 secundum
1660 2892 1838 2925 principium.
1850 2906 1870 2911 -
1882 2893 1940 2917 Hoc
1959 2900 2013 2918 om.
2027 2892 2160 2923 BCDFGI,
2175 2891 2265 2925 utique
2279 2891 2340 2924 quia
2358 2891 2477 2917 homote-

1403 2928 1493 2953 leuton
1512 2933 1561 2953 est.
1575 2942 1594 2947 -
1608 2928 1673 2953 Post
1686 2936 1766 2953 unam
1783 2928 1827 2952 lin.
1842 2936 1890 2961 pro
1909 2928 2003 2960 incipit
2021 2928 2146 2957 incidere,
2162 2927 2256 2959 incipit
2274 2927 2378 2952 intrare
2390 2928 2421 2958 A,
2437 2928 2478 2953 in-

1403 2964 1504 2996 ceperit
1523 2963 1641 2989 incidere
1659 2964 1690 2989 P.

1456 2999 1482 3032 ζ)
1489 2999 1657 3032 principium
1667 2999 1810 3032 aliquod.-
1815 2999 1980 3031 principium
1990 2998 2094 3031 aliquid
2103 2998 2178 3028 CFG‚
2185 2998 2306 3029 primum
2315 2998 2418 3031 aliquid
2427 3003 2477 3024 cet.

1403 3035 1558 3060 Retinemus
1568 3035 1734 3067 principium
1744 3034 1862 3068 aliquod,
1872 3035 1941 3059 iuxta
1954 3034 2063 3058 modum
2073 3034 2196 3066 loquendi
2209 3032 2351 3058 adhibitum
2366 3034 2392 3058 in
2402 3041 2478 3067 prae-

1404 3070 1555 3095 cedentibus
1575 3070 1625 3104 (cf.
1641 3071 1718 3095 etiam
1737 3078 1810 3095 num.
1831 3070 1970 3102 praeced.).
1990 3069 2090 3094 Revera
2109 3077 2162 3093 non
2180 3068 2264 3101 agitur
2286 3068 2327 3094 hic
2347 3069 2379 3094 de
2397 3077 2476 3102 quae-

1403 3107 1488 3132 stione
1503 3114 1535 3131 an
1550 3105 1576 3130 in
1591 3106 1659 3131 linea
1671 3107 1713 3131 vel
1727 3105 1845 3138 quolibet
1857 3105 1908 3129 alio
1922 3104 2043 3129 continuo
2057 3104 2090 3129 sit
2102 3105 2163 3129 dare
2176 3104 2273 3137 aliquid
2286 3105 2410 3137 primum,
2429 3113 2477 3130 seu

1403 3142 1517 3175 aliquam
1536 3141 1648 3174 primam
1667 3146 1780 3174 partem:
1795 3140 1845 3165 hoc
1859 3141 1929 3165 enim
1942 3147 2001 3164 esse
2016 3145 2105 3165 contra
2123 3140 2250 3165 rationem
2263 3140 2385 3171 continui,
2401 3140 2426 3165 in
2441 3141 2475 3165 VI

1402 3177 1511 3211 Physic.
1525 3176 1593 3209 (lect.
1608 3185 1653 3208 vn,
1669 3184 1741 3202 num.
1757 3175 1770 3201 5
1784 3175 1872 3208 seqq.)
1886 3175 2038 3206 ostenditur,
2054 3183 2085 3200 ex
2098 3183 2130 3200 eo
2143 3175 2215 3208 quod
2229 3183 2309 3200 omne
2323 3176 2476 3201 continuum

1403 3218 1444 3237 est
1462 3212 1603 3242 divisibile,
1622 3217 1648 3236 et
1666 3212 1737 3241 ideo,
1756 3212 1778 3236 si
1797 3215 1937 3244 poneretur
1955 3210 2010 3235 dari
2028 3210 2072 3235 tali
2096 3211 2176 3236 modo
2195 3211 2292 3244 aliquid
2315 3211 2431 3244 primum
2449 3212 2476 3236 in

1403 3248 1534 3277 continuo,
1548 3252 1703 3280 sequeretur
1716 3247 1859 3271 absurdum
1876 3246 1947 3278 quod
1966 3246 2063 3279 aliquid
2076 3251 2147 3271 esset
2163 3246 2235 3279 prius
2250 3247 2342 3279 primo.
2362 3247 2413 3272 Sed
2426 3246 2476 3272 hoc

1402 3283 1429 3308 in
1443 3283 1573 3316 praesenti
1588 3283 1646 3307 loco
1660 3282 1791 3312 asseritur,
1805 3282 1914 3306 scilicet:
1929 3281 1951 3306 si
1965 3287 2071 3315 tempus
2086 3290 2140 3315 quo
2153 3290 2205 3307 una
2219 3283 2286 3307 linea
2299 3282 2386 3307 incidit
2400 3283 2477 3308 aliam

1402 3318 1480 3343 habet
1498 3318 1661 3350 principium,
1680 3318 1758 3342 etiam
1776 3317 1843 3341 linea
1861 3324 1929 3349 quae
1948 3317 2067 3342 inciditur
2084 3317 2177 3343 habeat
2191 3318 2345 3350 principium
2363 3323 2474 3350 oportet.

1401 3353 1560 3386 Principium
1575 3358 1662 3377 autem
1681 3353 1805 3385 temporis
1818 3352 1862 3377 vel
1881 3352 1964 3378 lineae
1983 3360 2036 3378 non
2050 3357 2091 3378 est
2109 3353 2196 3386 aliqua
2214 3361 2274 3386 pars
2293 3354 2418 3386 ipsorum,
2433 3354 2475 3378 vel

1401 3389 1498 3422 aliquid
1516 3388 1675 3417 continuum,
1690 3388 1737 3413 sed
1756 3393 1796 3413 est
1810 3387 1907 3420 aliquid
1926 3387 2081 3413 indivisibile
2093 3389 2218 3422 temporis
2236 3389 2279 3414 vel
2292 3389 2375 3414 lineae
2395 3389 2426 3414 cf.
2441 3389 2476 3414 IV

1401 3424 1517 3458 PhJsic„
1525 3424 1585 3448 lect.
1591 3431 1661 3453 xvm‚
1670 3431 1697 3449 n.
1708 3431 1739 3448 10
1747 3431 1797 3456 sq.;
1806 3427 1832 3448 et
1842 3423 1886 3448 lib.
1891 3423 1935 3455 VI,
1943 3424 2002 3449 lect.
2009 3432 2050 3449 1.-
2056 3424 2114 3449 Lin.
2120 3432 2176 3458 seq.
2184 3432 2233 3457 pro
2239 3427 2326 3457 patet,
2334 3427 2440 3457 oportet
2446 3424 2475 3450 P.

1454 3459 1481 3492 η)
1501 3466 1599 3491 corpus
1614 3459 1757 3492 infinitum.
1770 3473 1790 3478 -
1803 3459 1860 3484 Hoc
1874 3466 1928 3484 om.
1944 3460 2020 3485 codd.
2035 3467 2089 3485 exc.
2104 3460 2154 3492 sE,
2173 3460 2221 3485 sed
2233 3460 2275 3485 vix
2289 3460 2382 3485 abesse
2396 3467 2475 3493 posse

1400 3495 1516 3525 videtum
1537 3494 1570 3519 cf.
1583 3495 1661 3519 etiam
1679 3499 1773 3520 textus.
1786 3515 1788 3518 ,

1455 3528 1479 3563 θ)
1501 3530 1581 3555 iuxta
1600 3529 1625 3554 B
1643 3530 1828 3562 quiescentem.
1841 3530 1909 3555 —lta
1927 3530 2030 3562 ACEF;
2050 3531 2131 3556 iuxta
2145 3531 2170 3556 B
2188 3531 2337 3564 quiescente
2355 3531 2418 3560 BDI,
2434 3530 2474 3555 in-

1393 3567 1446 3600 fra
1465 3566 1490 3590 Β
1507 3565 1657 3598 quiescente
1675 3565 1714 3597 G,
1733 3565 1814 3591 iuxta
1829 3565 1855 3590 Β
1867 3566 2016 3599 quiescente
2028 3566 2054 3591 B
2071 3567 2100 3592 P.
2112 3579 2131 3586 -·
2143 3567 2224 3592 Paulo
2242 3567 2308 3592 infra
2326 3574 2374 3600 pro
2386 3573 2400 3591 e
2412 3573 2474 3591 con-

1402 3605 1460 3631 tra,
1480 3608 1494 3626 e
1513 3608 1641 3626 converso
1659 3601 1702 3627 EI.

2223 3654 2238 3679 6

2504 1122 2512 1131 ·
2522 1120 2619 1148 finitum
2633 1121 2704 1144 codd.

2504 1448 2512 1457 ·
2527 1446 2599 1469 Num.
2616 1453 2632 1469 1.
