2782 4134
90 314 220 342 respecuw·
251 313 288 344 et
307 305 446 343 eadem
475 305 622 343 ratione
650 317 752 354 aqua
773 303 862 341 *ad
889 310 1049 349 terram;
1080 315 1146 340 aer
1164 316 1259 341 vero
1281 304 1328 341 ad

55 356 62 363 '
249 359 380 408 ignem
418 359 577 408 quidem
615 366 672 396 est
707 356 855 407 gravis,
895 356 985 406 quia
1023 357 1170 394 substat
1203 357 1257 405 ei,
1293 366 1330 395 et

251 412 420 451 similiter
457 425 558 463 aqua
595 412 644 450 ad
679 423 821 449 aerem.
863 410 1015 459 Corpus
1054 417 1182 448 autem
1222 411 1329 459 quod

251 466 481 504 circulariter
508 472 700 512 movetur,
730 463 967 514 impossibile
989 472 1044 501 est
1063 465 1169 514 quod
1188 465 1329 502 habeat

249 520 477 569 gravitatem
496 526 562 557 aut
580 518 788 556 levitatem.
814 518 955 566 Neque
975 517 1079 555 enim
1100 525 1227 567 potest
1244 530 1327 555 mo-

248 573 331 612 veri
350 573 400 612 ad
420 573 594 611 medium
612 571 676 609 vel
704 583 727 608 a
746 571 877 608 medio
901 571 1117 608 secundum
1136 579 1326 619 naturam,

249 640 376 677 neque
403 633 556 677 praeter
582 631 771 663 naturam.
802 625 851 662 Et
879 624 985 674 quod
1014 637 1095 662 non
1121 624 1242 673 possit
1269 637 1327 662 se-

213 703 219 709 ·
250 681 421 719 cundum
449 687 626 717 naturam
645 679 722 716 hoc
740 678 898 716 modo*
914 678 1083 726 moveri,
1110 678 1328 715 manifestat

247 747 320 784 per
337 734 414 772 hoc
441 733 548 783 quod
577 739 706 770 motus
735 739 874 780 rectus,
904 731 969 781 qui
1000 739 1056 769 est
1083 732 1132 770 ad
1153 731 1326 769 medium

247 788 311 826 vel
348 799 372 825 a
398 786 573 835 medio,
590 793 648 823 est
683 781 866 823 naturalis
903 792 1069 834 quatuor
1106 785 1325 822 elementis:

244 840 394 880 dictum
423 847 480 878 est
507 847 639 878 autem
666 851 783 889 supra
806 839 827 860 *⁶
857 838 963 889 quod
991 852 1092 877 unus
1121 847 1251 876 motus
1271 847 1327 876 est

243 893 428 933 naturalis
453 893 522 932 uni
550 893 782 943 simplicium
811 905 1038 942 corporum:
1070 905 1160 942 ergo
1190 905 1325 942 seque—

244 954 350 986 retur
386 947 493 998 quod
532 958 671 997 corpus
709 946 817 996 quod
846 946 1076 984 circulariter
1113 947 1250 994 fertur,
1280 946 1326 983 sit

247 1001 422 1040 eiusdem
442 1008 600 1039 naturae
621 1013 711 1038 cum
732 1000 860 1050 aliquo
882 1012 1088 1050 corporum
1114 1000 1221 1050 quod
1240 1012 1324 1038 mo-

245 1062 358 1094 vetur
385 1062 496 1092 motu
524 1062 650 1102 recto;
681 1054 789 1092 cuius
818 1054 1053 1092 contrarium
1083 1062 1140 1092 est
1167 1066 1284 1104 supra
1304 1055 1324 1075 *

243 1114 458 1163 ostensum.
490 1108 671 1149 Similiter
698 1121 778 1146 non
805 1115 932 1157 potest
960 1107 1035 1146 dici
1063 1107 1169 1157 quod
1195 1115 1324 1146 motus

244 1163 382 1202 rectus
398 1156 551 1212 praeter
578 1169 783 1200 naturam*
803 1161 1009 1199 conveniat
1037 1161 1190 1210 corpori
1217 1161 1324 1211 quod

245 1215 476 1255 circulariter
494 1217 623 1254 fertur.
646 1215 748 1263 Quia
767 1215 798 1253 si
816 1227 919 1253 unus
939 1215 1219 1252 contrariorum
1240 1227 1324 1252 mo-

243 1277 356 1308 tuum
384 1270 482 1307 inest
510 1269 621 1307 alicui
651 1268 804 1318 corpori
831 1276 982 1318 praeter
1010 1275 1199 1315 naturam,
1229 1267 1324 1305 alius

244 1330 376 1363 motus
396 1323 465 1361 erit
493 1323 528 1360 ei
556 1323 771 1361 secundum
800 1329 991 1370 naturam,
1020 1329 1063 1359 ut
1092 1334 1138 1359 ex
1167 1334 1283 1371 supra
1304 1323 1323 1343 *

243 1375 356 1417 dictis
381 1384 497 1427 patet.
538 1376 579 1415 Si
607 1388 699 1425 ergo
728 1383 858 1414 motus
891 1375 1076 1413 deorsum
1110 1374 1156 1413 sit
1188 1375 1323 1425 quinto

244 1430 398 1481 corpori
425 1436 578 1480 praeter
605 1438 802 1477 naturam,
841 1436 970 1466 motus
999 1441 1152 1466 sursum
1193 1428 1262 1467 erit
1290 1430 1323 1467 ei

243 1483 459 1537 secundum
497 1490 695 1531 naturam,
736 1490 772 1520 et
810 1495 831 1520 e
865 1494 1068 1520 converSO.
1106 1483 1323 1532 Utrumque

242 1544 374 1586 autem
403 1549 541 1575 eorum
570 1545 627 1575 est
653 1537 813 1584 falsum,
851 1544 894 1574 ut
924 1543 1030 1586 patet
1065 1549 1136 1586 per
1167 1549 1323 1586 praece-

243 1591 401 1631 dentem
438 1590 641 1629 rationem.
686 1590 867 1640 Sequitur
903 1602 994 1639 ergo
1037 1590 1145 1639 quod
1183 1603 1323 1640 corpus

243 1641 433 1705 quintum,
463 1643 570 1695 quod
599 1644 828 1682 circulariter
855 1643 985 1692 fertur,
1014 1656 1095 1682 non
1120 1651 1324 1682 moveatur

243 1709 287 1739 a
294 1697 426 1739 medio
454 1699 518 1736 vel
547 1698 597 1736 ad
625 1697 822 1745 medium,
855 1709 983 1747 neque
1013 1697 1228 1736 secundum
1257 1711 1323 1736 na-

241 1752 371 1791 &tram
395 1763 523 1802 neque
546 1759 700 1802 praeter
718 1759 907 1790 naturam.
937 1752 1068 1789 Omne
1089 1759 1218 1789 autem
1239 1764 1322 1789 cor-

240 1811 316 1860 'pus
343 1806 492 1844 habens
520 1805 747 1855 gravitatem
777 1813 842 1843 aut
865 1806 886 1827 *⁸
914 1805 1120 1853 levitatem,
1142 1813 1323 1843 movetur

241 1871 322 1900 uno
340 1859 484 1899 horum
503 1867 684 1898 motuum
703 1859 918 1898 secundum
938 1866 1129 1907 naturam,
1146 1866 1183 1896 et
1202 1860 1320 1897 altero

240 1919 393 1964 praeter
429 1920 618 1951 naturam.
658 1914 762 1962 Ergo
801 1925 941 1963 corpus
979 1912 1155 1963 quintum
1193 1925 1320 1962 neque

241 1964 360 2020 habet
386 1966 615 2016 gravitatem
643 1979 770 2017 neque
799 1966 1003 2004 levitatem.

71 1092 73 1094 ,
133 1065 218 1088 nam-

100 1331 215 1362 ιι4μ6.

296 2124 317 2161 ι)
334 2129 448 2158 praeter
465 2129 603 2151 naturam.
614 2129 759 2159 —propter
776 2125 826 2151 hoc
840 2126 870 2151 P.
882 2139 901 2146 —-
914 2126 972 2151 Lin.
987 2134 1045 2160 seq.
1059 2127 1082 2151 Α
1095 2125 1176 2151 habet
1189 2126 1260 2157 Quia
1272 2126 1322 2151 sci-

241 2161 524 2188 tica-contrariorum
544 2164 665 2187 motuum
683 2162 710 2187 ti
727 2168 796 2187 unus
815 2162 885 2187 inat
902 2162 986 2188 alicui
998 2162 1109 2195 corpori
1115 2165 1230 2195 praeter
1243 2164 1323 2187 natu-

241 2204 312 2227 ram,
331 2197 401 2223 alius
419 2200 508 2223 nictus
527 2197 609 2223 inerit
626 2197 652 2222 ei
669 2197 816 2223 secundum
835 2200 973 2223 naturam.

240 2268 430 2302 corruptibiles
449 2272 479 2294 ut
496 2269 535 2299 Η,
553 2269 623 2295 sicut
634 2272 700 2294 sunt
711 2269 899 2302 corruptibiles
918 2269 957 2295 ita
972 2274 1026 2301 ειη
1046 2269 1078 2294 cf.
1093 2269 1151 2294 lect.
1164 2276 1251 2302 praec.
1261 2277 1287 2294 n.
1299 2267 1323 2294 5.

1125 224 1238 262 CAP.
1270 225 1339 273 111,
1370 225 1523 262 LECT.
1553 225 1589 262 V
2409 237 2453 263 21

1439 305 1475 342 6.
1492 304 1643 342 Deinde
1655 317 1743 342 cum
1754 304 1854 343 dicit:
1871 305 2060 347 Quoniam
2071 310 2198 341 autem
2209 305 2246 341 in
2261 305 2359 342 idem
2372 313 2455 355 ete„

1385 358 1548 396 excludit
1581 358 1779 408 quandam
1814 358 2089 396 obviationem.
2128 357 2318 395 Dicebant
2355 359 2457 396 enim

1384 411 1543 460 quidam
1580 412 1687 460 quod
1722 419 1849 462 partes
1887 412 2167 448 elementorum
2205 419 2294 449 sunt
2331 424 2459 450 corru-

1382 465 1544 514 ptibiles,
1574 466 1625 503 ita
1644 466 1779 519 quod
1795 472 1898 503 extra
1921 465 2122 515 proprium
2141 465 2271 502 locum
2297 465 2457 503 existen-

1382 526 1451 566 tes,
1472 526 1680 556 moventur
1698 519 1917 556 naturaliter
1936 526 2046 558 motu
2066 526 2190 555 recto:
2220 518 2304 568 ipsa
2327 527 2458 556 autem

1384 572 1574 609 elementa
1603 573 1815 610 secundum
1845 585 1955 610 suam
1985 572 2207 609 totalitatem
2228 580 2316 609 sunt
2334 572 2457 610 incor-

1383 625 1585 674 ruptibilia,
1608 634 1645 663 et
1663 638 1862 676 nunquam
1883 633 1986 663 extra
2005 625 2205 675 proprium
2224 626 2354 663 locum
2375 638 2457 664 esse

1381 687 1564 727 possunt:
1594 680 1698 717 unde
1727 679 1765 716 in
1794 679 1886 716 locis
1915 679 1992 716 suis
2026 686 2235 717 moventur
2270 679 2457 717 circulari-

1382 739 1450 768 ter.
1481 733 1530 769 Et
1558 732 1612 770 sic
1641 745 1780 781 corpus
1814 733 1918 782 quod
1948 732 2178 770 circulariter
2210 740 2391 770 movetur
2419 733 2457 771 in

1382 797 1453 822 suo
1482 785 1569 823 loco
1598 786 1811 823 secundum
1840 799 1951 824 suam
1978 786 2213 835 totalitatem,
2234 799 2314 824 non
2343 799 2457 836 opor-

1382 846 1435 876 tet
1462 840 1569 888 quod
1607 847 1733 877 careat
1770 839 1952 888 gravitate
1983 848 2020 877 et
2046 839 2209 878 levitate.
2235 861 2261 868 -
2285 840 2348 878 Ad
2382 841 2458 878 hoc

1380 892 1492 942 igitur
1521 892 1826 940 excludendum,
1856 893 2113 943 Philosophus
2141 893 2322 943 proponit
2350 894 2458 942 quod

1381 946 1420 984 in
1454 946 1622 984 eundem
1660 947 1789 984 locum
1829 947 1998 984 feruntur
2034 947 2254 984 naturaliter
2293 959 2382 997 pars
2421 955 2458 985 et

1381 1007 1515 1048 totum,
1537 1000 1634 1038 sicut
1652 1008 1732 1038 tota
1759 1008 1859 1037 terra
1879 1008 1915 1037 et
1938 1013 2038 1038 unus
2057 1001 2169 1038 bolus
2199 1000 2291 1038 eius.
2312 1001 2362 1038 Et
2380 1001 2456 1038 hoc

1379 1061 1484 1104 patet
1504 1066 1550 1091 ex
1568 1054 1713 1104 quiete:
1744 1053 1835 1102 quia
1853 1054 2162 1104 unumquodque
2189 1061 2371 1092 movetur
2389 1067 2455 1092 na-

1380 1107 1548 1145 turaliter
1571 1108 1621 1145 ad
1640 1108 1769 1145 locum
1797 1107 1836 1145 in
1855 1120 1932 1156 quo
1949 1107 1969 1128 *⁸
1985 1108 2144 1156 quiescit
2162 1107 2395 1156 naturaliter,
2416 1108 2456 1146 in

1381 1161 1521 1198 eodem
1549 1168 1679 1198 autern
1707 1161 1794 1198 loco
1823 1161 1982 1210 quiescit
2004 1161 2223 1199 naturaliter
2250 1168 2329 1199 tota
2356 1169 2456 1199 terra

1381 1221 1418 1252 et
1435 1227 1525 1264 pars
1544 1214 1637 1252 eius.
1659 1215 1771 1252 Unde
1791 1214 2035 1252 manifestum
2057 1223 2112 1252 est
2131 1215 2237 1265 quod
2256 1222 2336 1252 tota
2355 1223 2454 1253 terra

1378 1268 1496 1305 habet
1513 1266 1526 1289 λ
1550 1268 1832 1306 inclinationem
1870 1269 2081 1306 naturalem
2110 1270 2216 1318 quod
2251 1277 2455 1307 moveatur

1379 1322 1430 1360 ad
1458 1321 1644 1370 medium,
1674 1322 1705 1359 si
1735 1330 1834 1360 esset
1862 1330 1965 1359 extra
1994 1334 2106 1359 suum
2130 1323 2271 1360 locum.

1434 1388 1470 1424 7.
1492 1375 1556 1413 Sic
1576 1388 1666 1424 ergo
1686 1388 1732 1412 ex
1750 1375 1971 1426 praemissis
1995 1376 2073 1413 duo
2099 1383 2322 1426 sequuntur.
2345 1376 2451 1423 Quo-

1380 1441 1467 1466 rum
1504 1429 1672 1479 primum
1710 1437 1766 1467 est
1802 1429 1907 1479 quod
1945 1436 2069 1466 totum
2104 1442 2243 1479 corpus
2276 1429 2452 1478 quintum

1379 1483 1522 1520 nullam
1550 1482 1744 1520 levitatem
1773 1495 1899 1532 neque
1928 1482 2154 1531 gravitatem
2181 1483 2315 1520 habet:
2345 1482 2451 1532 quia,

1379 1544 1420 1574 ut
1447 1544 1551 1586 patet
1575 1548 1620 1574 ex
1640 1536 1785 1574 ratione
1813 1536 2008 1586 praedicta
2029 1537 2067 1583 ³²,
2097 1544 2320 1574 moveretur
2345 1543 2452 1573 natu-

1379 1589 1504 1628 raliter
1522 1590 1571 1628 ad
1591 1589 1765 1627 medium
1793 1591 1856 1627 vel
1876 1602 1899 1627 a
1919 1588 2061 1627 medio.
2083 1590 2264 1627 Secundo
2284 1589 2454 1639 sequitur

1379 1656 1425 1681 ex
1445 1643 1708 1694 suppositione
1728 1655 1831 1681 nunc
1849 1643 2015 1691 inducta,
2037 1643 2143 1693 quod
2162 1643 2193 1680 si
2213 1643 2339 1693 aliqua
2363 1655 2452 1694 pars

1379 1697 1641 1735 detraheretur
1668 1710 1691 1735 a
1720 1709 1882 1747 corpore
1911 1697 2062 1734 caelesti
2080 1703 2111 1743 μ,
2133 1709 2212 1735 non
2231 1704 2454 1735 moveretur

1378 1763 1505 1800 neque
1525 1763 1680 1788 sursum
1709 1763 1836 1801 neque
1865 1750 2066 1788 deorsum:
2091 1751 2180 1801 quia
2209 1763 2298 1788 cum
2324 1750 2371 1788 sit
2390 1763 2452 1788 ea-

1378 1804 1468 1842 dem
1489 1804 1583 1842 ratio
1604 1805 1652 1843 de
1671 1812 1752 1842 toto
1773 1812 1811 1842 et
1828 1805 2011 1854 partibus,
2027 1817 2108 1842 non
2128 1804 2310 1842 convenit
2327 1816 2453 1853 neque

1377 1858 1445 1896 toti
1473 1858 1606 1908 quinto
1635 1858 1787 1908 corpori
1815 1870 1942 1907 neque
1971 1858 2082 1896 alicui
2107 1857 2205 1907 parti
2235 1858 2316 1895 eius
2349 1857 2454 1907 quod

1376 1920 1581 1949 moveatur
1606 1913 1670 1950 vel
1699 1912 1913 1950 secundum
1943 1920 2118 1950 naturam
2137 1913 2199 1950 vel
2218 1918 2369 1961 praeter
2387 1924 2453 1949 na-

1377 1973 1503 2004 turam
1533 1965 1608 2003 alio
1638 1973 1746 2003 motu
1775 1978 1893 2015 quarn
1923 1965 2105 2003 circulari.

1431 2124 1462 2195 λζ
1480 2125 1568 2151 habet.
1579 2139 1599 2146 -
1612 2125 1708 2151 habeat
1727 2126 1757 2151 P.
1770 2140 1790 2144 -
1801 2125 1892 2151 Statim
1912 2134 1960 2158 pro
1979 2129 2126 2156 moveatur,
2147 2129 2269 2151 movetur
2287 2125 2363 2151 codd.

1432 2170 1451 2196 μ
1476 2161 1665 2187 detraheretur
1673 2168 1691 2186 a
1703 2168 1816 2194 corpore
1829 2162 1945 2187 caelesti.
1954 2175 1973 2181 —
1986 2169 2003 2186 a
2013 2168 2126 2194 corpore
2139 2162 2248 2187 caelesti
2260 2161 2415 2187 traheretur
2425 2161 2454 2186 P.

1378 2197 1429 2222 Pro
1449 2204 1502 2222 mm
1522 2200 1688 2226 moveretur,
1708 2205 1760 2222 non
1781 2197 1929 2222 movebitur
1947 2197 1976 2222 P.
1988 2212 2008 2216 —
2022 2198 2050 2222 ln
2068 2196 2120 2222 fine
2138 2205 2186 2230 pro
2205 2197 2259 2222 alio
2280 2201 2354 2223 motu
2372 2204 2453 2230 quam

294 2231 323 2266 ιι)
341 2236 406 2259 sunt
423 2233 618 2266 corruptibiles,
639 2233 678 2258 ita
697 2233 778 2266 quod.
789 2248 811 2252 -
822 2236 886 2259 sunt
903 2233 1090 2266 mrruptibiles
1109 2236 1136 2258 et
1151 2233 1191 2259 ita
1204 2234 1241 2264 Α,
1254 2233 1324 2259 sicut
1377 2233 1520 2262 circulari,
1538 2233 1593 2258 alio
1612 2233 1692 2258 modo
1710 2241 1790 2266 quam
1810 2233 1938 2259 circulari
1955 2233 2078 2264 BCDFG,
2097 2233 2151 2258 alio
2171 2233 2250 2259 modo
2269 2240 2349 2266 quam
2365 2233 2452 2259 circu-

1379 2268 1433 2294 lari
1451 2271 1524 2294 motu
1544 2269 1605 2299 ΕΗ,
1623 2268 1678 2294 alio
1697 2269 1778 2294 modo
1795 2276 1876 2302 quam
1895 2269 2065 2294 circulariter
2083 2269 2126 2294 Al.

2483 1118 2493 1127 ·
2508 1117 2583 1139 locum
2597 1118 2637 1140 ubi
2649 1124 2673 1140 Α.

2478 1543 2490 1555 ’
2505 1544 2576 1566 Num.
2592 1551 2613 1573 5.
