2690 4062
58 590 68 599 ·
79 589 157 616 primo
171 594 219 610 om.
230 594 269 610 ca.

54 938 65 949 ⁸
79 937 200 959 cuiuslibet
212 944 233 960 P.

50 1244 62 1255 ⁸
75 1244 198 1265 materiam
209 1249 246 1265 ca.

47 1508 57 1517 ¹¹
71 1507 106 1528 ita
120 1512 168 1528 om.
177 1506 212 1528 rb.

295 296 355 321 VIII

297 367 420 400 sanato,
433 359 508 403 quia
520 369 588 392 non
601 358 822 391 communicat
835 370 910 391 cum
923 369 963 390 eo
976 358 1009 390 in
1022 358 1164 390 materia.
1180 355 1353 396 Quaedam

297 412 406 436 autem
429 402 549 436 habent
565 402 699 436 eandem
717 403 895 442 materiam,
912 403 996 434 sicut
1012 401 1101 434 cibus
1125 400 1176 433 vel
1192 401 1297 444 potio,
1321 408 1354 432 et

296 447 329 480 id
353 446 442 491 quod
465 455 607 487 sanatur,
624 455 656 479 et
679 446 753 479 ideo
778 446 867 479 cibus
891 445 1018 489 agendo
1043 445 1173 488 patitur,
1198 445 1274 488 quia
1297 451 1353 476 aut

297 491 419 531 calefit,
443 499 498 524 aut
521 490 731 534 infrigidatur.
764 491 850 523 Inter
873 489 952 522 haec
980 498 1089 522 autem
1118 488 1184 521 duo
1209 488 1352 538 agentia,

296 534 417 568 scilicet
440 534 636 568 medicinam
655 543 687 567 et
710 533 829 574 cibum,
853 533 1012 566 medicina
1029 541 1077 565 est
1099 532 1299 608 principium
1318 542 1352 563 m

297 590 363 623 quo
386 579 493 623 primo
510 579 525 596 *
549 587 597 612 est
620 579 719 618 actio,
747 578 836 610 cibus
860 586 968 609 autem
993 585 1041 609 est
1063 587 1162 619 agens
1186 588 1206 608 u
1222 576 1351 615 timum,

296 622 385 667 quod
401 623 467 666 agit
482 634 539 667 per
553 631 685 655 tactum.
705 622 942 664 Quaecumque
962 621 1060 663 igitur
1077 620 1205 663 agentia
1217 631 1285 652 non
1298 619 1352 652 ha-

295 667 372 700 bent
391 666 526 700 eandem
542 666 679 699 formam
692 667 726 698 in
742 665 874 698 materia
916 676 975 697 uae
992 665 1034 697 sit
1049 663 1196 697 eiusdem
1215 664 1350 697 rationis

295 722 370 743 cum
386 710 601 754 passibilibus,
616 709 694 742 haec
722 721 796 742 cum
809 709 873 741 sint
912 720 929 741 e
941 719 1081 741 numero
1098 708 1266 752 agentium
1281 708 1350 741 sive

294 755 484 794 activorum,
508 763 583 787 sunt
606 752 832 797 impassibilia;
857 763 1084 797 quaecumque
1103 761 1213 785 autem
1230 751 1350 785 habent

294 798 432 831 formam
455 799 488 831 in
511 798 643 831 materia
666 797 812 830 eiusdem
835 797 980 837 rationis,
1000 796 1128 840 agendo
1147 797 1325 840 patiuntur.

338 842 462 876 Subiun
488 843 511 874 it
528 842 567 874 ad
583 841 702 874 horum
719 840 981 879 declarationem,
1000 852 1082 891 quae
1107 840 1232 874 dicatur
1248 849 1348 874 mate-

292 887 338 919 ria
361 898 425 919 una
448 898 465 918 a
481 887 642 930 'quorum.
666 886 708 918 Et
731 884 807 918 dicit
840 884 930 929 quod
954 884 1072 918 dic1tur
1094 896 1164 918 esse
1188 896 1254 918 una
1276 896 1346 917 ma-

292 930 370 963 teria
394 929 524 963 cuilibet
543 929 568 970 *‚
592 941 674 973 quae
700 937 749 962 est
767 930 952 973 susceptiva
979 930 1235 970 contrariorum;
1264 941 1346 973 quae

291 973 365 1006 licet
387 974 428 1006 sit
451 985 515 1006 una
538 972 699 1013 subiecto,
723 972 829 1006 differt
859 982 968 1006 tamen
992 972 1173 1006 secundum
1198 984 1288 1008 esse:
1314 982 1346 1006 et

289 1026 422 1062 propter
443 1017 508 1050 hoc
524 1016 603 1050 dixit
625 1023 659 1050 ut
674 1018 718 1050 ita
739 1017 845 1050 dicam.
866 1018 908 1051 Et
930 1018 940 1050 i
967 1029 1001 1050 sa
1016 1018 1150 1050 materia
1173 1017 1291 1050 dicitur
1310 1026 1346 1050 ut

289 1073 402 1105 genus,
418 1072 485 1094 non
509 1061 641 1105 quidem
658 1061 881 1104 praedicabile,
898 1073 932 1094 se
975 1061 1092 1095 dicitur
1109 1073 1214 1105 genus
1230 1073 1345 1094 secun-

289 1105 367 1138 dum
390 1105 479 1149 quod
501 1116 605 1149 genus
630 1104 747 1138 dicitur
771 1105 954 1139 subiectum
978 1106 1132 1150 primum,
1157 1105 1246 1150 quod
1270 1106 1344 1139 sub-

288 1157 350 1182 stat
372 1149 499 1182 duobus
516 1150 684 1182 contrariis
708 1158 764 1182 aut
779 1149 943 1194 pluribus3
972 1150 1209 1183 contrariorum
1233 1159 1343 1183 autem

288 1204 390 1226 unum
414 1202 462 1226 est
484 1194 518 1226 in
541 1194 658 1234 activo,
675 1194 812 1227 alterum
828 1203 877 1227 est
900 1195 934 1227 in
957 1195 1106 1238 passivo:
1132 1203 1164 1227 et
1186 1194 1261 1228 ideo
1278 1206 1343 1227 una

286 1238 418 1270 materia
434 1246 483 1270 est
498 1238 594 1270 activi
610 1246 642 1271 et
657 1238 786 1281 passivi.
804 1241 846 1271 Et
861 1237 951 1283 quod
967 1250 1026 1282 per
1040 1247 1191 1272 naturam
1203 1238 1219 1256 *
1233 1247 1343 1283 potest

286 1292 355 1314 esse
379 1281 530 1322 calidum,
545 1283 728 1315 necessario
748 1282 862 1323 calefit,
880 1282 1012 1327 quando
1036 1294 1076 1327 ap
1101 1284 1280 1327 ropinquat
1295 1295 1343 1316 ca-

285 1325 387 1358 lidum
418 1325 605 1359 calefaciens
636 1327 755 1370 ipsum.
780 1327 854 1360 Hoc
885 1338 963 1370 ergo
995 1338 1062 1371 quo
1120 1327 1244 1360 dictum
1275 1336 1341 1368 est,

285 1381 380 1402 causa
396 1378 445 1402 est
468 1381 566 1414 quare
583 1369 742 1414 quaedam
766 1371 894 1414 agentia
911 1379 988 1404 sunt
1003 1371 1177 1415 passibilia,
1194 1381 1226 1405 et
1242 1383 1340 1416 quae-

285 1413 358 1447 dam
381 1413 602 1457 impassibilia.
619 1415 661 1448 Et
682 1415 767 1448 sicut
789 1414 913 1448 dictum
927 1424 976 1449 est
999 1416 1032 1448 in
1055 1416 1215 1456 motione,
1231 1416 1276 1449 ita
1292 1415 1339 1450 di-

284 1466 372 1490 ctum
395 1467 443 1491 est
465 1458 499 1491 in
523 1459 669 1499 actione,
693 1460 769 1503 quia
792 1460 876 1492 sicut
898 1460 932 1492 in
960 1459 1170 1493 moventibus
1193 1461 1338 1504 primum

282 1513 418 1535 movens
442 1511 491 1535 est
513 1502 692 1544 immobile,
707 1504 752 1536 ita
766 1503 782 1521 ''‘
797 1504 831 1536 in
854 1503 1010 1537 effectivis
1026 1505 1171 1548 primum
1194 1504 1338 1538 efficiens

282 1554 330 1579 est
352 1546 560 1590 impassibile.

333 1706 360 1740 α)
379 1709 405 1731 et
423 1707 482 1732 ideo
537 1707 563 1732 in
578 1707 700 1732 materia.
713 1720 733 1725 -
745 1710 771 1732 et
783 1707 841 1732 ideo
855 1706 988 1740 (omittunt
1001 1715 1069 1740 quae
1083 1708 1261 1740 patiuntur...
1276 1716 1341 1741 pas-

280 1741 346 1775 siva)
361 1742 457 1767 habent
474 1742 584 1774 speciem
598 1749 678 1768 unam
692 1742 761 1768 sicut
775 1742 906 1775 (omittunt
920 1743 990 1776 ignis
1002 1743 1080 1768 habet
1098 1744 1164 1777 esse)
1184 1744 1299 1769 calidum
1313 1744 1339 1769 in

805 282 875 318 DE
905 280 1292 318 GENERATIONE
1322 279 1393 316 ET
1422 277 1806 315 CORRUPTIONE
1836 278 1930 315 LIB.
1962 279 1976 314 I

1454 365 1483 397 3.
1508 353 1637 387 Deinde
1662 365 1739 387 cum
1763 353 1859 387 dicit:
1883 354 1938 387 Est
1961 361 2061 387 autem
2072 355 2220 397 factivum
2242 364 2316 396 etc„
2333 357 2477 391 ostendit

1408 398 1448 431 ad
1472 409 1570 442 quam
1595 409 1727 431 causam
1751 397 1925 430 reducatur
1948 410 2066 441 agens,
2090 408 2122 432 et
2145 398 2186 433 ad
2210 411 2310 451 quam
2333 402 2476 445 patiens,

1408 442 1519 475 dicens
1543 441 1633 486 quod
1657 453 1756 485 agens
1778 450 1826 475 est
1842 453 1948 475 unum
1964 443 2110 486 primum
2127 444 2328 488 principium
2350 454 2475 487 motus,

1407 494 1438 519 et
1462 495 1511 519 est
1535 485 1702 519 diversum
1725 498 1744 519 a
1767 497 1864 519 causa
1887 485 2017 520 formali
2036 496 2069 520 et
2091 486 2192 528 finali,
2209 497 2241 522 et
2263 500 2332 522 non
2356 489 2476 524 dicitur

1405 529 1512 563 finalis
1534 531 1598 563 nisi
1621 530 1806 564 secundum
1825 530 2064 574 metaphoram.
2082 534 2123 565 Et
2169 532 2239 567 uod
2262 544 2332 567 non
2355 534 2398 567 sit
2413 533 2477 568 for-

1406 574 1499 607 malis
1525 586 1585 607 nec
1605 574 1722 614 finalis,
1739 575 1786 607 sic
1802 574 1933 619 probat:
1959 576 2036 620 quia
2058 587 2146 620 quan
2171 588 2192 610 o
2209 576 2330 611 faciens
2354 587 2404 612 est
2423 590 2475 612 se-

1406 618 1551 652 cundum
1567 627 1677 651 actum
1693 618 1826 660 faciens,
1844 628 1923 652 tunc
1939 619 2064 671 aliquid
2074 630 2250 664 generatur
2261 622 2296 656 in
2311 624 2474 667 patiente;

1405 662 1462 696 sed
1485 662 1603 696 talibus
1627 662 1791 696 habitibus
1815 664 1883 696 sive
1907 662 2038 705 formls,
2064 665 2150 698 sicut
2172 674 2222 699 est
2245 667 2366 701 sanitas
2389 679 2474 712 quae

1405 716 1454 740 est
1476 706 1551 740 finis
1568 718 1588 740 o
1614 707 1769 740 erationis
1786 707 1979 748 medicinae,
1994 709 2233 753 praesentibus,
2249 722 2319 744 non
2338 723 2474 755 genera-

1404 760 1457 784 tur
1480 719 1611 795 aliquid³
1626 762 1687 784 nec
1706 750 1753 792 fit,
1774 751 1832 785 sed
1855 752 1921 785 iam
1945 762 2012 786 est:
2037 754 2164 798 species
2187 754 2203 771 *
2222 756 2311 788 enim
2335 765 2368 790 et
2390 756 2473 790 fines

1403 804 1481 846 sunt
1504 795 1633 828 habitus
1658 795 1792 840 quidam
1817 797 2038 841 quiescentes,
2059 809 2138 832 nam
2161 798 2275 833 habito
2298 799 2363 834 fine
2385 802 2474 846 quie-

1403 849 1463 872 scit
1486 848 1606 872 motor.

1446 895 1476 927 4.
1495 883 1650 917 Secundo
1674 895 1751 917 cum
1774 883 1870 918 dicit:
1887 885 2027 920 Materia
2048 893 2149 921 autem
2171 896 2247 929 etc.‚
2263 889 2408 923 ostendit
2431 889 2472 924 ad

1402 939 1501 972 quam
1525 939 1658 961 causam
1681 928 1856 962 reducatur
1870 931 2030 974 patiens,
2054 931 2166 965 dicens
2214 933 2282 967 uod
2305 933 2473 968 reducitur

1401 972 1441 1006 ad
1464 973 1645 1013 materiam,
1663 973 1740 1017 quia
1763 974 1900 1007 materia
1920 974 2104 1009 secundum
2128 988 2197 1021 quo
2243 979 2379 1012 materia
2400 990 2473 1024 pas-

1400 1017 1469 1049 siva
1492 1025 1542 1050 est
1548 1026 1557 1057 ;
1582 1026 1614 1050 et
1629 1017 1706 1050 ideo
1723 1029 1807 1062 quae
1831 1019 2011 1062 patiuntur,
2027 1021 2199 1064 patiuntur
2213 1033 2273 1067 per
2287 1023 2471 1058 materiam.

1401 1061 1498 1101 Quae
1522 1069 1633 1094 autem
1664 1070 1742 1095 sunt
1765 1062 1869 1096 activa
1899 1071 1932 1096 et
1955 1065 2100 1107 passiva,
2123 1065 2245 1099 habent
2267 1067 2413 1111 speciem
2435 1069 2470 1102 in

1399 1106 1552 1146 materia;
1575 1106 1661 1139 sicut
1683 1106 1770 1150 ignis
1793 1105 1891 1140 habet
1909 1118 1982 1141 esse
2005 1108 2149 1143 calidum
2172 1111 2207 1143 in
2230 1112 2367 1146 materia
2389 1121 2416 1145 ‘²-
2434 1113 2470 1147 si

1398 1158 1509 1183 autem
1532 1158 1618 1183 esset
1640 1150 1775 1195 aliquod
1799 1150 1942 1185 calidum
1973 1162 2161 1197 separatum
2176 1165 2203 1188 -a
2226 1157 2381 1197 materia,
2404 1156 2471 1191 hoc

1398 1193 1480 1227 nihil
1503 1203 1683 1238 pateretur;
1707 1194 1766 1229 sed
1798 1194 1909 1229 forsan
1940 1197 2146 1241 impossibile
2169 1207 2220 1232 est
2242 1211 2314 1234 esse
2345 1200 2470 1247 aliquid

1397 1237 1460 1272 tale
1484 1248 1685 1283 separatum,
1714 1239 1790 1273 licet
1818 1241 1953 1285 quidam
1980 1241 2046 1275 hoc
2068 1241 2084 1260 ¹*
2107 1242 2277 1284 dixerunt;
2306 1245 2335 1278 si
2357 1254 2470 1280 autem

1397 1282 1506 1327 aliqua
1532 1284 1598 1316 sint
1626 1283 1719 1325 talia,
1748 1296 1832 1336 quae
1860 1285 1927 1318 sint
1950 1297 1969 1319 a
1991 1287 2127 1320 materia
2153 1297 2319 1332 separata,
2343 1290 2378 1324 in
2405 1289 2469 1326 illis

1396 1339 1512 1361 verum
1536 1337 1585 1361 est
1601 1327 1692 1372 quod
1709 1327 1838 1371 dicmur,
1854 1329 1978 1364 scilicet
1994 1330 2086 1375 quod
2101 1331 2185 1366 nihil
2200 1333 2380 1376 patiuntur.
2402 1333 2470 1370 Sed

1396 1374 1435 1404 de
1457 1372 1521 1405 hoc
1545 1372 1579 1405 in
1603 1373 1708 1416 prima
1732 1372 1950 1419 Philosophia
1972 1374 2068 1409 locus
2090 1376 2152 1410 erit
2167 1375 2396 1418 determinato.
2419 1379 2470 1414 Ex

1394 1416 1459 1450 hoc
1482 1415 1498 1433 ⁴¹
1521 1415 1692 1450 manifeste
1720 1426 1825 1462 patet,
1855 1417 1947 1463 quod
1975 1421 2086 1453 omnis
2108 1422 2258 1465 potentia
2280 1423 2415 1474 passiva
2435 1422 2471 1459 et

1393 1504 1544 1538 formam.

1438 1549 1567 1583 Ultimo
1591 1549 1748 1595 epilogat,
1764 1560 1798 1585 et
1821 1561 1871 1585 est
1894 1552 2032 1597 planum
2056 1553 2090 1587 in
2113 1553 2230 1589 littera.

1394 1710 1508 1770 ›natea-ia
1522 1710 1569 1735 Ca.
1584 1710 1648 1770 Itetm
1664 1719 1724 1736 mox
1742 1711 1809 1737 inter
1825 1712 1943 1738 calidum
1962 1718 1989 1739 et
2005 1717 2160 1747 separatum
2179 1715 2279 1742 addunt
2296 1716 2324 1742 in
2343 1717 2467 1750 neam-ia,

1394 1752 1423 1770 se
1501 1753 1611 1779 expungi
1624 1764 1631 1771 .

1395 1461 1503 1494 onmis
1527 1462 1638 1505 passio
1667 1470 1718 1495 est-
1743 1474 1802 1507 per
1825 1464 2012 1505 materiam,
2036 1473 2070 1498 et
2093 1466 2203 1499 omnis
2227 1474 2314 1501 actio
2337 1475 2388 1502 est
2409 1479 2470 1514 per
2520 1433 2606 1459 &u-

2500 765 2566 787 ’κά
2598 779 2632 784 η-

2495 1255 2676 1285 ’mon--
