2704 4108
263 253 287 289 ὃ
967 244 1038 281 DE
1069 240 1244 278 CAELO
1274 238 1345 275 ET
1375 234 1570 274 MUNDO
1600 233 1694 269 LIB.
1726 232 1739 267 I

273 344 285 368 1

485 333 512 372 ,³
529 334 702 376 ostquam
721 324 976 373 Philosophus
996 320 1159 358 ostendit
1186 330 1322 368 prooe-

340 411 348 419 ,
483 377 688 417 mialiter
706 379 810 428 quod
840 374 1170 414 determinandum
1201 379 1256 430 est
1276 370 1322 407 de

320 442 325 454 ¹
384 428 514 477 Q?
530 432 752 482 corporibus
769 438 804 467 et
814 427 1133 477 magnitudinibus
1149 425 1186 461 in
1202 436 1322 461 sc1en-

329 501 358 518 t:
384 474 515 528 ’ῖὲῐῆρἒ
529 487 578 524 tia
598 485 766 531 naturali,
788 484 847 520 hic
866 482 993 530 incipit
1016 477 1196 529 prosequi
1221 476 1322 526 prin-

28 551 39 560 ’
55 549 169 576 prooem„
184 553 238 575 n-s-
266 542 383 591 cipale
402 540 650 589 propositum.
672 539 720 575 Et
739 537 836 586 quia,
854 543 894 571 ut
913 545 1025 582 supra
1047 533 1071 591 ’ᾗ
1087 531 1229 568 dictum
1255 537 1320 577 est>

264 595 303 631 in
330 595 404 630 hoc
431 593 526 630 libro
554 590 804 641 principaliter
826 587 981 624 intendit
1008 583 1321 643 Aristoteles-de-

264 646 466 684 terminare
495 646 542 683 de
570 645 747 682 universo
776 652 959 689 corporeo
989 646 1025 675 et
1051 637 1323 697 principalibus

264 700 433 750 partibus
462 699 552 745 eius,
573 709 670 747 quae
699 702 784 732 sunt
812 705 972 741 corpora
1000 691 1196 740 simplicia,
1227 698 1323 728 mter

265 765 361 802 quae
389 751 625 801 potissimum
655 756 708 785 est
732 759 869 796 corpus
898 746 1079 792 caeleste,
1109 744 1197 782 ideo
1227 744 1322 782 divi-

265 806 364 844 ditur
390 805 483 842 liber
508 804 576 840 iste
595 803 632 839 in
659 808 784 850 partes
812 808 907 836 tres:
937 799 975 836 in
995 798 1120 848 prima
1147 798 1323 835 determi-

264 866 329 896 nat
346 858 393 895 de
411 857 587 895 universo
608 865 812 903 corporeo;
842 852 881 889 in
908 852 1077 889 secunda
1097 851 1324 889 determinat

31 919 41 928 “
57 919 80 939 et
93 917 136 938 ¹¹⁰⁶
154 922 202 938 ⁰¹¹¹-
215 923 238 938 Α·
266 912 312 949 de
341 923 497 959 corpore
517 907 674 954 caelesti,
697 914 732 943 et
749 907 825 943 hoc
841 906 910 942 >gin
930 905 1099 942 secundo
1118 905 1226 952 libro,
1247 905 1320 941 ibi:

28 971 38 982 “
51 969 237 997 Lib-11›¹e⁰1·¹·
270 965 378 1006 Quod
390 963 534 1012 quidem
550 962 664 1011 igitur
677 971 796 1008 neque
803 960 956 1008 sactum
968 965 1022 995 est
1032 960 1051 980 ²³²
1062 966 1144 1004 etc.;
1160 958 1198 994 in
1214 958 1321 995 tertia

124 1027 141 1044 α
263 1024 368 1066 parte
388 1014 608 1053 determinat
627 1013 673 1050 de
699 1012 778 1049 aliis
798 1011 1031 1062 simplicibus
1052 1010 1275 1060 corporibus
1289 1017 1319 1057 ⁰⁸,

264 1070 400 1107 scilicet
432 1069 477 1105 de
505 1066 608 1115 gravi
641 1074 676 1103 et
702 1065 797 1112 levi,
822 1065 861 1102 in
888 1065 997 1102 tertio
1026 1065 1133 1111 libro,
1154 1064 1226 1101 ibi:
1261 1065 1321 1101 De

27 1131 147 1158 'Lib-111,
157 1131 209 1153 lect·
220 1137 236 1152 1·
255 1123 382 1171 primo
402 1121 546 1170 quidem
562 1120 677 1169 igitur
694 1119 907 1156 caelo*etc.
925 1117 1035 1155 Circa
1053 1117 1221 1167 primum
1242 1117 1319 1155 duo

262 1175 366 1212 facit:
394 1174 519 1223 primo
548 1172 710 1209 ostendit
736 1171 1010 1221 perfectionem
1039 1171 1227 1217 universi;
1262 1183 1319 1208 se-

262 1228 386 1265 cundo
416 1226 637 1264 determinat
665 1225 851 1274 quasdam
881 1224 1117 1261 conditiones
1137 1237 1204 1261 seu
1231 1237 1319 1273 pro-

259 1281 432 1330 prietates
459 1279 586 1328 ipsius,
602 1278 669 1315 ibi:
700 1278 775 1315 Sed
799 1278 978 1327 quoniam
1007 1278 1246 1326 manifestum
1275 1278 1320 1314 de

258 1334 314 1370 his
330 1334 348 1354 '¹‘
365 1340 432 1370 etc.
454 1332 563 1369 Circa
580 1331 749 1380 primum
769 1331 845 1369 duo
866 1331 973 1367 facit:
1002 1330 1127 1379 primo
1157 1331 1320 1368 ostendit

258 1385 526 1435 perfectionem
545 1384 727 1431 universi;
748 1384 916 1421 secundo
937 1383 1100 1421 ostendit
1120 1396 1164 1421 ex
1180 1384 1318 1433 quibus

257 1439 424 1488 partibus
457 1438 535 1475 eius
567 1438 746 1487 perfectio
775 1437 995 1485 integretur,
1025 1437 1092 1474 ibi:
1120 1438 1181 1474 De
1208 1438 1319 1474 totius

258 1492 404 1541 quidem
435 1492 550 1541 igitur
582 1497 717 1528 natura
747 1492 766 1512 ²³
796 1498 864 1528 etc.
906 1490 1015 1527 Circa
1042 1490 1211 1540 primum
1240 1492 1317 1529 duo

257 1545 359 1582 facit:
384 1545 508 1594 primo
529 1545 689 1582 ostendit
706 1544 978 1593 perfectionem
1002 1543 1170 1581 universi
1199 1556 1317 1593 quarn

257 1598 372 1635 habet
386 1597 594 1635 secundum
611 1610 858 1635 communem
879 1597 1064 1634 rationem
1080 1597 1137 1634 sui
1157 1598 1316 1646 generis,

257 1651 479 1700 inquantum
495 1651 633 1688 scilicet
648 1659 703 1688 est
719 1663 871 1700 corpus;
893 1651 1062 1688 secundo
1081 1652 1219 1700 probat
1232 1664 1317 1700 per-

257 1705 459 1741 fectionem
477 1704 671 1753 propriam
691 1704 819 1753 ipsius,
837 1704 904 1741 ibi:
924 1704 1147 1742 Partialium
1167 1705 1316 1754 quidem

257 1758 372 1807 igitur
398 1769 598 1806 corporum
626 1758 646 1779 *
674 1765 742 1795 etc.
774 1757 883 1794 Circa
909 1757 1079 1806 primurn
1108 1758 1177 1795 tria
1206 1758 1313 1796 facit:

255 1810 380 1860 primo
395 1811 607 1848 manifestat
626 1810 887 1848 definitionem
908 1811 1090 1860 corporis,
1107 1823 1184 1860 qua
1202 1812 1318 1850 utitur

257 1864 306 1901 ad
322 1864 559 1913 propositum
575 1864 868 1911 ostendendum
890 1865 1059 1902 secundo
1078 1866 1216 1914 probat
1229 1879 1317 1916 pro-

22 1929 31 1938 ·
45 1928 115 1950 Num.
130 1928 152 1951 8.
255 1917 434 1966 positum,
455 1917 522 1954 ibi:
543 1918 676 1966 Itaque
689 1918 868 1966 quoniam
883 1930 995 1956 omne
1009 1924 1044 1955 et
1057 1924 1173 1956 totum
1186 1919 1206 1940 *²
1226 1927 1315 1966 etc.;

22 1977 230 2000 'ostendum-r·
255 1970 362 2007 tertio
400 1970 561 2008 ostendit
588 1971 608 1992 ’¹‘
646 1971 737 2019 quid
766 1983 811 2008 ex
838 1971 1058 2020 praemissis
1086 1972 1206 2021 possit
1233 1985 1317 2010 esse

25 1338 36 1349 ¹*
51 1338 113 1360 Lect.
124 1343 156 1359 ix.

25 1496 34 1506 ·
48 1495 111 1517 Lect.
121 1500 170 1522 seq.

23 1764 32 1773 ·
46 1763 115 1785 Num.
125 1769 158 1785 ιο.

25 2032 34 2041 ·
48 2031 152 2060 Num-9·
256 2023 507 2071 manifestum,
527 2023 594 2061 ibi:
618 2024 884 2074 Quaecumque
902 2025 1051 2074 quidem
1072 2026 1189 2075 igitur
1206 2026 1227 2047 ’⁸
1245 2034 1315 2064 etc.

258 2077 366 2114 Circa
383 2076 549 2126 primum
566 2078 642 2114 duo
659 2077 760 2115 facit:
779 2078 906 2127 primo
927 2078 1060 2116 definit
1079 2079 1316 2128 continuum,

256 2131 359 2179 quod
379 2137 433 2167 est
451 2143 567 2178 genus
588 2131 772 2180 corporis;
802 2131 973 2170 secundo
997 2132 1212 2170 manifestat
1233 2146 1318 2171 cor-

23 2191 32 2199 ’
46 2189 115 2212 Num·
129 2196 151 2218 3-
253 2183 357 2232 poris
381 2183 651 2232 definitionem,
676 2184 744 2222 ibi:
778 2185 923 2233 Corpus
951 2192 1076 2223 autem
1098 2187 1118 2207 *
1138 2194 1207 2224 etc.

309 2248 344 2273 2.
366 2236 474 2274 Circa
492 2237 656 2286 primum
677 2237 996 2277 considerandum
1030 2247 1085 2276 est
1104 2240 1209 2288 quod
1229 2252 1316 2277 con—

255 2290 398 2327 tinuum
426 2290 613 2328 invenitur
639 2304 662 2328 a
689 2291 923 2341 Philosopho
958 2292 1155 2342 dupliciter
1183 2293 1315 2331 defini-

255 2350 347 2380 tum.
370 2343 454 2380 Uno
474 2344 592 2381 modo
622 2345 841 2382 definitione
860 2346 1022 2394 formali,
1042 2355 1157 2396 prout
1181 2346 1316 2385 dicitur

21 2396 209 2425 '0³P·¹v2¹¹·⁵·
254 2395 293 2433 in
319 2397 634 2446 Praedicamentis
662 2398 682 2418 ⁸¹
711 2399 816 2446 quod
855 2399 1078 2437 continuum
1112 2408 1168 2438 est
1209 2400 1314 2437 cuius

249 2454 378 2498 partes
414 2451 636 2499 copulantur
673 2452 724 2488 ad
759 2464 875 2489 unum
913 2464 1151 2490 communem
1191 2454 1315 2490 termi-

256 2515 364 2540 num:
383 2503 504 2540 unitas
524 2504 626 2541 enim
647 2504 813 2541 continui
834 2512 890 2542 est
908 2506 1016 2554 quasi
1041 2506 1164 2544 forma
1184 2506 1312 2556 ipsius.

256 2555 341 2592 Alio
361 2557 479 2594 modo
509 2557 726 2594 definitione
746 2558 941 2606 materiali,
963 2571 1060 2608 quae
1089 2560 1251 2597 sumitur
1270 2573 1315 2598 ex

255 2608 435 2657 partibus,
456 2622 554 2658 quae
583 2611 724 2647 habent
751 2611 936 2648 rationem
965 2613 1162 2662 materiae,
1191 2621 1232 2651 ut
1261 2614 1314 2651 di-

147 2678 154 2688 ›
189 2678 196 2716 ‚-
224 2669 231 2710 ξ
259 2660 351 2698 citur
377 2662 415 2699 in
444 2664 475 2699 ΙΙ
503 2664 650 2712 Physic.
681 2665 717 2701 *t
749 2672 784 2701 et
813 2664 865 2701 sic
894 2665 1070 2703 definitur
1098 2667 1178 2714 hic,
1209 2668 1314 2716 quod

258 2714 478 2752 continuum
498 2724 553 2753 est
572 2717 672 2765 quod
695 2723 749 2754 est
774 2718 953 2756 divisibile
981 2720 1017 2756 in
1049 2732 1196 2770 semper
1223 2722 1315 2758 divi-

255 2768 387 2805 sibilia.
408 2769 521 2806 Nulla
550 2769 652 2807 enim
679 2783 766 2819 pars
795 2771 961 2809 continui
998 2781 1121 2822 potest
1149 2787 1231 2812 esse
1260 2775 1314 2812 in-

257 2820 466 2859 divisibilis:
492 2822 580 2871 quia
600 2835 644 2860 ex
664 2823 951 2862 indivisibilibus
971 2839 1047 2864 non
1068 2828 1311 2877 componitur

256 2873 410 2923 aliquod
439 2876 672 2924 continuum,
693 2885 734 2914 ut
759 2879 942 2926 probatur
968 2879 1006 2916 in
1034 2881 1084 2917 VI
1114 2882 1261 2930 Physic.
1294 2884 1313 2903 '¹‘

119 2923 133 2956 β
256 2927 304 2964 Et
323 2928 409 2965 satis
428 2927 446 2957 Ρ
466 2930 736 2967 convenienter
755 2931 850 2968 haec
870 2932 1038 2970 definitio
1062 2935 1215 2983 ponitur
1240 2935 1312 2984 hic,

309 3067 336 3102 α)
349 3068 507 3101 simplicibus
519 3070 681 3102 corporibus.
691 3085 709 3090 —
722 3071 741 3096 P
751 3079 804 3097 om.
817 3073 981 3105 corpor-ibus.
990 3088 1009 3092 -
1023 3074 1120 3099 Eadem
1136 3083 1191 3108 seq.
1202 3076 1245 3101 lin.
1258 3084 1312 3101 om.

257 3102 283 3127 in
303 3104 380 3128 tertio
398 3105 473 3130 libro.

310 3137 335 3171 β)
356 3139 391 3164 Et
408 3139 481 3164 satis.
497 3155 516 3160 -
539 3141 612 3166 Unde
630 3142 695 3167 satis
714 3143 753 3174 sl3
775 3143 810 3168 Et
829 3143 922 3169 omittit
936 3143 955 3168 Ρ
971 3149 995 3169 et
1014 3150 1062 3170 cet.
1084 3153 1137 3171 exc.
1150 3146 1223 3177 AsE3
1243 3147 1312 3172 adie-

258 3172 340 3214 cimus
357 3177 391 3214 et,
412 3175 470 3207 quia
488 3176 623 3208 requiritur
643 3177 726 3211 aliqua
740 3178 862 3211 particula
881 3180 913 3204 ad
937 3181 1138 3206 continuandum
1159 3190 1311 3214 processum

257 3213 387 3234 orationis.

310 3243 337 3277 γ)
356 3244 536 3278 omniquaque.
551 3260 570 3265 —
586 3247 737 3281 cuicumque
755 3250 784 3278 Β,
796 3250 1000 3283 circumquaque
1024 3251 1141 3283 cml-{13
1161 3261 1215 3286 quo
1234 3261 1313 3278 sensu

258 3286 281 3303 s.
294 3278 388 3304 Thom.
402 3284 486 3305 utatur
510 3281 724 3315 circumquaque,
747 3285 805 3310 vide
825 3286 881 3310 lect.
895 3293 932 3316 xi,
951 3295 977 3311 n.
994 3286 1018 3312 3.
1036 3300 1057 3306 —
1076 3288 1126 3312 Pro
1145 3289 1182 3314 ad
1200 3296 1312 3318 omnem,

258 3314 347 3346 quoad
364 3321 465 3340 omnem
485 3316 518 3346 P;
538 3316 570 3341 cf.
583 3317 646 3342 infra
663 3319 700 3343 ad
719 3327 797 3344 unam
812 3323 918 3352 partem
970 3322 1007 3347 ad
1027 3323 1093 3348 duas
1107 3327 1210 3356 partes.

311 3348 335 3381 ὃ)
353 3350 453 3382 Corpus
465 3351 624 3377 dividitur...
637 3353 843 3380 dimensiones.-
852 3357 921 3381 Istud
935 3358 1110 3384 dimensiones
1124 3367 1178 3385 om.
1187 3361 1228 3385 ed.
1247 3359 1312 3385 ¹5¹6

259 3388 284 3408 et
297 3384 371 3409 codd.
381 3392 433 3410 exc.
442 3386 477 3415 Α;
497 3387 586 3411 eadem
602 3388 641 3412 ed.
652 3394 676 3413 et
690 3389 709 3412 P
724 3390 878 3421 praemissas
891 3391 967 3417 huius
983 3394 1126 3426 syllogismi
1140 3400 1312 3429 transponunt

257 3418 308 3443 hoc
326 3420 417 3444 modo:
438 3420 507 3445 Illud
525 3422 595 3454 quod
613 3423 743 3448 dividitur
761 3426 901 3451 secundum
918 3430 971 3453 tres
983 3429 1166 3458 dimensiones,
1181 3431 1313 3457 dividitur

257 3454 399 3479 secundum
423 3462 512 3480 omnes
537 3457 710 3484 dimensiones
729 3460 770 3484 vel
792 3461 980 3495 omniquaque;
999 3471 1094 3497 corpus
1117 3466 1249 3492 dividitur
1272 3474 1311 3492 se-

257 3490 372 3514 cundum
391 3493 445 3515 tres
460 3491 641 3518 dimensiones.
660 3494 716 3518 Non
730 3501 833 3527 apparet
847 3504 897 3529 qua
912 3498 942 3522 de
955 3506 1031 3525 causa
1044 3500 1108 3526 factu
1121 3501 1153 3526 sit
1167 3502 1216 3527 ista
1230 3507 1311 3527 trans-

257 3525 363 3556 positio,
383 3525 431 3550 nisi
449 3526 510 3550 velit
534 3527 626 3560 aliquis
652 3529 734 3554 dicere
759 3531 829 3562 quod
848 3539 878 3556 ea
896 3539 981 3559 mente
1002 3535 1032 3559 ab
1052 3537 1138 3569 aliquo
1161 3539 1311 3563 amanuensi

257 3559 322 3585 facta
334 3567 393 3585 esse
406 3560 514 3591 videtur,
527 3567 556 3586 ut
573 3563 660 3588 minor
679 3565 821 3597 syllogismi
840 3566 925 3592 locum
939 3576 1075 3602 occuparet
1093 3578 1152 3604 post
1170 3574 1313 3598 maiorem:

257 3595 304 3619 sed
318 3600 403 3620 utrum
416 3597 557 3629 propositio
577 3598 661 3631 aliqua
679 3600 760 3624 maior
779 3601 811 3625 sit
827 3609 858 3626 nn
872 3603 961 3634 minor,
977 3611 1070 3630 norunt
1082 3615 1173 3633 omnes
1187 3617 1238 3633 non
1253 3617 1312 3634 esse

1380 316 1451 353 alia
1480 322 1608 351 autem
1642 312 1680 348 in
1712 309 2052 348 Praedicamentis:
2081 307 2172 356 quia
2201 307 2454 346 consideratio

1379 367 1558 405 naturalis
1595 372 1770 403 versatur
1806 364 1904 401 circa
1939 361 2161 408 materiam,
2202 361 2454 399 consideratio

1379 429 1507 459 autern
1536 419 1646 468 logici
1676 418 1775 455 circa
1805 417 1993 455 rationem
2023 423 2059 452 et
2087 414 2268 464 speciem.

1434 476 1468 512 3.
1490 473 1641 512 Deinde
1670 471 1897 509 cum-dicit:
1933 471 2080 518 Corpus
2098 474 2224 506 autem
2255 476 2339 515 etc.‚
2361 468 2455 506 defi-

1378 528 1432 565 nit
1460 539 1606 576 corpus.
1638 527 1688 563 Et
1706 525 1832 575 primo
1853 524 2070 574 proponit*
2092 522 2369 570 definitionem,
2401 522 2454 559 di·
2482 530 2609 558 ’ρωυτι

1379 595 1468 619 cens
1498 580 1604 631 quod
1634 592 1773 629 corpus
1816 587 1872 616 est
1901 578 2120 615 continuum
2153 577 2256 625 quod
2282 581 2336 612 est
2361 576 2454 612 divi-

1376 636 1482 673 sibile
1509 634 1763 683 omniquaque
1786 638 1816 679 ⁷,
1837 632 1934 670 idest
1957 631 2007 669 ad
2027 643 2187 668 omnem
2211 637 2371 680 partem,
2391 630 2455 667 vel
2581 638 2599 664 τ

1379 690 1593 727 secundum
1622 699 1782 724 omnem
1812 685 2106 724 dimensionem.

1434 742 1613 780 Secundo
1639 740 1706 778 ibi:
1736 739 2019 790 Magnitudinis
2043 744 2170 775 autem
2199 745 2287 785 etc.‚,
2316 737 2456 787 probat

1377 795 1647 846 propositam*
1668 793 1932 831 definitionem
1957 792 2019 829 tali
2040 792 2199 829 ratione.
2228 792 2380 842 Corpus
2400 790 2454 829 di-
2483 797 2612 825 ‘eodm
2625 802 2675 820 ν·

1377 850 1519 887 viditur
1546 848 1760 886 secundum
1789 854 1864 884 tres
1884 845 2161 885 dimensiones:
2191 845 2298 895 quod
2323 852 2454 883 autem

1378 902 1558 940 dividitur
1590 901 1805 938 secundum
1842 907 1917 937 tres
1955 899 2236 947 dimensiones,
2274 897 2455 936 dividitur

1377 955 1590 993 secundum
1621 967 1774 992 omnes:
1805 965 1895 1002 ergo
1925 965 2065 1002 corpus
2094 961 2151 990 est
2177 952 2366 990 divisibile
2395 965 2452 990 se—

1377 1009 1547 1046 cundum
1577 1020 1714 1045 omnes
1742 1006 2002 1044 dimensiones
2022 1004 2046 1043 δ.
2575 1007 2592 1033 ⁸

1430 1062 1561 1098 Primo
1603 1073 1692 1109 ergo
1731 1059 1948 1097 manifestat
1985 1060 2198 1107 minorem,
2238 1059 2347 1109 quasi
2383 1071 2454 1109 per

1377 1115 1617 1153 divisionem.
1667 1114 1772 1150 Nam
1817 1113 2126 1161 magnitudinum
2164 1113 2358 1163 quaedam
2397 1121 2454 1151 est

1376 1181 1476 1217 quae
1506 1167 1685 1205 dividitur
1713 1166 1763 1203 ad
1789 1178 1911 1203 unam
1939 1174 2102 1216 partem,
2133 1173 2170 1203 et
2196 1167 2294 1204 haec
2318 1166 2454 1204 dicitur

1376 1223 1493 1259 linea.-
1512 1221 1705 1271 quaedam
1725 1226 1855 1257 autem
1885 1226 1940 1257 est
1968 1231 2068 1269 quae
2088 1219 2271 1257 dividitur
2289 1221 2338 1258 ad
2357 1220 2453 1258 duas

1374 1283 1513 1325 partes,
1544 1282 1580 1311 et
1607 1274 1704 1311 haec
1733 1273 1869 1311 dicitur
1890 1272 2066 1322 pla‘num,
2095 1272 2195 1310 idest
2217 1274 2457 1322 superficies:'

1375 1328 1567 1378 quaedam
1605 1335 1736 1365 autern
1774 1334 1831 1364 est
1880 1339 1979 1376 quae
2018 1325 2200 1365 dividitur
2236 1327 2453 1366 secundum

1373 1389 1449 1420 tres
1478 1381 1741 1420 dimensiones
1762 1381 1798 1426 *ς
1829 1387 1867 1418 et
1895 1393 1985 1418 curn
2015 1380 2098 1418 talis
2126 1380 2353 1429 magnitudo
2371 1393 2454 1420 non

1374 1436 1420 1473 sit
1456 1435 1555 1473 linea
1596 1446 1722 1485 neque
1762 1433 2010 1483 superficies,
2053 1434 2225 1484 sequitur
2262 1434 2370 1484 quod
2406 1434 2455 1474 sit

1375 1501 1526 1538 corpus.

1429 1542 1620 1580 Maiorem
1649 1540 1956 1592 propositionem
1984 1541 2093 1590 ponit
2120 1540 2195 1579 ibi:
2223 1542 2276 1579 Et
2295 1548 2454 1592 praeter

1372 1599 1441 1635 has
1469 1604 1538 1634 etc.
1560 1596 1610 1633 Et
1637 1595 1764 1646 primo
1784 1594 1893 1644 ponit
1920 1607 2030 1632 eam:
2052 1602 2089 1632 et
2109 1594 2197 1634 dicit
2216 1596 2323 1645 quod
2341 1608 2452 1647 prae·

1372 1658 1430 1689 ter
1461 1651 1531 1687 has
1568 1647 1850 1698 magnitudines
1888 1661 1958 1686 seu
1992 1648 2254 1703 dimensiones
2286 1662 2368 1688 non
2396 1658 2454 1688 est

1373 1705 1446 1742 alia
1474 1703 1698 1752 magnitudo
1728 1715 1797 1740 seu
1817 1699 2028 1750 dimensio,
2054 1710 2213 1752 propter
2239 1703 2317 1741 hoc
2343 1704 2452 1755 quod

1372 1758 1443 1796 tria
1462 1758 1604 1795 habent
1624 1756 1815 1794 rationem
1834 1763 1876 1793 ut
1895 1756 1969 1794 sint
1997 1756 2141 1804 omnia,
2167 1757 2257 1806 quia
2273 1758 2294 1779 ¹⁸
2308 1757 2454 1796 habent
2481 1762 2490 1771 '
2505 1766 2568 1790 Μ
2580 1767 2621 1784 ⁴·-

1373 1812 1559 1850 rationem
1589 1810 1789 1848 cuiusdam
1817 1809 2027 1856 totalitatis;
2059 1817 2096 1847 et
2123 1810 2230 1860 quod
2255 1818 2312 1848 est
2338 1818 2395 1849 ter
2418 1817 2451 1860 ³,
2579 1820 2591 1838 ⁸

1371 1865 1523 1904 videtur
1552 1877 1635 1902 esse
1664 1864 1939 1913 omniquaque‚
1969 1864 2031 1902 vel
2060 1864 2234 1912 omnino,
2264 1864 2362 1904 idest
2393 1877 2453 1904 se-

1372 1919 1543 1957 cundum
1572 1930 1733 1955 omnem
1761 1917 1938 1955 modurn.
2152 1926 2154 1929 ·

2481 1386 2687 1436 :astam-e

1425 1985 1464 2020 4.
1505 1971 1687 2009 Secundo
1723 1970 1796 2008 ibi:
1845 1971 2174 2013 Quemadmodum
2217 1972 2318 2010 enim
2357 1979 2428 2011 etc.
2441 2001 2451 2021 ,

1372 2027 1510 2076 probat
1539 2025 1644 2074 quod
1673 2024 1817 2062 dixerat
1843 2024 2037 2073 tripliciter
2065 2025 2096 2062 ³¹¹.
2130 2024 2263 2062 Primo
2292 2026 2452 2075 quidem
2481 2029 2637 2079 {m

1373 2079 1587 2117 secundum
1609 2078 1800 2116 rationem
1820 2078 2178 2127 Pythagoricorum,
2191 2078 2256 2128 qui
2278 2079 2454 2119 dixerunt
2480 2089 2530 2106 *⁸¹-

1373 2133 1478 2182 quod
1498 2132 1534 2170 id
1555 2132 1662 2182 quod
1683 2131 1819 2169 dicitur
1837 2137 1955 2168 totum
1976 2139 2013 2169 et
2031 2144 2156 2178 omne,
2177 2132 2454 2176 determinatur

1371 2185 1536 2224 ternario
1566 2197 1742 2222 numero.
1780 2185 2016 2234 Principium
2046 2185 2150 2224 enim
2180 2194 2218 2224 et
2237 2187 2257 2208 *
2277 2186 2458 2229 medium
2480 2194 2629 2218 “¹⁰¹¹st-

1371 2248 1407 2277 et
1427 2239 1714 2285 consummatio,
1736 2238 1833 2276 idest
1860 2238 1959 2286 finis,
1979 2239 2124 2277 habent
2151 2252 2361 2280 numerum
2386 2241 2453 2292 qui

1371 2292 1554 2330 convenit
1581 2292 1649 2330 toti
1678 2300 1715 2329 et
1742 2291 1867 2330 omni:
1901 2292 1939 2330 in
1969 2293 2083 2330 rebus
2117 2293 2221 2331 enim
2257 2293 2453 2334 divisibili-

1370 2347 1441 2384 bus
1470 2346 1595 2396 prima
1614 2358 1702 2395 pars
1721 2358 1801 2383 non
1821 2345 1961 2383 sufficit
1979 2346 2030 2384 ad
2048 2346 2302 2396 integritatem
2321 2348 2449 2398 totius,

1371 2400 1477 2449 quod
1507 2399 1745 2437 constituitur
1760 2398 1775 2426 ζ
1789 2411 1859 2449 per
1885 2399 2078 2448 ultimum,
2108 2400 2158 2439 ad
2179 2401 2286 2450 quod
2306 2414 2330 2440 a
2346 2402 2450 2453 prin·
2579 2404 2595 2435 ζ

1371 2454 1469 2503 cipio
1485 2453 1707 2503 pervenitur
1724 2465 1795 2502 per
1813 2453 1999 2492 medium.
2023 2455 2131 2492 Haec
2151 2463 2294 2503 autem,
2309 2456 2451 2495 scilicet

1369 2507 1619 2557 principium,
1655 2506 1829 2544 medium
1859 2515 1896 2545 et
1923 2508 2032 2556 finis,
2068 2509 2213 2547 habent
2240 2521 2449 2549 numerum

1370 2561 1597 2599 ternarium:
1629 2569 1665 2598 et
1697 2561 1751 2598 sic
1778 2568 1883 2610 patet
1911 2562 2019 2612 quod
2047 2575 2234 2601 numerus
2262 2563 2449 2603 ternarius

1371 2614 1549 2652 convenit
1577 2614 1684 2652 omni
1715 2622 1752 2652 et
1778 2614 1858 2652 toti.

1427 2670 1459 2706 5.
1482 2669 1662 2706 Secundo
1683 2668 1751 2706 ibi:
1767 2669 1929 2718 Propter
1943 2669 2047 2719 quod
2057 2681 2083 2707 α
2099 2675 2238 2708 natura
2259 2678 2342 2719 etc.‚
2358 2683 2448 2722 pro·

1370 2722 1433 2759 bat
1452 2722 1555 2760 idern
1571 2735 1641 2771 per
1661 2735 1705 2760 ea
1725 2735 1825 2772 quae
1844 2722 1884 2760 in
1904 2723 2006 2761 cultu
2028 2722 2161 2761 divino
2177 2724 2445 2764 observantur.

1369 2776 1521 2813 Utimur
1549 2776 1653 2813 enirn
1682 2789 1846 2814 numero
1875 2777 1973 2825 hoc,
2007 2777 2148 2815 scilicet
2175 2778 2363 2826 ternario,
2395 2779 2450 2818 ad

1367 2830 1679 2878 sanctificationes
1692 2835 1707 2854 '¹
1727 2830 1885 2868 deorum
1907 2833 2026 2879 (quos
2045 2830 2187 2869 scilicet
2205 2831 2364 2880 gentiles
2383 2845 2447 2871 co·
2574 2842 2592 2867 ἰ

1368 2884 1526 2930 lebant),
1548 2883 1644 2921 idest
1663 2883 1700 2921 in
1721 2884 1914 2921 sacrificiis
1935 2892 1972 2921 et
1991 2884 2168 2922 laudibus
2193 2884 2380 2935 ipsorum,
2401 2898 2447 2924 ac

1368 2936 1398 2973 si
1418 2937 1679 2986 acceperimus
1700 2950 1722 2975 a
1742 2946 1877 2975 natura
1896 2939 1999 2987 leges
2020 2946 2057 2976 et
2076 2939 2225 2987 regulas
2244 2939 2379 2989 ipsius:
2404 2948 2447 2978 ut

1368 3077 1531 3103 iudicandum
1545 3086 1559 3103 a
1575 3079 1700 3104 materiali
1720 3078 1850 3112 positione
1869 3078 1895 3103 in
1914 3078 2078 3112 syllogismo.
2098 3079 2221 3105 Ceterum
2235 3080 2312 3107 lectio
2331 3081 2407 3108 codd.
2420 3087 2447 3108 et

1367 3119 1407 3138 est
1426 3114 1508 3146 magis
1527 3114 1653 3147 expedita.
1672 3119 1698 3140 et
1716 3114 1833 3147 procedit
1852 3114 1920 3139 iuxta
1938 3115 2056 3140 ordinem
2077 3120 2170 3140 textus.

1420 3149 1443 3183 ε)
1462 3150 1534 3182 quod
1551 3154 1592 3175 est
1611 3154 1661 3176 ter.
1678 3164 1697 3170 -
1715 3150 1788 3183 quod
1811 3153 1851 3175 est
1875 3157 1973 3182 corpus
1992 3151 2034 3176 ed.
2052 3149 2118 3176 1516
2138 3156 2163 3177 et
2189 3151 2266 3177 codd.
2279 3159 2334 3178 exc.
2347 3151 2442 3183 Anno,

1368 3192 1461 3217 nempe
1481 3191 1650 3219 corrumpunt
1669 3189 1711 3211 ter
1729 3186 1754 3211 in
1773 3192 1887 3218 corpus,-
1907 3186 1926 3210 Ρ
1946 3185 2025 3211 habet
2043 3187 2116 3220 quod
2134 3190 2175 3212 est
2193 3194 2298 3220 corpus,
2316 3193 2343 3213 et
2360 3187 2446 3222 pergit

1368 3220 1473 3245 videtur
1496 3228 1552 3246 esse
1570 3222 1624 3247 tria
1650 3222 1843 3255 omniquaque5
1867 3222 2040 3255 expungimus
2067 3222 2122 3247 tria
2147 3223 2298 3249 auctoritate
2321 3223 2398 3249 codd.
2417 3228 2445 3249 et

1367 3256 1407 3280 ed.
1428 3255 1506 3287 1516;
1526 3257 1557 3282 cf.
1571 3258 1714 3290 utrumque
1733 3263 1841 3283 textum.
1861 3257 1912 3282 Pro
1930 3258 2124 3291 omniquaque,
2140 3258 2347 3292 circumquaque
2365 3259 2443 3286 codd.

1367 3298 1419 3316 exc.
1434 3292 1491 3323 AE;
1511 3301 1559 3325 pro
1578 3294 1619 3318 vel
1637 3293 1760 3322 omnino,
1781 3293 1850 3319 idest
1873 3294 1981 3319 omnino
2001 3294 2035 3323 E.
2055 3294 2097 3319 uel
2120 3297 2163 3319 ter
2181 3293 2232 3324 sG,
2253 3295 2295 3320 vel
2313 3301 2366 3320 non
2393 3300 2444 3321 cet.

1367 3334 1420 3351 exc.
1433 3328 1463 3352 Α.
1477 3341 1496 3346 -
1509 3328 1565 3353 Lin.
1580 3336 1636 3362 seq.
1650 3334 1710 3363 post
1725 3329 1832 3354 modum
1848 3330 1871 3354 A
1891 3330 1960 3354 addit
1979 3329 2123 3358 divisibile,
2143 3329 2215 3362 quod
2234 3337 2287 3355 non
2305 3330 2443 3357 admitten-

1366 3362 1428 3387 dum
1448 3368 1499 3394 est,
1519 3364 1578 3396 quia
1598 3365 1773 3390 universalem
1799 3373 1907 3390 sensum
1932 3365 2048 3399 principii
2067 3364 2108 3390 hic
2127 3365 2249 3390 enuntiati
2269 3365 2382 3391 indebite
2401 3374 2442 3392 re-

1366 3398 1479 3430 stringit;
1500 3407 1607 3424 sensum
1627 3406 1713 3426 autem
1733 3400 1907 3426 universalem
1928 3408 1995 3431 esse,
2015 3405 2085 3434 petet
2103 3407 2135 3425 ex
2154 3408 2198 3426 nn.
2212 3399 2275 3433 4-6.

1418 3433 1444 3468 ζ)
1464 3435 1535 3466 quod
1553 3436 1734 3461 constituitur.
1746 3450 1765 3455 -
1777 3444 1846 3469 quae
1863 3436 2039 3462 constituitur
2050 3436 2126 3462 codd.
2141 3443 2194 3461 exc.
2210 3438 2241 3468 A,
2257 3437 2394 3463 referendo
2408 3438 2442 3464 nd

1367 3469 1556 3502 integritatem.
1569 3485 1588 3490 -
1602 3471 1652 3496 Pro
1670 3472 1708 3497 ad
1726 3472 1798 3505 quod
1816 3480 1834 3497 a
1849 3472 2000 3505 principio,
2021 3474 2047 3498 et
2066 3478 2084 3496 a
2099 3471 2235 3505 principio
2255 3473 2288 3504 Ρ,
2309 3473 2380 3508 quod
2399 3473 2440 3499 hic

1365 3505 1450 3530 turbat
1469 3514 1583 3531 sensum.

1418 3540 1445 3575 η)
1465 3542 1696 3574 sanctificationes.
1715 3557 1733 3562 -
1753 3543 1964 3577 sacrificatIones
1989 3543 2029 3568 ed.
2057 3542 2137 3574 1516,
2163 3544 2385 3580 sacrificationem
2405 3544 2440 3574 Ρῐ

1366 3577 1471 3601 eaedem
1492 3577 1535 3602 lin.
1551 3586 1606 3610 seq.
1620 3586 1674 3603 orn.
1690 3579 1765 3607 idest,
1781 3580 1853 3611 quod
1867 3579 1951 3604 omitti
1965 3587 2017 3604 non
2031 3579 2116 3609 debet,
2132 3579 2193 3613 quia
2207 3587 2275 3613 quae
2294 3585 2443 3614 sequuntur

1366 3611 1563 3645 interpretantur
1581 3614 1690 3639 verbum
1709 3614 1943 3648 sanctificationes.
