2704 4108
33 3189 174 3215 Pocula.

1284 321 1462 375 DIVI

298 461 1191 598 THOMAE
1305 461 2421 681 AQUINATIS

935 700 1008 752 IN
1051 698 1306 752 LIBROS
1346 700 1814 754 ARISTOTELIS

649 845 807 930 DE
875 844 1314 929 CAELO
1388 845 1543 929 ET
1616 846 2160 933 MUNDO-

1212 1015 1537 1059 EXPOSITIO

277 1198 333 1202 a
1155 1147 1507 1213 LIBER
1577 1149 1604 1213 I

888 1423 1375 1481 PROOEMIUM
1422 1424 1486 1481 S.
1520 1424 1868 1482 THOMAE

632 1562 691 1594 DE
715 1562 881 1594 ORDINE
905 1562 1038 1594 HUIUS
1061 1561 1173 1593 LIBRI
1197 1562 1256 1593 AD
1281 1561 1410 1594 ALIOS
1434 1561 1665 1593 SCIENTIAE
1688 1562 1939 1594 NATURALIS
1962 1563 2125 1595 LIBROS.

1042 1620 1140 1652 EIUS
1162 1619 1363 1651 MATERIA
1385 1620 1444 1651 ET
1469 1619 1720 1668 SUI31ECTUM

331 1737 484 1767 smoms.
501 1754 537 1759 —
558 1747 582 1766 1.
604 1738 761 1767 Processus
775 1736 962 1766 scientiarum
977 1743 1020 1766 est
1035 1745 1111 1774 opus
1123 1736 1254 1772 rationis,
1269 1735 1352 1765 cuius

270 1778 425 1817 proprium
440 1785 484 1808 est
502 1778 655 1807 ordinare:
677 1779 757 1807 unde
777 1777 809 1806 in
830 1777 961 1815 qualibet
981 1777 1102 1806 scientia
1123 1777 1268 1806 invenitur
1282 1786 1352 1814 pro-

271 1827 371 1849 cessus
391 1819 544 1848 ordinatus
565 1819 602 1848 de
622 1818 715 1864 priori
735 1819 774 1848 ad
792 1817 946 1856 posterius.
969 1834 987 1840 -
1009 1825 1037 1846 2.
1062 1818 1250 1855 Quadruplex
1277 1817 1352 1846 ordo

271 1858 304 1888 in
325 1858 560 1889 consideratione
580 1858 703 1888 rationis
723 1858 882 1896 practicae·
904 1858 1155 1896 apprehensionis,
1175 1858 1352 1892 intentionis,

272 1899 491 1939 compositionis
511 1905 539 1928 et
559 1899 788 1928 sustentationis.
803 1916 824 1921 -
843 1898 895 1927 His
916 1898 1176 1944 proportionaliter
1195 1898 1354 1935 respondet

271 1941 454 1978 quadruplex
474 1941 549 1969 ordo
571 1939 601 1968 in
622 1939 856 1969 consideratione
877 1938 999 1968 rationis
1018 1938 1225 1976 speculativae.
1247 1947 1354 1975 nempe

272 1989 292 2009 a
311 1980 515 2011 communibus
535 1980 575 2009 ad
595 1981 692 2010 minus
713 1979 895 2014 communia,
922 1988 940 2007 a
962 1985 1020 2008 toto
1041 1980 1080 2008 ad
1096 1985 1217 2018 partes,
1243 1988 1262 2007 a
1283 1978 1353 2007 sim-

267 2020 397 2060 plicibus
423 2021 463 2050 ad
489 2020 663 2060 composita,
691 2030 709 2049 a
736 2020 873 2059 partibus
899 2019 1165 2058 principalioribus
1192 2019 1231 2048 ad
1258 2019 1355 2047 minus

268 2062 462 2101 principales.
483 2078 504 2084 -
527 2062 554 2090 3.
581 2061 771 2098 Quadruplex
799 2060 845 2089 hic
873 2061 949 2089 ordo
977 2060 1180 2089 consideratur
1207 2059 1294 2088 etiam
1324 2059 1354 2087 in

272 2110 414 2140 processu
435 2102 573 2132 scientiae
593 2101 745 2137 naturalis,
760 2101 791 2130 in
805 2110 864 2139 qua
877 2100 975 2146 primo
993 2100 1204 2129 determinatur
1225 2100 1256 2129 in
1277 2099 1353 2129 libro

274 2141 476 2190 Pnysieorum
504 2144 541 2172 de
569 2142 672 2171 mobili
691 2142 722 2171 in
743 2141 912 2176 communi,
941 2141 1047 2170 deinde
1074 2141 1103 2169 in
1129 2140 1247 2178 reliquis
1275 2140 1355 2169 libris

273 2183 457 2223 applicantur
478 2182 649 2212 communia
670 2187 792 2211 naturae
809 2182 847 2210 ad
862 2181 981 2218 propria
1002 2181 1140 2216 subiecta,
1161 2180 1269 2210 scilicet
1291 2190 1355 2209 cor-

548 2288 599 2325 „22
617 2276 694 2314 icut
708 2275 967 2325 Philosophus
983 2275 1093 2312 dicit
1085 2287 1124 2312 1n
1139 2275 1353 2324 lffiysicfi,

589 2355 594 2363 -
617 2336 706 2368 tunc
730 2330 935 2379 opinamur
963 2341 1193 2379 cognoscere
1219 2341 1353 2366 unum-

592 2383 802 2445 quodque,
823 2395 910 2420 cum
930 2394 1067 2420 causas
1085 2382 1351 2433 cognoscimus

569 2450 601 2480 ι.
610 2438 777 2488 primas,
798 2442 834 2474 et
854 2436 1045 2486 principia
1067 2436 1215 2486 prima,
1236 2441 1274 2473 et
1291 2448 1352 2473 us-

487 2538 505 2542 -
467 2447 602 2542 {A}
617 2503 690 2542 que
703 2491 756 2529 ad
768 2490 963 2528 elementa.
980 2491 1038 2528 Ex
1053 2502 1132 2539 quo
1151 2489 1351 2527 manifeste

441 2539 445 2549 ’
510 2542 513 2544 ’
578 2548 581 2552 ’
619 2545 879 2594 Philosophus
914 2543 1079 2582 ostendit
1115 2543 1155 2581 in
1189 2543 1355 2581 scientiis

55 2584 250 2657 ’ζ’-ζμ
277 2613 361 2640 esse
383 2612 611 2652 processum
640 2599 874 2647 ordinatum,
903 2601 1018 2648 prout
1044 2597 1267 2658 proceditur
1288 2598 1309 2619 *
1332 2610 1355 2634 a

275 2654 410 2705 primis
429 2654 552 2692 causis
573 2661 610 2691 et
627 2652 821 2704 principiis
839 2665 964 2702 usque
983 2652 1032 2690 ad
1051 2651 1246 2701 proximas
1267 2663 1354 2688 cau-

277 2720 359 2757 sas,
393 2720 493 2759 quae
521 2714 609 2746 sunt
637 2707 827 2744 elementa
855 2705 1122 2744 constituentia
1150 2704 1355 2743 essentiam

276 2761 342 2800 rei.
372 2762 423 2800 Et
448 2762 525 2799 hoc
549 2768 606 2799 est
623 2760 864 2798 rationabile.
889 2772 980 2798 nam
1005 2772 1210 2819 processus
1234 2759 1354 2796 scien-

275 2815 415 2854 tiarum
445 2822 500 2853 est
528 2827 627 2864 opus
655 2814 823 2863 rationis,
853 2814 961 2852 cuius
989 2813 1190 2863 proprium
1220 2821 1276 2850 est
1295 2825 1355 2850 or-

278 2867 428 2916 dinare3
461 2869 565 2907 unde
594 2867 634 2906 in
658 2868 766 2905 omni
786 2880 904 2917 opere
923 2867 1078 2905 rationis
1098 2867 1195 2905 ordo
1220 2866 1354 2916 aliquis

277 2920 480 2970 invenitur,
501 2921 715 2960 secundum
745 2934 863 2971 quem
891 2921 1114 2971 proceditur
1141 2921 1190 2958 ab
1213 2933 1294 2958 uno
1315 2921 1355 2958 in

281 2972 394 3011 aliud.
422 2976 473 3012 Et
499 2976 574 3012 hoc
592 2983 696 3025 patet
714 2983 795 3013 tam
813 2975 853 3013 in
872 2975 1019 3013 ratione
1037 2974 1220 3025 practica⁷
1247 2975 1354 3012 cuius

282 3025 532 3065 consideratio
561 3036 618 3066 est
641 3028 741 3066 circa
765 3042 810 3067 ea
829 3041 928 3078 quae
947 3042 1020 3066 nos
1040 3028 1213 3076 facimus,
1234 3041 1354 3077 quarn

280 3078 319 3115 in
339 3078 486 3116 ratione
512 3081 755 3130 speculativa,
776 3083 884 3120 cuius
903 3082 1158 3120 consideratio
1179 3090 1236 3120 est
1256 3082 1356 3120 circa

280 3144 327 3168 ea
354 3144 454 3181 quae
483 3140 571 3170 sunt
597 3133 748 3172 aliunde
776 3136 886 3174 facta.

334 3198 370 3223 2.
392 3186 588 3223 Invenitur
605 3193 735 3225 autem
754 3201 957 3237 processus
977 3190 1060 3228 de*
1078 3190 1197 3250 priori
1216 3190 1266 3228 ad
1283 3203 1352 3240 po-

279 3239 413 3276 sterius
437 3239 476 3276 in
496 3239 801 3277 consideratione
819 3243 1007 3291 practicae
1031 3243 1188 3281 rationis
1218 3257 1353 3282 secun-

279 3292 373 3331 dum
409 3293 699 3343 quadruplicem
732 3293 924 3333 ordinem:
953 3297 1079 3345 primo
1108 3297 1266 3346 quidem
1295 3311 1351 3335 se-

277 3346 449 3384 cundum
488 3347 665 3385 ordinem
702 3349 1032 3396 apprehensionis,
1069 3358 1186 3399 prout
1221 3351 1353 3388 artifex

275 3400 402 3449 primo
432 3401 685 3451 apprehendit
712 3401 880 3439 formam
918 3401 1059 3440 domus
1093 3404 1286 3452 absolute,
1317 3412 1354 3442 et

274 3461 411 3503 postea
429 3454 575 3493 inducit
598 3467 686 3492 eam
706 3455 746 3506 in
773 3454 992 3503 materiam3
1013 3457 1184 3494 secundo
1218 3470 1351 3495 secun-

329 3595 358 3631 α)
374 3595 514 3621 Secundus
526 3596 620 3622 ordo...
636 3597 818 3630 respondet.-
797 3598 863 3622 -Ita
871 3598 910 3629 A3
923 3597 943 3622 P
951 3605 1012 3623 cum
1021 3599 1113 3624 ceteris
1126 3599 1258 3624 codicibus
1271 3599 1349 3634 legit:

273 3632 406 3657 secundus
425 3632 494 3657 ordo
503 3633 748 3665 proportionaliter
763 3633 921 3666 respondet;
939 3634 1062 3659 omittunt
1075 3634 1174 3660 scilicet
1185 3635 1350 3661 homoteleu-

420 3687 490 3720 Opp.
509 3687 541 3712 D.
560 3687 676 3713 Tuomst:
695 3688 787 3713 T.111.

1407 1745 1490 1773 pora.
1521 1737 1554 1764 ln
1575 1735 1748 1773 corporibus
1776 1742 1876 1765 autem
1898 1742 1941 1765 est
1966 1737 2151 1766 considerare
2177 1745 2234 1767 tres
2259 1739 2332 1768 alios
2354 1740 2487 1770 ordines:

1408 1783 1496 1814 prout
1516 1785 1623 1814 nempe
1637 1778 1666 1813 a)
1682 1783 1778 1805 totum
1799 1776 1967 1806 universum
1989 1787 2165 1815 corporeum
2184 1786 2227 1808 est
2240 1779 2321 1816 prius
2342 1780 2373 1809 in
2391 1782 2488 1810 consi-

1409 1816 1560 1846 deratione
1582 1826 1671 1855 quam
1692 1823 1789 1854 partes
1810 1817 1889 1853 eius;
1912 1818 1940 1854 b)
1962 1819 2124 1847 secundum
2146 1820 2227 1857 quod
2255 1820 2396 1857 simplicia
2424 1831 2488 1850 cor-

1408 1866 1482 1894 pora
1503 1857 1583 1894 prius
1605 1856 1828 1886 considerantur
1850 1867 1939 1895 quarn
1954 1858 2057 1895 mixta;
2080 1861 2106 1895 c)
2129 1860 2289 1888 secundum
2311 1862 2393 1898 quod
2414 1861 2489 1890 inter

1409 1897 1551 1934 simplicia
1572 1907 1698 1934 corpora
1718 1897 1798 1934 prius
1820 1898 2066 1927 considerandum
2088 1906 2131 1928 est
2145 1900 2182 1928 de
2204 1900 2308 1937 priori,
2331 1910 2437 1938 nempe
2453 1903 2489 1930 de

1410 1947 1534 1975 corpore
1562 1937 1687 1967 caelesti.
1710 1939 1747 1966 Et
1768 1938 1840 1967 haec
1861 1938 1916 1968 tria
1937 1946 2062 1976 aguntur
2083 1939 2113 1968 in
2134 1940 2191 1969 hoc
2212 1940 2303 1977 libro,
2332 1942 2383 1979 qui
2409 1943 2489 1979 apud

1410 1979 1538 2007 Graecos
1559 1978 1720 2007 intitulatur
1741 1978 1777 2007 de
1795 1979 1893 2014 Caelo,
1916 1986 1944 2008 et
1965 1979 2015 2016 qui
2036 1979 2246 2009 rationabiliter
2266 1981 2418 2011 ordinatur
2430 1982 2489 2019 pri-

1411 2028 1476 2047 mus
1498 2025 1565 2056 post
1586 2018 1693 2046 librum
1709 2019 1919 2064 Physicorum.
1935 2036 1954 2042 -
1968 2029 1996 2055 4.
2018 2020 2181 2057 Opiniones
2195 2022 2385 2060 antiquorum
2400 2032 2488 2060 expo-

1410 2059 1534 2088 sitorum
1563 2058 1640 2088 circa
1667 2058 1829 2088 subiectum
1852 2059 1938 2088 huius
1959 2060 2033 2088 libri.
2058 2078 2077 2082 -
2101 2061 2126 2089 5.
2146 2062 2358 2091 Rationabilior
2378 2062 2491 2091 videtur

1411 2099 1554 2128 sententia
1567 2099 1734 2135 Alexandri,
1751 2100 1832 2137 quod
1847 2100 2010 2129 subiectum
2026 2101 2111 2130 huius
2130 2102 2195 2130 libri
2212 2102 2248 2131 sit
2262 2102 2356 2140 ipsum
2372 2103 2488 2132 univer-

1411 2150 1487 2176 sum,
1503 2141 1585 2178 quod
1600 2139 1705 2168 dicitur
1726 2122 1839 2169 zaelum
1859 2141 1903 2169 vel
1918 2142 2087 2170 mundus.—
2101 2143 2146 2170 De
2161 2142 2266 2180 quibus
2281 2143 2410 2180 partibus
2424 2143 2490 2172 uni-

1411 2180 1499 2209 versi
1507 2187 1536 2209 et
1557 2180 1711 2218 quomodo
1734 2181 1970 2210 determinetur
1963 2191 1993 2210 m
2015 2182 2072 2210 hoc
2093 2182 2178 2211 libro.

1411 2274 1505 2312 dum
1535 2274 1710 2312 ordinem
1732 2275 1958 2323 intentionis,
1979 2277 2194 2314 secundum
2223 2277 2329 2327 quod
2358 2277 2490 2315 artifex

1409 2327 1568 2366 intendit
1596 2336 1718 2366 totam
1748 2329 1912 2366 domum
1939 2330 2138 2379 perficere,
2165 2339 2201 2368 et
2228 2339 2387 2381 propter
2414 2332 2490 2369 hoc

1410 2381 1498 2420 facit
1525 2382 1716 2431 quidquid
1745 2390 1926 2432 operatur
1955 2383 2054 2421 circa
2081 2392 2209 2433 partes
2238 2385 2396 2431 domus;
2418 2393 2489 2422 ter-

1409 2435 1462 2473 tio
1496 2437 1711 2474 secundum
1741 2436 1917 2474 ordinem
1947 2438 2237 2487 compositionis,
2261 2447 2376 2488 prout
2395 2439 2490 2476 scili-

1410 2497 1470 2527 cet
1496 2489 1602 2539 prius
1622 2488 1727 2527 dolat
1745 2490 1907 2539 lapides,
1930 2499 1967 2528 et
1985 2499 2120 2541 postea
2149 2493 2359 2542 compingit
2379 2494 2399 2514 *²
2420 2505 2487 2530 eos

1410 2543 1450 2581 in
1486 2556 1609 2581 unum
1647 2543 1853 2593 parietem
1893 2552 2030 2593 quarto
2059 2546 2274 2583 secundum
2313 2547 2489 2585 ordinem

1408 2598 1685 2646 sustentationis
1713 2598 1866 2646 artificii
1870 2628 1881 2646 ,
1910 2607 2027 2648 prout
2054 2599 2184 2637 artifex
2212 2600 2338 2650 primo
2368 2601 2454 2638 iacit
2470 2602 2490 2622 *

1410 2651 1719 2699 fundamentum,
1741 2664 1858 2701 super
1885 2652 1993 2701 quod
2023 2661 2171 2691 ceterae
2194 2662 2321 2704 partes
2351 2654 2491 2692 domus

1410 2713 1679 2743 sustentantur.
1700 2727 1725 2734 -
1747 2706 1928 2744 Similiter
1957 2707 2072 2745 etiam
2101 2707 2293 2746 invenitur
2326 2709 2491 2757 quadru-

1409 2760 1498 2809 plex
1526 2759 1623 2797 ordo
1643 2759 1682 2797 in
1711 2760 2017 2798 consideratione
2038 2761 2193 2799 rationis
2218 2762 2487 2812 speculativae.

1410 2813 1564 2851 Primus
1601 2813 1760 2862 quidem
1808 2815 2023 2852 secundum
2065 2815 2173 2864 quod
2212 2816 2432 2866 proceditur
2469 2829 2491 2853 a

1411 2867 1684 2905 communibus
1712 2867 1761 2905 ad
1791 2868 1918 2906 minus
1953 2869 2188 2907 communia.
2220 2871 2270 2907 Et
2296 2870 2358 2907 hic
2391 2870 2487 2907 ordo

1411 2921 1619 2970 respondet
1638 2922 1972 2971 proportionaliter
1990 2923 2115 2972 primo
2138 2923 2273 2971 ordini,
2295 2935 2412 2972 quem
2433 2923 2487 2960 di-

1410 2975 1536 3012 ximus
1564 2976 1889 3024 apprehensionis:
1917 2976 2148 3014 universalia
2182 2978 2285 3014 enim
2315 2977 2489 3014 conside-

1411 3037 1540 3066 rantur
1569 3029 1784 3066 secundum
1805 3030 1972 3067 formam
2002 3031 2230 3078 absolutam,
2250 3030 2491 3080 particularia

1410 3095 1505 3120 vero
1534 3083 1750 3120 secundum
1780 3083 2075 3132 applicationem
2114 3083 2262 3121 formae
2291 3084 2341 3122 ad
2370 3092 2489 3122 mate-

1410 3137 1525 3183 riam;
1564 3136 1661 3174 sicut
1698 3136 1955 3185 Philosophus
1992 3136 2031 3174 in
2066 3138 2079 3173 l
2110 3137 2156 3174 de
2198 3138 2313 3175 Caelo
2343 3139 2364 3160 ²³²
2401 3138 2490 3176 dicit

1410 3190 1516 3240 quod
1546 3190 1612 3239 qui
1642 3190 1731 3227 dicit
1759 3191 1918 3236 caelum,
1940 3189 2030 3228 dicit
2058 3190 2237 3239 formam,
2266 3192 2332 3241 qui
2360 3200 2490 3230 autem

1410 3244 1499 3281 dicit
1526 3245 1598 3280 hoc
1625 3244 1794 3289 caelum,
1830 3243 1919 3280 dicit
1945 3244 2112 3281 formam
2144 3244 2184 3282 in
2216 3246 2387 3283 materia.
2424 3247 2491 3284 Se-

1410 3297 1559 3335 cundus
1579 3297 1676 3334 ordo
1699 3304 1754 3334 est
1773 3297 1988 3334 secundum
2004 3298 2111 3346 quod
2130 3299 2352 3348 proceditur
2367 3313 2390 3337 a
2407 3308 2488 3338 toto

1409 3351 1458 3388 ad
1476 3358 1617 3400 partes.
1639 3351 1688 3387 Et
1702 3351 1765 3387 hic
1780 3350 1876 3388 ordo
1896 3352 2233 3401 proportionaliter
2252 3354 2487 3403 respondet⁰‘

1409 3404 1534 3442 ordini
1555 3416 1674 3452 quem
1703 3403 1868 3442 diximus
1889 3405 2112 3453 intentionis,
2133 3414 2247 3456 prout
2266 3408 2405 3445 scilicet
2433 3416 2489 3445 to-

1409 3466 1492 3495 tum
1513 3465 1569 3494 est
1588 3457 1694 3506 prius
1723 3457 1762 3495 in
1783 3458 2088 3497 consideratione
2113 3473 2231 3510 quam
2251 3469 2389 3511 partes,
2411 3475 2490 3499 non

1406 3605 1451 3625 ton
1465 3602 1505 3625 est
1514 3599 1690 3625 secundum...
1699 3600 1742 3626 hic
1750 3600 1834 3631 ordo5
1848 3601 1880 3626 cf.
1893 3601 1951 3627 loca
1959 3602 2083 3634 parallelo.
2095 3610 2174 3635 supra
2184 3602 2293 3627 Primus
2308 3602 2413 3634 quidem
2429 3606 2489 3630 etc.¹

1405 3636 1470 3671 infra
1493 3635 1600 3661 Tertius
1619 3638 1710 3661 autem
1729 3637 1798 3662 ordo
1816 3641 1875 3667 etc„
1899 3637 2020 3668 Quartus
2038 3641 2127 3663 autem
2147 3638 2215 3663 ordo
2235 3643 2282 3663 etc.

2296 3700 2304 3716 1

2520 2499 2528 2508 ·
2546 2499 2664 2526 componit
2677 2505 2700 2520 Α.

2521 2604 2607 2633 'facit
2620 2611 2641 2626 Ρ.

2521 3142 2529 3150 ·
2545 3141 2577 3163 Ca
2598 3156 2604 3162 .
2620 3147 2658 3168 tx,
2674 3147 2697 3163 n.

2520 3168 2544 3190 S.
2556 3168 2576 3190 T
2596 3183 2602 3189 .
2619 3169 2670 3190 lect.
2684 3174 2704 3189 xi
