<?xml version="1.0" encoding="UTF-8"?>
<!DOCTYPE html PUBLIC "-//W3C//DTD XHTML 1.0 Transitional//EN"
    "http://www.w3.org/TR/xhtml1/DTD/xhtml1-transitional.dtd">
<html xmlns="http://www.w3.org/1999/xhtml" xml:lang="en" lang="en">
 <head>
  <title>
</title>
<meta http-equiv="Content-Type" content="text/html;charset=utf-8" />
  <meta name='ocr-system' content='tesseract 3.04.00' />
  <meta name='ocr-capabilities' content='ocr_page ocr_carea ocr_par ocr_line ocrx_word'/>
</head>
<body>
  <div class='ocr_page' id='page_1' title='image "./operaomniaiussui03thom/operaomniaiussui03thom_0396.png"; bbox 0 0 2782 4134; ppageno 0'>
   <div class='ocr_carea' id='block_1_1' title="bbox 115 1854 248 1881">
    <p class='ocr_par' dir='ltr' id='par_1_1' title="bbox 115 1854 248 1881">
     <span class='ocr_line' id='line_1_1' title="bbox 115 1854 248 1881; baseline -0.008 -5"><span class='ocrx_word' id='word_1_1' title='bbox 115 1855 124 1864; x_wconf 83' lang='grc'><em>·</em></span> <span class='ocrx_word' id='word_1_2' title='bbox 140 1854 210 1876; x_wconf 89' lang='lat' dir='ltr'>Num.</span> <span class='ocrx_word' id='word_1_3' title='bbox 226 1861 248 1881; x_wconf 81' lang='lat'>4.</span> 
     </span>
    </p>
   </div>
   <div class='ocr_carea' id='block_1_2' title="bbox 114 2175 271 2202">
    <p class='ocr_par' dir='ltr' id='par_1_2' title="bbox 114 2175 271 2202">
     <span class='ocr_line' id='line_1_2' title="bbox 114 2175 271 2202; baseline 0 -6"><span class='ocrx_word' id='word_1_4' title='bbox 114 2175 123 2185; x_wconf 83' lang='lat'>&#39;¹</span> <span class='ocrx_word' id='word_1_5' title='bbox 142 2175 236 2202; x_wconf 82' lang='lat' dir='ltr'>quando</span> <span class='ocrx_word' id='word_1_6' title='bbox 251 2181 271 2196; x_wconf 77' lang='lat' dir='ltr'>P.</span> 
     </span>
    </p>
   </div>
   <div class='ocr_carea' id='block_1_3' title="bbox 114 2281 293 2303">
    <p class='ocr_par' dir='ltr' id='par_1_3' title="bbox 114 2281 293 2303">
     <span class='ocr_line' id='line_1_3' title="bbox 114 2281 293 2303; baseline 0 -1"><span class='ocrx_word' id='word_1_7' title='bbox 114 2281 124 2290; x_wconf 88' lang='grc'><em>·</em></span> <span class='ocrx_word' id='word_1_8' title='bbox 137 2283 242 2303; x_wconf 81' lang='lat' dir='ltr'>cometae</span> <span class='ocrx_word' id='word_1_9' title='bbox 255 2287 293 2302; x_wconf 71' lang='grc' dir='ltr'>ΑΒ.</span> 
     </span>
    </p>
   </div>
   <div class='ocr_carea' id='block_1_4' title="bbox 363 277 437 314">
    <p class='ocr_par' dir='ltr' id='par_1_4' title="bbox 363 277 437 314">
     <span class='ocr_line' id='line_1_4' title="bbox 363 277 437 314; baseline -0.014 0"><span class='ocrx_word' id='word_1_10' title='bbox 363 277 437 314; x_wconf 82' lang='grc'>352</span> 
     </span>
    </p>
   </div>
   <div class='ocr_carea' id='block_1_5' title="bbox 357 352 1429 1417">
    <p class='ocr_par' dir='ltr' id='par_1_5' title="bbox 363 352 1429 510">
     <span class='ocr_line' id='line_1_5' title="bbox 363 352 1428 402; baseline -0.004 -10"><span class='ocrx_word' id='word_1_11' title='bbox 363 363 419 392; x_wconf 90' lang='lat' dir='ltr'>est</span> <span class='ocrx_word' id='word_1_12' title='bbox 447 356 517 392; x_wconf 93' lang='lat' dir='ltr'>sub</span> <span class='ocrx_word' id='word_1_13' title='bbox 537 355 746 392; x_wconf 89' lang='lat' dir='ltr'><strong>horizonte.</strong></span> <span class='ocrx_word' id='word_1_14' title='bbox 769 355 924 392; x_wconf 91' lang='lat' dir='ltr'>Falsum</span> <span class='ocrx_word' id='word_1_15' title='bbox 956 362 1010 391; x_wconf 90' lang='lat' dir='ltr'>est</span> <span class='ocrx_word' id='word_1_16' title='bbox 1030 366 1120 402; x_wconf 83' lang='lat' dir='ltr'>ergo</span> <span class='ocrx_word' id='word_1_17' title='bbox 1150 353 1256 401; x_wconf 93' lang='lat' dir='ltr'>quod</span> <span class='ocrx_word' id='word_1_18' title='bbox 1284 352 1428 399; x_wconf 92' lang='lat' dir='ltr'>dicunt,</span> 
     </span>
     <span class='ocr_line' id='line_1_6' title="bbox 363 405 1429 458; baseline -0.005 -12"><span class='ocrx_word' id='word_1_19' title='bbox 363 410 468 458; x_wconf 91' lang='lat' dir='ltr'>quod</span> <span class='ocrx_word' id='word_1_20' title='bbox 506 421 585 446; x_wconf 93' lang='lat' dir='ltr'>non</span> <span class='ocrx_word' id='word_1_21' title='bbox 618 415 797 458; x_wconf 82' lang='lat' dir='ltr'>appareat</span> <span class='ocrx_word' id='word_1_22' title='bbox 837 415 985 444; x_wconf 88' lang='lat' dir='ltr'>cometa</span> <span class='ocrx_word' id='word_1_23' title='bbox 1022 407 1093 444; x_wconf 92' lang='lat' dir='ltr'>nisi</span> <span class='ocrx_word' id='word_1_24' title='bbox 1130 407 1209 443; x_wconf 90' lang='lat' dir='ltr'>sole</span> <span class='ocrx_word' id='word_1_25' title='bbox 1248 405 1429 442; x_wconf 87' lang='lat' dir='ltr'>existente</span> 
     </span>
     <span class='ocr_line' id='line_1_7' title="bbox 364 461 941 510; baseline -0.002 -12"><span class='ocrx_word' id='word_1_26' title='bbox 364 462 462 499; x_wconf 90' lang='lat' dir='ltr'>circa</span> <span class='ocrx_word' id='word_1_27' title='bbox 489 462 679 510; x_wconf 91' lang='lat' dir='ltr'>tropicum</span> <span class='ocrx_word' id='word_1_28' title='bbox 708 461 941 498; x_wconf 87' lang='lat' dir='ltr'>aestivalem.</span> 
     </span>
    </p>

    <p class='ocr_par' dir='ltr' id='par_1_6' title="bbox 359 511 1428 1255">
     <span class='ocr_line' id='line_1_8' title="bbox 418 511 1427 558; baseline -0.005 -6"><span class='ocrx_word' id='word_1_29' title='bbox 418 517 453 552; x_wconf 88' lang='lat'>6.</span> <span class='ocrx_word' id='word_1_30' title='bbox 466 515 616 552; x_wconf 86' lang='lat' dir='ltr'>Deinde</span> <span class='ocrx_word' id='word_1_31' title='bbox 633 527 720 551; x_wconf 90' lang='lat' dir='ltr'>cum</span> <span class='ocrx_word' id='word_1_32' title='bbox 737 514 840 551; x_wconf 89' lang='lat' dir='ltr'>dicit:</span> <span class='ocrx_word' id='word_1_33' title='bbox 863 515 1071 550; x_wconf 87' lang='lat' dir='ltr'><em>Commune</em></span> <span class='ocrx_word' id='word_1_34' title='bbox 1085 517 1210 549; x_wconf 84' lang='lat' dir='ltr'>autem</span> <span class='ocrx_word' id='word_1_35' title='bbox 1226 511 1330 548; x_wconf 82' lang='lat' dir='ltr'>ethis</span> <span class='ocrx_word' id='word_1_36' title='bbox 1345 519 1427 558; x_wconf 92' lang='lat' dir='ltr'>etc.,</span> 
     </span>
     <span class='ocr_line' id='line_1_9' title="bbox 363 564 1428 617; baseline -0.004 -12"><span class='ocrx_word' id='word_1_37' title='bbox 363 569 556 617; x_wconf 88' lang='lat' dir='ltr'>improbat</span> <span class='ocrx_word' id='word_1_38' title='bbox 583 568 745 617; x_wconf 88' lang='lat' dir='ltr'>primam</span> <span class='ocrx_word' id='word_1_39' title='bbox 771 566 993 615; x_wconf 90' lang='lat' dir='ltr'>opinionem</span> <span class='ocrx_word' id='word_1_40' title='bbox 1021 577 1091 614; x_wconf 92' lang='lat' dir='ltr'>per</span> <span class='ocrx_word' id='word_1_41' title='bbox 1120 572 1284 614; x_wconf 90' lang='lat' dir='ltr'>quatuor</span> <span class='ocrx_word' id='word_1_42' title='bbox 1317 564 1428 601; x_wconf 91' lang='lat' dir='ltr'>ratio—</span> 
     </span>
     <span class='ocr_line' id='line_1_10' title="bbox 364 618 1428 669; baseline -0.003 -11"><span class='ocrx_word' id='word_1_43' title='bbox 364 634 431 658; x_wconf 87' lang='lat' dir='ltr'>nes</span> <span class='ocrx_word' id='word_1_44' title='bbox 450 627 474 658; x_wconf 60' lang='grc' dir='ltr'>η.</span> <span class='ocrx_word' id='word_1_45' title='bbox 497 622 671 668; x_wconf 90' lang='lat' dir='ltr'>Quarum</span> <span class='ocrx_word' id='word_1_46' title='bbox 691 620 814 669; x_wconf 90' lang='lat' dir='ltr'>prima</span> <span class='ocrx_word' id='word_1_47' title='bbox 835 627 889 656; x_wconf 92' lang='lat' dir='ltr'>est</span> <span class='ocrx_word' id='word_1_48' title='bbox 909 626 1040 655; x_wconf 90' lang='lat' dir='ltr'>contra</span> <span class='ocrx_word' id='word_1_49' title='bbox 1060 630 1197 655; x_wconf 91' lang='lat' dir='ltr'>omnes</span> <span class='ocrx_word' id='word_1_50' title='bbox 1215 618 1428 667; x_wconf 90' lang='lat' dir='ltr'>praedictas</span> 
     </span>
     <span class='ocr_line' id='line_1_11' title="bbox 364 672 1426 723; baseline -0.002 -12"><span class='ocrx_word' id='word_1_51' title='bbox 364 675 565 723; x_wconf 89' lang='lat' dir='ltr'>opiniones</span> <span class='ocrx_word' id='word_1_52' title='bbox 595 674 760 711; x_wconf 88' lang='lat' dir='ltr'>dicentes</span> <span class='ocrx_word' id='word_1_53' title='bbox 782 679 950 709; x_wconf 92' lang='lat' dir='ltr'>cometas</span> <span class='ocrx_word' id='word_1_54' title='bbox 980 684 1063 708; x_wconf 91' lang='lat' dir='ltr'>esse</span> <span class='ocrx_word' id='word_1_55' title='bbox 1087 672 1211 708; x_wconf 90' lang='lat' dir='ltr'>stellas</span> <span class='ocrx_word' id='word_1_56' title='bbox 1231 672 1426 709; x_wconf 89' lang='lat' dir='ltr'>erraticas:</span> 
     </span>
     <span class='ocr_line' id='line_1_12' title="bbox 364 725 1428 777; baseline -0.002 -13"><span class='ocrx_word' id='word_1_57' title='bbox 364 728 451 777; x_wconf 88' lang='lat' dir='ltr'>quia</span> <span class='ocrx_word' id='word_1_58' title='bbox 472 728 584 764; x_wconf 90' lang='lat' dir='ltr'>etiam</span> <span class='ocrx_word' id='word_1_59' title='bbox 603 727 796 775; x_wconf 86' lang='lat' dir='ltr'>quaedam</span> <span class='ocrx_word' id='word_1_60' title='bbox 817 726 1010 762; x_wconf 90' lang='lat' dir='ltr'>stellarum</span> <span class='ocrx_word' id='word_1_61' title='bbox 1036 737 1115 762; x_wconf 90' lang='lat' dir='ltr'>non</span> <span class='ocrx_word' id='word_1_62' title='bbox 1136 725 1343 762; x_wconf 89' lang='lat' dir='ltr'>errantium</span> <span class='ocrx_word' id='word_1_63' title='bbox 1368 738 1428 762; x_wconf 93' lang='lat' dir='ltr'>ac-</span> 
     </span>
     <span class='ocr_line' id='line_1_13' title="bbox 363 778 1426 830; baseline -0.003 -12"><span class='ocrx_word' id='word_1_64' title='bbox 363 781 505 830; x_wconf 90' lang='lat' dir='ltr'>cipiunt</span> <span class='ocrx_word' id='word_1_65' title='bbox 525 792 687 817; x_wconf 90' lang='lat' dir='ltr'>comam.</span> <span class='ocrx_word' id='word_1_66' title='bbox 701 780 750 816; x_wconf 90' lang='lat' dir='ltr'>Et</span> <span class='ocrx_word' id='word_1_67' title='bbox 768 780 843 816; x_wconf 92' lang='lat' dir='ltr'>hoc</span> <span class='ocrx_word' id='word_1_68' title='bbox 858 791 937 815; x_wconf 90' lang='lat' dir='ltr'>non</span> <span class='ocrx_word' id='word_1_69' title='bbox 957 778 1082 815; x_wconf 91' lang='lat' dir='ltr'>solum</span> <span class='ocrx_word' id='word_1_70' title='bbox 1102 786 1253 827; x_wconf 89' lang='lat' dir='ltr'>oportet</span> <span class='ocrx_word' id='word_1_71' title='bbox 1273 779 1426 816; x_wconf 90' lang='lat' dir='ltr'>credere</span> 
     </span>
     <span class='ocr_line' id='line_1_14' title="bbox 362 831 1428 882; baseline -0.002 -11"><span class='ocrx_word' id='word_1_72' title='bbox 362 834 556 882; x_wconf 88' lang='lat' dir='ltr'>Aegyptiis</span> <span class='ocrx_word' id='word_1_73' title='bbox 585 832 597 854; x_wconf 72' lang='grc' dir='ltr'><em>θ</em></span> <span class='ocrx_word' id='word_1_74' title='bbox 624 832 860 869; x_wconf 86' lang='lat' dir='ltr'>studentibus</span> <span class='ocrx_word' id='word_1_75' title='bbox 880 831 918 868; x_wconf 94' lang='lat' dir='ltr'>in</span> <span class='ocrx_word' id='word_1_76' title='bbox 946 832 1233 879; x_wconf 88' lang='lat' dir='ltr'>mathematicis,</span> <span class='ocrx_word' id='word_1_77' title='bbox 1259 833 1325 881; x_wconf 91' lang='lat' dir='ltr'>qui</span> <span class='ocrx_word' id='word_1_78' title='bbox 1353 834 1428 870; x_wconf 93' lang='lat' dir='ltr'>hoc</span> 
     </span>
     <span class='ocr_line' id='line_1_15' title="bbox 363 885 1425 935; baseline -0.002 -11"><span class='ocrx_word' id='word_1_79' title='bbox 363 887 507 932; x_wconf 86' lang='lat' dir='ltr'>dicunt;</span> <span class='ocrx_word' id='word_1_80' title='bbox 529 887 595 923; x_wconf 91' lang='lat' dir='ltr'>sed</span> <span class='ocrx_word' id='word_1_81' title='bbox 623 886 702 935; x_wconf 90' lang='lat' dir='ltr'>ipse</span> <span class='ocrx_word' id='word_1_82' title='bbox 731 885 952 922; x_wconf 91' lang='lat' dir='ltr'>Aristoteles</span> <span class='ocrx_word' id='word_1_83' title='bbox 977 885 1065 923; x_wconf 92' lang='lat' dir='ltr'>dicit</span> <span class='ocrx_word' id='word_1_84' title='bbox 1093 898 1133 922; x_wconf 91' lang='lat' dir='ltr'>se</span> <span class='ocrx_word' id='word_1_85' title='bbox 1161 886 1237 922; x_wconf 91' lang='lat' dir='ltr'>hoc</span> <span class='ocrx_word' id='word_1_86' title='bbox 1264 885 1425 934; x_wconf 90' lang='lat' dir='ltr'>vidisse,</span> 
     </span>
     <span class='ocr_line' id='line_1_16' title="bbox 362 938 1426 988; baseline -0.001 -11"><span class='ocrx_word' id='word_1_87' title='bbox 362 940 466 988; x_wconf 92' lang='lat' dir='ltr'>quod</span> <span class='ocrx_word' id='word_1_88' title='bbox 486 952 563 976; x_wconf 90' lang='lat' dir='ltr'>una</span> <span class='ocrx_word' id='word_1_89' title='bbox 582 940 773 976; x_wconf 89' lang='lat' dir='ltr'>stellarum</span> <span class='ocrx_word' id='word_1_90' title='bbox 793 951 892 987; x_wconf 90' lang='lat' dir='ltr'>quae</span> <span class='ocrx_word' id='word_1_91' title='bbox 914 945 970 976; x_wconf 90' lang='lat' dir='ltr'>est</span> <span class='ocrx_word' id='word_1_92' title='bbox 987 938 1026 976; x_wconf 91' lang='lat' dir='ltr'>in</span> <span class='ocrx_word' id='word_1_93' title='bbox 1050 939 1277 987; x_wconf 88' lang='lat' dir='ltr'>figuratione</span> <span class='ocrx_word' id='word_1_94' title='bbox 1298 939 1426 987; x_wconf 90' lang='lat' dir='ltr'>Canis,</span> 
     </span>
     <span class='ocr_line' id='line_1_17' title="bbox 361 992 1425 1042; baseline 0 -12"><span class='ocrx_word' id='word_1_95' title='bbox 361 993 463 1042; x_wconf 91' lang='lat' dir='ltr'>apud</span> <span class='ocrx_word' id='word_1_96' title='bbox 492 994 615 1029; x_wconf 88' lang='lat' dir='ltr'>femur</span> <span class='ocrx_word' id='word_1_97' title='bbox 643 992 741 1039; x_wconf 89' lang='lat' dir='ltr'>eius,</span> <span class='ocrx_word' id='word_1_98' title='bbox 773 1004 926 1028; x_wconf 88' lang='lat' dir='ltr'>comam</span> <span class='ocrx_word' id='word_1_99' title='bbox 953 992 1097 1040; x_wconf 88' lang='lat' dir='ltr'>habuit,</span> <span class='ocrx_word' id='word_1_100' title='bbox 1137 993 1205 1030; x_wconf 93' lang='lat' dir='ltr'>sed</span> <span class='ocrx_word' id='word_1_101' title='bbox 1235 993 1425 1030; x_wconf 89' lang='lat' dir='ltr'>debilem:</span> 
     </span>
     <span class='ocr_line' id='line_1_18' title="bbox 362 1045 1426 1095; baseline 0 -13"><span class='ocrx_word' id='word_1_102' title='bbox 362 1046 467 1095; x_wconf 91' lang='lat' dir='ltr'>quod</span> <span class='ocrx_word' id='word_1_103' title='bbox 481 1045 601 1095; x_wconf 89' lang='lat' dir='ltr'>patuit</span> <span class='ocrx_word' id='word_1_104' title='bbox 620 1045 721 1094; x_wconf 92' lang='lat' dir='ltr'>quia,</span> <span class='ocrx_word' id='word_1_105' title='bbox 738 1045 894 1094; x_wconf 91' lang='lat' dir='ltr'>quando</span> <span class='ocrx_word' id='word_1_106' title='bbox 909 1052 917 1066; x_wconf 80' lang='lat'>⁴</span> <span class='ocrx_word' id='word_1_107' title='bbox 937 1045 1071 1095; x_wconf 89' lang='lat' dir='ltr'>aliquis</span> <span class='ocrx_word' id='word_1_108' title='bbox 1091 1046 1234 1082; x_wconf 87' lang='lat' dir='ltr'>fortiter</span> <span class='ocrx_word' id='word_1_109' title='bbox 1254 1046 1426 1084; x_wconf 89' lang='lat' dir='ltr'>intende-</span> 
     </span>
     <span class='ocr_line' id='line_1_19' title="bbox 360 1098 1427 1148; baseline 0.001 -13"><span class='ocrx_word' id='word_1_110' title='bbox 360 1100 423 1136; x_wconf 90' lang='lat' dir='ltr'>bat</span> <span class='ocrx_word' id='word_1_111' title='bbox 454 1099 492 1136; x_wconf 92' lang='lat' dir='ltr'>in</span> <span class='ocrx_word' id='word_1_112' title='bbox 520 1099 664 1148; x_wconf 88' lang='lat' dir='ltr'>ipsam,</span> <span class='ocrx_word' id='word_1_113' title='bbox 699 1098 965 1136; x_wconf 87' lang='lat' dir='ltr'>debilitabatur</span> <span class='ocrx_word' id='word_1_114' title='bbox 1001 1100 1133 1136; x_wconf 87' lang='lat' dir='ltr'>lumen</span> <span class='ocrx_word' id='word_1_115' title='bbox 1163 1112 1323 1145; x_wconf 88' lang='lat' dir='ltr'>comae;</span> <span class='ocrx_word' id='word_1_116' title='bbox 1359 1100 1427 1137; x_wconf 93' lang='lat' dir='ltr'>sed</span> 
     </span>
     <span class='ocr_line' id='line_1_20' title="bbox 360 1152 1426 1201; baseline 0.002 -13"><span class='ocrx_word' id='word_1_117' title='bbox 360 1152 514 1201; x_wconf 90' lang='lat' dir='ltr'>quando</span> <span class='ocrx_word' id='word_1_118' title='bbox 530 1152 665 1201; x_wconf 92' lang='lat' dir='ltr'>aliquis</span> <span class='ocrx_word' id='word_1_119' title='bbox 680 1152 842 1189; x_wconf 89' lang='lat' dir='ltr'>iaciebat</span> <span class='ocrx_word' id='word_1_120' title='bbox 855 1152 983 1189; x_wconf 90' lang='lat' dir='ltr'>visum</span> <span class='ocrx_word' id='word_1_121' title='bbox 997 1152 1036 1189; x_wconf 92' lang='lat' dir='ltr'>in</span> <span class='ocrx_word' id='word_1_122' title='bbox 1051 1153 1199 1190; x_wconf 91' lang='lat' dir='ltr'>stellam</span> <span class='ocrx_word' id='word_1_123' title='bbox 1215 1165 1294 1190; x_wconf 94' lang='lat' dir='ltr'>non</span> <span class='ocrx_word' id='word_1_124' title='bbox 1314 1153 1426 1190; x_wconf 92' lang='lat' dir='ltr'>nimis</span> 
     </span>
     <span class='ocr_line' id='line_1_21' title="bbox 359 1205 1425 1255; baseline 0.002 -13"><span class='ocrx_word' id='word_1_125' title='bbox 359 1206 502 1242; x_wconf 90' lang='lat' dir='ltr'>intense</span> <span class='ocrx_word' id='word_1_126' title='bbox 524 1213 559 1242; x_wconf 94' lang='lat' dir='ltr'>et</span> <span class='ocrx_word' id='word_1_127' title='bbox 579 1205 784 1249; x_wconf 88' lang='lat' dir='ltr'>remissius,</span> <span class='ocrx_word' id='word_1_128' title='bbox 800 1206 886 1254; x_wconf 90' lang='lat' dir='ltr'>plus</span> <span class='ocrx_word' id='word_1_129' title='bbox 901 1207 1111 1255; x_wconf 88' lang='lat' dir='ltr'>apparebat</span> <span class='ocrx_word' id='word_1_130' title='bbox 1129 1207 1260 1243; x_wconf 91' lang='lat' dir='ltr'>lumen</span> <span class='ocrx_word' id='word_1_131' title='bbox 1277 1219 1425 1244; x_wconf 90' lang='lat' dir='ltr'>comae.</span> 
     </span>
    </p>

    <p class='ocr_par' dir='ltr' id='par_1_7' title="bbox 357 1259 1428 1417">
     <span class='ocr_line' id='line_1_22' title="bbox 412 1259 1426 1308; baseline 0.002 -13"><span class='ocrx_word' id='word_1_132' title='bbox 412 1271 446 1307; x_wconf 92' lang='lat'>7.</span> <span class='ocrx_word' id='word_1_133' title='bbox 470 1259 687 1296; x_wconf 88' lang='lat' dir='ltr'>Secundam</span> <span class='ocrx_word' id='word_1_134' title='bbox 709 1259 895 1296; x_wconf 88' lang='lat' dir='ltr'>rationem</span> <span class='ocrx_word' id='word_1_135' title='bbox 913 1259 1022 1308; x_wconf 89' lang='lat' dir='ltr'>ponit</span> <span class='ocrx_word' id='word_1_136' title='bbox 1041 1259 1117 1297; x_wconf 89' lang='lat' dir='ltr'>ibi:</span> <span class='ocrx_word' id='word_1_137' title='bbox 1146 1260 1282 1297; x_wconf 85' lang='lat' dir='ltr'><em>Adhuc</em></span> <span class='ocrx_word' id='word_1_138' title='bbox 1301 1266 1426 1297; x_wconf 85' lang='lat' dir='ltr'>autem</span> 
     </span>
     <span class='ocr_line' id='line_1_23' title="bbox 358 1312 1425 1363; baseline 0.001 -14"><span class='ocrx_word' id='word_1_139' title='bbox 358 1324 486 1349; x_wconf 82' lang='lat' dir='ltr'>omnes</span> <span class='ocrx_word' id='word_1_140' title='bbox 506 1320 575 1349; x_wconf 92' lang='lat' dir='ltr'>etc.</span> <span class='ocrx_word' id='word_1_141' title='bbox 597 1313 646 1349; x_wconf 91' lang='lat' dir='ltr'>Et</span> <span class='ocrx_word' id='word_1_142' title='bbox 671 1312 759 1350; x_wconf 91' lang='lat' dir='ltr'>dicit</span> <span class='ocrx_word' id='word_1_143' title='bbox 787 1312 893 1360; x_wconf 92' lang='lat' dir='ltr'>quod</span> <span class='ocrx_word' id='word_1_144' title='bbox 914 1325 1051 1349; x_wconf 90' lang='lat' dir='ltr'>omnes</span> <span class='ocrx_word' id='word_1_145' title='bbox 1077 1321 1250 1350; x_wconf 90' lang='lat' dir='ltr'>cometae</span> <span class='ocrx_word' id='word_1_146' title='bbox 1269 1314 1333 1363; x_wconf 91' lang='lat' dir='ltr'>qui</span> <span class='ocrx_word' id='word_1_147' title='bbox 1355 1326 1425 1351; x_wconf 93' lang='lat' dir='ltr'>suo</span> 
     </span>
     <span class='ocr_line' id='line_1_24' title="bbox 357 1365 1428 1417; baseline 0.002 -15"><span class='ocrx_word' id='word_1_148' title='bbox 357 1373 527 1414; x_wconf 90' lang='lat' dir='ltr'>tempore</span> <span class='ocrx_word' id='word_1_149' title='bbox 552 1366 703 1403; x_wconf 86' lang='lat' dir='ltr'>fuerunt</span> <span class='ocrx_word' id='word_1_150' title='bbox 720 1365 793 1403; x_wconf 91' lang='lat' dir='ltr'>visi</span> <span class='ocrx_word' id='word_1_151' title='bbox 812 1372 836 1413; x_wconf 85' lang='lat'>’‘,</span> <span class='ocrx_word' id='word_1_152' title='bbox 859 1365 1125 1414; x_wconf 84' lang='lat' dir='ltr'>disparuerunt</span> <span class='ocrx_word' id='word_1_153' title='bbox 1143 1367 1182 1404; x_wconf 94' lang='lat' dir='ltr'>in</span> <span class='ocrx_word' id='word_1_154' title='bbox 1200 1367 1287 1404; x_wconf 93' lang='lat' dir='ltr'>loco</span> <span class='ocrx_word' id='word_1_155' title='bbox 1313 1380 1428 1417; x_wconf 91' lang='lat' dir='ltr'>super</span> 
     </span>
    </p>
   </div>
   <div class='ocr_carea' id='block_1_6' title="bbox 356 1419 1440 1471">
    <p class='ocr_par' dir='ltr' id='par_1_8' title="bbox 356 1419 1440 1471">
     <span class='ocr_line' id='line_1_25' title="bbox 356 1419 1440 1471; baseline 0.003 -16"><span class='ocrx_word' id='word_1_156' title='bbox 356 1419 595 1456; x_wconf 91' lang='lat' dir='ltr'>horizontem</span> <span class='ocrx_word' id='word_1_157' title='bbox 623 1420 703 1456; x_wconf 85' lang='lat' dir='ltr'>sine</span> <span class='ocrx_word' id='word_1_158' title='bbox 731 1431 879 1466; x_wconf 83' lang='lat' dir='ltr'>occasu,</span> <span class='ocrx_word' id='word_1_159' title='bbox 910 1419 1007 1456; x_wconf 92' lang='lat' dir='ltr'>idest</span> <span class='ocrx_word' id='word_1_160' title='bbox 1034 1419 1115 1456; x_wconf 91' lang='lat' dir='ltr'>sine</span> <span class='ocrx_word' id='word_1_161' title='bbox 1144 1421 1440 1471; x_wconf 88' lang='lat' dir='ltr'>appropinqua-.</span> 
     </span>
    </p>
   </div>
   <div class='ocr_carea' id='block_1_7' title="bbox 352 1472 1426 2381">
    <p class='ocr_par' dir='ltr' id='par_1_9' title="bbox 352 1472 1426 2381">
     <span class='ocr_line' id='line_1_26' title="bbox 355 1472 1425 1512; baseline 0.002 -3"><span class='ocrx_word' id='word_1_162' title='bbox 355 1472 457 1509; x_wconf 91' lang='lat' dir='ltr'>tione</span> <span class='ocrx_word' id='word_1_163' title='bbox 486 1472 535 1509; x_wconf 93' lang='lat' dir='ltr'>ad</span> <span class='ocrx_word' id='word_1_164' title='bbox 564 1473 698 1510; x_wconf 91' lang='lat' dir='ltr'>solem.</span> <span class='ocrx_word' id='word_1_165' title='bbox 720 1474 833 1510; x_wconf 92' lang='lat' dir='ltr'>Tunc</span> <span class='ocrx_word' id='word_1_166' title='bbox 862 1473 965 1510; x_wconf 89' lang='lat' dir='ltr'>enim</span> <span class='ocrx_word' id='word_1_167' title='bbox 990 1472 1125 1510; x_wconf 91' lang='lat' dir='ltr'>dicitur</span> <span class='ocrx_word' id='word_1_168' title='bbox 1152 1486 1311 1511; x_wconf 90' lang='lat' dir='ltr'>occasus</span> <span class='ocrx_word' id='word_1_169' title='bbox 1341 1475 1425 1512; x_wconf 92' lang='lat' dir='ltr'>stel-</span> 
     </span>
     <span class='ocr_line' id='line_1_27' title="bbox 355 1526 1426 1575; baseline 0.003 -13"><span class='ocrx_word' id='word_1_170' title='bbox 355 1526 489 1573; x_wconf 89' lang='lat' dir='ltr'>larum,</span> <span class='ocrx_word' id='word_1_171' title='bbox 511 1526 666 1575; x_wconf 89' lang='lat' dir='ltr'>quando</span> <span class='ocrx_word' id='word_1_172' title='bbox 695 1526 832 1563; x_wconf 92' lang='lat' dir='ltr'>intrant</span> <span class='ocrx_word' id='word_1_173' title='bbox 851 1527 922 1563; x_wconf 89' lang='lat' dir='ltr'>sub</span> <span class='ocrx_word' id='word_1_174' title='bbox 945 1526 1058 1564; x_wconf 92' lang='lat' dir='ltr'>radiis</span> <span class='ocrx_word' id='word_1_175' title='bbox 1078 1527 1183 1564; x_wconf 87' lang='lat' dir='ltr'>solis:</span> <span class='ocrx_word' id='word_1_176' title='bbox 1209 1528 1278 1565; x_wconf 92' lang='lat' dir='ltr'>sed</span> <span class='ocrx_word' id='word_1_177' title='bbox 1297 1541 1426 1565; x_wconf 91' lang='lat' dir='ltr'>come—</span> 
     </span>
     <span class='ocr_line' id='line_1_28' title="bbox 355 1580 1426 1630; baseline 0.004 -15"><span class='ocrx_word' id='word_1_178' title='bbox 355 1586 414 1616; x_wconf 93' lang='lat' dir='ltr'>tae</span> <span class='ocrx_word' id='word_1_179' title='bbox 453 1587 680 1628; x_wconf 88' lang='lat' dir='ltr'>apparentes</span> <span class='ocrx_word' id='word_1_180' title='bbox 713 1592 783 1617; x_wconf 93' lang='lat' dir='ltr'>suo</span> <span class='ocrx_word' id='word_1_181' title='bbox 821 1587 1014 1629; x_wconf 89' lang='lat' dir='ltr'>tempore,</span> <span class='ocrx_word' id='word_1_182' title='bbox 1045 1580 1313 1630; x_wconf 88' lang='lat' dir='ltr'>disparuerunt</span> <span class='ocrx_word' id='word_1_183' title='bbox 1345 1582 1426 1619; x_wconf 91' lang='lat' dir='ltr'>sine</span> 
     </span>
     <span class='ocr_line' id='line_1_29' title="bbox 354 1633 1426 1685; baseline 0.003 -16"><span class='ocrx_word' id='word_1_184' title='bbox 354 1633 428 1669; x_wconf 92' lang='lat' dir='ltr'>hoc</span> <span class='ocrx_word' id='word_1_185' title='bbox 448 1633 553 1682; x_wconf 92' lang='lat' dir='ltr'>quod</span> <span class='ocrx_word' id='word_1_186' title='bbox 573 1634 926 1683; x_wconf 90' lang='lat' dir='ltr'>appropinquarent</span> <span class='ocrx_word' id='word_1_187' title='bbox 945 1634 994 1671; x_wconf 92' lang='lat' dir='ltr'>ad</span> <span class='ocrx_word' id='word_1_188' title='bbox 1009 1634 1143 1682; x_wconf 90' lang='lat' dir='ltr'>solem,</span> <span class='ocrx_word' id='word_1_189' title='bbox 1165 1635 1291 1672; x_wconf 91' lang='lat' dir='ltr'>adhuc</span> <span class='ocrx_word' id='word_1_190' title='bbox 1311 1648 1426 1685; x_wconf 91' lang='lat' dir='ltr'>super</span> 
     </span>
     <span class='ocr_line' id='line_1_30' title="bbox 354 1686 1425 1738; baseline 0.004 -16"><span class='ocrx_word' id='word_1_191' title='bbox 354 1686 591 1723; x_wconf 89' lang='lat' dir='ltr'>horizontem</span> <span class='ocrx_word' id='word_1_192' title='bbox 623 1687 822 1724; x_wconf 85' lang='lat' dir='ltr'>existentes</span> <span class='ocrx_word' id='word_1_193' title='bbox 851 1688 962 1735; x_wconf 89' lang='lat' dir='ltr'>longe</span> <span class='ocrx_word' id='word_1_194' title='bbox 985 1699 1007 1724; x_wconf 95' lang='lat' dir='ltr'>a</span> <span class='ocrx_word' id='word_1_195' title='bbox 1033 1687 1124 1724; x_wconf 91' lang='lat' dir='ltr'>sole.</span> <span class='ocrx_word' id='word_1_196' title='bbox 1154 1689 1203 1725; x_wconf 90' lang='lat' dir='ltr'>Et</span> <span class='ocrx_word' id='word_1_197' title='bbox 1232 1688 1425 1738; x_wconf 90' lang='lat' dir='ltr'>disparue-</span> 
     </span>
     <span class='ocr_line' id='line_1_31' title="bbox 356 1739 1425 1790; baseline 0.004 -14"><span class='ocrx_word' id='word_1_198' title='bbox 356 1747 442 1776; x_wconf 90' lang='lat' dir='ltr'>runt</span> <span class='ocrx_word' id='word_1_199' title='bbox 471 1739 578 1789; x_wconf 92' lang='lat' dir='ltr'>quasi</span> <span class='ocrx_word' id='word_1_200' title='bbox 611 1740 795 1789; x_wconf 90' lang='lat' dir='ltr'>paulatim</span> <span class='ocrx_word' id='word_1_201' title='bbox 835 1740 1073 1790; x_wconf 90' lang='lat' dir='ltr'>consumpti,</span> <span class='ocrx_word' id='word_1_202' title='bbox 1112 1741 1174 1778; x_wconf 92' lang='lat' dir='ltr'>ita</span> <span class='ocrx_word' id='word_1_203' title='bbox 1200 1743 1306 1790; x_wconf 90' lang='lat' dir='ltr'>quod</span> <span class='ocrx_word' id='word_1_204' title='bbox 1345 1755 1425 1780; x_wconf 92' lang='lat' dir='ltr'>non</span> 
     </span>
     <span class='ocr_line' id='line_1_32' title="bbox 355 1793 1424 1844; baseline 0.004 -15"><span class='ocrx_word' id='word_1_205' title='bbox 355 1793 680 1841; x_wconf 90' lang='lat' dir='ltr'>derelinqueretur</span> <span class='ocrx_word' id='word_1_206' title='bbox 708 1806 834 1843; x_wconf 89' lang='lat' dir='ltr'>neque</span> <span class='ocrx_word' id='word_1_207' title='bbox 855 1806 994 1843; x_wconf 92' lang='lat' dir='ltr'>corpus</span> <span class='ocrx_word' id='word_1_208' title='bbox 1017 1794 1131 1831; x_wconf 90' lang='lat' dir='ltr'>unius</span> <span class='ocrx_word' id='word_1_209' title='bbox 1150 1796 1278 1832; x_wconf 90' lang='lat' dir='ltr'>stellae</span> <span class='ocrx_word' id='word_1_210' title='bbox 1298 1808 1424 1844; x_wconf 91' lang='lat' dir='ltr'>neque</span> 
     </span>
     <span class='ocr_line' id='line_1_33' title="bbox 354 1846 1424 1898; baseline 0.003 -15"><span class='ocrx_word' id='word_1_211' title='bbox 354 1846 532 1895; x_wconf 91' lang='lat' dir='ltr'>plurium.</span> <span class='ocrx_word' id='word_1_212' title='bbox 555 1847 655 1894; x_wconf 90' lang='lat' dir='ltr'>Quia</span> <span class='ocrx_word' id='word_1_213' title='bbox 683 1859 822 1896; x_wconf 88' lang='lat' dir='ltr'>magna</span> <span class='ocrx_word' id='word_1_214' title='bbox 850 1848 955 1884; x_wconf 90' lang='lat' dir='ltr'>stella</span> <span class='ocrx_word' id='word_1_215' title='bbox 976 1847 1023 1885; x_wconf 92' lang='lat' dir='ltr'>de</span> <span class='ocrx_word' id='word_1_216' title='bbox 1053 1860 1129 1897; x_wconf 92' lang='lat' dir='ltr'>qua</span> <span class='ocrx_word' id='word_1_217' title='bbox 1154 1861 1270 1898; x_wconf 87' lang='lat' dir='ltr'>supra</span> <span class='ocrx_word' id='word_1_218' title='bbox 1289 1849 1310 1871; x_wconf 76' lang='lat'>’¹‘</span> <span class='ocrx_word' id='word_1_219' title='bbox 1333 1849 1424 1886; x_wconf 87' lang='lat' dir='ltr'>dixi—</span> 
     </span>
     <span class='ocr_line' id='line_1_34' title="bbox 353 1900 1424 1952; baseline 0.003 -15"><span class='ocrx_word' id='word_1_220' title='bbox 353 1912 439 1948; x_wconf 86' lang='lat' dir='ltr'>mus</span> <span class='ocrx_word' id='word_1_221' title='bbox 455 1901 560 1950; x_wconf 93' lang='lat' dir='ltr'>quod</span> <span class='ocrx_word' id='word_1_222' title='bbox 574 1900 642 1938; x_wconf 86' lang='lat' dir='ltr'>fuit</span> <span class='ocrx_word' id='word_1_223' title='bbox 669 1908 843 1950; x_wconf 91' lang='lat' dir='ltr'>tempore</span> <span class='ocrx_word' id='word_1_224' title='bbox 864 1908 1117 1938; x_wconf 90' lang='lat' dir='ltr'>terraemotus</span> <span class='ocrx_word' id='word_1_225' title='bbox 1132 1901 1171 1939; x_wconf 93' lang='lat' dir='ltr'>in</span> <span class='ocrx_word' id='word_1_226' title='bbox 1185 1902 1342 1951; x_wconf 86' lang='lat' dir='ltr'>Achaia,</span> <span class='ocrx_word' id='word_1_227' title='bbox 1359 1915 1424 1952; x_wconf 92' lang='lat' dir='ltr'>ap-</span> 
     </span>
     <span class='ocr_line' id='line_1_35' title="bbox 353 1954 1423 2014; baseline 0.004 -24"><span class='ocrx_word' id='word_1_228' title='bbox 353 1954 478 2002; x_wconf 88' lang='lat' dir='ltr'>paruit</span> <span class='ocrx_word' id='word_1_229' title='bbox 506 1961 681 2014; x_wconf 78' lang='lat' dir='ltr'>ternpore</span> <span class='ocrx_word' id='word_1_230' title='bbox 708 1954 845 1992; x_wconf 90' lang='lat' dir='ltr'>hiemis</span> <span class='ocrx_word' id='word_1_231' title='bbox 874 1954 912 1991; x_wconf 91' lang='lat' dir='ltr'>in</span> <span class='ocrx_word' id='word_1_232' title='bbox 940 1967 1116 2014; x_wconf 80' lang='lat' dir='ltr'>vespere,</span> <span class='ocrx_word' id='word_1_233' title='bbox 1138 1955 1317 1993; x_wconf 88' lang='lat' dir='ltr'>existente</span> <span class='ocrx_word' id='word_1_234' title='bbox 1337 1957 1423 2005; x_wconf 88' lang='lat' dir='ltr'>gelu</span> 
     </span>
     <span class='ocr_line' id='line_1_36' title="bbox 355 2007 1424 2068; baseline 0.003 -24"><span class='ocrx_word' id='word_1_235' title='bbox 355 2015 393 2044; x_wconf 86' lang='lat' dir='ltr'>et</span> <span class='ocrx_word' id='word_1_236' title='bbox 411 2007 623 2055; x_wconf 85' lang='lat' dir='ltr'>serenitate,</span> <span class='ocrx_word' id='word_1_237' title='bbox 645 2009 715 2045; x_wconf 91' lang='lat' dir='ltr'>sub</span> <span class='ocrx_word' id='word_1_238' title='bbox 735 2008 842 2045; x_wconf 90' lang='lat' dir='ltr'>Astio</span> <span class='ocrx_word' id='word_1_239' title='bbox 860 2007 1033 2068; x_wconf 87' lang='lat' dir='ltr'>principe</span> <span class='ocrx_word' id='word_1_240' title='bbox 1053 2009 1365 2057; x_wconf 88' lang='lat' dir='ltr'>Atheniensium;</span> <span class='ocrx_word' id='word_1_241' title='bbox 1387 2018 1424 2047; x_wconf 92' lang='lat' dir='ltr'>et</span> 
     </span>
     <span class='ocr_line' id='line_1_37' title="bbox 354 2060 1423 2111; baseline 0.003 -13"><span class='ocrx_word' id='word_1_242' title='bbox 354 2060 478 2110; x_wconf 92' lang='lat' dir='ltr'>primo</span> <span class='ocrx_word' id='word_1_243' title='bbox 496 2061 555 2098; x_wconf 93' lang='lat' dir='ltr'>die</span> <span class='ocrx_word' id='word_1_244' title='bbox 576 2074 656 2099; x_wconf 90' lang='lat' dir='ltr'>non</span> <span class='ocrx_word' id='word_1_245' title='bbox 671 2062 845 2111; x_wconf 88' lang='lat' dir='ltr'>apparuit</span> <span class='ocrx_word' id='word_1_246' title='bbox 859 2062 940 2111; x_wconf 90' lang='lat' dir='ltr'>ipsa</span> <span class='ocrx_word' id='word_1_247' title='bbox 951 2062 1068 2110; x_wconf 90' lang='lat' dir='ltr'>stella,</span> <span class='ocrx_word' id='word_1_248' title='bbox 1081 2062 1149 2100; x_wconf 93' lang='lat' dir='ltr'>sed</span> <span class='ocrx_word' id='word_1_249' title='bbox 1169 2064 1295 2100; x_wconf 91' lang='lat' dir='ltr'>solum</span> <span class='ocrx_word' id='word_1_250' title='bbox 1311 2076 1423 2101; x_wconf 91' lang='lat' dir='ltr'>coma</span> 
     </span>
     <span class='ocr_line' id='line_1_38' title="bbox 355 2115 1421 2164; baseline 0.003 -13"><span class='ocrx_word' id='word_1_251' title='bbox 355 2115 448 2162; x_wconf 89' lang='lat' dir='ltr'>eius,</span> <span class='ocrx_word' id='word_1_252' title='bbox 469 2115 578 2164; x_wconf 91' lang='lat' dir='ltr'>quasi</span> <span class='ocrx_word' id='word_1_253' title='bbox 607 2115 786 2152; x_wconf 92' lang='lat' dir='ltr'>occidens</span> <span class='ocrx_word' id='word_1_254' title='bbox 814 2123 901 2152; x_wconf 91' lang='lat' dir='ltr'>ante</span> <span class='ocrx_word' id='word_1_255' title='bbox 930 2115 1071 2162; x_wconf 91' lang='lat' dir='ltr'>solem;</span> <span class='ocrx_word' id='word_1_256' title='bbox 1092 2116 1263 2154; x_wconf 92' lang='lat' dir='ltr'>secundo</span> <span class='ocrx_word' id='word_1_257' title='bbox 1291 2124 1421 2154; x_wconf 90' lang='lat' dir='ltr'>autem</span> 
     </span>
     <span class='ocr_line' id='line_1_39' title="bbox 354 2167 1423 2229; baseline 0.003 -24"><span class='ocrx_word' id='word_1_258' title='bbox 354 2167 414 2205; x_wconf 93' lang='lat' dir='ltr'>die</span> <span class='ocrx_word' id='word_1_259' title='bbox 443 2168 619 2217; x_wconf 87' lang='lat' dir='ltr'>apparuit</span> <span class='ocrx_word' id='word_1_260' title='bbox 647 2176 833 2217; x_wconf 88' lang='lat' dir='ltr'>quantum</span> <span class='ocrx_word' id='word_1_261' title='bbox 861 2168 882 2191; x_wconf 73' lang='lat'>’¹‘</span> <span class='ocrx_word' id='word_1_262' title='bbox 909 2169 1090 2229; x_wconf 87' lang='lat' dir='ltr'>possibile</span> <span class='ocrx_word' id='word_1_263' title='bbox 1119 2170 1205 2217; x_wconf 86' lang='lat' dir='ltr'>fuit,</span> <span class='ocrx_word' id='word_1_264' title='bbox 1236 2170 1324 2219; x_wconf 89' lang='lat' dir='ltr'>quia</span> <span class='ocrx_word' id='word_1_265' title='bbox 1352 2183 1423 2220; x_wconf 91' lang='lat' dir='ltr'>per</span> 
     </span>
     <span class='ocr_line' id='line_1_40' title="bbox 354 2221 1422 2272; baseline 0.003 -14"><span class='ocrx_word' id='word_1_266' title='bbox 354 2221 551 2259; x_wconf 89' lang='lat' dir='ltr'>modicum</span> <span class='ocrx_word' id='word_1_267' title='bbox 580 2229 732 2272; x_wconf 89' lang='lat' dir='ltr'>tempus</span> <span class='ocrx_word' id='word_1_268' title='bbox 761 2222 941 2260; x_wconf 87' lang='lat' dir='ltr'>remansit</span> <span class='ocrx_word' id='word_1_269' title='bbox 971 2230 1059 2272; x_wconf 91' lang='lat' dir='ltr'>post</span> <span class='ocrx_word' id='word_1_270' title='bbox 1087 2224 1225 2271; x_wconf 91' lang='lat' dir='ltr'>solem,</span> <span class='ocrx_word' id='word_1_271' title='bbox 1266 2231 1302 2261; x_wconf 91' lang='lat' dir='ltr'>et</span> <span class='ocrx_word' id='word_1_272' title='bbox 1329 2236 1422 2261; x_wconf 85' lang='lat' dir='ltr'>mox</span> 
     </span>
     <span class='ocr_line' id='line_1_41' title="bbox 353 2275 1422 2327; baseline 0.004 -16"><span class='ocrx_word' id='word_1_273' title='bbox 353 2275 548 2323; x_wconf 90' lang='lat' dir='ltr'>occubuit;</span> <span class='ocrx_word' id='word_1_274' title='bbox 579 2275 647 2313; x_wconf 89' lang='lat' dir='ltr'>sed</span> <span class='ocrx_word' id='word_1_275' title='bbox 666 2277 797 2313; x_wconf 91' lang='lat' dir='ltr'>lumen</span> <span class='ocrx_word' id='word_1_276' title='bbox 818 2283 970 2314; x_wconf 91' lang='lat' dir='ltr'>cometa</span> <span class='ocrx_word' id='word_1_277' title='bbox 987 2276 1008 2298; x_wconf 77' lang='lat'>‘¹‘</span> <span class='ocrx_word' id='word_1_278' title='bbox 1027 2276 1194 2314; x_wconf 87' lang='lat' dir='ltr'>extendit</span> <span class='ocrx_word' id='word_1_279' title='bbox 1221 2290 1343 2327; x_wconf 91' lang='lat' dir='ltr'>usque</span> <span class='ocrx_word' id='word_1_280' title='bbox 1372 2278 1422 2315; x_wconf 91' lang='lat' dir='ltr'>ad</span> 
     </span>
     <span class='ocr_line' id='line_1_42' title="bbox 352 2328 1420 2381; baseline 0.003 -16"><span class='ocrx_word' id='word_1_281' title='bbox 352 2328 501 2366; x_wconf 89' lang='lat' dir='ltr'>tertiam</span> <span class='ocrx_word' id='word_1_282' title='bbox 519 2337 668 2378; x_wconf 90' lang='lat' dir='ltr'>partem</span> <span class='ocrx_word' id='word_1_283' title='bbox 690 2329 794 2378; x_wconf 91' lang='lat' dir='ltr'>caeli,</span> <span class='ocrx_word' id='word_1_284' title='bbox 820 2330 929 2379; x_wconf 90' lang='lat' dir='ltr'>quasi</span> <span class='ocrx_word' id='word_1_285' title='bbox 948 2330 1062 2367; x_wconf 90' lang='lat' dir='ltr'>simul</span> <span class='ocrx_word' id='word_1_286' title='bbox 1083 2338 1119 2367; x_wconf 92' lang='lat' dir='ltr'>et</span> <span class='ocrx_word' id='word_1_287' title='bbox 1138 2343 1217 2368; x_wconf 91' lang='lat' dir='ltr'>non</span> <span class='ocrx_word' id='word_1_288' title='bbox 1236 2331 1420 2381; x_wconf 90' lang='lat' dir='ltr'>paulatim</span> 
     </span>
    </p>
   </div>
   <div class='ocr_carea' id='block_1_8' title="bbox 354 2382 1431 2430">
    <p class='ocr_par' dir='ltr' id='par_1_10' title="bbox 354 2382 1431 2430">
     <span class='ocr_line' id='line_1_43' title="bbox 354 2382 1431 2430; baseline 0.003 -11"><span class='ocrx_word' id='word_1_289' title='bbox 354 2394 527 2419; x_wconf 89' lang='lat' dir='ltr'>crescens</span> <span class='ocrx_word' id='word_1_290' title='bbox 555 2382 593 2420; x_wconf 92' lang='lat' dir='ltr'>in</span> <span class='ocrx_word' id='word_1_291' title='bbox 621 2383 783 2430; x_wconf 86' lang='lat' dir='ltr'>lumine,</span> <span class='ocrx_word' id='word_1_292' title='bbox 813 2383 863 2420; x_wconf 91' lang='lat' dir='ltr'>ita</span> <span class='ocrx_word' id='word_1_293' title='bbox 891 2391 932 2420; x_wconf 95' lang='lat' dir='ltr'>ut</span> <span class='ocrx_word' id='word_1_294' title='bbox 969 2383 1030 2420; x_wconf 90' lang='lat' dir='ltr'>ille</span> <span class='ocrx_word' id='word_1_295' title='bbox 1060 2396 1240 2421; x_wconf 91' lang='lat' dir='ltr'>ascensus</span> <span class='ocrx_word' id='word_1_296' title='bbox 1268 2384 1431 2422; x_wconf 83' lang='lat' dir='ltr'>luminis</span> 
     </span>
    </p>
   </div>
   <div class='ocr_carea' id='block_1_9' title="bbox 352 2436 1422 2486">
    <p class='ocr_par' dir='ltr' id='par_1_11' title="bbox 352 2436 1422 2486">
     <span class='ocr_line' id='line_1_44' title="bbox 352 2436 1422 2486; baseline 0.003 -14"><span class='ocrx_word' id='word_1_297' title='bbox 352 2443 511 2473; x_wconf 87' lang='lat' dir='ltr'>vocatus</span> <span class='ocrx_word' id='word_1_298' title='bbox 540 2436 651 2474; x_wconf 84' lang='lat' dir='ltr'>fuerit</span> <span class='ocrx_word' id='word_1_299' title='bbox 669 2436 733 2474; x_wconf 89' lang='lat' dir='ltr'>via</span> <span class='ocrx_word' id='word_1_300' title='bbox 753 2444 943 2483; x_wconf 88' lang='lat' dir='ltr'>cometae;</span> <span class='ocrx_word' id='word_1_301' title='bbox 965 2445 1001 2474; x_wconf 92' lang='lat' dir='ltr'>et</span> <span class='ocrx_word' id='word_1_302' title='bbox 1029 2437 1199 2475; x_wconf 89' lang='lat' dir='ltr'>ascendit</span> <span class='ocrx_word' id='word_1_303' title='bbox 1219 2438 1343 2486; x_wconf 90' lang='lat' dir='ltr'>etiam,</span> <span class='ocrx_word' id='word_1_304' title='bbox 1366 2451 1422 2475; x_wconf 91' lang='lat' dir='ltr'>re-</span> 
     </span>
    </p>
   </div>
   <div class='ocr_carea' id='block_1_10' title="bbox 353 2595 1426 2905">
    <p class='ocr_par' dir='ltr' id='par_1_12' title="bbox 353 2595 1424 2656">
     <span class='ocr_line' id='line_1_45' title="bbox 353 2595 1424 2656; baseline 0.002 -36"><span class='ocrx_word' id='word_1_305' title='bbox 353 2595 391 2620; x_wconf 87' lang='lat' dir='ltr'>ad</span> <span class='ocrx_word' id='word_1_306' title='bbox 408 2595 586 2656; x_wconf 60' lang='lat' dir='ltr'>horizontem¹&gt;</span> <span class='ocrx_word' id='word_1_307' title='bbox 587 2599 703 2629; x_wconf 79' lang='lat' dir='ltr'>propter</span> <span class='ocrx_word' id='word_1_308' title='bbox 717 2596 930 2630; x_wconf 76' lang='lat' dir='ltr'>magnitudinem</span> <span class='ocrx_word' id='word_1_309' title='bbox 943 2597 1005 2622; x_wconf 87' lang='lat' dir='ltr'>B.-</span> <span class='ocrx_word' id='word_1_310' title='bbox 1018 2596 1069 2621; x_wconf 85' lang='lat' dir='ltr'>Pro</span> <span class='ocrx_word' id='word_1_311' title='bbox 1088 2596 1197 2622; x_wconf 75' lang='lat' dir='ltr'>Falsum</span> <span class='ocrx_word' id='word_1_312' title='bbox 1212 2599 1252 2622; x_wconf 77' lang='lat' dir='ltr'>est</span> <span class='ocrx_word' id='word_1_313' title='bbox 1266 2603 1332 2630; x_wconf 80' lang='lat' dir='ltr'>ergo</span> <span class='ocrx_word' id='word_1_314' title='bbox 1345 2597 1424 2629; x_wconf 83' lang='lat' dir='ltr'>quod,</span> 
     </span>
     <span class='ocr_line' id='line_1_46' title="bbox 354 2631 613 2657; baseline 0.004 -2"><span class='ocrx_word' id='word_1_315' title='bbox 354 2631 463 2656; x_wconf 86' lang='lat' dir='ltr'>Falsum</span> <span class='ocrx_word' id='word_1_316' title='bbox 483 2639 512 2656; x_wconf 83' lang='lat' dir='ltr'>er</span> <span class='ocrx_word' id='word_1_317' title='bbox 532 2639 548 2656; x_wconf 88' lang='grc' dir='ltr'><em>ο</em></span> <span class='ocrx_word' id='word_1_318' title='bbox 587 2639 613 2657; x_wconf 87' lang='grc' dir='ltr'>α.</span> 
     </span>
    </p>

    <p class='ocr_par' dir='ltr' id='par_1_13' title="bbox 354 2631 1424 2734">
     <span class='ocr_line' id='line_1_47' title="bbox 406 2631 1424 2702; baseline 0.001 -11"><span class='ocrx_word' id='word_1_319' title='bbox 406 2665 434 2700; x_wconf 94' lang='grc' dir='ltr'>η)</span> <span class='ocrx_word' id='word_1_320' title='bbox 449 2674 502 2699; x_wconf 83' lang='lat' dir='ltr'>per</span> <span class='ocrx_word' id='word_1_321' title='bbox 512 2631 636 2699; x_wconf 70' lang='lat' dir='ltr'>gquatawr</span> <span class='ocrx_word' id='word_1_322' title='bbox 654 2667 814 2693; x_wconf 45' lang='grc' dir='ltr'>ναΐῖοηεεμ-</span> <span class='ocrx_word' id='word_1_323' title='bbox 825 2674 843 2692; x_wconf 79' lang='lat' dir='ltr'><em>a</em></span> <span class='ocrx_word' id='word_1_324' title='bbox 862 2670 978 2700; x_wconf 82' lang='lat' dir='ltr'>quatuor</span> <span class='ocrx_word' id='word_1_325' title='bbox 992 2675 1044 2700; x_wconf 80' lang='lat' dir='ltr'>per</span> <span class='ocrx_word' id='word_1_326' title='bbox 1063 2668 1182 2694; x_wconf 76' lang='lat' dir='ltr'>rationes</span> <span class='ocrx_word' id='word_1_327' title='bbox 1201 2667 1229 2698; x_wconf 85' lang='grc' dir='ltr'>Ρ,</span> <span class='ocrx_word' id='word_1_328' title='bbox 1245 2675 1331 2692; x_wconf 85' lang='lat' dir='ltr'>errore</span> <span class='ocrx_word' id='word_1_329' title='bbox 1349 2672 1424 2702; x_wconf 85' lang='lat' dir='ltr'>typo-</span> 
     </span>
     <span class='ocr_line' id='line_1_48' title="bbox 354 2701 758 2734; baseline 0.003 -7"><span class='ocrx_word' id='word_1_330' title='bbox 354 2701 489 2734; x_wconf 81' lang='lat' dir='ltr'>graphico;</span> <span class='ocrx_word' id='word_1_331' title='bbox 509 2701 631 2728; x_wconf 80' lang='lat' dir='ltr'>ed.1561</span> <span class='ocrx_word' id='word_1_332' title='bbox 654 2708 683 2727; x_wconf 85' lang='lat' dir='ltr'>ut</span> <span class='ocrx_word' id='word_1_333' title='bbox 700 2711 758 2728; x_wconf 86' lang='lat' dir='ltr'>nos.</span> 
     </span>
    </p>

    <p class='ocr_par' dir='ltr' id='par_1_14' title="bbox 354 2735 1426 2799">
     <span class='ocr_line' id='line_1_49' title="bbox 407 2735 1426 2772; baseline 0.003 -11"><span class='ocrx_word' id='word_1_334' title='bbox 407 2735 432 2772; x_wconf 81' lang='grc' dir='ltr'>θ)</span> <span class='ocrx_word' id='word_1_335' title='bbox 454 2738 491 2762; x_wconf 76' lang='lat' dir='ltr'>Et</span> <span class='ocrx_word' id='word_1_336' title='bbox 508 2738 583 2763; x_wconf 84' lang='lat' dir='ltr'>hoc..</span> <span class='ocrx_word' id='word_1_337' title='bbox 585 2739 758 2772; x_wconf 46' lang='lat' dir='ltr'>,Aegyptiis</span> <span class='ocrx_word' id='word_1_338' title='bbox 775 2752 795 2758; x_wconf 89' lang='lat'>-</span> <span class='ocrx_word' id='word_1_339' title='bbox 813 2739 870 2764; x_wconf 86' lang='lat' dir='ltr'>Hoc</span> <span class='ocrx_word' id='word_1_340' title='bbox 889 2739 1101 2770; x_wconf 81' lang='lat' dir='ltr'>om.13‚c0ntra</span> <span class='ocrx_word' id='word_1_341' title='bbox 1120 2746 1229 2764; x_wconf 84' lang='lat' dir='ltr'>sensum</span> <span class='ocrx_word' id='word_1_342' title='bbox 1248 2739 1426 2764; x_wconf 81' lang='lat' dir='ltr'>commentarii</span> 
     </span>
     <span class='ocr_line' id='line_1_50' title="bbox 354 2773 780 2799; baseline 0.005 -2"><span class='ocrx_word' id='word_1_343' title='bbox 354 2777 380 2797; x_wconf 89' lang='lat' dir='ltr'>et</span> <span class='ocrx_word' id='word_1_344' title='bbox 398 2778 487 2798; x_wconf 83' lang='lat' dir='ltr'>contra</span> <span class='ocrx_word' id='word_1_345' title='bbox 505 2773 654 2799; x_wconf 82' lang='lat' dir='ltr'>Aristotelis</span> <span class='ocrx_word' id='word_1_346' title='bbox 672 2779 780 2799; x_wconf 77' lang='lat' dir='ltr'>textum.</span> 
     </span>
    </p>

    <p class='ocr_par' dir='ltr' id='par_1_15' title="bbox 354 2807 1426 2905">
     <span class='ocr_line' id='line_1_51' title="bbox 408 2807 1426 2843; baseline 0.002 -10"><span class='ocrx_word' id='word_1_347' title='bbox 408 2807 427 2843; x_wconf 86' lang='grc' dir='ltr'>ι)</span> <span class='ocrx_word' id='word_1_348' title='bbox 456 2809 529 2841; x_wconf 84' lang='lat' dir='ltr'>quod</span> <span class='ocrx_word' id='word_1_349' title='bbox 551 2809 645 2842; x_wconf 77' lang='lat' dir='ltr'>patuit</span> <span class='ocrx_word' id='word_1_350' title='bbox 672 2810 752 2843; x_wconf 82' lang='lat' dir='ltr'>quia,</span> <span class='ocrx_word' id='word_1_351' title='bbox 779 2809 895 2843; x_wconf 65' lang='lat' dir='ltr'>quanda</span> <span class='ocrx_word' id='word_1_352' title='bbox 914 2810 990 2835; x_wconf 82' lang='lat' dir='ltr'>—ita</span> <span class='ocrx_word' id='word_1_353' title='bbox 1017 2810 1090 2843; x_wconf 79' lang='lat' dir='ltr'>quod</span> <span class='ocrx_word' id='word_1_354' title='bbox 1116 2810 1224 2843; x_wconf 82' lang='lat' dir='ltr'>quando</span> <span class='ocrx_word' id='word_1_355' title='bbox 1249 2810 1302 2835; x_wconf 87' lang='grc' dir='ltr'>ΑΒ.</span> <span class='ocrx_word' id='word_1_356' title='bbox 1321 2823 1339 2829; x_wconf 87' lang='lat'>—-</span> <span class='ocrx_word' id='word_1_357' title='bbox 1362 2810 1426 2835; x_wconf 86' lang='lat' dir='ltr'>Post</span> 
     </span>
     <span class='ocr_line' id='line_1_52' title="bbox 354 2844 1424 2879; baseline 0.003 -11"><span class='ocrx_word' id='word_1_358' title='bbox 354 2851 432 2868; x_wconf 83' lang='lat' dir='ltr'>unam</span> <span class='ocrx_word' id='word_1_359' title='bbox 453 2844 496 2870; x_wconf 86' lang='lat' dir='ltr'>lin.</span> <span class='ocrx_word' id='word_1_360' title='bbox 516 2850 574 2870; x_wconf 82' lang='lat' dir='ltr'>ante</span> <span class='ocrx_word' id='word_1_361' title='bbox 598 2845 711 2871; x_wconf 81' lang='lat' dir='ltr'>iaciebat</span> <span class='ocrx_word' id='word_1_362' title='bbox 728 2846 774 2871; x_wconf 85' lang='lat' dir='ltr'>AB</span> <span class='ocrx_word' id='word_1_363' title='bbox 799 2845 897 2870; x_wconf 81' lang='lat' dir='ltr'>addunt</span> <span class='ocrx_word' id='word_1_364' title='bbox 922 2845 1072 2876; x_wconf 82' lang='lat' dir='ltr'>remissius,</span> <span class='ocrx_word' id='word_1_365' title='bbox 1098 2847 1198 2871; x_wconf 82' lang='lat' dir='ltr'>omisso</span> <span class='ocrx_word' id='word_1_366' title='bbox 1222 2851 1314 2879; x_wconf 79' lang='lat' dir='ltr'>postea</span> <span class='ocrx_word' id='word_1_367' title='bbox 1338 2849 1365 2871; x_wconf 84' lang='lat' dir='ltr'>et</span> <span class='ocrx_word' id='word_1_368' title='bbox 1384 2853 1424 2871; x_wconf 86' lang='lat' dir='ltr'>re-</span> 
     </span>
     <span class='ocr_line' id='line_1_53' title="bbox 354 2886 468 2905; baseline 0 -1"><span class='ocrx_word' id='word_1_369' title='bbox 354 2886 468 2905; x_wconf 72' lang='lat' dir='ltr'>missius.</span> 
     </span>
    </p>
   </div>
   <div class='ocr_carea' id='block_1_11' title="bbox 1074 273 1832 312">
    <p class='ocr_par' dir='ltr' id='par_1_16' title="bbox 1074 273 1832 312">
     <span class='ocr_line' id='line_1_54' title="bbox 1074 273 1832 312; baseline -0.004 0"><span class='ocrx_word' id='word_1_370' title='bbox 1074 273 1663 312; x_wconf 87' lang='lat' dir='ltr'><strong>METEOROLOGICORUM</strong></span> <span class='ocrx_word' id='word_1_371' title='bbox 1692 273 1786 309; x_wconf 93' lang='lat' dir='ltr'>LIB.</span> <span class='ocrx_word' id='word_1_372' title='bbox 1818 274 1832 309; x_wconf 96' lang='grc' dir='ltr'>Ι</span> 
     </span>
    </p>
   </div>
   <div class='ocr_carea' id='block_1_12' title="bbox 1483 345 2569 401">
    <p class='ocr_par' dir='ltr' id='par_1_17' title="bbox 1483 345 2569 401">
     <span class='ocr_line' id='line_1_55' title="bbox 1483 345 2569 401; baseline 0.001 -13"><span class='ocrx_word' id='word_1_373' title='bbox 1483 351 1684 388; x_wconf 90' lang='lat' dir='ltr'>trocedens</span> <span class='ocrx_word' id='word_1_374' title='bbox 1703 349 1716 371; x_wconf 60' lang='grc' dir='ltr'>λ</span> <span class='ocrx_word' id='word_1_375' title='bbox 1735 364 1757 388; x_wconf 90' lang='lat' dir='ltr'>a</span> <span class='ocrx_word' id='word_1_376' title='bbox 1777 352 1870 399; x_wconf 91' lang='lat' dir='ltr'>sole,</span> <span class='ocrx_word' id='word_1_377' title='bbox 1886 365 2009 401; x_wconf 89' lang='lat' dir='ltr'>usque</span> <span class='ocrx_word' id='word_1_378' title='bbox 2039 352 2088 389; x_wconf 91' lang='lat' dir='ltr'>ad</span> <span class='ocrx_word' id='word_1_379' title='bbox 2107 351 2295 400; x_wconf 89' lang='lat' dir='ltr'>quasdam</span> <span class='ocrx_word' id='word_1_380' title='bbox 2315 352 2439 389; x_wconf 88' lang='lat' dir='ltr'>stellas</span> <span class='ocrx_word' id='word_1_381' title='bbox 2455 345 2569 401; x_wconf 58' lang='lat' dir='ltr'>quae‘</span> 
     </span>
    </p>
   </div>
   <div class='ocr_carea' id='block_1_13' title="bbox 1480 404 2556 1149">
    <p class='ocr_par' dir='ltr' id='par_1_18' title="bbox 1482 404 2555 548">
     <span class='ocr_line' id='line_1_56' title="bbox 1482 404 2555 453; baseline 0.001 -12"><span class='ocrx_word' id='word_1_382' title='bbox 1482 412 1671 441; x_wconf 89' lang='lat' dir='ltr'>vocantur</span> <span class='ocrx_word' id='word_1_383' title='bbox 1698 417 1797 442; x_wconf 91' lang='lat' dir='ltr'>zona</span> <span class='ocrx_word' id='word_1_384' title='bbox 1827 405 1993 452; x_wconf 92' lang='lat' dir='ltr'>Orionis,</span> <span class='ocrx_word' id='word_1_385' title='bbox 2018 413 2054 442; x_wconf 91' lang='lat' dir='ltr'>et</span> <span class='ocrx_word' id='word_1_386' title='bbox 2081 404 2132 441; x_wconf 90' lang='lat' dir='ltr'>ibi</span> <span class='ocrx_word' id='word_1_387' title='bbox 2162 405 2231 442; x_wconf 83' lang='lat' dir='ltr'>fuit</span> <span class='ocrx_word' id='word_1_388' title='bbox 2260 404 2454 453; x_wconf 90' lang='lat' dir='ltr'>dissoluta,</span> <span class='ocrx_word' id='word_1_389' title='bbox 2475 418 2555 443; x_wconf 89' lang='lat' dir='ltr'>non</span> 
     </span>
     <span class='ocr_line' id='line_1_57' title="bbox 1483 458 2555 507; baseline 0.002 -13"><span class='ocrx_word' id='word_1_390' title='bbox 1483 458 1831 507; x_wconf 89' lang='lat' dir='ltr'>appropinquando</span> <span class='ocrx_word' id='word_1_391' title='bbox 1861 460 1908 496; x_wconf 91' lang='lat' dir='ltr'>ad</span> <span class='ocrx_word' id='word_1_392' title='bbox 1938 460 2081 506; x_wconf 89' lang='lat' dir='ltr'>solem,</span> <span class='ocrx_word' id='word_1_393' title='bbox 2112 459 2180 495; x_wconf 91' lang='lat' dir='ltr'>sed</span> <span class='ocrx_word' id='word_1_394' title='bbox 2207 458 2326 506; x_wconf 89' lang='lat' dir='ltr'>magis</span> <span class='ocrx_word' id='word_1_395' title='bbox 2364 470 2408 495; x_wconf 92' lang='lat' dir='ltr'>ac</span> <span class='ocrx_word' id='word_1_396' title='bbox 2435 459 2555 507; x_wconf 91' lang='lat' dir='ltr'>magis</span> 
     </span>
     <span class='ocr_line' id='line_1_58' title="bbox 1483 511 1892 548; baseline 0 0"><span class='ocrx_word' id='word_1_397' title='bbox 1483 511 1717 548; x_wconf 91' lang='lat' dir='ltr'>discedendo</span> <span class='ocrx_word' id='word_1_398' title='bbox 1755 512 1803 548; x_wconf 90' lang='lat' dir='ltr'>ab</span> <span class='ocrx_word' id='word_1_399' title='bbox 1834 524 1892 548; x_wconf 92' lang='lat' dir='ltr'>eo.</span> 
     </span>
    </p>

    <p class='ocr_par' dir='ltr' id='par_1_19' title="bbox 1480 564 2556 1149">
     <span class='ocr_line' id='line_1_59' title="bbox 1537 564 2555 613; baseline 0 -12"><span class='ocrx_word' id='word_1_400' title='bbox 1537 565 1644 601; x_wconf 89' lang='lat' dir='ltr'>Haec</span> <span class='ocrx_word' id='word_1_401' title='bbox 1674 564 1788 602; x_wconf 91' lang='lat' dir='ltr'>etiarn</span> <span class='ocrx_word' id='word_1_402' title='bbox 1818 565 1912 602; x_wconf 91' lang='lat' dir='ltr'>ratio</span> <span class='ocrx_word' id='word_1_403' title='bbox 1943 573 1999 602; x_wconf 91' lang='lat' dir='ltr'>est</span> <span class='ocrx_word' id='word_1_404' title='bbox 2027 571 2158 602; x_wconf 90' lang='lat' dir='ltr'>contra</span> <span class='ocrx_word' id='word_1_405' title='bbox 2187 576 2324 601; x_wconf 93' lang='lat' dir='ltr'>omnes</span> <span class='ocrx_word' id='word_1_406' title='bbox 2353 564 2555 613; x_wconf 90' lang='lat' dir='ltr'>opiniones</span> 
     </span>
     <span class='ocr_line' id='line_1_60' title="bbox 1481 618 2555 667; baseline 0 -12"><span class='ocrx_word' id='word_1_407' title='bbox 1481 618 1704 667; x_wconf 90' lang='lat' dir='ltr'>praedictas,</span> <span class='ocrx_word' id='word_1_408' title='bbox 1726 631 1825 667; x_wconf 90' lang='lat' dir='ltr'>quae</span> <span class='ocrx_word' id='word_1_409' title='bbox 1846 618 1975 656; x_wconf 91' lang='lat' dir='ltr'>dieunt</span> <span class='ocrx_word' id='word_1_410' title='bbox 1993 618 2013 640; x_wconf 72' lang='lat'>’³‘</span> <span class='ocrx_word' id='word_1_411' title='bbox 2033 626 2227 656; x_wconf 90' lang='lat' dir='ltr'>cometam</span> <span class='ocrx_word' id='word_1_412' title='bbox 2247 630 2331 655; x_wconf 89' lang='lat' dir='ltr'>esse</span> <span class='ocrx_word' id='word_1_413' title='bbox 2355 630 2474 655; x_wconf 90' lang='lat' dir='ltr'>unam</span> <span class='ocrx_word' id='word_1_414' title='bbox 2492 619 2555 655; x_wconf 90' lang='lat' dir='ltr'>vel</span> 
     </span>
     <span class='ocr_line' id='line_1_61' title="bbox 1480 671 2555 721; baseline 0 -13"><span class='ocrx_word' id='word_1_415' title='bbox 1480 672 1608 721; x_wconf 91' lang='lat' dir='ltr'>plures</span> <span class='ocrx_word' id='word_1_416' title='bbox 1637 672 1832 709; x_wconf 91' lang='lat' dir='ltr'>stellarum</span> <span class='ocrx_word' id='word_1_417' title='bbox 1853 672 2068 709; x_wconf 87' lang='lat' dir='ltr'>errantium.</span> <span class='ocrx_word' id='word_1_418' title='bbox 2091 672 2140 709; x_wconf 89' lang='lat' dir='ltr'>Et</span> <span class='ocrx_word' id='word_1_419' title='bbox 2168 671 2222 708; x_wconf 90' lang='lat' dir='ltr'>sic</span> <span class='ocrx_word' id='word_1_420' title='bbox 2239 678 2344 720; x_wconf 90' lang='lat' dir='ltr'>patet</span> <span class='ocrx_word' id='word_1_421' title='bbox 2367 684 2438 720; x_wconf 91' lang='lat' dir='ltr'>per</span> <span class='ocrx_word' id='word_1_422' title='bbox 2456 672 2555 708; x_wconf 89' lang='lat' dir='ltr'>hanc</span> 
     </span>
     <span class='ocr_line' id='line_1_62' title="bbox 1482 724 2555 774; baseline 0 -12"><span class='ocrx_word' id='word_1_423' title='bbox 1482 725 1667 762; x_wconf 93' lang='lat' dir='ltr'>rationem</span> <span class='ocrx_word' id='word_1_424' title='bbox 1688 725 1795 774; x_wconf 89' lang='lat' dir='ltr'>quod</span> <span class='ocrx_word' id='word_1_425' title='bbox 1824 725 1914 762; x_wconf 92' lang='lat' dir='ltr'>illud</span> <span class='ocrx_word' id='word_1_426' title='bbox 1943 727 2050 774; x_wconf 91' lang='lat' dir='ltr'>quod</span> <span class='ocrx_word' id='word_1_427' title='bbox 2078 725 2323 763; x_wconf 86' lang='lat' dir='ltr'>Democritus</span> <span class='ocrx_word' id='word_1_428' title='bbox 2353 724 2443 762; x_wconf 85' lang='lat' dir='ltr'>dixit</span> <span class='ocrx_word' id='word_1_429' title='bbox 2465 724 2486 746; x_wconf 69' lang='lat'>²¹⁶</span> <span class='ocrx_word' id='word_1_430' title='bbox 2505 724 2555 762; x_wconf 90' lang='lat' dir='ltr'>ad</span> 
     </span>
     <span class='ocr_line' id='line_1_63' title="bbox 1483 777 2554 828; baseline -0.001 -12"><span class='ocrx_word' id='word_1_431' title='bbox 1483 779 1791 816; x_wconf 84' lang='lat' dir='ltr'>confirmandam</span> <span class='ocrx_word' id='word_1_432' title='bbox 1829 791 1940 816; x_wconf 90' lang='lat' dir='ltr'>suam</span> <span class='ocrx_word' id='word_1_433' title='bbox 1977 779 2223 828; x_wconf 89' lang='lat' dir='ltr'>opinionem,</span> <span class='ocrx_word' id='word_1_434' title='bbox 2245 791 2337 815; x_wconf 87' lang='lat' dir='ltr'>-non</span> <span class='ocrx_word' id='word_1_435' title='bbox 2372 777 2441 815; x_wconf 86' lang='lat' dir='ltr'>fuit</span> <span class='ocrx_word' id='word_1_436' title='bbox 2478 778 2554 815; x_wconf 90' lang='lat' dir='ltr'>suf-</span> 
     </span>
     <span class='ocr_line' id='line_1_64' title="bbox 1481 831 2553 882; baseline -0.001 -13"><span class='ocrx_word' id='word_1_437' title='bbox 1481 832 1626 869; x_wconf 91' lang='lat' dir='ltr'>ficiens.</span> <span class='ocrx_word' id='word_1_438' title='bbox 1671 832 1774 869; x_wconf 86' lang='lat' dir='ltr'>Dixit</span> <span class='ocrx_word' id='word_1_439' title='bbox 1816 832 1919 869; x_wconf 90' lang='lat' dir='ltr'>enim</span> <span class='ocrx_word' id='word_1_440' title='bbox 1966 833 2092 882; x_wconf 93' lang='lat' dir='ltr'>quod,</span> <span class='ocrx_word' id='word_1_441' title='bbox 2137 832 2329 870; x_wconf 90' lang='lat' dir='ltr'>dissolutis</span> <span class='ocrx_word' id='word_1_442' title='bbox 2372 831 2553 880; x_wconf 92' lang='lat' dir='ltr'>cometis,</span> 
     </span>
     <span class='ocr_line' id='line_1_65' title="bbox 1482 885 2554 936; baseline 0 -14"><span class='ocrx_word' id='word_1_443' title='bbox 1482 885 1688 935; x_wconf 89' lang='lat' dir='ltr'>aliquando</span> <span class='ocrx_word' id='word_1_444' title='bbox 1708 891 1728 912; x_wconf 69' lang='grc' dir='ltr'>Ι*</span> <span class='ocrx_word' id='word_1_445' title='bbox 1755 894 2014 934; x_wconf 90' lang='lat' dir='ltr'>apparuerunt</span> <span class='ocrx_word' id='word_1_446' title='bbox 2051 887 2180 923; x_wconf 91' lang='lat' dir='ltr'>stellae</span> <span class='ocrx_word' id='word_1_447' title='bbox 2209 886 2401 936; x_wconf 87' lang='lat' dir='ltr'>quaedam</span> <span class='ocrx_word' id='word_1_448' title='bbox 2430 897 2554 922; x_wconf 89' lang='lat' dir='ltr'>rema-</span> 
     </span>
     <span class='ocr_line' id='line_1_66' title="bbox 1481 938 2556 989; baseline 0.001 -14"><span class='ocrx_word' id='word_1_449' title='bbox 1481 946 1631 981; x_wconf 83' lang='lat' dir='ltr'>nentes:</span> <span class='ocrx_word' id='word_1_450' title='bbox 1655 939 1760 986; x_wconf 92' lang='lat' dir='ltr'>quod</span> <span class='ocrx_word' id='word_1_451' title='bbox 1784 938 1871 976; x_wconf 89' lang='lat' dir='ltr'>ideo</span> <span class='ocrx_word' id='word_1_452' title='bbox 1893 946 1948 976; x_wconf 92' lang='lat' dir='ltr'>est</span> <span class='ocrx_word' id='word_1_453' title='bbox 1976 939 2222 987; x_wconf 89' lang='lat' dir='ltr'>insufficiens,</span> <span class='ocrx_word' id='word_1_454' title='bbox 2245 940 2333 989; x_wconf 92' lang='lat' dir='ltr'>quia</span> <span class='ocrx_word' id='word_1_455' title='bbox 2353 939 2556 988; x_wconf 90' lang='lat' dir='ltr'>oportebat</span> 
     </span>
     <span class='ocr_line' id='line_1_67' title="bbox 1480 991 2556 1043; baseline 0.001 -15"><span class='ocrx_word' id='word_1_456' title='bbox 1480 991 1608 1040; x_wconf 93' lang='lat' dir='ltr'>ipsum</span> <span class='ocrx_word' id='word_1_457' title='bbox 1637 992 1801 1041; x_wconf 90' lang='lat' dir='ltr'>probare</span> <span class='ocrx_word' id='word_1_458' title='bbox 1830 992 1948 1040; x_wconf 93' lang='lat' dir='ltr'>quod,</span> <span class='ocrx_word' id='word_1_459' title='bbox 1970 1005 2049 1030; x_wconf 93' lang='lat' dir='ltr'>non</span> <span class='ocrx_word' id='word_1_460' title='bbox 2073 993 2292 1043; x_wconf 86' lang='lat' dir='ltr'>aliquandO,</span> <span class='ocrx_word' id='word_1_461' title='bbox 2313 992 2381 1030; x_wconf 88' lang='lat' dir='ltr'>sed</span> <span class='ocrx_word' id='word_1_462' title='bbox 2401 1004 2556 1041; x_wconf 89' lang='lat' dir='ltr'>semper</span> 
     </span>
     <span class='ocr_line' id='line_1_68' title="bbox 1482 1045 2554 1096; baseline 0.002 -15"><span class='ocrx_word' id='word_1_463' title='bbox 1482 1053 1748 1082; x_wconf 91' lang='lat' dir='ltr'>remanserunt</span> <span class='ocrx_word' id='word_1_464' title='bbox 1776 1046 1904 1082; x_wconf 90' lang='lat' dir='ltr'>stellae</span> <span class='ocrx_word' id='word_1_465' title='bbox 1934 1045 2123 1083; x_wconf 91' lang='lat' dir='ltr'>dissolutis</span> <span class='ocrx_word' id='word_1_466' title='bbox 2153 1046 2329 1093; x_wconf 91' lang='lat' dir='ltr'>cometis;</span> <span class='ocrx_word' id='word_1_467' title='bbox 2355 1046 2461 1096; x_wconf 87' lang='lat' dir='ltr'>quod</span> <span class='ocrx_word' id='word_1_468' title='bbox 2489 1058 2554 1095; x_wconf 92' lang='lat' dir='ltr'>ap-</span> 
     </span>
     <span class='ocr_line' id='line_1_69' title="bbox 1480 1098 2374 1149; baseline 0.002 -14"><span class='ocrx_word' id='word_1_469' title='bbox 1480 1106 1588 1147; x_wconf 92' lang='lat' dir='ltr'>paret</span> <span class='ocrx_word' id='word_1_470' title='bbox 1608 1111 1691 1136; x_wconf 91' lang='lat' dir='ltr'>esse</span> <span class='ocrx_word' id='word_1_471' title='bbox 1713 1098 1850 1135; x_wconf 90' lang='lat' dir='ltr'>falsum</span> <span class='ocrx_word' id='word_1_472' title='bbox 1870 1110 1915 1136; x_wconf 88' lang='lat' dir='ltr'>ex</span> <span class='ocrx_word' id='word_1_473' title='bbox 1940 1111 1986 1136; x_wconf 90' lang='lat' dir='ltr'>eo</span> <span class='ocrx_word' id='word_1_474' title='bbox 2007 1100 2113 1149; x_wconf 92' lang='lat' dir='ltr'>quod</span> <span class='ocrx_word' id='word_1_475' title='bbox 2134 1099 2278 1137; x_wconf 89' lang='lat' dir='ltr'>dictum</span> <span class='ocrx_word' id='word_1_476' title='bbox 2307 1107 2374 1137; x_wconf 91' lang='lat' dir='ltr'>est.</span> 
     </span>
    </p>
   </div>
   <div class='ocr_carea' id='block_1_14' title="bbox 1537 1152 2580 1202">
    <p class='ocr_par' dir='ltr' id='par_1_20' title="bbox 1537 1152 2580 1202">
     <span class='ocr_line' id='line_1_70' title="bbox 1537 1152 2580 1202; baseline 0 -13"><span class='ocrx_word' id='word_1_477' title='bbox 1537 1153 1571 1189; x_wconf 89' lang='lat'>8.</span> <span class='ocrx_word' id='word_1_478' title='bbox 1593 1152 1766 1189; x_wconf 89' lang='lat' dir='ltr'>Tertiam</span> <span class='ocrx_word' id='word_1_479' title='bbox 1787 1152 1974 1189; x_wconf 90' lang='lat' dir='ltr'>rationem</span> <span class='ocrx_word' id='word_1_480' title='bbox 1993 1153 2103 1202; x_wconf 93' lang='lat' dir='ltr'>ponit</span> <span class='ocrx_word' id='word_1_481' title='bbox 2121 1153 2190 1190; x_wconf 89' lang='lat' dir='ltr'>ibi:</span> <span class='ocrx_word' id='word_1_482' title='bbox 2219 1153 2356 1189; x_wconf 84' lang='lat' dir='ltr'>Adhuc</span> <span class='ocrx_word' id='word_1_483' title='bbox 2374 1158 2501 1189; x_wconf 88' lang='lat' dir='ltr'>autem</span> <span class='ocrx_word' id='word_1_484' title='bbox 2520 1158 2558 1189; x_wconf 86' lang='lat' dir='ltr'>et</span> <span class='ocrx_word' id='word_1_485' title='bbox 2578 1175 2580 1179; x_wconf 84' lang='lat'><em>·</em></span> 
     </span>
    </p>
   </div>
   <div class='ocr_carea' id='block_1_15' title="bbox 1479 1204 2556 1576">
    <p class='ocr_par' dir='ltr' id='par_1_21' title="bbox 1479 1204 2556 1576">
     <span class='ocr_line' id='line_1_71' title="bbox 1479 1204 2555 1255; baseline 0 -13"><span class='ocrx_word' id='word_1_486' title='bbox 1479 1206 1664 1255; x_wconf 74' lang='lat' dir='ltr'>Aegyptii</span> <span class='ocrx_word' id='word_1_487' title='bbox 1682 1213 1774 1243; x_wconf 90' lang='lat' dir='ltr'>etc.:</span> <span class='ocrx_word' id='word_1_488' title='bbox 1797 1218 1895 1255; x_wconf 89' lang='lat' dir='ltr'>quae</span> <span class='ocrx_word' id='word_1_489' title='bbox 1915 1205 1997 1243; x_wconf 92' lang='lat' dir='ltr'>talis</span> <span class='ocrx_word' id='word_1_490' title='bbox 2018 1213 2084 1243; x_wconf 90' lang='lat' dir='ltr'>est.</span> <span class='ocrx_word' id='word_1_491' title='bbox 2105 1205 2282 1255; x_wconf 88' lang='lat' dir='ltr'>Aegyptii</span> <span class='ocrx_word' id='word_1_492' title='bbox 2299 1205 2431 1243; x_wconf 91' lang='lat' dir='ltr'>dicunt</span> <span class='ocrx_word' id='word_1_493' title='bbox 2448 1204 2555 1254; x_wconf 92' lang='lat' dir='ltr'>quod</span> 
     </span>
     <span class='ocr_line' id='line_1_72' title="bbox 1480 1259 2555 1297; baseline 0 -1"><span class='ocrx_word' id='word_1_494' title='bbox 1480 1259 1577 1296; x_wconf 90' lang='lat' dir='ltr'>fiunt</span> <span class='ocrx_word' id='word_1_495' title='bbox 1593 1259 1878 1296; x_wconf 89' lang='lat' dir='ltr'>coniunctiones</span> <span class='ocrx_word' id='word_1_496' title='bbox 1898 1260 2092 1296; x_wconf 91' lang='lat' dir='ltr'>stellarum</span> <span class='ocrx_word' id='word_1_497' title='bbox 2114 1259 2320 1297; x_wconf 90' lang='lat' dir='ltr'>errantium</span> <span class='ocrx_word' id='word_1_498' title='bbox 2335 1259 2555 1297; x_wconf 87' lang='lat' dir='ltr'>adinvicem</span> 
     </span>
     <span class='ocr_line' id='line_1_73' title="bbox 1481 1312 2555 1350; baseline 0 0"><span class='ocrx_word' id='word_1_499' title='bbox 1481 1319 1518 1349; x_wconf 93' lang='lat' dir='ltr'>et</span> <span class='ocrx_word' id='word_1_500' title='bbox 1536 1313 1586 1350; x_wconf 91' lang='lat' dir='ltr'>ad</span> <span class='ocrx_word' id='word_1_501' title='bbox 1606 1313 1696 1350; x_wconf 92' lang='lat' dir='ltr'>alias</span> <span class='ocrx_word' id='word_1_502' title='bbox 1716 1313 1841 1350; x_wconf 87' lang='lat' dir='ltr'>stellas</span> <span class='ocrx_word' id='word_1_503' title='bbox 1869 1313 1976 1350; x_wconf 88' lang='lat' dir='ltr'>fixas.</span> <span class='ocrx_word' id='word_1_504' title='bbox 1999 1314 2048 1350; x_wconf 91' lang='lat' dir='ltr'>Et</span> <span class='ocrx_word' id='word_1_505' title='bbox 2067 1313 2157 1350; x_wconf 91' lang='lat' dir='ltr'>dicit</span> <span class='ocrx_word' id='word_1_506' title='bbox 2184 1325 2226 1350; x_wconf 90' lang='lat' dir='ltr'>se</span> <span class='ocrx_word' id='word_1_507' title='bbox 2244 1312 2386 1350; x_wconf 91' lang='lat' dir='ltr'>vidisse</span> <span class='ocrx_word' id='word_1_508' title='bbox 2405 1312 2555 1350; x_wconf 87' lang='lat' dir='ltr'>stellam</span> 
     </span>
     <span class='ocr_line' id='line_1_74' title="bbox 1481 1365 2555 1416; baseline 0 -13"><span class='ocrx_word' id='word_1_509' title='bbox 1481 1366 1581 1403; x_wconf 91' lang='lat' dir='ltr'>Iovis</span> <span class='ocrx_word' id='word_1_510' title='bbox 1610 1379 1650 1403; x_wconf 93' lang='lat' dir='ltr'>se</span> <span class='ocrx_word' id='word_1_511' title='bbox 1679 1366 1928 1416; x_wconf 89' lang='lat' dir='ltr'>supposuisse</span> <span class='ocrx_word' id='word_1_512' title='bbox 1958 1366 2112 1404; x_wconf 93' lang='lat' dir='ltr'>cuidam</span> <span class='ocrx_word' id='word_1_513' title='bbox 2144 1367 2274 1404; x_wconf 89' lang='lat' dir='ltr'>stellae</span> <span class='ocrx_word' id='word_1_514' title='bbox 2303 1378 2402 1416; x_wconf 90' lang='lat' dir='ltr'>quae</span> <span class='ocrx_word' id='word_1_515' title='bbox 2431 1372 2488 1404; x_wconf 87' lang='lat' dir='ltr'>est</span> <span class='ocrx_word' id='word_1_516' title='bbox 2514 1365 2555 1403; x_wconf 89' lang='lat' dir='ltr'>in</span> 
     </span>
     <span class='ocr_line' id='line_1_75' title="bbox 1481 1419 2556 1470; baseline 0 -14"><span class='ocrx_word' id='word_1_517' title='bbox 1481 1420 1666 1468; x_wconf 89' lang='lat' dir='ltr'>Geminis,</span> <span class='ocrx_word' id='word_1_518' title='bbox 1687 1420 1738 1458; x_wconf 92' lang='lat' dir='ltr'>ita</span> <span class='ocrx_word' id='word_1_519' title='bbox 1757 1420 1863 1469; x_wconf 93' lang='lat' dir='ltr'>quod</span> <span class='ocrx_word' id='word_1_520' title='bbox 1882 1420 1970 1457; x_wconf 86' lang='lat' dir='ltr'>fecit</span> <span class='ocrx_word' id='word_1_521' title='bbox 1989 1432 2075 1457; x_wconf 89' lang='lat' dir='ltr'>eam</span> <span class='ocrx_word' id='word_1_522' title='bbox 2097 1420 2302 1470; x_wconf 90' lang='lat' dir='ltr'>disparere.</span> <span class='ocrx_word' id='word_1_523' title='bbox 2328 1419 2406 1458; x_wconf 86' lang='lat' dir='ltr'>Sed</span> <span class='ocrx_word' id='word_1_524' title='bbox 2425 1427 2556 1458; x_wconf 85' lang='lat' dir='ltr'>tamen</span> 
     </span>
     <span class='ocr_line' id='line_1_76' title="bbox 1480 1472 2555 1523; baseline 0 -12"><span class='ocrx_word' id='word_1_525' title='bbox 1480 1485 1559 1511; x_wconf 92' lang='lat' dir='ltr'>non</span> <span class='ocrx_word' id='word_1_526' title='bbox 1578 1473 1645 1511; x_wconf 88' lang='lat' dir='ltr'>fuit</span> <span class='ocrx_word' id='word_1_527' title='bbox 1664 1474 1784 1511; x_wconf 90' lang='lat' dir='ltr'>factus</span> <span class='ocrx_word' id='word_1_528' title='bbox 1806 1481 1978 1511; x_wconf 90' lang='lat' dir='ltr'>cometa:</span> <span class='ocrx_word' id='word_1_529' title='bbox 1999 1474 2105 1522; x_wconf 94' lang='lat' dir='ltr'>quod</span> <span class='ocrx_word' id='word_1_530' title='bbox 2126 1481 2320 1523; x_wconf 91' lang='lat' dir='ltr'>oporteret</span> <span class='ocrx_word' id='word_1_531' title='bbox 2339 1472 2555 1511; x_wconf 88' lang='lat' dir='ltr'>secundum</span> 
     </span>
     <span class='ocr_line' id='line_1_77' title="bbox 1480 1527 2304 1576; baseline 0 -12"><span class='ocrx_word' id='word_1_532' title='bbox 1480 1527 1704 1576; x_wconf 90' lang='lat' dir='ltr'>opinionem</span> <span class='ocrx_word' id='word_1_533' title='bbox 1733 1527 1943 1565; x_wconf 91' lang='lat' dir='ltr'>Democriti</span> <span class='ocrx_word' id='word_1_534' title='bbox 1974 1535 2011 1564; x_wconf 94' lang='lat' dir='ltr'>et</span> <span class='ocrx_word' id='word_1_535' title='bbox 2038 1529 2304 1576; x_wconf 82' lang='lat' dir='ltr'>Anaxagorae.</span> 
     </span>
    </p>
   </div>
   <div class='ocr_carea' id='block_1_16' title="bbox 2581 626 2748 654">
    <p class='ocr_par' dir='ltr' id='par_1_22' title="bbox 2581 626 2748 654">
     <span class='ocr_line' id='line_1_78' title="bbox 2581 626 2748 654; baseline 0.006 -7"><span class='ocrx_word' id='word_1_536' title='bbox 2581 626 2592 637; x_wconf 81' lang='lat'>⁴*</span> <span class='ocrx_word' id='word_1_537' title='bbox 2603 628 2698 654; x_wconf 72' lang='lat' dir='ltr'>ponunt</span> <span class='ocrx_word' id='word_1_538' title='bbox 2710 633 2748 648; x_wconf 74' lang='grc' dir='ltr'>ΑΒ.</span> 
     </span>
    </p>
   </div>
   <div class='ocr_carea' id='block_1_17' title="bbox 2581 731 2751 754">
    <p class='ocr_par' dir='ltr' id='par_1_23' title="bbox 2581 731 2751 754">
     <span class='ocr_line' id='line_1_79' title="bbox 2581 731 2751 754; baseline 0.006 -1"><span class='ocrx_word' id='word_1_539' title='bbox 2581 732 2592 743; x_wconf 71' lang='lat'>⁴</span> <span class='ocrx_word' id='word_1_540' title='bbox 2606 731 2701 754; x_wconf 75' lang='lat' dir='ltr'>induxit</span> <span class='ocrx_word' id='word_1_541' title='bbox 2712 737 2751 754; x_wconf 65' lang='grc' dir='ltr'>ΑΒ.</span> 
     </span>
    </p>
   </div>
   <div class='ocr_carea' id='block_1_18' title="bbox 1533 1581 2606 1630">
    <p class='ocr_par' dir='ltr' id='par_1_24' title="bbox 1533 1581 2606 1630">
     <span class='ocr_line' id='line_1_80' title="bbox 1533 1581 2606 1630; baseline 0 -12"><span class='ocrx_word' id='word_1_542' title='bbox 1533 1593 1569 1629; x_wconf 88' lang='lat'>9.</span> <span class='ocrx_word' id='word_1_543' title='bbox 1592 1581 1780 1628; x_wconf 90' lang='lat' dir='ltr'>Quartam</span> <span class='ocrx_word' id='word_1_544' title='bbox 1801 1581 1988 1618; x_wconf 91' lang='lat' dir='ltr'>rationem</span> <span class='ocrx_word' id='word_1_545' title='bbox 2009 1581 2116 1630; x_wconf 91' lang='lat' dir='ltr'>ponit</span> <span class='ocrx_word' id='word_1_546' title='bbox 2135 1581 2205 1619; x_wconf 89' lang='lat' dir='ltr'>ibi:</span> <span class='ocrx_word' id='word_1_547' title='bbox 2225 1581 2362 1618; x_wconf 83' lang='lat' dir='ltr'>Adhuc</span> <span class='ocrx_word' id='word_1_548' title='bbox 2375 1585 2502 1618; x_wconf 85' lang='lat' dir='ltr'>autem</span> <span class='ocrx_word' id='word_1_549' title='bbox 2521 1585 2559 1618; x_wconf 83' lang='lat' dir='ltr'>et</span> <span class='ocrx_word' id='word_1_550' title='bbox 2603 1602 2606 1603; x_wconf 30' lang='grc' dir='ltr'><em>ν</em></span> 
     </span>
    </p>
   </div>
   <div class='ocr_carea' id='block_1_19' title="bbox 1476 1634 2609 2487">
    <p class='ocr_par' dir='ltr' id='par_1_25' title="bbox 1476 1634 2556 2381">
     <span class='ocr_line' id='line_1_81' title="bbox 1479 1634 2556 1683; baseline 0 -12"><span class='ocrx_word' id='word_1_551' title='bbox 1479 1647 1529 1671; x_wconf 88' lang='lat' dir='ltr'>ex</span> <span class='ocrx_word' id='word_1_552' title='bbox 1547 1635 1694 1672; x_wconf 88' lang='lat' dir='ltr'>ratione</span> <span class='ocrx_word' id='word_1_553' title='bbox 1714 1642 1803 1671; x_wconf 92' lang='lat' dir='ltr'>etc.:</span> <span class='ocrx_word' id='word_1_554' title='bbox 1824 1647 1923 1683; x_wconf 90' lang='lat' dir='ltr'>quae</span> <span class='ocrx_word' id='word_1_555' title='bbox 1952 1635 2035 1672; x_wconf 93' lang='lat' dir='ltr'>talis</span> <span class='ocrx_word' id='word_1_556' title='bbox 2065 1642 2131 1672; x_wconf 92' lang='lat' dir='ltr'>est.</span> <span class='ocrx_word' id='word_1_557' title='bbox 2154 1634 2343 1682; x_wconf 88' lang='lat' dir='ltr'>Quamvis</span> <span class='ocrx_word' id='word_1_558' title='bbox 2363 1634 2556 1671; x_wconf 86' lang='lat' dir='ltr'>stellarum</span> 
     </span>
     <span class='ocr_line' id='line_1_82' title="bbox 1479 1687 2556 1737; baseline -0.001 -12"><span class='ocrx_word' id='word_1_559' title='bbox 1479 1687 1671 1737; x_wconf 88' lang='lat' dir='ltr'>quaedam</span> <span class='ocrx_word' id='word_1_560' title='bbox 1699 1688 1902 1726; x_wconf 91' lang='lat' dir='ltr'>videantur</span> <span class='ocrx_word' id='word_1_561' title='bbox 1921 1701 2004 1725; x_wconf 88' lang='lat' dir='ltr'>esse</span> <span class='ocrx_word' id='word_1_562' title='bbox 2024 1688 2191 1725; x_wconf 90' lang='lat' dir='ltr'>maiores</span> <span class='ocrx_word' id='word_1_563' title='bbox 2211 1695 2248 1725; x_wconf 92' lang='lat' dir='ltr'>et</span> <span class='ocrx_word' id='word_1_564' title='bbox 2267 1687 2460 1737; x_wconf 86' lang='lat' dir='ltr'>quaedam</span> <span class='ocrx_word' id='word_1_565' title='bbox 2484 1687 2556 1724; x_wconf 89' lang='lat' dir='ltr'>mi-</span> 
     </span>
     <span class='ocr_line' id='line_1_83' title="bbox 1478 1741 2554 1791; baseline 0 -13"><span class='ocrx_word' id='word_1_566' title='bbox 1478 1754 1592 1779; x_wconf 89' lang='lat' dir='ltr'>nores</span> <span class='ocrx_word' id='word_1_567' title='bbox 1613 1741 1830 1779; x_wconf 84' lang='lat' dir='ltr'>adinvicem</span> <span class='ocrx_word' id='word_1_568' title='bbox 1860 1749 2116 1791; x_wconf 89' lang='lat' dir='ltr'>comparatae,</span> <span class='ocrx_word' id='word_1_569' title='bbox 2138 1749 2268 1779; x_wconf 90' lang='lat' dir='ltr'>tamen</span> <span class='ocrx_word' id='word_1_570' title='bbox 2295 1752 2554 1791; x_wconf 90' lang='lat' dir='ltr'>unaquaeque</span> 
     </span>
     <span class='ocr_line' id='line_1_84' title="bbox 1477 1794 2556 1844; baseline 0 -12"><span class='ocrx_word' id='word_1_571' title='bbox 1477 1795 1691 1832; x_wconf 90' lang='lat' dir='ltr'>secundum</span> <span class='ocrx_word' id='word_1_572' title='bbox 1711 1807 1752 1832; x_wconf 91' lang='lat' dir='ltr'>se</span> <span class='ocrx_word' id='word_1_573' title='bbox 1771 1795 2011 1833; x_wconf 89' lang='lat' dir='ltr'>considerata</span> <span class='ocrx_word' id='word_1_574' title='bbox 2028 1795 2181 1834; x_wconf 88' lang='lat' dir='ltr'>videtur</span> <span class='ocrx_word' id='word_1_575' title='bbox 2209 1795 2317 1844; x_wconf 91' lang='lat' dir='ltr'>quasi</span> <span class='ocrx_word' id='word_1_576' title='bbox 2339 1794 2524 1844; x_wconf 88' lang='lat' dir='ltr'>punctalis</span> <span class='ocrx_word' id='word_1_577' title='bbox 2541 1799 2556 1815; x_wconf 80' lang='lat'>’</span> 
     </span>
     <span class='ocr_line' id='line_1_85' title="bbox 1479 1847 2555 1896; baseline 0 -11"><span class='ocrx_word' id='word_1_578' title='bbox 1479 1856 1515 1886; x_wconf 94' lang='lat' dir='ltr'>et</span> <span class='ocrx_word' id='word_1_579' title='bbox 1542 1848 1790 1886; x_wconf 90' lang='lat' dir='ltr'>indivisibilis.</span> <span class='ocrx_word' id='word_1_580' title='bbox 1813 1849 1892 1885; x_wconf 89' lang='lat' dir='ltr'>Sed</span> <span class='ocrx_word' id='word_1_581' title='bbox 1913 1848 1943 1885; x_wconf 92' lang='lat' dir='ltr'>si</span> <span class='ocrx_word' id='word_1_582' title='bbox 1964 1856 2090 1886; x_wconf 91' lang='lat' dir='ltr'>essent</span> <span class='ocrx_word' id='word_1_583' title='bbox 2112 1861 2205 1886; x_wconf 90' lang='lat' dir='ltr'>vere</span> <span class='ocrx_word' id='word_1_584' title='bbox 2233 1847 2493 1896; x_wconf 87' lang='lat' dir='ltr'>indivisibiles,</span> <span class='ocrx_word' id='word_1_585' title='bbox 2513 1859 2555 1885; x_wconf 89' lang='lat' dir='ltr'>se</span> 
     </span>
     <span class='ocr_line' id='line_1_86' title="bbox 1478 1901 2556 1950; baseline 0 -11"><span class='ocrx_word' id='word_1_586' title='bbox 1478 1902 1644 1939; x_wconf 90' lang='lat' dir='ltr'>invicem</span> <span class='ocrx_word' id='word_1_587' title='bbox 1665 1909 1862 1950; x_wconf 87' lang='lat' dir='ltr'>tangentes</span> <span class='ocrx_word' id='word_1_588' title='bbox 1882 1914 1961 1939; x_wconf 90' lang='lat' dir='ltr'>non</span> <span class='ocrx_word' id='word_1_589' title='bbox 1981 1902 2149 1939; x_wconf 85' lang='lat' dir='ltr'>facerent</span> <span class='ocrx_word' id='word_1_590' title='bbox 2166 1901 2355 1939; x_wconf 87' lang='lat' dir='ltr'>maiorem</span> <span class='ocrx_word' id='word_1_591' title='bbox 2368 1901 2556 1950; x_wconf 81' lang='lat' dir='ltr'>magnitu-</span> 
     </span>
     <span class='ocr_line' id='line_1_87' title="bbox 1479 1954 2609 2007; baseline -0.001 -14"><span class='ocrx_word' id='word_1_592' title='bbox 1479 1956 1627 2003; x_wconf 91' lang='lat' dir='ltr'>dinem,</span> <span class='ocrx_word' id='word_1_593' title='bbox 1656 1963 1698 1992; x_wconf 91' lang='lat' dir='ltr'>ut</span> <span class='ocrx_word' id='word_1_594' title='bbox 1733 1956 1941 2005; x_wconf 89' lang='lat' dir='ltr'>probatum</span> <span class='ocrx_word' id='word_1_595' title='bbox 1977 1963 2033 1993; x_wconf 90' lang='lat' dir='ltr'>est</span> <span class='ocrx_word' id='word_1_596' title='bbox 2061 1955 2099 1993; x_wconf 92' lang='lat' dir='ltr'>in</span> <span class='ocrx_word' id='word_1_597' title='bbox 2135 1956 2187 1994; x_wconf 86' lang='lat' dir='ltr'>Vl</span> <span class='ocrx_word' id='word_1_598' title='bbox 2216 1956 2367 2005; x_wconf 79' lang='lat' dir='ltr'>Physic.</span> <span class='ocrx_word' id='word_1_599' title='bbox 2397 1954 2418 1977; x_wconf 80' lang='grc'>*</span> <span class='ocrx_word' id='word_1_600' title='bbox 2449 1955 2609 2007; x_wconf 74' lang='lat' dir='ltr'>Ergo·S</span> 
     </span>
     <span class='ocr_line' id='line_1_88' title="bbox 1478 2008 2553 2059; baseline 0 -13"><span class='ocrx_word' id='word_1_601' title='bbox 1478 2009 1635 2059; x_wconf 90' lang='lat' dir='ltr'>quando</span> <span class='ocrx_word' id='word_1_602' title='bbox 1686 2009 1866 2047; x_wconf 89' lang='lat' dir='ltr'>videntur</span> <span class='ocrx_word' id='word_1_603' title='bbox 1912 2009 2159 2047; x_wconf 87' lang='lat' dir='ltr'>indivisibiles</span> <span class='ocrx_word' id='word_1_604' title='bbox 2201 2009 2288 2046; x_wconf 90' lang='lat' dir='ltr'>licet</span> <span class='ocrx_word' id='word_1_605' title='bbox 2328 2021 2409 2046; x_wconf 93' lang='lat' dir='ltr'>non</span> <span class='ocrx_word' id='word_1_606' title='bbox 2455 2008 2553 2057; x_wconf 90' lang='lat' dir='ltr'>sint,</span> 
     </span>
     <span class='ocr_line' id='line_1_89' title="bbox 1477 2062 2555 2112; baseline 0 -12"><span class='ocrx_word' id='word_1_607' title='bbox 1477 2063 1635 2112; x_wconf 91' lang='lat' dir='ltr'>quando</span> <span class='ocrx_word' id='word_1_608' title='bbox 1665 2062 1947 2112; x_wconf 88' lang='lat' dir='ltr'>coniunguntur</span> <span class='ocrx_word' id='word_1_609' title='bbox 1976 2063 2209 2111; x_wconf 90' lang='lat' dir='ltr'>adinvicem,</span> <span class='ocrx_word' id='word_1_610' title='bbox 2230 2075 2310 2101; x_wconf 91' lang='lat' dir='ltr'>non</span> <span class='ocrx_word' id='word_1_611' title='bbox 2338 2062 2481 2101; x_wconf 89' lang='lat' dir='ltr'>debent</span> <span class='ocrx_word' id='word_1_612' title='bbox 2497 2062 2555 2100; x_wconf 88' lang='lat' dir='ltr'>vi-</span> 
     </span>
     <span class='ocr_line' id='line_1_90' title="bbox 1478 2115 2554 2166; baseline 0.001 -13"><span class='ocrx_word' id='word_1_613' title='bbox 1478 2116 1557 2154; x_wconf 91' lang='lat' dir='ltr'>deri</span> <span class='ocrx_word' id='word_1_614' title='bbox 1595 2116 1762 2154; x_wconf 92' lang='lat' dir='ltr'>maiores</span> <span class='ocrx_word' id='word_1_615' title='bbox 1796 2117 2011 2154; x_wconf 89' lang='lat' dir='ltr'>secundum</span> <span class='ocrx_word' id='word_1_616' title='bbox 2047 2124 2297 2166; x_wconf 88' lang='lat' dir='ltr'>apparentem</span> <span class='ocrx_word' id='word_1_617' title='bbox 2325 2115 2554 2165; x_wconf 84' lang='lat' dir='ltr'>magnitudi-</span> 
     </span>
     <span class='ocr_line' id='line_1_91' title="bbox 1476 2169 2556 2208; baseline 0.001 -1"><span class='ocrx_word' id='word_1_618' title='bbox 1476 2182 1579 2208; x_wconf 89' lang='lat' dir='ltr'>nem.</span> <span class='ocrx_word' id='word_1_619' title='bbox 1601 2171 1650 2207; x_wconf 87' lang='lat' dir='ltr'>Et</span> <span class='ocrx_word' id='word_1_620' title='bbox 1682 2170 1732 2207; x_wconf 91' lang='lat' dir='ltr'>ita</span> <span class='ocrx_word' id='word_1_621' title='bbox 1752 2183 1797 2207; x_wconf 87' lang='lat' dir='ltr'>ex</span> <span class='ocrx_word' id='word_1_622' title='bbox 1832 2177 2010 2208; x_wconf 90' lang='lat' dir='ltr'>contactu</span> <span class='ocrx_word' id='word_1_623' title='bbox 2042 2171 2236 2208; x_wconf 88' lang='lat' dir='ltr'>stellarum</span> <span class='ocrx_word' id='word_1_624' title='bbox 2261 2183 2340 2208; x_wconf 90' lang='lat' dir='ltr'>non</span> <span class='ocrx_word' id='word_1_625' title='bbox 2360 2170 2475 2208; x_wconf 90' lang='lat' dir='ltr'>debet</span> <span class='ocrx_word' id='word_1_626' title='bbox 2500 2169 2556 2208; x_wconf 87' lang='lat' dir='ltr'>vi·</span> 
     </span>
     <span class='ocr_line' id='line_1_92' title="bbox 1477 2223 2554 2274; baseline 0.003 -14"><span class='ocrx_word' id='word_1_627' title='bbox 1477 2223 1557 2261; x_wconf 91' lang='lat' dir='ltr'>deri</span> <span class='ocrx_word' id='word_1_628' title='bbox 1586 2236 1709 2272; x_wconf 91' lang='lat' dir='ltr'>coma,</span> <span class='ocrx_word' id='word_1_629' title='bbox 1735 2223 1843 2274; x_wconf 89' lang='lat' dir='ltr'>quasi</span> <span class='ocrx_word' id='word_1_630' title='bbox 1870 2232 2028 2274; x_wconf 91' lang='lat' dir='ltr'>propter</span> <span class='ocrx_word' id='word_1_631' title='bbox 2055 2231 2306 2273; x_wconf 85' lang='lat' dir='ltr'>augmentum</span> <span class='ocrx_word' id='word_1_632' title='bbox 2335 2223 2500 2262; x_wconf 89' lang='lat' dir='ltr'>luminis.</span> <span class='ocrx_word' id='word_1_633' title='bbox 2529 2244 2554 2253; x_wconf 89' lang='lat'><em>-</em></span> 
     </span>
     <span class='ocr_line' id='line_1_93' title="bbox 1477 2277 2556 2345; baseline 0.002 -31"><span class='ocrx_word' id='word_1_634' title='bbox 1477 2278 1560 2314; x_wconf 91' lang='lat' dir='ltr'>Hae</span> <span class='ocrx_word' id='word_1_635' title='bbox 1590 2285 1719 2315; x_wconf 89' lang='lat' dir='ltr'>autern</span> <span class='ocrx_word' id='word_1_636' title='bbox 1750 2277 1850 2315; x_wconf 91' lang='lat' dir='ltr'>duae</span> <span class='ocrx_word' id='word_1_637' title='bbox 1874 2278 2027 2316; x_wconf 89' lang='lat' dir='ltr'>ultimae</span> <span class='ocrx_word' id='word_1_638' title='bbox 2054 2278 2220 2316; x_wconf 86' lang='lat' dir='ltr'>rationes</span> <span class='ocrx_word' id='word_1_639' title='bbox 2250 2285 2338 2316; x_wconf 90' lang='lat' dir='ltr'>sunt</span> <span class='ocrx_word' id='word_1_640' title='bbox 2360 2277 2516 2345; x_wconf 86' lang='lat' dir='ltr'>proprie</span> <span class='ocrx_word' id='word_1_641' title='bbox 2533 2277 2556 2300; x_wconf 71' lang='lat'>⁷*</span> 
     </span>
     <span class='ocr_line' id='line_1_94' title="bbox 1477 2331 2115 2381; baseline 0.002 -13"><span class='ocrx_word' id='word_1_642' title='bbox 1477 2338 1609 2368; x_wconf 91' lang='lat' dir='ltr'>contra</span> <span class='ocrx_word' id='word_1_643' title='bbox 1637 2331 1862 2381; x_wconf 90' lang='lat' dir='ltr'>opinionem</span> <span class='ocrx_word' id='word_1_644' title='bbox 1890 2331 2115 2370; x_wconf 88' lang='lat' dir='ltr'>Democriti.</span> 
     </span>
    </p>

    <p class='ocr_par' dir='ltr' id='par_1_26' title="bbox 1478 2384 2553 2487">
     <span class='ocr_line' id='line_1_95' title="bbox 1530 2384 2553 2434; baseline 0.001 -12"><span class='ocrx_word' id='word_1_645' title='bbox 1530 2384 1674 2422; x_wconf 88' lang='lat' dir='ltr'>Ultimo</span> <span class='ocrx_word' id='word_1_646' title='bbox 1704 2392 1833 2422; x_wconf 88' lang='lat' dir='ltr'>autem</span> <span class='ocrx_word' id='word_1_647' title='bbox 1854 2385 2035 2434; x_wconf 86' lang='lat' dir='ltr'>recolligit</span> <span class='ocrx_word' id='word_1_648' title='bbox 2054 2385 2147 2424; x_wconf 91' lang='lat' dir='ltr'>illud</span> <span class='ocrx_word' id='word_1_649' title='bbox 2175 2385 2283 2434; x_wconf 91' lang='lat' dir='ltr'>quod</span> <span class='ocrx_word' id='word_1_650' title='bbox 2303 2384 2446 2423; x_wconf 86' lang='lat' dir='ltr'>dictum</span> <span class='ocrx_word' id='word_1_651' title='bbox 2476 2392 2553 2423; x_wconf 89' lang='lat' dir='ltr'>est.</span> 
     </span>
     <span class='ocr_line' id='line_1_96' title="bbox 1478 2438 1870 2487; baseline 0.003 -13"><span class='ocrx_word' id='word_1_652' title='bbox 1478 2445 1513 2474; x_wconf 92' lang='lat' dir='ltr'>et</span> <span class='ocrx_word' id='word_1_653' title='bbox 1541 2445 1645 2487; x_wconf 87' lang='lat' dir='ltr'>patet</span> <span class='ocrx_word' id='word_1_654' title='bbox 1672 2438 1710 2475; x_wconf 92' lang='lat' dir='ltr'>in</span> <span class='ocrx_word' id='word_1_655' title='bbox 1738 2438 1870 2475; x_wconf 90' lang='lat' dir='ltr'>littera.</span> 
     </span>
    </p>
   </div>
   <div class='ocr_carea' id='block_1_20' title="bbox 1479 2596 2554 2880">
    <p class='ocr_par' dir='ltr' id='par_1_27' title="bbox 1479 2596 2554 2702">
     <span class='ocr_line' id='line_1_97' title="bbox 1533 2596 2553 2632; baseline 0.001 -10"><span class='ocrx_word' id='word_1_656' title='bbox 1533 2596 1559 2631; x_wconf 79' lang='grc' dir='ltr'>κ)</span> <span class='ocrx_word' id='word_1_657' title='bbox 1580 2597 1626 2630; x_wconf 82' lang='lat' dir='ltr'>qui</span> <span class='ocrx_word' id='word_1_658' title='bbox 1669 2598 1786 2631; x_wconf 81' lang='lat' dir='ltr'>suerunt</span> <span class='ocrx_word' id='word_1_659' title='bbox 1804 2597 1863 2623; x_wconf 78' lang='lat' dir='ltr'>visi.</span> <span class='ocrx_word' id='word_1_660' title='bbox 1876 2612 1895 2617; x_wconf 95' lang='lat'>—</span> <span class='ocrx_word' id='word_1_661' title='bbox 1909 2605 1977 2631; x_wconf 82' lang='lat' dir='ltr'>quae</span> <span class='ocrx_word' id='word_1_662' title='bbox 2020 2598 2137 2632; x_wconf 78' lang='lat' dir='ltr'>suerunt</span> <span class='ocrx_word' id='word_1_663' title='bbox 2156 2598 2229 2623; x_wconf 75' lang='lat' dir='ltr'>visae</span> <span class='ocrx_word' id='word_1_664' title='bbox 2243 2598 2291 2623; x_wconf 81' lang='lat' dir='ltr'>Pa.</span> <span class='ocrx_word' id='word_1_665' title='bbox 2302 2611 2322 2617; x_wconf 91' lang='lat'>-</span> <span class='ocrx_word' id='word_1_666' title='bbox 2336 2598 2487 2623; x_wconf 69' lang='lat' dir='ltr'>Immediaoe</span> <span class='ocrx_word' id='word_1_667' title='bbox 2505 2605 2553 2632; x_wconf 80' lang='lat' dir='ltr'>pro</span> 
     </span>
     <span class='ocr_line' id='line_1_98' title="bbox 1479 2632 2554 2667; baseline 0.001 -9"><span class='ocrx_word' id='word_1_668' title='bbox 1479 2632 1672 2665; x_wconf 78' lang='lat' dir='ltr'>disparuerunt</span> <span class='ocrx_word' id='word_1_669' title='bbox 1691 2633 1767 2658; x_wconf 89' lang='lat' dir='ltr'>codd.</span> <span class='ocrx_word' id='word_1_670' title='bbox 1782 2638 1807 2658; x_wconf 90' lang='lat' dir='ltr'>et</span> <span class='ocrx_word' id='word_1_671' title='bbox 1826 2633 1893 2664; x_wconf 68' lang='lat' dir='ltr'>edd„</span> <span class='ocrx_word' id='word_1_672' title='bbox 1913 2638 2002 2658; x_wconf 83' lang='lat' dir='ltr'>contra</span> <span class='ocrx_word' id='word_1_673' title='bbox 2020 2638 2119 2659; x_wconf 85' lang='lat' dir='ltr'>textum</span> <span class='ocrx_word' id='word_1_674' title='bbox 2134 2638 2159 2659; x_wconf 88' lang='lat' dir='ltr'>et</span> <span class='ocrx_word' id='word_1_675' title='bbox 2173 2639 2263 2659; x_wconf 78' lang='lat' dir='ltr'>contra</span> <span class='ocrx_word' id='word_1_676' title='bbox 2278 2641 2308 2659; x_wconf 82' lang='lat' dir='ltr'>ea</span> <span class='ocrx_word' id='word_1_677' title='bbox 2320 2641 2388 2667; x_wconf 81' lang='lat' dir='ltr'>quae</span> <span class='ocrx_word' id='word_1_678' title='bbox 2407 2638 2554 2667; x_wconf 83' lang='lat' dir='ltr'>sequuntur</span> 
     </span>
     <span class='ocr_line' id='line_1_99' title="bbox 1479 2668 2190 2702; baseline 0.001 -9"><span class='ocrx_word' id='word_1_679' title='bbox 1479 2669 1504 2693; x_wconf 88' lang='lat' dir='ltr'>in</span> <span class='ocrx_word' id='word_1_680' title='bbox 1523 2669 1685 2702; x_wconf 78' lang='lat' dir='ltr'>expositione</span> <span class='ocrx_word' id='word_1_681' title='bbox 1704 2676 1725 2693; x_wconf 85' lang='lat' dir='ltr'>s.</span> <span class='ocrx_word' id='word_1_682' title='bbox 1740 2668 1867 2700; x_wconf 71' lang='lat' dir='ltr'>rhomae,</span> <span class='ocrx_word' id='word_1_683' title='bbox 1887 2669 1977 2702; x_wconf 84' lang='lat' dir='ltr'>legunt</span> <span class='ocrx_word' id='word_1_684' title='bbox 1994 2672 2190 2701; x_wconf 77' lang='lat' dir='ltr'>apparuerunt.</span> 
     </span>
    </p>

    <p class='ocr_par' dir='ltr' id='par_1_28' title="bbox 1479 2702 2554 2765">
     <span class='ocr_line' id='line_1_100' title="bbox 1533 2702 2554 2739; baseline 0.002 -10"><span class='ocrx_word' id='word_1_685' title='bbox 1533 2702 1562 2738; x_wconf 86' lang='grc' dir='ltr'>λ)</span> <span class='ocrx_word' id='word_1_686' title='bbox 1582 2704 1621 2729; x_wconf 79' lang='lat' dir='ltr'>ita</span> <span class='ocrx_word' id='word_1_687' title='bbox 1641 2707 1670 2729; x_wconf 79' lang='lat' dir='ltr'>ut</span> <span class='ocrx_word' id='word_1_688' title='bbox 1689 2704 1767 2730; x_wconf 81' lang='lat' dir='ltr'>ille...</span> <span class='ocrx_word' id='word_1_689' title='bbox 1781 2705 1959 2730; x_wconf 77' lang='lat' dir='ltr'>retrocedens.</span> <span class='ocrx_word' id='word_1_690' title='bbox 1977 2718 1996 2724; x_wconf 95' lang='lat'>—</span> <span class='ocrx_word' id='word_1_691' title='bbox 2014 2708 2041 2730; x_wconf 81' lang='lat' dir='ltr'>et</span> <span class='ocrx_word' id='word_1_692' title='bbox 2059 2708 2155 2730; x_wconf 76' lang='lat' dir='ltr'>vocata</span> <span class='ocrx_word' id='word_1_693' title='bbox 2166 2705 2226 2739; x_wconf 82' lang='lat' dir='ltr'>suit</span> <span class='ocrx_word' id='word_1_694' title='bbox 2244 2705 2289 2730; x_wconf 75' lang='lat' dir='ltr'>via</span> <span class='ocrx_word' id='word_1_695' title='bbox 2313 2708 2341 2730; x_wconf 77' lang='lat' dir='ltr'>et</span> <span class='ocrx_word' id='word_1_696' title='bbox 2367 2704 2489 2731; x_wconf 74' lang='lat' dir='ltr'>ascendit</span> <span class='ocrx_word' id='word_1_697' title='bbox 2511 2711 2554 2731; x_wconf 68' lang='lat' dir='ltr'>m-</span> 
     </span>
     <span class='ocr_line' id='line_1_101' title="bbox 1479 2739 1690 2766; baseline 0.005 -2"><span class='ocrx_word' id='word_1_698' title='bbox 1479 2739 1618 2765; x_wconf 82' lang='lat' dir='ltr'>trocedens</span> <span class='ocrx_word' id='word_1_699' title='bbox 1636 2741 1690 2766; x_wconf 85' lang='lat' dir='ltr'>AB.</span> 
     </span>
    </p>

    <p class='ocr_par' dir='ltr' id='par_1_29' title="bbox 1479 2774 2554 2845">
     <span class='ocr_line' id='line_1_102' title="bbox 1534 2774 2554 2809; baseline 0.002 -9"><span class='ocrx_word' id='word_1_700' title='bbox 1534 2774 1562 2809; x_wconf 84' lang='grc' dir='ltr'>μ.)</span> <span class='ocrx_word' id='word_1_701' title='bbox 1574 2775 1711 2801; x_wconf 72' lang='lat' dir='ltr'>dissolutis</span> <span class='ocrx_word' id='word_1_702' title='bbox 1720 2775 1837 2806; x_wconf 82' lang='lat' dir='ltr'>cometis,</span> <span class='ocrx_word' id='word_1_703' title='bbox 1849 2776 2031 2809; x_wconf 80' lang='lat' dir='ltr'>aliquando.—</span> <span class='ocrx_word' id='word_1_704' title='bbox 2039 2776 2199 2809; x_wconf 78' lang='lat' dir='ltr'>quandoque</span> <span class='ocrx_word' id='word_1_705' title='bbox 2212 2776 2348 2802; x_wconf 70' lang='lat' dir='ltr'>dissolutis</span> <span class='ocrx_word' id='word_1_706' title='bbox 2357 2774 2529 2802; x_wconf 70' lang='lat' dir='ltr'>cometfsAB.</span> <span class='ocrx_word' id='word_1_707' title='bbox 2534 2789 2554 2796; x_wconf 91' lang='lat'><em>-</em></span> 
     </span>
     <span class='ocr_line' id='line_1_103' title="bbox 1479 2811 2552 2845; baseline 0.001 -9"><span class='ocrx_word' id='word_1_708' title='bbox 1479 2811 1559 2836; x_wconf 88' lang='lat' dir='ltr'>Iidem</span> <span class='ocrx_word' id='word_1_709' title='bbox 1579 2816 1640 2844; x_wconf 86' lang='lat' dir='ltr'>post</span> <span class='ocrx_word' id='word_1_710' title='bbox 1652 2819 1732 2836; x_wconf 76' lang='lat' dir='ltr'>unam</span> <span class='ocrx_word' id='word_1_711' title='bbox 1746 2812 1791 2837; x_wconf 88' lang='lat' dir='ltr'>lin.</span> <span class='ocrx_word' id='word_1_712' title='bbox 1807 2819 1854 2844; x_wconf 84' lang='lat' dir='ltr'>pro</span> <span class='ocrx_word' id='word_1_713' title='bbox 1868 2812 1954 2844; x_wconf 80' lang='lat' dir='ltr'>ipsum</span> <span class='ocrx_word' id='word_1_714' title='bbox 1969 2812 2059 2845; x_wconf 81' lang='lat' dir='ltr'>legunt</span> <span class='ocrx_word' id='word_1_715' title='bbox 2073 2819 2141 2842; x_wconf 85' lang='lat' dir='ltr'>eum,</span> <span class='ocrx_word' id='word_1_716' title='bbox 2157 2816 2183 2837; x_wconf 83' lang='lat' dir='ltr'>et</span> <span class='ocrx_word' id='word_1_717' title='bbox 2196 2819 2250 2838; x_wconf 90' lang='lat' dir='ltr'>om.</span> <span class='ocrx_word' id='word_1_718' title='bbox 2265 2819 2317 2838; x_wconf 79' lang='lat' dir='ltr'>non</span> <span class='ocrx_word' id='word_1_719' title='bbox 2332 2811 2479 2845; x_wconf 69' lang='lat' dir='ltr'>aIIquando</span> <span class='ocrx_word' id='word_1_720' title='bbox 2495 2811 2552 2838; x_wconf 69' lang='lat' dir='ltr'>sed.</span> 
     </span>
    </p>

    <p class='ocr_par' dir='ltr' id='par_1_30' title="bbox 1532 2844 2552 2880">
     <span class='ocr_line' id='line_1_104' title="bbox 1532 2844 2552 2880; baseline 0 -8"><span class='ocrx_word' id='word_1_721' title='bbox 1532 2844 1557 2880; x_wconf 84' lang='grc' dir='ltr'>ν)</span> <span class='ocrx_word' id='word_1_722' title='bbox 1572 2847 1718 2879; x_wconf 81' lang='lat' dir='ltr'>punctalis.</span> <span class='ocrx_word' id='word_1_723' title='bbox 1732 2861 1752 2868; x_wconf 86' lang='lat'>-·</span> <span class='ocrx_word' id='word_1_724' title='bbox 1760 2848 1916 2880; x_wconf 78' lang='lat' dir='ltr'>punctualis</span> <span class='ocrx_word' id='word_1_725' title='bbox 1929 2848 1993 2872; x_wconf 84' lang='lat' dir='ltr'>ABa</span> <span class='ocrx_word' id='word_1_726' title='bbox 2012 2852 2038 2872; x_wconf 90' lang='lat' dir='ltr'>et</span> <span class='ocrx_word' id='word_1_727' title='bbox 2056 2847 2096 2873; x_wconf 84' lang='lat' dir='ltr'>ed.</span> <span class='ocrx_word' id='word_1_728' title='bbox 2114 2846 2189 2873; x_wconf 85' lang='lat'>1561.</span> <span class='ocrx_word' id='word_1_729' title='bbox 2207 2860 2226 2868; x_wconf 88' lang='lat'>·-·</span> <span class='ocrx_word' id='word_1_730' title='bbox 2244 2847 2296 2873; x_wconf 84' lang='lat' dir='ltr'>Pro</span> <span class='ocrx_word' id='word_1_731' title='bbox 2319 2847 2496 2878; x_wconf 72' lang='lat' dir='ltr'>indivisibilis,</span> <span class='ocrx_word' id='word_1_732' title='bbox 2511 2846 2552 2873; x_wconf 79' lang='grc' dir='ltr'>ἰη-</span> 
     </span>
    </p>
   </div>
   <div class='ocr_carea' id='block_1_21' title="bbox 1480 2882 2444 2916">
    <p class='ocr_par' dir='ltr' id='par_1_31' title="bbox 1480 2882 2444 2916">
     <span class='ocr_line' id='line_1_105' title="bbox 1480 2882 2444 2916; baseline 0.002 -9"><span class='ocrx_word' id='word_1_733' title='bbox 1480 2882 1624 2908; x_wconf 84' lang='lat' dir='ltr'>dividualis</span> <span class='ocrx_word' id='word_1_734' title='bbox 1643 2883 1702 2915; x_wconf 89' lang='grc' dir='ltr'>ΑΒ;</span> <span class='ocrx_word' id='word_1_735' title='bbox 1722 2891 1770 2916; x_wconf 85' lang='lat' dir='ltr'>pro</span> <span class='ocrx_word' id='word_1_736' title='bbox 1789 2890 1850 2909; x_wconf 82' lang='lat' dir='ltr'>vere</span> <span class='ocrx_word' id='word_1_737' title='bbox 1870 2883 2055 2914; x_wconf 79' lang='lat' dir='ltr'>indivisibiles,</span> <span class='ocrx_word' id='word_1_738' title='bbox 2077 2886 2191 2910; x_wconf 79' lang='lat' dir='ltr'>naturae</span> <span class='ocrx_word' id='word_1_739' title='bbox 2210 2882 2379 2909; x_wconf 74' lang='lat' dir='ltr'>indivisibilis</span> <span class='ocrx_word' id='word_1_740' title='bbox 2397 2883 2444 2909; x_wconf 83' lang='lat' dir='ltr'>Pa.</span> 
     </span>
    </p>
   </div>
   <div class='ocr_carea' id='block_1_22' title="bbox 2582 2278 2701 2307">
    <p class='ocr_par' dir='ltr' id='par_1_32' title="bbox 2582 2278 2701 2307">
     <span class='ocr_line' id='line_1_106' title="bbox 2582 2278 2701 2307; baseline 0 0"><span class='ocrx_word' id='word_1_741' title='bbox 2582 2278 2701 2307; x_wconf 54' lang='grc' dir='ltr'>’νομῆι</span> 
     </span>
    </p>
   </div>
   <div class='ocr_carea' id='block_1_23' title="bbox 2710 1775 2782 4134">
    <p class='ocr_par' dir='ltr' id='par_1_33' title="bbox 2710 1775 2782 4134">
     <span class='ocr_line' id='line_1_107' title="bbox 2710 1775 2782 4134; baseline 0 0"><span class='ocrx_word' id='word_1_742' title='bbox 2710 1775 2782 4134; x_wconf 95' lang='lat' dir='ltr'> </span> 
     </span>
    </p>
   </div>
  </div>
 </body>
</html>
