<?xml version="1.0" encoding="UTF-8"?>
<!DOCTYPE html PUBLIC "-//W3C//DTD XHTML 1.0 Transitional//EN"
    "http://www.w3.org/TR/xhtml1/DTD/xhtml1-transitional.dtd">
<html xmlns="http://www.w3.org/1999/xhtml" xml:lang="en" lang="en">
 <head>
  <title>
</title>
<meta http-equiv="Content-Type" content="text/html;charset=utf-8" />
  <meta name='ocr-system' content='tesseract 3.04.00' />
  <meta name='ocr-capabilities' content='ocr_page ocr_carea ocr_par ocr_line ocrx_word'/>
</head>
<body>
  <div class='ocr_page' id='page_1' title='image "./operaomniaiussui03thom/operaomniaiussui03thom_0438.png"; bbox 0 0 2782 4134; ppageno 0'>
   <div class='ocr_carea' id='block_1_1' title="bbox 153 739 290 760">
    <p class='ocr_par' dir='ltr' id='par_1_1' title="bbox 153 739 290 760">
     <span class='ocr_line' id='line_1_1' title="bbox 153 739 290 760; baseline 0.007 -1"><span class='ocrx_word' id='word_1_1' title='bbox 153 740 161 749; x_wconf 87' lang='grc'><em>·</em></span> <span class='ocrx_word' id='word_1_2' title='bbox 177 739 240 760; x_wconf 83' lang='lat' dir='ltr'>circa</span> <span class='ocrx_word' id='word_1_3' title='bbox 253 744 290 760; x_wconf 72' lang='lat' dir='ltr'>ra.</span> 
     </span>
    </p>
   </div>
   <div class='ocr_carea' id='block_1_2' title="bbox 150 787 364 842">
    <p class='ocr_par' dir='ltr' id='par_1_2' title="bbox 150 787 364 842">
     <span class='ocr_line' id='line_1_2' title="bbox 151 787 364 815; baseline -0.005 -6"><span class='ocrx_word' id='word_1_4' title='bbox 151 789 160 798; x_wconf 84' lang='grc'><em>·</em></span> <span class='ocrx_word' id='word_1_5' title='bbox 177 787 214 809; x_wconf 90' lang='lat' dir='ltr'>Cf.</span> <span class='ocrx_word' id='word_1_6' title='bbox 224 788 276 809; x_wconf 84' lang='lat' dir='ltr'>lect.</span> <span class='ocrx_word' id='word_1_7' title='bbox 289 794 364 815; x_wconf 79' lang='lat' dir='ltr'>praec.</span> 
     </span>
     <span class='ocr_line' id='line_1_3' title="bbox 150 821 209 842; baseline 0 -6"><span class='ocrx_word' id='word_1_8' title='bbox 150 821 173 836; x_wconf 89' lang='lat' dir='ltr'>n.</span> <span class='ocrx_word' id='word_1_9' title='bbox 189 821 209 842; x_wconf 84' lang='lat'>3.</span> 
     </span>
    </p>
   </div>
   <div class='ocr_carea' id='block_1_3' title="bbox 251 897 268 912">
    <p class='ocr_par' dir='ltr' id='par_1_3' title="bbox 251 897 268 912">
     <span class='ocr_line' id='line_1_4' title="bbox 251 897 268 912; baseline 0 0"><span class='ocrx_word' id='word_1_10' title='bbox 251 897 268 912; x_wconf 77' lang='grc' dir='ltr'><strong>α</strong></span> 
     </span>
    </p>
   </div>
   <div class='ocr_carea' id='block_1_4' title="bbox 245 2221 261 2250">
    <p class='ocr_par' dir='ltr' id='par_1_4' title="bbox 245 2221 261 2250">
     <span class='ocr_line' id='line_1_5' title="bbox 245 2221 261 2250; baseline 0 0"><span class='ocrx_word' id='word_1_11' title='bbox 245 2221 261 2250; x_wconf 79' lang='grc' dir='ltr'>ζ</span> 
     </span>
    </p>
   </div>
   <div class='ocr_carea' id='block_1_5' title="bbox 148 2285 363 2340">
    <p class='ocr_par' dir='ltr' id='par_1_5' title="bbox 148 2285 363 2340">
     <span class='ocr_line' id='line_1_6' title="bbox 148 2285 363 2313; baseline 0 -6"><span class='ocrx_word' id='word_1_12' title='bbox 148 2287 158 2296; x_wconf 70' lang='lat'>&#39;</span> <span class='ocrx_word' id='word_1_13' title='bbox 172 2286 236 2307; x_wconf 87' lang='lat' dir='ltr'>Lect.</span> <span class='ocrx_word' id='word_1_14' title='bbox 256 2285 363 2313; x_wconf 78' lang='lat' dir='ltr'>praeced.</span> 
     </span>
     <span class='ocr_line' id='line_1_7' title="bbox 149 2319 209 2340; baseline 0 -6"><span class='ocrx_word' id='word_1_15' title='bbox 149 2319 172 2334; x_wconf 91' lang='lat' dir='ltr'>n.</span> <span class='ocrx_word' id='word_1_16' title='bbox 186 2320 209 2340; x_wconf 87' lang='lat'>4.</span> 
     </span>
    </p>
   </div>
   <div class='ocr_carea' id='block_1_6' title="bbox 154 2873 291 2900">
    <p class='ocr_par' dir='ltr' id='par_1_6' title="bbox 154 2873 291 2900">
     <span class='ocr_line' id='line_1_8' title="bbox 154 2873 291 2900; baseline 0 -7"><span class='ocrx_word' id='word_1_17' title='bbox 154 2873 163 2882; x_wconf 83' lang='lat'>&#39;</span> <span class='ocrx_word' id='word_1_18' title='bbox 178 2878 239 2900; x_wconf 84' lang='lat' dir='ltr'>quae</span> <span class='ocrx_word' id='word_1_19' title='bbox 253 2878 291 2893; x_wconf 72' lang='lat' dir='ltr'>pa.</span> 
     </span>
    </p>
   </div>
   <div class='ocr_carea' id='block_1_7' title="bbox 401 284 478 329">
    <p class='ocr_par' dir='ltr' id='par_1_7' title="bbox 401 284 478 329">
     <span class='ocr_line' id='line_1_9' title="bbox 401 284 478 329; baseline -0.013 0"><span class='ocrx_word' id='word_1_20' title='bbox 401 284 478 329; x_wconf 84' lang='lat'>394</span> 
     </span>
    </p>
   </div>
   <div class='ocr_carea' id='block_1_8' title="bbox 393 358 1464 635">
    <p class='ocr_par' dir='ltr' id='par_1_8' title="bbox 393 358 1464 635">
     <span class='ocr_line' id='line_1_10' title="bbox 456 358 1464 396; baseline -0.003 -9"><span class='ocrx_word' id='word_1_21' title='bbox 456 360 605 387; x_wconf 82' lang='lat' dir='ltr'>SYNOPSIS.</span> <span class='ocrx_word' id='word_1_22' title='bbox 622 375 658 380; x_wconf 95' lang='lat'>—</span> <span class='ocrx_word' id='word_1_23' title='bbox 686 369 708 386; x_wconf 85' lang='lat'>1.</span> <span class='ocrx_word' id='word_1_24' title='bbox 732 359 944 396; x_wconf 80' lang='lat' dir='ltr'>Argumentum</span> <span class='ocrx_word' id='word_1_25' title='bbox 965 365 1066 387; x_wconf 88' lang='lat' dir='ltr'>textus.</span> <span class='ocrx_word' id='word_1_26' title='bbox 1088 358 1246 386; x_wconf 85' lang='lat' dir='ltr'>Dubitatio.</span> <span class='ocrx_word' id='word_1_27' title='bbox 1269 359 1374 392; x_wconf 83' lang='lat' dir='ltr'>Quare,</span> <span class='ocrx_word' id='word_1_28' title='bbox 1397 366 1464 384; x_wconf 89' lang='lat' dir='ltr'>cum</span> 
     </span>
     <span class='ocr_line' id='line_1_11' title="bbox 394 397 1464 435; baseline -0.004 -8"><span class='ocrx_word' id='word_1_29' title='bbox 394 399 525 435; x_wconf 84' lang='lat' dir='ltr'>quotidie</span> <span class='ocrx_word' id='word_1_30' title='bbox 546 406 589 427; x_wconf 88' lang='lat' dir='ltr'>tot</span> <span class='ocrx_word' id='word_1_31' title='bbox 611 405 638 426; x_wconf 92' lang='lat' dir='ltr'>et</span> <span class='ocrx_word' id='word_1_32' title='bbox 659 405 738 427; x_wconf 86' lang='lat' dir='ltr'>tanta</span> <span class='ocrx_word' id='word_1_33' title='bbox 758 399 880 426; x_wconf 89' lang='lat' dir='ltr'>flumina</span> <span class='ocrx_word' id='word_1_34' title='bbox 900 399 1006 427; x_wconf 86' lang='lat' dir='ltr'>intrent</span> <span class='ocrx_word' id='word_1_35' title='bbox 1020 399 1049 426; x_wconf 92' lang='lat' dir='ltr'>in</span> <span class='ocrx_word' id='word_1_36' title='bbox 1065 407 1153 432; x_wconf 87' lang='lat' dir='ltr'>mare,</span> <span class='ocrx_word' id='word_1_37' title='bbox 1169 407 1229 425; x_wconf 93' lang='lat' dir='ltr'>non</span> <span class='ocrx_word' id='word_1_38' title='bbox 1245 403 1364 433; x_wconf 89' lang='lat' dir='ltr'>apparet</span> <span class='ocrx_word' id='word_1_39' title='bbox 1383 397 1464 432; x_wconf 93' lang='lat' dir='ltr'>quod</span> 
     </span>
     <span class='ocr_line' id='line_1_12' title="bbox 393 435 1464 475; baseline -0.003 -9"><span class='ocrx_word' id='word_1_40' title='bbox 393 445 474 467; x_wconf 90' lang='lat' dir='ltr'>tanta</span> <span class='ocrx_word' id='word_1_41' title='bbox 488 448 564 475; x_wconf 89' lang='lat' dir='ltr'>aqua</span> <span class='ocrx_word' id='word_1_42' title='bbox 578 440 615 466; x_wconf 92' lang='lat' dir='ltr'>ad</span> <span class='ocrx_word' id='word_1_43' title='bbox 629 438 723 475; x_wconf 91' lang='lat' dir='ltr'>ipsum</span> <span class='ocrx_word' id='word_1_44' title='bbox 739 439 889 466; x_wconf 85' lang='lat' dir='ltr'>deveniat?</span> <span class='ocrx_word' id='word_1_45' title='bbox 904 454 924 459; x_wconf 79' lang='lat'><em>—</em></span> <span class='ocrx_word' id='word_1_46' title='bbox 938 446 965 466; x_wconf 90' lang='lat'>2.</span> <span class='ocrx_word' id='word_1_47' title='bbox 982 438 1102 466; x_wconf 87' lang='lat' dir='ltr'>Solutio.</span> <span class='ocrx_word' id='word_1_48' title='bbox 1122 439 1208 473; x_wconf 88' lang='lat' dir='ltr'>Aqua</span> <span class='ocrx_word' id='word_1_49' title='bbox 1229 445 1303 473; x_wconf 90' lang='lat' dir='ltr'>quae</span> <span class='ocrx_word' id='word_1_50' title='bbox 1318 445 1352 463; x_wconf 86' lang='lat' dir='ltr'>ex</span> <span class='ocrx_word' id='word_1_51' title='bbox 1370 435 1464 463; x_wconf 90' lang='lat' dir='ltr'>fluviis</span> 
     </span>
     <span class='ocr_line' id='line_1_13' title="bbox 394 475 1464 515; baseline -0.004 -9"><span class='ocrx_word' id='word_1_52' title='bbox 394 479 431 506; x_wconf 94' lang='lat' dir='ltr'>ad</span> <span class='ocrx_word' id='word_1_53' title='bbox 453 488 531 507; x_wconf 91' lang='lat' dir='ltr'>mare</span> <span class='ocrx_word' id='word_1_54' title='bbox 553 478 694 515; x_wconf 89' lang='lat' dir='ltr'>pervenit,</span> <span class='ocrx_word' id='word_1_55' title='bbox 717 478 889 515; x_wconf 86' lang='lat' dir='ltr'>dispergitur</span> <span class='ocrx_word' id='word_1_56' title='bbox 909 478 938 505; x_wconf 92' lang='lat' dir='ltr'>in</span> <span class='ocrx_word' id='word_1_57' title='bbox 960 478 1057 506; x_wconf 86' lang='lat' dir='ltr'>locum</span> <span class='ocrx_word' id='word_1_58' title='bbox 1080 476 1221 504; x_wconf 88' lang='lat' dir='ltr'>maximae</span> <span class='ocrx_word' id='word_1_59' title='bbox 1243 475 1414 510; x_wconf 90' lang='lat' dir='ltr'>latitudinis,</span> <span class='ocrx_word' id='word_1_60' title='bbox 1437 481 1464 503; x_wconf 92' lang='lat' dir='ltr'>et</span> 
     </span>
     <span class='ocr_line' id='line_1_14' title="bbox 394 515 1464 553; baseline -0.004 -7"><span class='ocrx_word' id='word_1_61' title='bbox 394 518 433 546; x_wconf 92' lang='lat' dir='ltr'>ita</span> <span class='ocrx_word' id='word_1_62' title='bbox 447 518 504 546; x_wconf 88' lang='lat' dir='ltr'>cito</span> <span class='ocrx_word' id='word_1_63' title='bbox 520 518 722 546; x_wconf 81' lang='lat' dir='ltr'>insensibiliter</span> <span class='ocrx_word' id='word_1_64' title='bbox 743 518 903 546; x_wconf 81' lang='lat' dir='ltr'>desiccatur</span> <span class='ocrx_word' id='word_1_65' title='bbox 922 526 974 553; x_wconf 90' lang='lat' dir='ltr'>per</span> <span class='ocrx_word' id='word_1_66' title='bbox 988 516 1158 545; x_wconf 91' lang='lat' dir='ltr'>continuam</span> <span class='ocrx_word' id='word_1_67' title='bbox 1180 515 1428 552; x_wconf 87' lang='lat' dir='ltr'>evaporationem.</span> <span class='ocrx_word' id='word_1_68' title='bbox 1444 531 1464 536; x_wconf 92' lang='lat'>—</span> 
     </span>
     <span class='ocr_line' id='line_1_15' title="bbox 397 555 1463 591; baseline -0.004 -5"><span class='ocrx_word' id='word_1_69' title='bbox 397 558 422 586; x_wconf 81' lang='lat'>3.</span> <span class='ocrx_word' id='word_1_70' title='bbox 446 559 534 586; x_wconf 88' lang='lat' dir='ltr'>Falsa</span> <span class='ocrx_word' id='word_1_71' title='bbox 558 558 689 586; x_wconf 78' lang='lat' dir='ltr'>Platonis</span> <span class='ocrx_word' id='word_1_72' title='bbox 709 557 822 585; x_wconf 84' lang='lat' dir='ltr'>solutio.</span> <span class='ocrx_word' id='word_1_73' title='bbox 846 559 936 585; x_wconf 90' lang='lat' dir='ltr'>Docet</span> <span class='ocrx_word' id='word_1_74' title='bbox 961 563 1067 584; x_wconf 89' lang='lat' dir='ltr'>terram</span> <span class='ocrx_word' id='word_1_75' title='bbox 1091 565 1153 583; x_wconf 90' lang='lat' dir='ltr'>esse</span> <span class='ocrx_word' id='word_1_76' title='bbox 1177 555 1265 583; x_wconf 86' lang='lat' dir='ltr'>veluti</span> <span class='ocrx_word' id='word_1_77' title='bbox 1286 555 1463 591; x_wconf 86' lang='lat' dir='ltr'>perforatam</span> 
     </span>
     <span class='ocr_line' id='line_1_16' title="bbox 394 595 1462 635; baseline -0.004 -9"><span class='ocrx_word' id='word_1_78' title='bbox 394 597 532 635; x_wconf 88' lang='lat' dir='ltr'>undique,</span> <span class='ocrx_word' id='word_1_79' title='bbox 544 604 630 635; x_wconf 92' lang='lat' dir='ltr'>atque</span> <span class='ocrx_word' id='word_1_80' title='bbox 645 597 720 626; x_wconf 90' lang='lat' dir='ltr'>circa</span> <span class='ocrx_word' id='word_1_81' title='bbox 735 597 794 625; x_wconf 91' lang='lat' dir='ltr'>eius</span> <span class='ocrx_word' id='word_1_82' title='bbox 810 603 940 625; x_wconf 83' lang='lat' dir='ltr'>centrum</span> <span class='ocrx_word' id='word_1_83' title='bbox 955 605 1017 624; x_wconf 87' lang='lat' dir='ltr'>esse</span> <span class='ocrx_word' id='word_1_84' title='bbox 1039 595 1213 623; x_wconf 89' lang='lat' dir='ltr'>immensam</span> <span class='ocrx_word' id='word_1_85' title='bbox 1228 595 1336 623; x_wconf 89' lang='lat' dir='ltr'>molem</span> <span class='ocrx_word' id='word_1_86' title='bbox 1359 604 1462 632; x_wconf 88' lang='lat' dir='ltr'>aquae,</span> 
     </span>
    </p>
   </div>
   <div class='ocr_carea' id='block_1_9' title="bbox 446 680 626 886">
    <p class='ocr_par' dir='ltr' id='par_1_9' title="bbox 446 680 626 886">
     <span class='ocr_line' id='line_1_17' title="bbox 446 680 626 757; baseline 0 -58"><span class='ocrx_word' id='word_1_87' title='bbox 446 680 626 757; x_wconf 95' lang='lat' dir='ltr'>       </span> 
     </span>
     <span class='ocr_line' id='line_1_18' title="bbox 448 757 507 886; baseline 0 0"><span class='ocrx_word' id='word_1_88' title='bbox 448 757 507 886; x_wconf 95' lang='lat' dir='ltr'>   </span> 
     </span>
    </p>
   </div>
   <div class='ocr_carea' id='block_1_10' title="bbox 425 674 1467 737">
    <p class='ocr_par' dir='ltr' id='par_1_10' title="bbox 425 674 1467 737">
     <span class='ocr_line' id='line_1_19' title="bbox 425 674 1467 737; baseline 0 -25"><span class='ocrx_word' id='word_1_89' title='bbox 425 708 431 716; x_wconf 91' lang='lat'>.</span> <span class='ocrx_word' id='word_1_90' title='bbox 459 697 478 731; x_wconf 57' lang='lat'>⁹.</span> <span class='ocrx_word' id='word_1_91' title='bbox 508 706 594 737; x_wconf 32' lang='grc' dir='ltr'>,τὼ</span> <span class='ocrx_word' id='word_1_92' title='bbox 607 689 611 691; x_wconf 86' lang='grc'>·</span> <span class='ocrx_word' id='word_1_93' title='bbox 626 695 642 728; x_wconf 59' lang='lat' dir='ltr'>g</span> <span class='ocrx_word' id='word_1_94' title='bbox 657 677 691 713; x_wconf 92' lang='lat' dir='ltr'>ic</span> <span class='ocrx_word' id='word_1_95' title='bbox 710 676 965 724; x_wconf 91' lang='lat' dir='ltr'>Philosophus</span> <span class='ocrx_word' id='word_1_96' title='bbox 985 682 1118 712; x_wconf 85' lang='lat' dir='ltr'>movet</span> <span class='ocrx_word' id='word_1_97' title='bbox 1132 674 1246 712; x_wconf 89' lang='lat' dir='ltr'>aliam</span> <span class='ocrx_word' id='word_1_98' title='bbox 1266 675 1467 712; x_wconf 88' lang='lat' dir='ltr'>dubitatio-</span> 
     </span>
    </p>
   </div>
   <div class='ocr_carea' id='block_1_11' title="bbox 387 725 1467 3067">
    <p class='ocr_par' dir='ltr' id='par_1_11' title="bbox 390 725 1467 1202">
     <span class='ocr_line' id='line_1_20' title="bbox 465 725 1467 785; baseline -0.001 -19"><span class='ocrx_word' id='word_1_99' title='bbox 465 746 478 782; x_wconf 39' lang='grc' dir='ltr'>ς</span> <span class='ocrx_word' id='word_1_100' title='bbox 508 725 595 775; x_wconf 47' lang='lat' dir='ltr'>,vg-,3351</span> <span class='ocrx_word' id='word_1_101' title='bbox 623 730 765 785; x_wconf 59' lang='lat' dir='ltr'>tinem,</span> <span class='ocrx_word' id='word_1_102' title='bbox 797 736 927 765; x_wconf 90' lang='lat' dir='ltr'>contra</span> <span class='ocrx_word' id='word_1_103' title='bbox 955 727 975 750; x_wconf 70' lang='lat'>²¹⁵</span> <span class='ocrx_word' id='word_1_104' title='bbox 1006 728 1083 765; x_wconf 92' lang='lat' dir='ltr'>hoc</span> <span class='ocrx_word' id='word_1_105' title='bbox 1111 728 1217 777; x_wconf 92' lang='lat' dir='ltr'>quod</span> <span class='ocrx_word' id='word_1_106' title='bbox 1243 728 1385 766; x_wconf 88' lang='lat' dir='ltr'>dietum</span> <span class='ocrx_word' id='word_1_107' title='bbox 1410 735 1467 765; x_wconf 90' lang='lat' dir='ltr'>est</span> 
     </span>
     <span class='ocr_line' id='line_1_21' title="bbox 507 782 1465 872; baseline 0 -1"><span class='ocrx_word' id='word_1_108' title='bbox 507 795 595 866; x_wconf 35' lang='grc' dir='ltr'>ἰδέ</span> <span class='ocrx_word' id='word_1_109' title='bbox 623 782 1465 872; x_wconf 48' lang='grc' dir='ltr'>3οὲῑὶἶᾶἶοἓῗῑῖξᾝὲῗῗερὲῗέἑοῖἓὲὶῖὲ</span> 
     </span>
     <span class='ocr_line' id='line_1_22' title="bbox 394 887 1465 936; baseline -0.003 -9"><span class='ocrx_word' id='word_1_110' title='bbox 394 889 668 927; x_wconf 87' lang='lat' dir='ltr'>dubitationem</span> <span class='ocrx_word' id='word_1_111' title='bbox 684 893 712 933; x_wconf 68' lang='lat'>²,</span> <span class='ocrx_word' id='word_1_112' title='bbox 730 899 847 936; x_wconf 87' lang='lat' dir='ltr'>quarn</span> <span class='ocrx_word' id='word_1_113' title='bbox 868 887 956 924; x_wconf 87' lang='lat' dir='ltr'>dicit</span> <span class='ocrx_word' id='word_1_114' title='bbox 975 899 1059 924; x_wconf 90' lang='lat' dir='ltr'>esse</span> <span class='ocrx_word' id='word_1_115' title='bbox 1079 887 1292 936; x_wconf 90' lang='lat' dir='ltr'>antiquam:</span> <span class='ocrx_word' id='word_1_116' title='bbox 1308 896 1465 936; x_wconf 89' lang='lat' dir='ltr'>propter</span> 
     </span>
     <span class='ocr_line' id='line_1_23' title="bbox 393 940 1464 992; baseline -0.002 -13"><span class='ocrx_word' id='word_1_117' title='bbox 393 942 484 992; x_wconf 91' lang='lat' dir='ltr'>quid</span> <span class='ocrx_word' id='word_1_118' title='bbox 513 941 662 987; x_wconf 90' lang='lat' dir='ltr'>scilicet,</span> <span class='ocrx_word' id='word_1_119' title='bbox 689 952 778 976; x_wconf 90' lang='lat' dir='ltr'>cum</span> <span class='ocrx_word' id='word_1_120' title='bbox 806 940 962 988; x_wconf 83' lang='lat' dir='ltr'>singulis</span> <span class='ocrx_word' id='word_1_121' title='bbox 991 940 1126 978; x_wconf 89' lang='lat' dir='ltr'>diebus</span> <span class='ocrx_word' id='word_1_122' title='bbox 1154 941 1317 978; x_wconf 91' lang='lat' dir='ltr'>flumina</span> <span class='ocrx_word' id='word_1_123' title='bbox 1345 949 1382 977; x_wconf 92' lang='lat' dir='ltr'>et</span> <span class='ocrx_word' id='word_1_124' title='bbox 1408 941 1464 977; x_wconf 87' lang='lat' dir='ltr'>in-</span> 
     </span>
     <span class='ocr_line' id='line_1_24' title="bbox 392 993 1463 1042; baseline -0.002 -10"><span class='ocrx_word' id='word_1_125' title='bbox 392 994 643 1032; x_wconf 83' lang='lat' dir='ltr'>numerabilia</span> <span class='ocrx_word' id='word_1_126' title='bbox 670 1005 833 1030; x_wconf 91' lang='lat' dir='ltr'>numero</span> <span class='ocrx_word' id='word_1_127' title='bbox 859 1001 896 1030; x_wconf 91' lang='lat' dir='ltr'>et</span> <span class='ocrx_word' id='word_1_128' title='bbox 915 993 1106 1031; x_wconf 87' lang='lat' dir='ltr'>immensa</span> <span class='ocrx_word' id='word_1_129' title='bbox 1127 994 1388 1042; x_wconf 87' lang='lat' dir='ltr'>magnitudine</span> <span class='ocrx_word' id='word_1_130' title='bbox 1409 994 1463 1031; x_wconf 92' lang='lat' dir='ltr'>in-</span> 
     </span>
     <span class='ocr_line' id='line_1_25' title="bbox 391 1047 1464 1094; baseline -0.002 -9"><span class='ocrx_word' id='word_1_131' title='bbox 391 1056 487 1085; x_wconf 89' lang='lat' dir='ltr'>trent</span> <span class='ocrx_word' id='word_1_132' title='bbox 506 1048 544 1084; x_wconf 93' lang='lat' dir='ltr'>in</span> <span class='ocrx_word' id='word_1_133' title='bbox 564 1059 682 1094; x_wconf 89' lang='lat' dir='ltr'>mare,</span> <span class='ocrx_word' id='word_1_134' title='bbox 703 1059 783 1083; x_wconf 92' lang='lat' dir='ltr'>non</span> <span class='ocrx_word' id='word_1_135' title='bbox 803 1054 934 1084; x_wconf 90' lang='lat' dir='ltr'>tamen</span> <span class='ocrx_word' id='word_1_136' title='bbox 952 1047 1104 1084; x_wconf 90' lang='lat' dir='ltr'>videtur</span> <span class='ocrx_word' id='word_1_137' title='bbox 1124 1059 1310 1093; x_wconf 83' lang='lat' dir='ltr'>crescere3</span> <span class='ocrx_word' id='word_1_138' title='bbox 1334 1054 1370 1083; x_wconf 88' lang='lat' dir='ltr'>et</span> <span class='ocrx_word' id='word_1_139' title='bbox 1388 1048 1464 1084; x_wconf 92' lang='lat' dir='ltr'>hoc</span> 
     </span>
     <span class='ocr_line' id='line_1_26' title="bbox 390 1100 1462 1150; baseline -0.001 -12"><span class='ocrx_word' id='word_1_140' title='bbox 390 1102 429 1138; x_wconf 91' lang='lat' dir='ltr'>in</span> <span class='ocrx_word' id='word_1_141' title='bbox 448 1101 530 1150; x_wconf 90' lang='lat' dir='ltr'>ipso</span> <span class='ocrx_word' id='word_1_142' title='bbox 551 1112 630 1137; x_wconf 92' lang='lat' dir='ltr'>non</span> <span class='ocrx_word' id='word_1_143' title='bbox 654 1107 828 1149; x_wconf 85' lang='lat' dir='ltr'>apparet,</span> <span class='ocrx_word' id='word_1_144' title='bbox 858 1100 964 1149; x_wconf 93' lang='lat' dir='ltr'>quod</span> <span class='ocrx_word' id='word_1_145' title='bbox 983 1107 1087 1138; x_wconf 91' lang='lat' dir='ltr'>tanta</span> <span class='ocrx_word' id='word_1_146' title='bbox 1115 1100 1318 1137; x_wconf 89' lang='lat' dir='ltr'>multitudo</span> <span class='ocrx_word' id='word_1_147' title='bbox 1339 1112 1462 1150; x_wconf 89' lang='lat' dir='ltr'>aquae</span> 
     </span>
     <span class='ocr_line' id='line_1_27' title="bbox 392 1151 851 1202; baseline -0.002 -11"><span class='ocrx_word' id='word_1_148' title='bbox 392 1155 441 1191; x_wconf 92' lang='lat' dir='ltr'>ad</span> <span class='ocrx_word' id='word_1_149' title='bbox 469 1154 595 1202; x_wconf 90' lang='lat' dir='ltr'>ipsum</span> <span class='ocrx_word' id='word_1_150' title='bbox 625 1152 804 1190; x_wconf 87' lang='lat' dir='ltr'>deveniat</span> <span class='ocrx_word' id='word_1_151' title='bbox 821 1151 851 1190; x_wconf 61' lang='grc' dir='ltr'>β.</span> 
     </span>
    </p>

    <p class='ocr_par' dir='ltr' id='par_1_12' title="bbox 387 1206 1466 2321">
     <span class='ocr_line' id='line_1_28' title="bbox 445 1206 1463 1255; baseline -0.001 -12"><span class='ocrx_word' id='word_1_152' title='bbox 445 1219 479 1244; x_wconf 88' lang='lat'>2.</span> <span class='ocrx_word' id='word_1_153' title='bbox 502 1206 680 1243; x_wconf 89' lang='lat' dir='ltr'>Secundo</span> <span class='ocrx_word' id='word_1_154' title='bbox 709 1206 779 1243; x_wconf 87' lang='lat' dir='ltr'>ibi:</span> <span class='ocrx_word' id='word_1_155' title='bbox 808 1208 880 1243; x_wconf 84' lang='lat' dir='ltr'>hoc</span> <span class='ocrx_word' id='word_1_156' title='bbox 907 1206 1058 1255; x_wconf 79' lang='lat' dir='ltr'>quidem</span> <span class='ocrx_word' id='word_1_157' title='bbox 1078 1206 1223 1243; x_wconf 86' lang='lat' dir='ltr'>nullum</span> <span class='ocrx_word' id='word_1_158' title='bbox 1244 1213 1327 1254; x_wconf 68' lang='lat' dir='ltr'>etc„</span> <span class='ocrx_word' id='word_1_159' title='bbox 1349 1206 1463 1243; x_wconf 87' lang='lat' dir='ltr'>solvit</span> 
     </span>
     <span class='ocr_line' id='line_1_29' title="bbox 390 1259 1461 1308; baseline -0.001 -11"><span class='ocrx_word' id='word_1_160' title='bbox 390 1259 678 1298; x_wconf 87' lang='lat' dir='ltr'>dubitationem.</span> <span class='ocrx_word' id='word_1_161' title='bbox 709 1260 759 1296; x_wconf 94' lang='lat' dir='ltr'>Et</span> <span class='ocrx_word' id='word_1_162' title='bbox 788 1259 876 1296; x_wconf 90' lang='lat' dir='ltr'>dicit</span> <span class='ocrx_word' id='word_1_163' title='bbox 894 1259 1017 1308; x_wconf 93' lang='lat' dir='ltr'>quod,</span> <span class='ocrx_word' id='word_1_164' title='bbox 1038 1259 1124 1296; x_wconf 91' lang='lat' dir='ltr'>licet</span> <span class='ocrx_word' id='word_1_165' title='bbox 1152 1272 1231 1296; x_wconf 92' lang='lat' dir='ltr'>non</span> <span class='ocrx_word' id='word_1_166' title='bbox 1256 1259 1303 1296; x_wconf 91' lang='lat' dir='ltr'>sit</span> <span class='ocrx_word' id='word_1_167' title='bbox 1330 1259 1461 1296; x_wconf 92' lang='lat' dir='ltr'>incon-</span> 
     </span>
     <span class='ocr_line' id='line_1_30' title="bbox 388 1312 1460 1361; baseline -0.001 -11"><span class='ocrx_word' id='word_1_168' title='bbox 388 1313 548 1350; x_wconf 89' lang='lat' dir='ltr'>veniens</span> <span class='ocrx_word' id='word_1_169' title='bbox 575 1312 678 1361; x_wconf 90' lang='lat' dir='ltr'>quod</span> <span class='ocrx_word' id='word_1_170' title='bbox 707 1312 780 1349; x_wconf 89' lang='lat' dir='ltr'>sint</span> <span class='ocrx_word' id='word_1_171' title='bbox 805 1312 919 1361; x_wconf 90' lang='lat' dir='ltr'>aliqui</span> <span class='ocrx_word' id='word_1_172' title='bbox 937 1312 1002 1361; x_wconf 91' lang='lat' dir='ltr'>qui</span> <span class='ocrx_word' id='word_1_173' title='bbox 1023 1312 1122 1349; x_wconf 88' lang='lat' dir='ltr'>circa</span> <span class='ocrx_word' id='word_1_174' title='bbox 1140 1313 1216 1349; x_wconf 91' lang='lat' dir='ltr'>hoc</span> <span class='ocrx_word' id='word_1_175' title='bbox 1236 1312 1408 1349; x_wconf 86' lang='lat' dir='ltr'>dubitent</span> <span class='ocrx_word' id='word_1_176' title='bbox 1428 1317 1460 1359; x_wconf 80' lang='lat'>⁷,</span> 
     </span>
     <span class='ocr_line' id='line_1_31' title="bbox 388 1365 1461 1415; baseline -0.002 -11"><span class='ocrx_word' id='word_1_177' title='bbox 388 1375 529 1414; x_wconf 90' lang='lat' dir='ltr'>tamen,</span> <span class='ocrx_word' id='word_1_178' title='bbox 551 1366 581 1403; x_wconf 92' lang='lat' dir='ltr'>si</span> <span class='ocrx_word' id='word_1_179' title='bbox 611 1366 695 1415; x_wconf 92' lang='lat' dir='ltr'>quis</span> <span class='ocrx_word' id='word_1_180' title='bbox 723 1373 823 1402; x_wconf 90' lang='lat' dir='ltr'>recte</span> <span class='ocrx_word' id='word_1_181' title='bbox 853 1365 1088 1413; x_wconf 85' lang='lat' dir='ltr'>consideret,</span> <span class='ocrx_word' id='word_1_182' title='bbox 1115 1377 1195 1402; x_wconf 92' lang='lat' dir='ltr'>non</span> <span class='ocrx_word' id='word_1_183' title='bbox 1224 1373 1280 1402; x_wconf 92' lang='lat' dir='ltr'>est</span> <span class='ocrx_word' id='word_1_184' title='bbox 1309 1365 1461 1403; x_wconf 88' lang='lat' dir='ltr'>difficile</span> 
     </span>
     <span class='ocr_line' id='line_1_32' title="bbox 387 1418 1462 1468; baseline -0.002 -11"><span class='ocrx_word' id='word_1_185' title='bbox 387 1420 519 1457; x_wconf 90' lang='lat' dir='ltr'>videre</span> <span class='ocrx_word' id='word_1_186' title='bbox 540 1419 772 1456; x_wconf 89' lang='lat' dir='ltr'>solutionem</span> <span class='ocrx_word' id='word_1_187' title='bbox 798 1418 923 1456; x_wconf 90' lang='lat' dir='ltr'>huius.</span> <span class='ocrx_word' id='word_1_188' title='bbox 955 1418 1056 1465; x_wconf 89' lang='lat' dir='ltr'>Quia</span> <span class='ocrx_word' id='word_1_189' title='bbox 1077 1418 1108 1455; x_wconf 92' lang='lat' dir='ltr'>si</span> <span class='ocrx_word' id='word_1_190' title='bbox 1128 1418 1254 1467; x_wconf 92' lang='lat' dir='ltr'>aliqua</span> <span class='ocrx_word' id='word_1_191' title='bbox 1273 1431 1374 1468; x_wconf 90' lang='lat' dir='ltr'>aqua</span> <span class='ocrx_word' id='word_1_192' title='bbox 1393 1419 1462 1456; x_wconf 88' lang='lat' dir='ltr'>dif-</span> 
     </span>
     <span class='ocr_line' id='line_1_33' title="bbox 388 1471 1463 1521; baseline -0.001 -11"><span class='ocrx_word' id='word_1_193' title='bbox 388 1473 569 1510; x_wconf 85' lang='lat' dir='ltr'>fundatur</span> <span class='ocrx_word' id='word_1_194' title='bbox 587 1485 656 1521; x_wconf 91' lang='lat' dir='ltr'>per</span> <span class='ocrx_word' id='word_1_195' title='bbox 677 1472 844 1521; x_wconf 87' lang='lat' dir='ltr'>aliquam</span> <span class='ocrx_word' id='word_1_196' title='bbox 864 1471 1113 1519; x_wconf 91' lang='lat' dir='ltr'>latitudinem,</span> <span class='ocrx_word' id='word_1_197' title='bbox 1136 1472 1335 1521; x_wconf 90' lang='lat' dir='ltr'>supposito</span> <span class='ocrx_word' id='word_1_198' title='bbox 1357 1471 1463 1521; x_wconf 90' lang='lat' dir='ltr'>quod</span> 
     </span>
     <span class='ocr_line' id='line_1_34' title="bbox 389 1524 1463 1574; baseline -0.001 -11"><span class='ocrx_word' id='word_1_199' title='bbox 389 1526 434 1563; x_wconf 91' lang='lat' dir='ltr'>sit</span> <span class='ocrx_word' id='word_1_200' title='bbox 463 1525 601 1563; x_wconf 90' lang='lat' dir='ltr'>eadem</span> <span class='ocrx_word' id='word_1_201' title='bbox 629 1525 832 1563; x_wconf 90' lang='lat' dir='ltr'>multitudo</span> <span class='ocrx_word' id='word_1_202' title='bbox 861 1537 984 1574; x_wconf 90' lang='lat' dir='ltr'>aquae</span> <span class='ocrx_word' id='word_1_203' title='bbox 1010 1524 1049 1562; x_wconf 93' lang='lat' dir='ltr'>in</span> <span class='ocrx_word' id='word_1_204' title='bbox 1078 1525 1239 1562; x_wconf 88' lang='lat' dir='ltr'>diversis</span> <span class='ocrx_word' id='word_1_205' title='bbox 1271 1525 1365 1562; x_wconf 94' lang='lat' dir='ltr'>locis</span> <span class='ocrx_word' id='word_1_206' title='bbox 1395 1525 1463 1562; x_wconf 89' lang='lat' dir='ltr'>dif-</span> 
     </span>
     <span class='ocr_line' id='line_1_35' title="bbox 388 1578 1463 1627; baseline -0.001 -11"><span class='ocrx_word' id='word_1_207' title='bbox 388 1580 482 1627; x_wconf 85' lang='lat' dir='ltr'>fusa,</span> <span class='ocrx_word' id='word_1_208' title='bbox 504 1579 534 1616; x_wconf 90' lang='lat' dir='ltr'>si</span> <span class='ocrx_word' id='word_1_209' title='bbox 563 1591 642 1616; x_wconf 93' lang='lat' dir='ltr'>non</span> <span class='ocrx_word' id='word_1_210' title='bbox 671 1578 717 1615; x_wconf 88' lang='lat' dir='ltr'>sit</span> <span class='ocrx_word' id='word_1_211' title='bbox 746 1578 884 1616; x_wconf 91' lang='lat' dir='ltr'>eadem</span> <span class='ocrx_word' id='word_1_212' title='bbox 913 1578 1102 1627; x_wconf 84' lang='lat' dir='ltr'>quantitas</span> <span class='ocrx_word' id='word_1_213' title='bbox 1130 1578 1352 1626; x_wconf 89' lang='lat' dir='ltr'>latitudinis,</span> <span class='ocrx_word' id='word_1_214' title='bbox 1383 1591 1463 1615; x_wconf 93' lang='lat' dir='ltr'>non</span> 
     </span>
     <span class='ocr_line' id='line_1_36' title="bbox 389 1631 1460 1681; baseline -0.001 -12"><span class='ocrx_word' id='word_1_215' title='bbox 389 1640 445 1669; x_wconf 89' lang='lat' dir='ltr'>est</span> <span class='ocrx_word' id='word_1_216' title='bbox 473 1633 632 1680; x_wconf 89' lang='lat' dir='ltr'>aequale</span> <span class='ocrx_word' id='word_1_217' title='bbox 662 1639 814 1681; x_wconf 91' lang='lat' dir='ltr'>tempus</span> <span class='ocrx_word' id='word_1_218' title='bbox 843 1631 1108 1669; x_wconf 89' lang='lat' dir='ltr'>desiccationis</span> <span class='ocrx_word' id='word_1_219' title='bbox 1143 1644 1267 1681; x_wconf 89' lang='lat' dir='ltr'>aquae</span> <span class='ocrx_word' id='word_1_220' title='bbox 1297 1631 1460 1678; x_wconf 83' lang='lat' dir='ltr'>effusae;</span> 
     </span>
     <span class='ocr_line' id='line_1_37' title="bbox 389 1682 1463 1733; baseline -0.001 -11"><span class='ocrx_word' id='word_1_221' title='bbox 389 1685 456 1722; x_wconf 89' lang='lat' dir='ltr'>sed</span> <span class='ocrx_word' id='word_1_222' title='bbox 477 1685 545 1722; x_wconf 91' lang='lat' dir='ltr'>erit</span> <span class='ocrx_word' id='word_1_223' title='bbox 565 1685 777 1722; x_wconf 87' lang='lat' dir='ltr'>differentia</span> <span class='ocrx_word' id='word_1_224' title='bbox 792 1682 806 1706; x_wconf 58' lang='grc' dir='ltr'>ὅ</span> <span class='ocrx_word' id='word_1_225' title='bbox 822 1697 867 1721; x_wconf 94' lang='lat' dir='ltr'>ex</span> <span class='ocrx_word' id='word_1_226' title='bbox 881 1684 1097 1722; x_wconf 90' lang='lat' dir='ltr'>diversitate</span> <span class='ocrx_word' id='word_1_227' title='bbox 1113 1685 1317 1722; x_wconf 89' lang='lat' dir='ltr'>latitudinis</span> <span class='ocrx_word' id='word_1_228' title='bbox 1332 1685 1371 1722; x_wconf 90' lang='lat' dir='ltr'>in</span> <span class='ocrx_word' id='word_1_229' title='bbox 1386 1697 1463 1733; x_wconf 90' lang='lat' dir='ltr'>qua</span> 
     </span>
     <span class='ocr_line' id='line_1_38' title="bbox 389 1737 1463 1787; baseline 0 -12"><span class='ocrx_word' id='word_1_230' title='bbox 389 1751 490 1787; x_wconf 91' lang='lat' dir='ltr'>aqua</span> <span class='ocrx_word' id='word_1_231' title='bbox 518 1738 754 1786; x_wconf 88' lang='lat' dir='ltr'>diffunditur,</span> <span class='ocrx_word' id='word_1_232' title='bbox 775 1737 883 1787; x_wconf 91' lang='lat' dir='ltr'>quod</span> <span class='ocrx_word' id='word_1_233' title='bbox 912 1738 1119 1786; x_wconf 90' lang='lat' dir='ltr'>aliquando</span> <span class='ocrx_word' id='word_1_234' title='bbox 1148 1746 1280 1775; x_wconf 87' lang='lat' dir='ltr'>manet</span> <span class='ocrx_word' id='word_1_235' title='bbox 1307 1751 1408 1787; x_wconf 88' lang='lat' dir='ltr'>aqua</span> <span class='ocrx_word' id='word_1_236' title='bbox 1428 1746 1463 1775; x_wconf 93' lang='lat' dir='ltr'>et</span> 
     </span>
     <span class='ocr_line' id='line_1_39' title="bbox 389 1791 1462 1840; baseline 0 -12"><span class='ocrx_word' id='word_1_237' title='bbox 389 1804 468 1829; x_wconf 90' lang='lat' dir='ltr'>non</span> <span class='ocrx_word' id='word_1_238' title='bbox 497 1791 706 1828; x_wconf 87' lang='lat' dir='ltr'>exsiccatur</span> <span class='ocrx_word' id='word_1_239' title='bbox 724 1804 794 1840; x_wconf 90' lang='lat' dir='ltr'>per</span> <span class='ocrx_word' id='word_1_240' title='bbox 812 1798 935 1828; x_wconf 87' lang='lat' dir='ltr'>totum</span> <span class='ocrx_word' id='word_1_241' title='bbox 957 1791 1074 1839; x_wconf 91' lang='lat' dir='ltr'>diem,</span> <span class='ocrx_word' id='word_1_242' title='bbox 1104 1791 1311 1840; x_wconf 90' lang='lat' dir='ltr'>aliquando</span> <span class='ocrx_word' id='word_1_243' title='bbox 1332 1799 1462 1828; x_wconf 90' lang='lat' dir='ltr'>autem</span> 
     </span>
     <span class='ocr_line' id='line_1_40' title="bbox 390 1844 1462 1893; baseline -0.001 -11"><span class='ocrx_word' id='word_1_244' title='bbox 390 1845 515 1882; x_wconf 90' lang='lat' dir='ltr'>statim</span> <span class='ocrx_word' id='word_1_245' title='bbox 535 1846 585 1882; x_wconf 91' lang='lat' dir='ltr'>ad</span> <span class='ocrx_word' id='word_1_246' title='bbox 605 1846 761 1882; x_wconf 89' lang='lat' dir='ltr'>oculum</span> <span class='ocrx_word' id='word_1_247' title='bbox 778 1844 1003 1890; x_wconf 88' lang='lat' dir='ltr'>exsiccatur;</span> <span class='ocrx_word' id='word_1_248' title='bbox 1025 1845 1123 1881; x_wconf 89' lang='lat' dir='ltr'>sicut</span> <span class='ocrx_word' id='word_1_249' title='bbox 1141 1845 1172 1881; x_wconf 91' lang='lat' dir='ltr'>si</span> <span class='ocrx_word' id='word_1_250' title='bbox 1187 1844 1321 1893; x_wconf 91' lang='lat' dir='ltr'>aliquis</span> <span class='ocrx_word' id='word_1_251' title='bbox 1339 1857 1462 1882; x_wconf 90' lang='lat' dir='ltr'>unum</span> 
     </span>
     <span class='ocr_line' id='line_1_41' title="bbox 389 1898 1464 1948; baseline -0.001 -13"><span class='ocrx_word' id='word_1_252' title='bbox 389 1899 579 1948; x_wconf 88' lang='lat' dir='ltr'>scyphum</span> <span class='ocrx_word' id='word_1_253' title='bbox 593 1903 604 1918; x_wconf 80' lang='lat'>⁸</span> <span class='ocrx_word' id='word_1_254' title='bbox 624 1910 747 1946; x_wconf 90' lang='lat' dir='ltr'>aquae</span> <span class='ocrx_word' id='word_1_255' title='bbox 769 1898 998 1935; x_wconf 85' lang='lat' dir='ltr'>diffunderet</span> <span class='ocrx_word' id='word_1_256' title='bbox 1021 1910 1135 1947; x_wconf 91' lang='lat' dir='ltr'>super</span> <span class='ocrx_word' id='word_1_257' title='bbox 1154 1910 1336 1946; x_wconf 87' lang='lat' dir='ltr'>magnam</span> <span class='ocrx_word' id='word_1_258' title='bbox 1357 1910 1464 1935; x_wconf 90' lang='lat' dir='ltr'>men-</span> 
     </span>
     <span class='ocr_line' id='line_1_42' title="bbox 389 1951 1463 2001; baseline 0 -13"><span class='ocrx_word' id='word_1_259' title='bbox 389 1965 485 1999; x_wconf 89' lang='lat' dir='ltr'>sam,</span> <span class='ocrx_word' id='word_1_260' title='bbox 502 1951 627 1989; x_wconf 89' lang='lat' dir='ltr'>statim</span> <span class='ocrx_word' id='word_1_261' title='bbox 647 1958 727 1988; x_wconf 92' lang='lat' dir='ltr'>tota</span> <span class='ocrx_word' id='word_1_262' title='bbox 745 1964 846 2001; x_wconf 91' lang='lat' dir='ltr'>aqua</span> <span class='ocrx_word' id='word_1_263' title='bbox 869 1951 1126 1998; x_wconf 89' lang='lat' dir='ltr'>assiccaretur,</span> <span class='ocrx_word' id='word_1_264' title='bbox 1144 1951 1175 1988; x_wconf 93' lang='lat' dir='ltr'>si</span> <span class='ocrx_word' id='word_1_265' title='bbox 1196 1959 1325 1988; x_wconf 86' lang='lat' dir='ltr'>autem</span> <span class='ocrx_word' id='word_1_266' title='bbox 1341 1951 1380 1988; x_wconf 88' lang='lat' dir='ltr'>in</span> <span class='ocrx_word' id='word_1_267' title='bbox 1399 1951 1463 1988; x_wconf 90' lang='lat' dir='ltr'>ali—</span> 
     </span>
     <span class='ocr_line' id='line_1_43' title="bbox 390 2004 1464 2054; baseline -0.001 -12"><span class='ocrx_word' id='word_1_268' title='bbox 390 2018 467 2054; x_wconf 92' lang='lat' dir='ltr'>quo</span> <span class='ocrx_word' id='word_1_269' title='bbox 486 2017 608 2054; x_wconf 89' lang='lat' dir='ltr'>parvo</span> <span class='ocrx_word' id='word_1_270' title='bbox 638 2005 724 2042; x_wconf 87' lang='lat' dir='ltr'>loco</span> <span class='ocrx_word' id='word_1_271' title='bbox 745 2012 892 2042; x_wconf 90' lang='lat' dir='ltr'>tantum</span> <span class='ocrx_word' id='word_1_272' title='bbox 922 2004 970 2042; x_wconf 91' lang='lat' dir='ltr'>de</span> <span class='ocrx_word' id='word_1_273' title='bbox 990 2017 1091 2053; x_wconf 91' lang='lat' dir='ltr'>aqua</span> <span class='ocrx_word' id='word_1_274' title='bbox 1117 2004 1377 2053; x_wconf 87' lang='lat' dir='ltr'>proiiceretur,</span> <span class='ocrx_word' id='word_1_275' title='bbox 1399 2005 1464 2042; x_wconf 91' lang='lat' dir='ltr'>diu</span> 
     </span>
     <span class='ocr_line' id='line_1_44' title="bbox 391 2057 1466 2106; baseline -0.001 -10"><span class='ocrx_word' id='word_1_276' title='bbox 391 2065 694 2096; x_wconf 87' lang='lat' dir='ltr'>conservaretur.</span> <span class='ocrx_word' id='word_1_277' title='bbox 726 2058 788 2095; x_wconf 90' lang='lat' dir='ltr'>Sic</span> <span class='ocrx_word' id='word_1_278' title='bbox 826 2058 938 2106; x_wconf 86' lang='lat' dir='ltr'>igitur</span> <span class='ocrx_word' id='word_1_279' title='bbox 966 2058 1102 2095; x_wconf 90' lang='lat' dir='ltr'>accidit</span> <span class='ocrx_word' id='word_1_280' title='bbox 1131 2057 1230 2095; x_wconf 91' lang='lat' dir='ltr'>circa</span> <span class='ocrx_word' id='word_1_281' title='bbox 1257 2058 1399 2095; x_wconf 91' lang='lat' dir='ltr'>fluvios</span> <span class='ocrx_word' id='word_1_282' title='bbox 1429 2065 1466 2094; x_wconf 91' lang='lat' dir='ltr'>et</span> 
     </span>
     <span class='ocr_line' id='line_1_45' title="bbox 390 2111 1464 2161; baseline -0.001 -12"><span class='ocrx_word' id='word_1_283' title='bbox 390 2124 515 2149; x_wconf 91' lang='lat' dir='ltr'>mare:</span> <span class='ocrx_word' id='word_1_284' title='bbox 546 2124 637 2149; x_wconf 88' lang='lat' dir='ltr'>nam</span> <span class='ocrx_word' id='word_1_285' title='bbox 666 2119 790 2148; x_wconf 91' lang='lat' dir='ltr'>totum</span> <span class='ocrx_word' id='word_1_286' title='bbox 818 2111 924 2161; x_wconf 94' lang='lat' dir='ltr'>quod</span> <span class='ocrx_word' id='word_1_287' title='bbox 953 2123 999 2148; x_wconf 90' lang='lat' dir='ltr'>ex</span> <span class='ocrx_word' id='word_1_288' title='bbox 1017 2111 1145 2149; x_wconf 90' lang='lat' dir='ltr'>fluviis</span> <span class='ocrx_word' id='word_1_289' title='bbox 1174 2111 1222 2148; x_wconf 90' lang='lat' dir='ltr'>ad</span> <span class='ocrx_word' id='word_1_290' title='bbox 1246 2123 1351 2148; x_wconf 90' lang='lat' dir='ltr'>mare</span> <span class='ocrx_word' id='word_1_291' title='bbox 1379 2123 1464 2160; x_wconf 91' lang='lat' dir='ltr'>per-</span> 
     </span>
     <span class='ocr_line' id='line_1_46' title="bbox 388 2164 1464 2214; baseline -0.002 -11"><span class='ocrx_word' id='word_1_292' title='bbox 388 2165 506 2212; x_wconf 89' lang='lat' dir='ltr'>venit,</span> <span class='ocrx_word' id='word_1_293' title='bbox 538 2165 764 2214; x_wconf 88' lang='lat' dir='ltr'>dispergitur</span> <span class='ocrx_word' id='word_1_294' title='bbox 791 2164 829 2201; x_wconf 91' lang='lat' dir='ltr'>in</span> <span class='ocrx_word' id='word_1_295' title='bbox 858 2165 987 2201; x_wconf 91' lang='lat' dir='ltr'>locum</span> <span class='ocrx_word' id='word_1_296' title='bbox 1016 2164 1207 2202; x_wconf 87' lang='lat' dir='ltr'>maximae</span> <span class='ocrx_word' id='word_1_297' title='bbox 1236 2164 1464 2212; x_wconf 89' lang='lat' dir='ltr'>latitudinis,</span> 
     </span>
     <span class='ocr_line' id='line_1_47' title="bbox 392 2217 1463 2267; baseline -0.002 -11"><span class='ocrx_word' id='word_1_298' title='bbox 392 2227 427 2256; x_wconf 90' lang='lat' dir='ltr'>et</span> <span class='ocrx_word' id='word_1_299' title='bbox 456 2218 529 2255; x_wconf 93' lang='lat' dir='ltr'>cito</span> <span class='ocrx_word' id='word_1_300' title='bbox 559 2217 826 2255; x_wconf 85' lang='lat' dir='ltr'>insensibiliter</span> <span class='ocrx_word' id='word_1_301' title='bbox 854 2217 868 2244; x_wconf 67' lang='lat' dir='ltr'>g</span> <span class='ocrx_word' id='word_1_302' title='bbox 897 2217 1107 2255; x_wconf 85' lang='lat' dir='ltr'>desiccatur</span> <span class='ocrx_word' id='word_1_303' title='bbox 1138 2230 1208 2267; x_wconf 89' lang='lat' dir='ltr'>per</span> <span class='ocrx_word' id='word_1_304' title='bbox 1242 2218 1463 2255; x_wconf 89' lang='lat' dir='ltr'>continuam</span> 
     </span>
     <span class='ocr_line' id='line_1_48' title="bbox 392 2271 1462 2321; baseline -0.001 -12"><span class='ocrx_word' id='word_1_305' title='bbox 392 2271 707 2321; x_wconf 87' lang='lat' dir='ltr'>evaporationem</span> <span class='ocrx_word' id='word_1_306' title='bbox 728 2283 863 2320; x_wconf 89' lang='lat' dir='ltr'>aquae,</span> <span class='ocrx_word' id='word_1_307' title='bbox 891 2271 938 2308; x_wconf 92' lang='lat' dir='ltr'>de</span> <span class='ocrx_word' id='word_1_308' title='bbox 959 2283 1035 2320; x_wconf 88' lang='lat' dir='ltr'>qua</span> <span class='ocrx_word' id='word_1_309' title='bbox 1055 2283 1171 2320; x_wconf 91' lang='lat' dir='ltr'>supra</span> <span class='ocrx_word' id='word_1_310' title='bbox 1189 2271 1210 2293; x_wconf 73' lang='lat'>&#39;¹‘</span> <span class='ocrx_word' id='word_1_311' title='bbox 1230 2271 1374 2308; x_wconf 87' lang='lat' dir='ltr'>dictum</span> <span class='ocrx_word' id='word_1_312' title='bbox 1395 2278 1462 2308; x_wconf 90' lang='lat' dir='ltr'>est.</span> 
     </span>
    </p>

    <p class='ocr_par' dir='ltr' id='par_1_13' title="bbox 391 2324 1466 3067">
     <span class='ocr_line' id='line_1_49' title="bbox 447 2324 1464 2373; baseline -0.001 -10"><span class='ocrx_word' id='word_1_313' title='bbox 447 2327 481 2363; x_wconf 89' lang='lat'>3.</span> <span class='ocrx_word' id='word_1_314' title='bbox 498 2325 629 2362; x_wconf 91' lang='lat' dir='ltr'>Tertio</span> <span class='ocrx_word' id='word_1_315' title='bbox 650 2325 718 2362; x_wconf 90' lang='lat' dir='ltr'>ibi:</span> <span class='ocrx_word' id='word_1_316' title='bbox 745 2324 855 2367; x_wconf 83' lang='lat' dir='ltr'>Quod</span> <span class='ocrx_word' id='word_1_317' title='bbox 872 2330 998 2362; x_wconf 85' lang='lat' dir='ltr'>autem</span> <span class='ocrx_word' id='word_1_318' title='bbox 1017 2325 1197 2373; x_wconf 85' lang='lat' dir='ltr'>scriptum</span> <span class='ocrx_word' id='word_1_319' title='bbox 1217 2330 1271 2361; x_wconf 86' lang='lat' dir='ltr'>est</span> <span class='ocrx_word' id='word_1_320' title='bbox 1288 2324 1325 2361; x_wconf 90' lang='lat' dir='ltr'>in</span> <span class='ocrx_word' id='word_1_321' title='bbox 1344 2325 1464 2362; x_wconf 86' lang='lat' dir='ltr'>Phae-</span> 
     </span>
     <span class='ocr_line' id='line_1_50' title="bbox 391 2377 1463 2427; baseline -0.002 -11"><span class='ocrx_word' id='word_1_322' title='bbox 391 2380 488 2416; x_wconf 86' lang='lat' dir='ltr'>done</span> <span class='ocrx_word' id='word_1_323' title='bbox 516 2386 609 2427; x_wconf 90' lang='lat' dir='ltr'>etc.,</span> <span class='ocrx_word' id='word_1_324' title='bbox 640 2378 804 2415; x_wconf 85' lang='lat' dir='ltr'>excludit</span> <span class='ocrx_word' id='word_1_325' title='bbox 831 2378 1028 2426; x_wconf 89' lang='lat' dir='ltr'>quandam</span> <span class='ocrx_word' id='word_1_326' title='bbox 1063 2378 1197 2415; x_wconf 84' lang='lat' dir='ltr'>falsam</span> <span class='ocrx_word' id='word_1_327' title='bbox 1232 2377 1463 2415; x_wconf 89' lang='lat' dir='ltr'>solutionem</span> 
     </span>
     <span class='ocr_line' id='line_1_51' title="bbox 391 2431 1464 2481; baseline -0.001 -12"><span class='ocrx_word' id='word_1_328' title='bbox 391 2431 607 2481; x_wconf 89' lang='lat' dir='ltr'>praedictae</span> <span class='ocrx_word' id='word_1_329' title='bbox 637 2431 893 2469; x_wconf 87' lang='lat' dir='ltr'>dubitationis.</span> <span class='ocrx_word' id='word_1_330' title='bbox 915 2432 964 2468; x_wconf 94' lang='lat' dir='ltr'>Et</span> <span class='ocrx_word' id='word_1_331' title='bbox 984 2431 1111 2480; x_wconf 91' lang='lat' dir='ltr'>primo</span> <span class='ocrx_word' id='word_1_332' title='bbox 1130 2431 1239 2480; x_wconf 88' lang='lat' dir='ltr'>ponit</span> <span class='ocrx_word' id='word_1_333' title='bbox 1258 2431 1383 2480; x_wconf 89' lang='lat' dir='ltr'>ipsam</span> <span class='ocrx_word' id='word_1_334' title='bbox 1403 2444 1464 2468; x_wconf 92' lang='lat' dir='ltr'>so-</span> 
     </span>
     <span class='ocr_line' id='line_1_52' title="bbox 391 2484 1465 2534; baseline -0.001 -12"><span class='ocrx_word' id='word_1_335' title='bbox 391 2485 590 2522; x_wconf 88' lang='lat' dir='ltr'>lutionem.</span> <span class='ocrx_word' id='word_1_336' title='bbox 621 2486 670 2522; x_wconf 92' lang='lat' dir='ltr'>Et</span> <span class='ocrx_word' id='word_1_337' title='bbox 698 2484 787 2522; x_wconf 89' lang='lat' dir='ltr'>dicit</span> <span class='ocrx_word' id='word_1_338' title='bbox 814 2484 920 2534; x_wconf 92' lang='lat' dir='ltr'>quod</span> <span class='ocrx_word' id='word_1_339' title='bbox 948 2485 1183 2534; x_wconf 91' lang='lat' dir='ltr'>impossibile</span> <span class='ocrx_word' id='word_1_340' title='bbox 1204 2491 1260 2521; x_wconf 90' lang='lat' dir='ltr'>est</span> <span class='ocrx_word' id='word_1_341' title='bbox 1288 2496 1372 2521; x_wconf 91' lang='lat' dir='ltr'>esse</span> <span class='ocrx_word' id='word_1_342' title='bbox 1398 2496 1465 2521; x_wconf 90' lang='lat' dir='ltr'>ve-</span> 
     </span>
     <span class='ocr_line' id='line_1_53' title="bbox 393 2536 1466 2587; baseline -0.001 -12"><span class='ocrx_word' id='word_1_343' title='bbox 393 2551 478 2575; x_wconf 89' lang='lat' dir='ltr'>rum</span> <span class='ocrx_word' id='word_1_344' title='bbox 513 2537 619 2587; x_wconf 91' lang='lat' dir='ltr'>quod</span> <span class='ocrx_word' id='word_1_345' title='bbox 647 2550 669 2575; x_wconf 89' lang='lat' dir='ltr'>a</span> <span class='ocrx_word' id='word_1_346' title='bbox 697 2539 856 2575; x_wconf 88' lang='lat' dir='ltr'>Platone</span> <span class='ocrx_word' id='word_1_347' title='bbox 892 2538 939 2575; x_wconf 90' lang='lat' dir='ltr'>de</span> <span class='ocrx_word' id='word_1_348' title='bbox 974 2538 1072 2574; x_wconf 91' lang='lat' dir='ltr'>mari</span> <span class='ocrx_word' id='word_1_349' title='bbox 1101 2546 1137 2575; x_wconf 91' lang='lat' dir='ltr'>et</span> <span class='ocrx_word' id='word_1_350' title='bbox 1170 2537 1298 2575; x_wconf 89' lang='lat' dir='ltr'>fluviis</span> <span class='ocrx_word' id='word_1_351' title='bbox 1331 2536 1466 2575; x_wconf 89' lang='lat' dir='ltr'>dicitur</span> 
     </span>
     <span class='ocr_line' id='line_1_54' title="bbox 393 2589 1464 2640; baseline -0.001 -12"><span class='ocrx_word' id='word_1_352' title='bbox 393 2591 431 2628; x_wconf 91' lang='lat' dir='ltr'>in</span> <span class='ocrx_word' id='word_1_353' title='bbox 459 2591 555 2628; x_wconf 90' lang='lat' dir='ltr'>libro</span> <span class='ocrx_word' id='word_1_354' title='bbox 585 2603 655 2629; x_wconf 93' lang='lat' dir='ltr'>suo</span> <span class='ocrx_word' id='word_1_355' title='bbox 684 2591 750 2640; x_wconf 90' lang='lat' dir='ltr'>qui</span> <span class='ocrx_word' id='word_1_356' title='bbox 778 2591 984 2628; x_wconf 86' lang='lat' dir='ltr'>intitulatur</span> <span class='ocrx_word' id='word_1_357' title='bbox 1010 2591 1162 2628; x_wconf 83' lang='lat' dir='ltr'>Phaedo</span> <span class='ocrx_word' id='word_1_358' title='bbox 1181 2595 1206 2627; x_wconf 54' lang='grc' dir='ltr'>η.</span> <span class='ocrx_word' id='word_1_359' title='bbox 1237 2589 1337 2627; x_wconf 90' lang='lat' dir='ltr'>Dicit</span> <span class='ocrx_word' id='word_1_360' title='bbox 1361 2590 1464 2627; x_wconf 91' lang='lat' dir='ltr'>enim</span> 
     </span>
     <span class='ocr_line' id='line_1_55' title="bbox 393 2644 1463 2694; baseline -0.001 -13"><span class='ocrx_word' id='word_1_361' title='bbox 393 2644 444 2681; x_wconf 90' lang='lat' dir='ltr'>ibi</span> <span class='ocrx_word' id='word_1_362' title='bbox 472 2644 578 2694; x_wconf 93' lang='lat' dir='ltr'>quod</span> <span class='ocrx_word' id='word_1_363' title='bbox 606 2644 738 2681; x_wconf 90' lang='lat' dir='ltr'>omnia</span> <span class='ocrx_word' id='word_1_364' title='bbox 761 2644 922 2681; x_wconf 91' lang='lat' dir='ltr'>flumina</span> <span class='ocrx_word' id='word_1_365' title='bbox 951 2651 988 2680; x_wconf 90' lang='lat' dir='ltr'>et</span> <span class='ocrx_word' id='word_1_366' title='bbox 1009 2656 1116 2681; x_wconf 90' lang='lat' dir='ltr'>mare</span> <span class='ocrx_word' id='word_1_367' title='bbox 1136 2651 1366 2680; x_wconf 91' lang='lat' dir='ltr'>concurrunt</span> <span class='ocrx_word' id='word_1_368' title='bbox 1393 2644 1463 2680; x_wconf 91' lang='lat' dir='ltr'>sub</span> 
     </span>
     <span class='ocr_line' id='line_1_56' title="bbox 393 2696 1465 2746; baseline -0.001 -12"><span class='ocrx_word' id='word_1_369' title='bbox 393 2706 492 2734; x_wconf 90' lang='lat' dir='ltr'>terra</span> <span class='ocrx_word' id='word_1_370' title='bbox 520 2698 568 2735; x_wconf 90' lang='lat' dir='ltr'>ad</span> <span class='ocrx_word' id='word_1_371' title='bbox 597 2697 752 2746; x_wconf 90' lang='lat' dir='ltr'>aliquod</span> <span class='ocrx_word' id='word_1_372' title='bbox 779 2697 1022 2746; x_wconf 90' lang='lat' dir='ltr'>principium,</span> <span class='ocrx_word' id='word_1_373' title='bbox 1044 2697 1153 2746; x_wconf 90' lang='lat' dir='ltr'>quasi</span> <span class='ocrx_word' id='word_1_374' title='bbox 1181 2704 1279 2734; x_wconf 90' lang='lat' dir='ltr'>terra</span> <span class='ocrx_word' id='word_1_375' title='bbox 1308 2696 1354 2734; x_wconf 92' lang='lat' dir='ltr'>sit</span> <span class='ocrx_word' id='word_1_376' title='bbox 1381 2709 1465 2745; x_wconf 89' lang='lat' dir='ltr'>per-</span> 
     </span>
     <span class='ocr_line' id='line_1_57' title="bbox 393 2749 1462 2799; baseline -0.002 -11"><span class='ocrx_word' id='word_1_377' title='bbox 393 2751 514 2788; x_wconf 91' lang='lat' dir='ltr'>forata</span> <span class='ocrx_word' id='word_1_378' title='bbox 542 2763 564 2788; x_wconf 90' lang='lat' dir='ltr'>a</span> <span class='ocrx_word' id='word_1_379' title='bbox 593 2750 689 2788; x_wconf 91' lang='lat' dir='ltr'>mari</span> <span class='ocrx_word' id='word_1_380' title='bbox 718 2758 755 2788; x_wconf 91' lang='lat' dir='ltr'>et</span> <span class='ocrx_word' id='word_1_381' title='bbox 781 2750 919 2788; x_wconf 91' lang='lat' dir='ltr'>fluviis.</span> <span class='ocrx_word' id='word_1_382' title='bbox 950 2751 1037 2787; x_wconf 92' lang='lat' dir='ltr'>Hoc</span> <span class='ocrx_word' id='word_1_383' title='bbox 1064 2758 1192 2787; x_wconf 90' lang='lat' dir='ltr'>autem</span> <span class='ocrx_word' id='word_1_384' title='bbox 1222 2749 1462 2799; x_wconf 87' lang='lat' dir='ltr'>principium,</span> 
     </span>
     <span class='ocr_line' id='line_1_58' title="bbox 394 2803 1463 2854; baseline 0 -14"><span class='ocrx_word' id='word_1_385' title='bbox 394 2805 499 2852; x_wconf 91' lang='lat' dir='ltr'>quod</span> <span class='ocrx_word' id='word_1_386' title='bbox 528 2803 742 2841; x_wconf 90' lang='lat' dir='ltr'>secundum</span> <span class='ocrx_word' id='word_1_387' title='bbox 771 2804 897 2854; x_wconf 91' lang='lat' dir='ltr'>ipsum</span> <span class='ocrx_word' id='word_1_388' title='bbox 935 2811 990 2841; x_wconf 92' lang='lat' dir='ltr'>est</span> <span class='ocrx_word' id='word_1_389' title='bbox 1017 2803 1247 2853; x_wconf 90' lang='lat' dir='ltr'>principium</span> <span class='ocrx_word' id='word_1_390' title='bbox 1275 2815 1463 2852; x_wconf 90' lang='lat' dir='ltr'>aquarum</span> 
     </span>
     <span class='ocr_line' id='line_1_59' title="bbox 395 2856 1462 2906; baseline 0 -12"><span class='ocrx_word' id='word_1_391' title='bbox 395 2857 592 2905; x_wconf 91' lang='lat' dir='ltr'>omnium,</span> <span class='ocrx_word' id='word_1_392' title='bbox 625 2865 787 2895; x_wconf 91' lang='lat' dir='ltr'>vocatur</span> <span class='ocrx_word' id='word_1_393' title='bbox 821 2858 1022 2904; x_wconf 86' lang='lat' dir='ltr'>Tartarus,</span> <span class='ocrx_word' id='word_1_394' title='bbox 1053 2856 1116 2906; x_wconf 93' lang='lat' dir='ltr'>qui</span> <span class='ocrx_word' id='word_1_395' title='bbox 1137 2857 1157 2879; x_wconf 73' lang='lat'>‘¹‘</span> <span class='ocrx_word' id='word_1_396' title='bbox 1186 2865 1243 2894; x_wconf 91' lang='lat' dir='ltr'>est</span> <span class='ocrx_word' id='word_1_397' title='bbox 1271 2857 1462 2906; x_wconf 89' lang='lat' dir='ltr'>quaedam</span> 
     </span>
     <span class='ocr_line' id='line_1_60' title="bbox 394 2909 1463 2959; baseline -0.001 -11"><span class='ocrx_word' id='word_1_398' title='bbox 394 2923 534 2959; x_wconf 87' lang='lat' dir='ltr'>magna</span> <span class='ocrx_word' id='word_1_399' title='bbox 571 2910 774 2948; x_wconf 90' lang='lat' dir='ltr'>multitudo</span> <span class='ocrx_word' id='word_1_400' title='bbox 812 2923 936 2959; x_wconf 92' lang='lat' dir='ltr'>aquae</span> <span class='ocrx_word' id='word_1_401' title='bbox 972 2910 1135 2947; x_wconf 91' lang='lat' dir='ltr'>existens</span> <span class='ocrx_word' id='word_1_402' title='bbox 1165 2910 1263 2947; x_wconf 91' lang='lat' dir='ltr'>circa</span> <span class='ocrx_word' id='word_1_403' title='bbox 1291 2909 1463 2948; x_wconf 89' lang='lat' dir='ltr'>medium</span> 
     </span>
     <span class='ocr_line' id='line_1_61' title="bbox 394 2963 1463 3014; baseline -0.001 -13"><span class='ocrx_word' id='word_1_404' title='bbox 394 2964 547 3001; x_wconf 90' lang='lat' dir='ltr'>mundi:</span> <span class='ocrx_word' id='word_1_405' title='bbox 578 2976 623 3001; x_wconf 89' lang='lat' dir='ltr'>ex</span> <span class='ocrx_word' id='word_1_406' title='bbox 651 2977 729 3013; x_wconf 93' lang='lat' dir='ltr'>quo</span> <span class='ocrx_word' id='word_1_407' title='bbox 768 2964 924 3014; x_wconf 90' lang='lat' dir='ltr'>quidem</span> <span class='ocrx_word' id='word_1_408' title='bbox 966 2963 1154 3013; x_wconf 88' lang='lat' dir='ltr'>principio</span> <span class='ocrx_word' id='word_1_409' title='bbox 1185 2964 1272 3001; x_wconf 89' lang='lat' dir='ltr'>dicit</span> <span class='ocrx_word' id='word_1_410' title='bbox 1308 2964 1463 3012; x_wconf 90' lang='lat' dir='ltr'>prodire</span> 
     </span>
     <span class='ocr_line' id='line_1_62' title="bbox 395 3017 1462 3067; baseline -0.001 -13"><span class='ocrx_word' id='word_1_411' title='bbox 395 3030 530 3054; x_wconf 89' lang='lat' dir='ltr'>omnes</span> <span class='ocrx_word' id='word_1_412' title='bbox 559 3030 676 3067; x_wconf 90' lang='lat' dir='ltr'>aquas</span> <span class='ocrx_word' id='word_1_413' title='bbox 705 3029 803 3066; x_wconf 91' lang='lat' dir='ltr'>quae</span> <span class='ocrx_word' id='word_1_414' title='bbox 832 3030 911 3055; x_wconf 91' lang='lat' dir='ltr'>non</span> <span class='ocrx_word' id='word_1_415' title='bbox 939 3017 1084 3064; x_wconf 88' lang='lat' dir='ltr'>fluunt,</span> <span class='ocrx_word' id='word_1_416' title='bbox 1115 3017 1210 3054; x_wconf 81' lang='lat' dir='ltr'>sic‘ut</span> <span class='ocrx_word' id='word_1_417' title='bbox 1237 3025 1324 3054; x_wconf 89' lang='lat' dir='ltr'>sunt</span> <span class='ocrx_word' id='word_1_418' title='bbox 1356 3029 1462 3053; x_wconf 89' lang='lat' dir='ltr'>mare</span> 
     </span>
    </p>
   </div>
   <div class='ocr_carea' id='block_1_12' title="bbox 1107 278 1886 318">
    <p class='ocr_par' dir='ltr' id='par_1_14' title="bbox 1107 278 1886 318">
     <span class='ocr_line' id='line_1_63' title="bbox 1107 278 1886 318; baseline -0.005 0"><span class='ocrx_word' id='word_1_419' title='bbox 1107 278 1699 318; x_wconf 89' lang='lat' dir='ltr'>METEOROLOGICORUM</span> <span class='ocrx_word' id='word_1_420' title='bbox 1727 279 1822 314; x_wconf 92' lang='lat' dir='ltr'>LIB.</span> <span class='ocrx_word' id='word_1_421' title='bbox 1854 279 1886 314; x_wconf 92' lang='lat' dir='ltr'>II</span> 
     </span>
    </p>
   </div>
   <div class='ocr_carea' id='block_1_13' title="bbox 1518 356 2595 633">
    <p class='ocr_par' dir='ltr' id='par_1_15' title="bbox 1518 356 2595 633">
     <span class='ocr_line' id='line_1_64' title="bbox 1520 356 2595 394; baseline 0.004 -11"><span class='ocrx_word' id='word_1_422' title='bbox 1520 365 1608 393; x_wconf 88' lang='lat' dir='ltr'>quam</span> <span class='ocrx_word' id='word_1_423' title='bbox 1619 362 1704 384; x_wconf 90' lang='lat' dir='ltr'>vocat</span> <span class='ocrx_word' id='word_1_424' title='bbox 1715 357 1884 391; x_wconf 85' lang='lat' dir='ltr'>Tartarum;</span> <span class='ocrx_word' id='word_1_425' title='bbox 1900 365 2024 393; x_wconf 87' lang='lat' dir='ltr'>eamque</span> <span class='ocrx_word' id='word_1_426' title='bbox 2039 356 2107 384; x_wconf 91' lang='lat' dir='ltr'>dicit</span> <span class='ocrx_word' id='word_1_427' title='bbox 2121 356 2262 384; x_wconf 90' lang='lat' dir='ltr'>continuo</span> <span class='ocrx_word' id='word_1_428' title='bbox 2276 357 2366 385; x_wconf 91' lang='lat' dir='ltr'>fluere</span> <span class='ocrx_word' id='word_1_429' title='bbox 2380 363 2409 386; x_wconf 91' lang='lat' dir='ltr'>et</span> <span class='ocrx_word' id='word_1_430' title='bbox 2422 357 2554 394; x_wconf 89' lang='lat' dir='ltr'>refluere,</span> <span class='ocrx_word' id='word_1_431' title='bbox 2565 365 2595 387; x_wconf 92' lang='lat' dir='ltr'>et</span> 
     </span>
     <span class='ocr_line' id='line_1_65' title="bbox 1520 396 2593 434; baseline 0.004 -11"><span class='ocrx_word' id='word_1_432' title='bbox 1520 405 1582 423; x_wconf 89' lang='lat' dir='ltr'>esse</span> <span class='ocrx_word' id='word_1_433' title='bbox 1597 405 1651 423; x_wconf 88' lang='lat' dir='ltr'>suo</span> <span class='ocrx_word' id='word_1_434' title='bbox 1667 402 1749 424; x_wconf 90' lang='lat' dir='ltr'>motu</span> <span class='ocrx_word' id='word_1_435' title='bbox 1764 396 1940 433; x_wconf 90' lang='lat' dir='ltr'>principium</span> <span class='ocrx_word' id='word_1_436' title='bbox 1961 397 2039 424; x_wconf 90' lang='lat' dir='ltr'>unde</span> <span class='ocrx_word' id='word_1_437' title='bbox 2052 397 2197 433; x_wconf 88' lang='lat' dir='ltr'>prodeunt</span> <span class='ocrx_word' id='word_1_438' title='bbox 2219 406 2322 424; x_wconf 90' lang='lat' dir='ltr'>omnes</span> <span class='ocrx_word' id='word_1_439' title='bbox 2343 406 2438 434; x_wconf 87' lang='lat' dir='ltr'>aquae</span> <span class='ocrx_word' id='word_1_440' title='bbox 2458 405 2521 426; x_wconf 92' lang='lat' dir='ltr'>tum</span> <span class='ocrx_word' id='word_1_441' title='bbox 2535 405 2593 427; x_wconf 85' lang='lat' dir='ltr'>sta-</span> 
     </span>
     <span class='ocr_line' id='line_1_66' title="bbox 1519 436 2594 473; baseline 0.003 -10"><span class='ocrx_word' id='word_1_442' title='bbox 1519 442 1640 472; x_wconf 89' lang='lat' dir='ltr'>gnantes</span> <span class='ocrx_word' id='word_1_443' title='bbox 1653 442 1716 463; x_wconf 92' lang='lat' dir='ltr'>tum</span> <span class='ocrx_word' id='word_1_444' title='bbox 1730 436 1862 472; x_wconf 89' lang='lat' dir='ltr'>fluentes,</span> <span class='ocrx_word' id='word_1_445' title='bbox 1875 443 1903 464; x_wconf 94' lang='lat' dir='ltr'>et</span> <span class='ocrx_word' id='word_1_446' title='bbox 1915 436 2072 464; x_wconf 88' lang='lat' dir='ltr'>terminum</span> <span class='ocrx_word' id='word_1_447' title='bbox 2088 436 2117 463; x_wconf 92' lang='lat' dir='ltr'>in</span> <span class='ocrx_word' id='word_1_448' title='bbox 2133 445 2221 473; x_wconf 90' lang='lat' dir='ltr'>quern</span> <span class='ocrx_word' id='word_1_449' title='bbox 2236 436 2336 465; x_wconf 87' lang='lat' dir='ltr'>omnia</span> <span class='ocrx_word' id='word_1_450' title='bbox 2351 437 2441 466; x_wconf 86' lang='lat' dir='ltr'>maria</span> <span class='ocrx_word' id='word_1_451' title='bbox 2455 444 2483 466; x_wconf 88' lang='lat' dir='ltr'>et</span> <span class='ocrx_word' id='word_1_452' title='bbox 2497 437 2594 466; x_wconf 89' lang='lat' dir='ltr'>flumi-</span> 
     </span>
     <span class='ocr_line' id='line_1_67' title="bbox 1519 475 2593 514; baseline 0.003 -11"><span class='ocrx_word' id='word_1_453' title='bbox 1519 484 1558 503; x_wconf 89' lang='lat' dir='ltr'>na</span> <span class='ocrx_word' id='word_1_454' title='bbox 1572 475 1759 504; x_wconf 87' lang='lat' dir='ltr'>circulatione</span> <span class='ocrx_word' id='word_1_455' title='bbox 1774 477 1901 513; x_wconf 89' lang='lat' dir='ltr'>quadam</span> <span class='ocrx_word' id='word_1_456' title='bbox 1916 477 2046 504; x_wconf 91' lang='lat' dir='ltr'>redeunt.</span> <span class='ocrx_word' id='word_1_457' title='bbox 2058 476 2106 504; x_wconf 87' lang='lat' dir='ltr'>Sic</span> <span class='ocrx_word' id='word_1_458' title='bbox 2121 475 2207 504; x_wconf 90' lang='lat' dir='ltr'>etiam</span> <span class='ocrx_word' id='word_1_459' title='bbox 2219 485 2253 504; x_wconf 85' lang='lat' dir='ltr'>ex</span> <span class='ocrx_word' id='word_1_460' title='bbox 2265 476 2378 504; x_wconf 88' lang='lat' dir='ltr'>diversa</span> <span class='ocrx_word' id='word_1_461' title='bbox 2389 477 2526 514; x_wconf 86' lang='lat' dir='ltr'>qualitate</span> <span class='ocrx_word' id='word_1_462' title='bbox 2535 484 2593 506; x_wconf 92' lang='lat' dir='ltr'>ter-</span> 
     </span>
     <span class='ocr_line' id='line_1_68' title="bbox 1519 515 2593 554; baseline 0.003 -11"><span class='ocrx_word' id='word_1_463' title='bbox 1519 524 1568 544; x_wconf 91' lang='lat' dir='ltr'>rae</span> <span class='ocrx_word' id='word_1_464' title='bbox 1582 524 1634 552; x_wconf 90' lang='lat' dir='ltr'>per</span> <span class='ocrx_word' id='word_1_465' title='bbox 1657 524 1747 552; x_wconf 87' lang='lat' dir='ltr'>quam</span> <span class='ocrx_word' id='word_1_466' title='bbox 1770 516 1881 551; x_wconf 83' lang='lat' dir='ltr'>transit,</span> <span class='ocrx_word' id='word_1_467' title='bbox 1903 516 2025 552; x_wconf 87' lang='lat' dir='ltr'>explicat</span> <span class='ocrx_word' id='word_1_468' title='bbox 2045 515 2140 544; x_wconf 90' lang='lat' dir='ltr'>varios</span> <span class='ocrx_word' id='word_1_469' title='bbox 2162 516 2276 544; x_wconf 88' lang='lat' dir='ltr'>colores</span> <span class='ocrx_word' id='word_1_470' title='bbox 2297 522 2325 544; x_wconf 91' lang='lat' dir='ltr'>et</span> <span class='ocrx_word' id='word_1_471' title='bbox 2348 526 2466 553; x_wconf 88' lang='lat' dir='ltr'>sapores</span> <span class='ocrx_word' id='word_1_472' title='bbox 2488 517 2593 554; x_wconf 88' lang='lat' dir='ltr'>quibus</span> 
     </span>
     <span class='ocr_line' id='line_1_69' title="bbox 1519 554 2595 593; baseline 0.002 -10"><span class='ocrx_word' id='word_1_473' title='bbox 1519 563 1596 592; x_wconf 84' lang='lat' dir='ltr'>aqua</span> <span class='ocrx_word' id='word_1_474' title='bbox 1607 554 1741 583; x_wconf 87' lang='lat' dir='ltr'>inficitur.</span> <span class='ocrx_word' id='word_1_475' title='bbox 1756 572 1776 576; x_wconf 97' lang='lat'>-</span> <span class='ocrx_word' id='word_1_476' title='bbox 1789 565 1817 591; x_wconf 91' lang='lat'>4.</span> <span class='ocrx_word' id='word_1_477' title='bbox 1829 557 2012 592; x_wconf 89' lang='lat' dir='ltr'>Improbatur</span> <span class='ocrx_word' id='word_1_478' title='bbox 2027 555 2156 593; x_wconf 92' lang='lat' dir='ltr'>quinque</span> <span class='ocrx_word' id='word_1_479' title='bbox 2178 555 2339 584; x_wconf 83' lang='lat' dir='ltr'>rationibus</span> <span class='ocrx_word' id='word_1_480' title='bbox 2353 556 2501 592; x_wconf 86' lang='lat' dir='ltr'>praedicta</span> <span class='ocrx_word' id='word_1_481' title='bbox 2515 557 2595 593; x_wconf 91' lang='lat' dir='ltr'>posi-</span> 
     </span>
     <span class='ocr_line' id='line_1_70' title="bbox 1518 594 2592 633; baseline 0.002 -10"><span class='ocrx_word' id='word_1_482' title='bbox 1518 594 1567 623; x_wconf 90' lang='lat' dir='ltr'>tio.</span> <span class='ocrx_word' id='word_1_483' title='bbox 1584 612 1603 616; x_wconf 97' lang='lat'><em>-</em></span> <span class='ocrx_word' id='word_1_484' title='bbox 1620 595 1646 623; x_wconf 83' lang='lat'>5.</span> <span class='ocrx_word' id='word_1_485' title='bbox 1662 595 1802 633; x_wconf 86' lang='lat' dir='ltr'>Epilogus</span> <span class='ocrx_word' id='word_1_486' title='bbox 1823 605 1926 624; x_wconf 88' lang='lat' dir='ltr'>eorum</span> <span class='ocrx_word' id='word_1_487' title='bbox 1953 605 2027 633; x_wconf 93' lang='lat' dir='ltr'>quae</span> <span class='ocrx_word' id='word_1_488' title='bbox 2049 596 2200 633; x_wconf 91' lang='lat' dir='ltr'>hucusque</span> <span class='ocrx_word' id='word_1_489' title='bbox 2226 595 2303 624; x_wconf 84' lang='lat' dir='ltr'>dicta</span> <span class='ocrx_word' id='word_1_490' title='bbox 2324 602 2391 624; x_wconf 91' lang='lat' dir='ltr'>sunt</span> <span class='ocrx_word' id='word_1_491' title='bbox 2405 596 2481 625; x_wconf 85' lang='lat' dir='ltr'>circa</span> <span class='ocrx_word' id='word_1_492' title='bbox 2502 606 2592 625; x_wconf 87' lang='lat' dir='ltr'>mare.</span> 
     </span>
    </p>
   </div>
   <div class='ocr_carea' id='block_1_14' title="bbox 1515 674 2632 3070">
    <p class='ocr_par' dir='ltr' id='par_1_16' title="bbox 1515 674 2631 2320">
     <span class='ocr_line' id='line_1_71' title="bbox 1522 674 2591 725; baseline 0.002 -14"><span class='ocrx_word' id='word_1_493' title='bbox 1522 682 1558 712; x_wconf 91' lang='lat' dir='ltr'>et</span> <span class='ocrx_word' id='word_1_494' title='bbox 1577 682 1720 724; x_wconf 84' lang='lat' dir='ltr'>stagna,</span> <span class='ocrx_word' id='word_1_495' title='bbox 1742 683 1778 712; x_wconf 91' lang='lat' dir='ltr'>et</span> <span class='ocrx_word' id='word_1_496' title='bbox 1797 688 1896 725; x_wconf 89' lang='lat' dir='ltr'>quae</span> <span class='ocrx_word' id='word_1_497' title='bbox 1915 675 2051 723; x_wconf 91' lang='lat' dir='ltr'>fluunt,</span> <span class='ocrx_word' id='word_1_498' title='bbox 2073 675 2168 712; x_wconf 92' lang='lat' dir='ltr'>sicut</span> <span class='ocrx_word' id='word_1_499' title='bbox 2187 675 2311 712; x_wconf 86' lang='lat' dir='ltr'>fontes</span> <span class='ocrx_word' id='word_1_500' title='bbox 2331 682 2368 712; x_wconf 92' lang='lat' dir='ltr'>et</span> <span class='ocrx_word' id='word_1_501' title='bbox 2385 676 2548 713; x_wconf 88' lang='lat' dir='ltr'>flumina</span> <span class='ocrx_word' id='word_1_502' title='bbox 2566 674 2591 713; x_wconf 83' lang='lat'>⁰.</span> 
     </span>
     <span class='ocr_line' id='line_1_72' title="bbox 1520 727 2592 777; baseline 0.002 -13"><span class='ocrx_word' id='word_1_503' title='bbox 1520 727 1621 765; x_wconf 84' lang='lat' dir='ltr'>Dicit</span> <span class='ocrx_word' id='word_1_504' title='bbox 1649 736 1779 765; x_wconf 89' lang='lat' dir='ltr'>autem</span> <span class='ocrx_word' id='word_1_505' title='bbox 1808 729 1915 777; x_wconf 93' lang='lat' dir='ltr'>quod</span> <span class='ocrx_word' id='word_1_506' title='bbox 1940 730 2124 766; x_wconf 88' lang='lat' dir='ltr'>Tartarus</span> <span class='ocrx_word' id='word_1_507' title='bbox 2142 728 2313 777; x_wconf 92' lang='lat' dir='ltr'>undique</span> <span class='ocrx_word' id='word_1_508' title='bbox 2339 728 2424 766; x_wconf 89' lang='lat' dir='ltr'>fluit</span> <span class='ocrx_word' id='word_1_509' title='bbox 2450 730 2502 766; x_wconf 85' lang='lat' dir='ltr'>ad</span> <span class='ocrx_word' id='word_1_510' title='bbox 2517 729 2592 766; x_wconf 84' lang='lat' dir='ltr'>sin-</span> 
     </span>
     <span class='ocr_line' id='line_1_73' title="bbox 1518 781 2594 830; baseline 0.001 -12"><span class='ocrx_word' id='word_1_511' title='bbox 1518 781 1613 830; x_wconf 80' lang='lat' dir='ltr'>gula</span> <span class='ocrx_word' id='word_1_512' title='bbox 1651 784 1912 828; x_wconf 75' lang='lat' dir='ltr'>rheumatam,</span> <span class='ocrx_word' id='word_1_513' title='bbox 1951 782 2050 819; x_wconf 88' lang='lat' dir='ltr'>idest</span> <span class='ocrx_word' id='word_1_514' title='bbox 2082 783 2131 819; x_wconf 88' lang='lat' dir='ltr'>ad</span> <span class='ocrx_word' id='word_1_515' title='bbox 2164 782 2332 830; x_wconf 89' lang='lat' dir='ltr'>singulos</span> <span class='ocrx_word' id='word_1_516' title='bbox 2365 782 2556 819; x_wconf 91' lang='lat' dir='ltr'>discursus</span> <span class='ocrx_word' id='word_1_517' title='bbox 2585 789 2594 803; x_wconf 74' lang='lat'><em>¹</em></span> 
     </span>
     <span class='ocr_line' id='line_1_74' title="bbox 1520 834 2594 885; baseline 0.003 -15"><span class='ocrx_word' id='word_1_518' title='bbox 1520 846 1725 883; x_wconf 89' lang='lat' dir='ltr'>aquarum:</span> <span class='ocrx_word' id='word_1_519' title='bbox 1737 836 1842 883; x_wconf 90' lang='lat' dir='ltr'>quod</span> <span class='ocrx_word' id='word_1_520' title='bbox 1856 835 1945 872; x_wconf 91' lang='lat' dir='ltr'>ideo</span> <span class='ocrx_word' id='word_1_521' title='bbox 1958 835 2150 883; x_wconf 87' lang='lat' dir='ltr'>contingit,</span> <span class='ocrx_word' id='word_1_522' title='bbox 2163 836 2252 885; x_wconf 90' lang='lat' dir='ltr'>quia</span> <span class='ocrx_word' id='word_1_523' title='bbox 2262 835 2352 872; x_wconf 92' lang='lat' dir='ltr'>illud</span> <span class='ocrx_word' id='word_1_524' title='bbox 2362 834 2594 885; x_wconf 91' lang='lat' dir='ltr'>principium</span> 
     </span>
     <span class='ocr_line' id='line_1_75' title="bbox 1519 888 2594 937; baseline 0.003 -14"><span class='ocrx_word' id='word_1_525' title='bbox 1519 899 1708 935; x_wconf 87' lang='lat' dir='ltr'>aquarum</span> <span class='ocrx_word' id='word_1_526' title='bbox 1727 900 1883 937; x_wconf 90' lang='lat' dir='ltr'>semper</span> <span class='ocrx_word' id='word_1_527' title='bbox 1910 896 2100 926; x_wconf 89' lang='lat' dir='ltr'>movetur.</span> <span class='ocrx_word' id='word_1_528' title='bbox 2122 890 2172 926; x_wconf 91' lang='lat' dir='ltr'>Et</span> <span class='ocrx_word' id='word_1_529' title='bbox 2189 889 2265 926; x_wconf 92' lang='lat' dir='ltr'>hoc</span> <span class='ocrx_word' id='word_1_530' title='bbox 2284 888 2384 936; x_wconf 91' lang='lat' dir='ltr'>ideo,</span> <span class='ocrx_word' id='word_1_531' title='bbox 2406 889 2495 937; x_wconf 89' lang='lat' dir='ltr'>quia</span> <span class='ocrx_word' id='word_1_532' title='bbox 2514 901 2594 926; x_wconf 90' lang='lat' dir='ltr'>non</span> 
     </span>
     <span class='ocr_line' id='line_1_76' title="bbox 1518 940 2595 990; baseline 0.003 -14"><span class='ocrx_word' id='word_1_533' title='bbox 1518 940 1635 976; x_wconf 91' lang='lat' dir='ltr'>habet</span> <span class='ocrx_word' id='word_1_534' title='bbox 1662 941 1830 988; x_wconf 90' lang='lat' dir='ltr'>aliquem</span> <span class='ocrx_word' id='word_1_535' title='bbox 1849 942 1980 978; x_wconf 89' lang='lat' dir='ltr'>locum</span> <span class='ocrx_word' id='word_1_536' title='bbox 1999 942 2120 978; x_wconf 85' lang='lat' dir='ltr'>fixum</span> <span class='ocrx_word' id='word_1_537' title='bbox 2149 942 2187 978; x_wconf 91' lang='lat' dir='ltr'>in</span> <span class='ocrx_word' id='word_1_538' title='bbox 2216 954 2294 990; x_wconf 91' lang='lat' dir='ltr'>quo</span> <span class='ocrx_word' id='word_1_539' title='bbox 2314 942 2503 990; x_wconf 86' lang='lat' dir='ltr'>quiescat,</span> <span class='ocrx_word' id='word_1_540' title='bbox 2525 942 2595 980; x_wconf 91' lang='lat' dir='ltr'>sed</span> 
     </span>
     <span class='ocr_line' id='line_1_77' title="bbox 1519 994 2593 1044; baseline 0.004 -15"><span class='ocrx_word' id='word_1_541' title='bbox 1519 1005 1672 1041; x_wconf 89' lang='lat' dir='ltr'>semper</span> <span class='ocrx_word' id='word_1_542' title='bbox 1699 1001 1880 1030; x_wconf 90' lang='lat' dir='ltr'>movetur</span> <span class='ocrx_word' id='word_1_543' title='bbox 1918 994 2017 1031; x_wconf 89' lang='lat' dir='ltr'>circa</span> <span class='ocrx_word' id='word_1_544' title='bbox 2044 994 2238 1042; x_wconf 89' lang='lat' dir='ltr'>medium,</span> <span class='ocrx_word' id='word_1_545' title='bbox 2269 995 2377 1044; x_wconf 90' lang='lat' dir='ltr'>quasi</span> <span class='ocrx_word' id='word_1_546' title='bbox 2410 995 2593 1033; x_wconf 90' lang='lat' dir='ltr'>vacillans</span> 
     </span>
     <span class='ocr_line' id='line_1_78' title="bbox 1518 1046 2593 1099; baseline 0.003 -17"><span class='ocrx_word' id='word_1_547' title='bbox 1518 1046 1608 1082; x_wconf 91' lang='lat' dir='ltr'>hinc</span> <span class='ocrx_word' id='word_1_548' title='bbox 1627 1046 1728 1083; x_wconf 90' lang='lat' dir='ltr'>inde.</span> <span class='ocrx_word' id='word_1_549' title='bbox 1750 1047 1800 1083; x_wconf 93' lang='lat' dir='ltr'>Et</span> <span class='ocrx_word' id='word_1_550' title='bbox 1814 1046 1879 1094; x_wconf 92' lang='lat' dir='ltr'>sic,</span> <span class='ocrx_word' id='word_1_551' title='bbox 1897 1047 1991 1084; x_wconf 90' lang='lat' dir='ltr'>dum</span> <span class='ocrx_word' id='word_1_552' title='bbox 2011 1055 2192 1084; x_wconf 88' lang='lat' dir='ltr'>movetur</span> <span class='ocrx_word' id='word_1_553' title='bbox 2211 1060 2376 1095; x_wconf 90' lang='lat' dir='ltr'>sursum,</span> <span class='ocrx_word' id='word_1_554' title='bbox 2393 1048 2481 1085; x_wconf 86' lang='lat' dir='ltr'>facit</span> <span class='ocrx_word' id='word_1_555' title='bbox 2499 1048 2593 1099; x_wconf 75' lang='lat' dir='ltr'>effu—</span> 
     </span>
     <span class='ocr_line' id='line_1_79' title="bbox 1517 1099 2592 1146; baseline 0.004 -11"><span class='ocrx_word' id='word_1_556' title='bbox 1517 1099 1661 1136; x_wconf 83' lang='lat' dir='ltr'>sionem</span> <span class='ocrx_word' id='word_1_557' title='bbox 1682 1100 1935 1146; x_wconf 86' lang='lat' dir='ltr'>rheumatum,</span> <span class='ocrx_word' id='word_1_558' title='bbox 1951 1099 2049 1137; x_wconf 90' lang='lat' dir='ltr'>idest</span> <span class='ocrx_word' id='word_1_559' title='bbox 2069 1100 2261 1138; x_wconf 91' lang='lat' dir='ltr'>discursus</span> <span class='ocrx_word' id='word_1_560' title='bbox 2281 1101 2446 1138; x_wconf 90' lang='lat' dir='ltr'>marium</span> <span class='ocrx_word' id='word_1_561' title='bbox 2467 1108 2504 1138; x_wconf 91' lang='lat' dir='ltr'>et</span> <span class='ocrx_word' id='word_1_562' title='bbox 2520 1102 2592 1139; x_wconf 91' lang='lat' dir='ltr'>flu-</span> 
     </span>
     <span class='ocr_line' id='line_1_80' title="bbox 1517 1152 2590 1203; baseline 0.004 -15"><span class='ocrx_word' id='word_1_563' title='bbox 1517 1152 1682 1199; x_wconf 90' lang='lat' dir='ltr'>viorum,</span> <span class='ocrx_word' id='word_1_564' title='bbox 1703 1164 1783 1189; x_wconf 92' lang='lat' dir='ltr'>non</span> <span class='ocrx_word' id='word_1_565' title='bbox 1803 1160 1952 1190; x_wconf 88' lang='lat' dir='ltr'>tantum</span> <span class='ocrx_word' id='word_1_566' title='bbox 1972 1159 1986 1174; x_wconf 75' lang='lat'>¹</span> <span class='ocrx_word' id='word_1_567' title='bbox 2004 1166 2139 1191; x_wconf 89' lang='lat' dir='ltr'>versus</span> <span class='ocrx_word' id='word_1_568' title='bbox 2158 1154 2271 1191; x_wconf 89' lang='lat' dir='ltr'>istam</span> <span class='ocrx_word' id='word_1_569' title='bbox 2289 1161 2439 1203; x_wconf 88' lang='lat' dir='ltr'>partem</span> <span class='ocrx_word' id='word_1_570' title='bbox 2467 1161 2590 1192; x_wconf 83' lang='lat' dir='ltr'>terrae</span> 
     </span>
     <span class='ocr_line' id='line_1_81' title="bbox 1518 1206 2593 1256; baseline 0.003 -14"><span class='ocrx_word' id='word_1_571' title='bbox 1518 1218 1636 1254; x_wconf 90' lang='lat' dir='ltr'>quam</span> <span class='ocrx_word' id='word_1_572' title='bbox 1657 1218 1728 1242; x_wconf 91' lang='lat' dir='ltr'>nos</span> <span class='ocrx_word' id='word_1_573' title='bbox 1747 1206 1987 1252; x_wconf 86' lang='lat' dir='ltr'>habitamus;</span> <span class='ocrx_word' id='word_1_574' title='bbox 2017 1208 2086 1244; x_wconf 91' lang='lat' dir='ltr'>sed</span> <span class='ocrx_word' id='word_1_575' title='bbox 2106 1219 2153 1243; x_wconf 89' lang='lat' dir='ltr'>ex</span> <span class='ocrx_word' id='word_1_576' title='bbox 2171 1206 2301 1244; x_wconf 90' lang='lat' dir='ltr'>multis</span> <span class='ocrx_word' id='word_1_577' title='bbox 2320 1206 2402 1244; x_wconf 88' lang='lat' dir='ltr'>aliis</span> <span class='ocrx_word' id='word_1_578' title='bbox 2421 1207 2593 1256; x_wconf 88' lang='lat' dir='ltr'>partibus</span> 
     </span>
     <span class='ocr_line' id='line_1_82' title="bbox 1516 1258 2593 1309; baseline 0.004 -14"><span class='ocrx_word' id='word_1_579' title='bbox 1516 1267 1640 1296; x_wconf 88' lang='lat' dir='ltr'>terrae</span> <span class='ocrx_word' id='word_1_580' title='bbox 1661 1258 1823 1296; x_wconf 87' lang='lat' dir='ltr'>effundit</span> <span class='ocrx_word' id='word_1_581' title='bbox 1842 1267 1879 1296; x_wconf 92' lang='lat' dir='ltr'>et</span> <span class='ocrx_word' id='word_1_582' title='bbox 1897 1259 1970 1296; x_wconf 88' lang='lat' dir='ltr'>alia</span> <span class='ocrx_word' id='word_1_583' title='bbox 1989 1267 2132 1307; x_wconf 86' lang='lat' dir='ltr'>stagna,</span> <span class='ocrx_word' id='word_1_584' title='bbox 2149 1261 2261 1309; x_wconf 89' lang='lat' dir='ltr'>quale</span> <span class='ocrx_word' id='word_1_585' title='bbox 2281 1267 2339 1297; x_wconf 87' lang='lat' dir='ltr'>est</span> <span class='ocrx_word' id='word_1_586' title='bbox 2358 1272 2465 1298; x_wconf 90' lang='lat' dir='ltr'>mare</span> <span class='ocrx_word' id='word_1_587' title='bbox 2485 1261 2593 1309; x_wconf 89' lang='lat' dir='ltr'>quod</span> 
     </span>
     <span class='ocr_line' id='line_1_83' title="bbox 1517 1312 2593 1365; baseline 0.003 -16"><span class='ocrx_word' id='word_1_588' title='bbox 1517 1319 1574 1349; x_wconf 91' lang='lat' dir='ltr'>est</span> <span class='ocrx_word' id='word_1_589' title='bbox 1599 1312 1703 1361; x_wconf 92' lang='lat' dir='ltr'>apud</span> <span class='ocrx_word' id='word_1_590' title='bbox 1731 1325 1814 1350; x_wconf 90' lang='lat' dir='ltr'>nos.</span> <span class='ocrx_word' id='word_1_591' title='bbox 1847 1312 1924 1349; x_wconf 90' lang='lat' dir='ltr'>Sed</span> <span class='ocrx_word' id='word_1_592' title='bbox 1945 1313 2076 1350; x_wconf 86' lang='lat' dir='ltr'>omnia</span> <span class='ocrx_word' id='word_1_593' title='bbox 2105 1313 2227 1350; x_wconf 89' lang='lat' dir='ltr'>maria</span> <span class='ocrx_word' id='word_1_594' title='bbox 2246 1321 2283 1350; x_wconf 91' lang='lat' dir='ltr'>et</span> <span class='ocrx_word' id='word_1_595' title='bbox 2309 1313 2473 1351; x_wconf 89' lang='lat' dir='ltr'>flumina</span> <span class='ocrx_word' id='word_1_596' title='bbox 2500 1326 2593 1365; x_wconf 86' lang='lat' dir='ltr'>qua-</span> 
     </span>
     <span class='ocr_line' id='line_1_84' title="bbox 1518 1365 2592 1419; baseline 0.003 -17"><span class='ocrx_word' id='word_1_597' title='bbox 1518 1365 1608 1402; x_wconf 92' lang='lat' dir='ltr'>dam</span> <span class='ocrx_word' id='word_1_598' title='bbox 1638 1365 1882 1410; x_wconf 79' lang='lat' dir='ltr'>circulatione</span> <span class='ocrx_word' id='word_1_599' title='bbox 1912 1366 2146 1403; x_wconf 89' lang='lat' dir='ltr'>reducuntur</span> <span class='ocrx_word' id='word_1_600' title='bbox 2164 1366 2214 1404; x_wconf 90' lang='lat' dir='ltr'>ad</span> <span class='ocrx_word' id='word_1_601' title='bbox 2242 1366 2334 1404; x_wconf 87' lang='lat' dir='ltr'>illud</span> <span class='ocrx_word' id='word_1_602' title='bbox 2361 1366 2592 1419; x_wconf 87' lang='lat' dir='ltr'>principium</span> 
     </span>
     <span class='ocr_line' id='line_1_85' title="bbox 1515 1419 2592 1469; baseline 0.003 -13"><span class='ocrx_word' id='word_1_603' title='bbox 1515 1419 1620 1456; x_wconf 88' lang='lat' dir='ltr'>unde</span> <span class='ocrx_word' id='word_1_604' title='bbox 1647 1419 1773 1468; x_wconf 91' lang='lat' dir='ltr'>primo</span> <span class='ocrx_word' id='word_1_605' title='bbox 1802 1419 2046 1467; x_wconf 87' lang='lat' dir='ltr'>effluxerunt,</span> <span class='ocrx_word' id='word_1_606' title='bbox 2076 1419 2145 1457; x_wconf 88' lang='lat' dir='ltr'>sed</span> <span class='ocrx_word' id='word_1_607' title='bbox 2183 1419 2456 1469; x_wconf 84' lang='lat' dir='ltr'>diversimode.</span> <span class='ocrx_word' id='word_1_608' title='bbox 2486 1420 2592 1459; x_wconf 80' lang='lat' dir='ltr'>Nam</span> 
     </span>
     <span class='ocr_line' id='line_1_86' title="bbox 1517 1472 2594 1521; baseline 0.002 -12"><span class='ocrx_word' id='word_1_609' title='bbox 1517 1472 1708 1521; x_wconf 88' lang='lat' dir='ltr'>quaedam</span> <span class='ocrx_word' id='word_1_610' title='bbox 1737 1472 1898 1509; x_wconf 89' lang='lat' dir='ltr'>redeunt</span> <span class='ocrx_word' id='word_1_611' title='bbox 1925 1474 2140 1510; x_wconf 90' lang='lat' dir='ltr'>secundum</span> <span class='ocrx_word' id='word_1_612' title='bbox 2179 1473 2348 1511; x_wconf 91' lang='lat' dir='ltr'>eundem</span> <span class='ocrx_word' id='word_1_613' title='bbox 2376 1473 2507 1511; x_wconf 87' lang='lat' dir='ltr'>locum</span> <span class='ocrx_word' id='word_1_614' title='bbox 2534 1485 2594 1517; x_wconf 52' lang='lat' dir='ltr'>ser</span> 
     </span>
     <span class='ocr_line' id='line_1_87' title="bbox 1518 1524 2592 1575; baseline 0.003 -13"><span class='ocrx_word' id='word_1_615' title='bbox 1518 1525 1690 1563; x_wconf 92' lang='lat' dir='ltr'>cundum</span> <span class='ocrx_word' id='word_1_616' title='bbox 1718 1538 1836 1574; x_wconf 90' lang='lat' dir='ltr'>quem</span> <span class='ocrx_word' id='word_1_617' title='bbox 1857 1525 2086 1563; x_wconf 88' lang='lat' dir='ltr'>effluxerunt</span> <span class='ocrx_word' id='word_1_618' title='bbox 2104 1524 2128 1573; x_wconf 55' lang='grc' dir='ltr'>λ,</span> <span class='ocrx_word' id='word_1_619' title='bbox 2154 1533 2196 1563; x_wconf 93' lang='lat' dir='ltr'>ut</span> <span class='ocrx_word' id='word_1_620' title='bbox 2214 1526 2262 1563; x_wconf 91' lang='lat' dir='ltr'>sit</span> <span class='ocrx_word' id='word_1_621' title='bbox 2285 1526 2443 1575; x_wconf 86' lang='lat' dir='ltr'>quidam</span> <span class='ocrx_word' id='word_1_622' title='bbox 2463 1534 2592 1565; x_wconf 85' lang='lat' dir='ltr'>motus</span> 
     </span>
     <span class='ocr_line' id='line_1_88' title="bbox 1517 1578 2594 1628; baseline 0.003 -13"><span class='ocrx_word' id='word_1_623' title='bbox 1517 1578 1699 1615; x_wconf 89' lang='lat' dir='ltr'>reflexus:</span> <span class='ocrx_word' id='word_1_624' title='bbox 1720 1579 1912 1628; x_wconf 87' lang='lat' dir='ltr'>quaedam</span> <span class='ocrx_word' id='word_1_625' title='bbox 1927 1591 2023 1616; x_wconf 84' lang='lat' dir='ltr'>vero</span> <span class='ocrx_word' id='word_1_626' title='bbox 2043 1591 2089 1616; x_wconf 89' lang='lat' dir='ltr'>ex</span> <span class='ocrx_word' id='word_1_627' title='bbox 2105 1579 2293 1617; x_wconf 88' lang='lat' dir='ltr'>contraria</span> <span class='ocrx_word' id='word_1_628' title='bbox 2307 1587 2416 1628; x_wconf 89' lang='lat' dir='ltr'>parte</span> <span class='ocrx_word' id='word_1_629' title='bbox 2431 1579 2594 1626; x_wconf 87' lang='lat' dir='ltr'>redeunt</span> 
     </span>
     <span class='ocr_line' id='line_1_89' title="bbox 1516 1632 2592 1682; baseline 0.004 -14"><span class='ocrx_word' id='word_1_630' title='bbox 1516 1632 1613 1681; x_wconf 90' lang='lat' dir='ltr'>parti</span> <span class='ocrx_word' id='word_1_631' title='bbox 1640 1632 1744 1669; x_wconf 91' lang='lat' dir='ltr'>unde</span> <span class='ocrx_word' id='word_1_632' title='bbox 1770 1632 2006 1680; x_wconf 88' lang='lat' dir='ltr'>effluxerant,</span> <span class='ocrx_word' id='word_1_633' title='bbox 2031 1639 2085 1680; x_wconf 93' lang='lat' dir='ltr'>ut,</span> <span class='ocrx_word' id='word_1_634' title='bbox 2113 1640 2218 1682; x_wconf 89' lang='lat' dir='ltr'>puta,</span> <span class='ocrx_word' id='word_1_635' title='bbox 2246 1633 2278 1670; x_wconf 90' lang='lat' dir='ltr'>si</span> <span class='ocrx_word' id='word_1_636' title='bbox 2297 1633 2526 1672; x_wconf 81' lang='lat' dir='ltr'>effluxerunt</span> <span class='ocrx_word' id='word_1_637' title='bbox 2543 1634 2592 1672; x_wconf 88' lang='lat' dir='ltr'>de</span> 
     </span>
     <span class='ocr_line' id='line_1_90' title="bbox 1517 1684 2593 1735; baseline 0.003 -13"><span class='ocrx_word' id='word_1_638' title='bbox 1517 1685 1663 1732; x_wconf 91' lang='lat' dir='ltr'>subtus,</span> <span class='ocrx_word' id='word_1_639' title='bbox 1693 1684 2024 1733; x_wconf 89' lang='lat' dir='ltr'>reingrederentur</span> <span class='ocrx_word' id='word_1_640' title='bbox 2051 1685 2228 1735; x_wconf 88' lang='lat' dir='ltr'>desuper.</span> <span class='ocrx_word' id='word_1_641' title='bbox 2256 1686 2350 1723; x_wconf 90' lang='lat' dir='ltr'>Non</span> <span class='ocrx_word' id='word_1_642' title='bbox 2378 1693 2434 1724; x_wconf 91' lang='lat' dir='ltr'>est</span> <span class='ocrx_word' id='word_1_643' title='bbox 2461 1693 2593 1725; x_wconf 83' lang='lat' dir='ltr'>tamen</span> 
     </span>
     <span class='ocr_line' id='line_1_91' title="bbox 1518 1738 2591 1789; baseline 0.003 -14"><span class='ocrx_word' id='word_1_644' title='bbox 1518 1738 1571 1775; x_wconf 93' lang='lat' dir='ltr'>sic</span> <span class='ocrx_word' id='word_1_645' title='bbox 1599 1738 1886 1786; x_wconf 89' lang='lat' dir='ltr'>intelligendum</span> <span class='ocrx_word' id='word_1_646' title='bbox 1908 1738 1955 1776; x_wconf 91' lang='lat' dir='ltr'>de</span> <span class='ocrx_word' id='word_1_647' title='bbox 1984 1738 2118 1776; x_wconf 91' lang='lat' dir='ltr'>subtus</span> <span class='ocrx_word' id='word_1_648' title='bbox 2138 1747 2175 1776; x_wconf 91' lang='lat' dir='ltr'>et</span> <span class='ocrx_word' id='word_1_649' title='bbox 2203 1739 2379 1788; x_wconf 91' lang='lat' dir='ltr'>desuper,</span> <span class='ocrx_word' id='word_1_650' title='bbox 2401 1739 2508 1789; x_wconf 90' lang='lat' dir='ltr'>quod</span> <span class='ocrx_word' id='word_1_651' title='bbox 2525 1739 2591 1778; x_wconf 79' lang='lat' dir='ltr'>ali-</span> 
     </span>
     <span class='ocr_line' id='line_1_92' title="bbox 1517 1791 2591 1842; baseline 0.003 -14"><span class='ocrx_word' id='word_1_652' title='bbox 1517 1791 1610 1840; x_wconf 93' lang='lat' dir='ltr'>quid</span> <span class='ocrx_word' id='word_1_653' title='bbox 1637 1791 1758 1840; x_wconf 91' lang='lat' dir='ltr'>possit</span> <span class='ocrx_word' id='word_1_654' title='bbox 1786 1803 1870 1828; x_wconf 89' lang='lat' dir='ltr'>esse</span> <span class='ocrx_word' id='word_1_655' title='bbox 1899 1792 2033 1828; x_wconf 89' lang='lat' dir='ltr'>subtus</span> <span class='ocrx_word' id='word_1_656' title='bbox 2070 1800 2245 1841; x_wconf 89' lang='lat' dir='ltr'>respectu</span> <span class='ocrx_word' id='word_1_657' title='bbox 2278 1792 2415 1840; x_wconf 90' lang='lat' dir='ltr'>medii,</span> <span class='ocrx_word' id='word_1_658' title='bbox 2444 1792 2484 1831; x_wconf 89' lang='lat' dir='ltr'>in</span> <span class='ocrx_word' id='word_1_659' title='bbox 2512 1805 2591 1842; x_wconf 93' lang='lat' dir='ltr'>quo</span> 
     </span>
     <span class='ocr_line' id='line_1_93' title="bbox 1517 1844 2592 1895; baseline 0.003 -14"><span class='ocrx_word' id='word_1_660' title='bbox 1517 1844 1672 1894; x_wconf 90' lang='lat' dir='ltr'>ponitur</span> <span class='ocrx_word' id='word_1_661' title='bbox 1691 1844 1861 1893; x_wconf 90' lang='lat' dir='ltr'>primum</span> <span class='ocrx_word' id='word_1_662' title='bbox 1889 1844 2120 1894; x_wconf 90' lang='lat' dir='ltr'>principium</span> <span class='ocrx_word' id='word_1_663' title='bbox 2144 1857 2350 1894; x_wconf 87' lang='lat' dir='ltr'>aquarum:</span> <span class='ocrx_word' id='word_1_664' title='bbox 2380 1845 2471 1895; x_wconf 88' lang='lat' dir='ltr'>quia</span> <span class='ocrx_word' id='word_1_665' title='bbox 2488 1857 2592 1890; x_wconf 53' lang='lat' dir='ltr'>&amp;sue</span> 
     </span>
     <span class='ocr_line' id='line_1_94' title="bbox 1517 1897 2631 1948; baseline 0.003 -14"><span class='ocrx_word' id='word_1_666' title='bbox 1517 1898 1674 1947; x_wconf 90' lang='lat' dir='ltr'>perficie</span> <span class='ocrx_word' id='word_1_667' title='bbox 1693 1906 1816 1935; x_wconf 91' lang='lat' dir='ltr'>terrae</span> <span class='ocrx_word' id='word_1_668' title='bbox 1834 1909 1956 1946; x_wconf 81' lang='lat' dir='ltr'>usque</span> <span class='ocrx_word' id='word_1_669' title='bbox 1977 1898 2026 1935; x_wconf 92' lang='lat' dir='ltr'>ad</span> <span class='ocrx_word' id='word_1_670' title='bbox 2046 1897 2232 1946; x_wconf 90' lang='lat' dir='ltr'>medium,</span> <span class='ocrx_word' id='word_1_671' title='bbox 2254 1905 2310 1936; x_wconf 93' lang='lat' dir='ltr'>est</span> <span class='ocrx_word' id='word_1_672' title='bbox 2334 1897 2541 1937; x_wconf 79' lang='lat' dir='ltr'>descensus</span> <span class='ocrx_word' id='word_1_673' title='bbox 2558 1899 2592 1948; x_wconf 79' lang='lat'>¹⁸⁸,</span> <span class='ocrx_word' id='word_1_674' title='bbox 2622 1913 2631 1921; x_wconf 96' lang='lat'>·</span> 
     </span>
     <span class='ocr_line' id='line_1_95' title="bbox 1519 1950 2592 1999; baseline 0.003 -11"><span class='ocrx_word' id='word_1_675' title='bbox 1519 1951 1587 1989; x_wconf 90' lang='lat' dir='ltr'>sed</span> <span class='ocrx_word' id='word_1_676' title='bbox 1617 1951 1664 1988; x_wconf 88' lang='lat' dir='ltr'>de</span> <span class='ocrx_word' id='word_1_677' title='bbox 1694 1958 1833 1999; x_wconf 88' lang='lat' dir='ltr'>cetero,</span> <span class='ocrx_word' id='word_1_678' title='bbox 1863 1950 1894 1988; x_wconf 90' lang='lat' dir='ltr'>si</span> <span class='ocrx_word' id='word_1_679' title='bbox 1922 1951 2136 1988; x_wconf 90' lang='lat' dir='ltr'>secundum</span> <span class='ocrx_word' id='word_1_680' title='bbox 2166 1959 2310 1989; x_wconf 86' lang='lat' dir='ltr'>rectam</span> <span class='ocrx_word' id='word_1_681' title='bbox 2333 1951 2474 1991; x_wconf 80' lang='lat' dir='ltr'>lineam</span> <span class='ocrx_word' id='word_1_682' title='bbox 2493 1952 2592 1993; x_wconf 84' lang='lat' dir='ltr'>ultra</span> 
     </span>
     <span class='ocr_line' id='line_1_96' title="bbox 1518 2004 2593 2054; baseline 0.001 -12"><span class='ocrx_word' id='word_1_683' title='bbox 1518 2004 1745 2054; x_wconf 91' lang='lat' dir='ltr'>procederet</span> <span class='ocrx_word' id='word_1_684' title='bbox 1772 2016 1893 2053; x_wconf 89' lang='lat' dir='ltr'>aqua,</span> <span class='ocrx_word' id='word_1_685' title='bbox 1925 2011 2024 2042; x_wconf 90' lang='lat' dir='ltr'>esset</span> <span class='ocrx_word' id='word_1_686' title='bbox 2051 2012 2180 2042; x_wconf 92' lang='lat' dir='ltr'>motus</span> <span class='ocrx_word' id='word_1_687' title='bbox 2209 2004 2259 2043; x_wconf 92' lang='lat' dir='ltr'>ad</span> <span class='ocrx_word' id='word_1_688' title='bbox 2286 2016 2460 2052; x_wconf 89' lang='lat' dir='ltr'>sursum;</span> <span class='ocrx_word' id='word_1_689' title='bbox 2487 2005 2593 2044; x_wconf 90' lang='lat' dir='ltr'>idem</span> 
     </span>
     <span class='ocr_line' id='line_1_97' title="bbox 1520 2057 2594 2105; baseline 0.002 -10"><span class='ocrx_word' id='word_1_690' title='bbox 1520 2058 1623 2096; x_wconf 92' lang='lat' dir='ltr'>enim</span> <span class='ocrx_word' id='word_1_691' title='bbox 1653 2065 1709 2095; x_wconf 91' lang='lat' dir='ltr'>est</span> <span class='ocrx_word' id='word_1_692' title='bbox 1737 2057 1887 2095; x_wconf 89' lang='lat' dir='ltr'>moveri</span> <span class='ocrx_word' id='word_1_693' title='bbox 1907 2069 1930 2094; x_wconf 88' lang='lat' dir='ltr'>a</span> <span class='ocrx_word' id='word_1_694' title='bbox 1958 2057 2101 2105; x_wconf 90' lang='lat' dir='ltr'>medio,</span> <span class='ocrx_word' id='word_1_695' title='bbox 2123 2065 2160 2095; x_wconf 93' lang='lat' dir='ltr'>et</span> <span class='ocrx_word' id='word_1_696' title='bbox 2187 2059 2339 2096; x_wconf 88' lang='lat' dir='ltr'>moveri</span> <span class='ocrx_word' id='word_1_697' title='bbox 2358 2070 2523 2097; x_wconf 88' lang='lat' dir='ltr'>sursum.</span> <span class='ocrx_word' id='word_1_698' title='bbox 2543 2059 2594 2097; x_wconf 85' lang='lat' dir='ltr'>Et</span> 
     </span>
     <span class='ocr_line' id='line_1_98' title="bbox 1519 2110 2593 2160; baseline 0.001 -11"><span class='ocrx_word' id='word_1_699' title='bbox 1519 2111 1734 2149; x_wconf 91' lang='lat' dir='ltr'>secundum</span> <span class='ocrx_word' id='word_1_700' title='bbox 1753 2112 1828 2148; x_wconf 93' lang='lat' dir='ltr'>hoc</span> <span class='ocrx_word' id='word_1_701' title='bbox 1856 2110 1965 2148; x_wconf 87' lang='lat' dir='ltr'>facile</span> <span class='ocrx_word' id='word_1_702' title='bbox 1986 2118 2042 2148; x_wconf 91' lang='lat' dir='ltr'>est</span> <span class='ocrx_word' id='word_1_703' title='bbox 2069 2111 2260 2160; x_wconf 84' lang='lat' dir='ltr'>assignare</span> <span class='ocrx_word' id='word_1_704' title='bbox 2281 2123 2439 2150; x_wconf 85' lang='lat' dir='ltr'>causam</span> <span class='ocrx_word' id='word_1_705' title='bbox 2467 2111 2593 2150; x_wconf 85' lang='lat' dir='ltr'>diver·</span> 
     </span>
     <span class='ocr_line' id='line_1_99' title="bbox 1519 2164 2594 2215; baseline 0.002 -13"><span class='ocrx_word' id='word_1_706' title='bbox 1519 2165 1636 2202; x_wconf 91' lang='lat' dir='ltr'>sitatis</span> <span class='ocrx_word' id='word_1_707' title='bbox 1665 2165 1840 2202; x_wconf 88' lang='lat' dir='ltr'>colorum</span> <span class='ocrx_word' id='word_1_708' title='bbox 1870 2171 1907 2201; x_wconf 89' lang='lat' dir='ltr'>et</span> <span class='ocrx_word' id='word_1_709' title='bbox 1935 2177 2118 2214; x_wconf 90' lang='lat' dir='ltr'>saporum</span> <span class='ocrx_word' id='word_1_710' title='bbox 2146 2164 2186 2202; x_wconf 91' lang='lat' dir='ltr'>in</span> <span class='ocrx_word' id='word_1_711' title='bbox 2214 2164 2343 2215; x_wconf 89' lang='lat' dir='ltr'>aquis:</span> <span class='ocrx_word' id='word_1_712' title='bbox 2373 2165 2465 2215; x_wconf 88' lang='lat' dir='ltr'>quia</span> <span class='ocrx_word' id='word_1_713' title='bbox 2492 2177 2594 2215; x_wconf 74' lang='lat' dir='ltr'>aqua</span> 
     </span>
     <span class='ocr_line' id='line_1_100' title="bbox 1519 2217 2593 2267; baseline 0.003 -12"><span class='ocrx_word' id='word_1_714' title='bbox 1519 2219 1643 2256; x_wconf 88' lang='lat' dir='ltr'>fluens</span> <span class='ocrx_word' id='word_1_715' title='bbox 1664 2217 1796 2267; x_wconf 89' lang='lat' dir='ltr'>recipit</span> <span class='ocrx_word' id='word_1_716' title='bbox 1816 2218 1986 2255; x_wconf 88' lang='lat' dir='ltr'>colorem</span> <span class='ocrx_word' id='word_1_717' title='bbox 2014 2225 2051 2255; x_wconf 89' lang='lat' dir='ltr'>et</span> <span class='ocrx_word' id='word_1_718' title='bbox 2069 2230 2250 2267; x_wconf 87' lang='lat' dir='ltr'>saporem</span> <span class='ocrx_word' id='word_1_719' title='bbox 2274 2218 2488 2258; x_wconf 88' lang='lat' dir='ltr'>secundum</span> <span class='ocrx_word' id='word_1_720' title='bbox 2509 2230 2593 2257; x_wconf 89' lang='lat' dir='ltr'>mo·</span> 
     </span>
     <span class='ocr_line' id='line_1_101' title="bbox 1520 2271 2170 2320; baseline -0.002 -11"><span class='ocrx_word' id='word_1_721' title='bbox 1520 2273 1614 2309; x_wconf 91' lang='lat' dir='ltr'>dum</span> <span class='ocrx_word' id='word_1_722' title='bbox 1642 2279 1766 2309; x_wconf 90' lang='lat' dir='ltr'>terrae</span> <span class='ocrx_word' id='word_1_723' title='bbox 1794 2283 1863 2320; x_wconf 91' lang='lat' dir='ltr'>per</span> <span class='ocrx_word' id='word_1_724' title='bbox 1892 2283 2009 2320; x_wconf 90' lang='lat' dir='ltr'>quam</span> <span class='ocrx_word' id='word_1_725' title='bbox 2040 2271 2170 2309; x_wconf 85' lang='lat' dir='ltr'>effluit.</span> 
     </span>
    </p>

    <p class='ocr_par' dir='ltr' id='par_1_17' title="bbox 1516 2324 2632 3070">
     <span class='ocr_line' id='line_1_102' title="bbox 1571 2324 2594 2375; baseline 0.003 -13"><span class='ocrx_word' id='word_1_726' title='bbox 1571 2337 1609 2372; x_wconf 85' lang='lat'>4.</span> <span class='ocrx_word' id='word_1_727' title='bbox 1641 2325 1821 2362; x_wconf 91' lang='lat' dir='ltr'>Secundo</span> <span class='ocrx_word' id='word_1_728' title='bbox 1851 2324 1920 2362; x_wconf 88' lang='lat' dir='ltr'>ibi:</span> <span class='ocrx_word' id='word_1_729' title='bbox 1949 2324 2098 2362; x_wconf 84' lang='lat' dir='ltr'>Accidit</span> <span class='ocrx_word' id='word_1_730' title='bbox 2122 2337 2218 2375; x_wconf 82' lang='lat' dir='ltr'>ergo</span> <span class='ocrx_word' id='word_1_731' title='bbox 2236 2325 2495 2375; x_wconf 12' lang='lat' dir='ltr'>fluviosssetc„</span> <span class='ocrx_word' id='word_1_732' title='bbox 2521 2325 2594 2364; x_wconf 85' lang='lat' dir='ltr'>im·</span> 
     </span>
     <span class='ocr_line' id='line_1_103' title="bbox 1518 2377 2593 2428; baseline 0.004 -14"><span class='ocrx_word' id='word_1_733' title='bbox 1518 2379 1656 2428; x_wconf 91' lang='lat' dir='ltr'>probat</span> <span class='ocrx_word' id='word_1_734' title='bbox 1679 2378 1916 2427; x_wconf 84' lang='lat' dir='ltr'>praedictam</span> <span class='ocrx_word' id='word_1_735' title='bbox 1934 2378 2166 2427; x_wconf 88' lang='lat' dir='ltr'>positionem</span> <span class='ocrx_word' id='word_1_736' title='bbox 2187 2379 2357 2428; x_wconf 89' lang='lat' dir='ltr'>quinque</span> <span class='ocrx_word' id='word_1_737' title='bbox 2373 2377 2593 2419; x_wconf 79' lang='lat' dir='ltr'>rationibus.</span> 
     </span>
     <span class='ocr_line' id='line_1_104' title="bbox 1520 2431 2595 2482; baseline 0.004 -14"><span class='ocrx_word' id='word_1_738' title='bbox 1520 2432 1697 2479; x_wconf 91' lang='lat' dir='ltr'>Quarum</span> <span class='ocrx_word' id='word_1_739' title='bbox 1717 2431 1840 2480; x_wconf 88' lang='lat' dir='ltr'>prima</span> <span class='ocrx_word' id='word_1_740' title='bbox 1861 2438 1917 2468; x_wconf 90' lang='lat' dir='ltr'>est</span> <span class='ocrx_word' id='word_1_741' title='bbox 1931 2433 2047 2480; x_wconf 93' lang='lat' dir='ltr'>quod,</span> <span class='ocrx_word' id='word_1_742' title='bbox 2069 2443 2159 2468; x_wconf 91' lang='lat' dir='ltr'>cum</span> <span class='ocrx_word' id='word_1_743' title='bbox 2178 2432 2413 2482; x_wconf 85' lang='lat' dir='ltr'>quandoque</span> <span class='ocrx_word' id='word_1_744' title='bbox 2431 2431 2595 2471; x_wconf 77' lang='lat' dir='ltr'>flumina</span> 
     </span>
     <span class='ocr_line' id='line_1_105' title="bbox 1520 2483 2632 2535; baseline 0.003 -14"><span class='ocrx_word' id='word_1_745' title='bbox 1520 2483 1713 2522; x_wconf 79' lang='lat' dir='ltr'>redeant*</span> <span class='ocrx_word' id='word_1_746' title='bbox 1726 2496 1797 2533; x_wconf 89' lang='lat' dir='ltr'>per</span> <span class='ocrx_word' id='word_1_747' title='bbox 1811 2483 1977 2521; x_wconf 90' lang='lat' dir='ltr'>eandem</span> <span class='ocrx_word' id='word_1_748' title='bbox 1991 2484 2110 2532; x_wconf 88' lang='lat' dir='ltr'>viam,</span> <span class='ocrx_word' id='word_1_749' title='bbox 2126 2484 2360 2534; x_wconf 83' lang='lat' dir='ltr'>quandoque</span> <span class='ocrx_word' id='word_1_750' title='bbox 2379 2492 2510 2523; x_wconf 87' lang='lat' dir='ltr'>autern</span> <span class='ocrx_word' id='word_1_751' title='bbox 2523 2497 2595 2535; x_wconf 87' lang='lat' dir='ltr'>per</span> <span class='ocrx_word' id='word_1_752' title='bbox 2619 2504 2632 2516; x_wconf 86' lang='lat'><strong>·</strong></span> 
     </span>
     <span class='ocr_line' id='line_1_106' title="bbox 1520 2536 2593 2588; baseline 0.003 -14"><span class='ocrx_word' id='word_1_753' title='bbox 1520 2537 1764 2584; x_wconf 89' lang='lat' dir='ltr'>contrariam,</span> <span class='ocrx_word' id='word_1_754' title='bbox 1795 2536 1966 2585; x_wconf 86' lang='lat' dir='ltr'>sequitur</span> <span class='ocrx_word' id='word_1_755' title='bbox 1994 2537 2209 2575; x_wconf 90' lang='lat' dir='ltr'>secundum</span> <span class='ocrx_word' id='word_1_756' title='bbox 2232 2538 2333 2575; x_wconf 89' lang='lat' dir='ltr'>hanc</span> <span class='ocrx_word' id='word_1_757' title='bbox 2359 2537 2593 2588; x_wconf 86' lang='lat' dir='ltr'>positionem</span> 
     </span>
     <span class='ocr_line' id='line_1_107' title="bbox 1519 2589 2630 2641; baseline 0.003 -14"><span class='ocrx_word' id='word_1_758' title='bbox 1519 2591 1626 2640; x_wconf 91' lang='lat' dir='ltr'>quod</span> <span class='ocrx_word' id='word_1_759' title='bbox 1654 2589 1864 2628; x_wconf 88' lang='lat' dir='ltr'>fluviorum</span> <span class='ocrx_word' id='word_1_760' title='bbox 1894 2590 2019 2627; x_wconf 88' lang='lat' dir='ltr'>fluxus</span> <span class='ocrx_word' id='word_1_761' title='bbox 2048 2603 2129 2628; x_wconf 91' lang='lat' dir='ltr'>non</span> <span class='ocrx_word' id='word_1_762' title='bbox 2156 2603 2312 2641; x_wconf 89' lang='lat' dir='ltr'>semper</span> <span class='ocrx_word' id='word_1_763' title='bbox 2330 2591 2374 2629; x_wconf 89' lang='lat' dir='ltr'>fit</span> <span class='ocrx_word' id='word_1_764' title='bbox 2393 2591 2443 2630; x_wconf 88' lang='lat' dir='ltr'>ad</span> <span class='ocrx_word' id='word_1_765' title='bbox 2460 2591 2482 2614; x_wconf 76' lang='lat'>³⁸¹</span> <span class='ocrx_word' id='word_1_766' title='bbox 2501 2604 2591 2630; x_wconf 84' lang='lat' dir='ltr'>ean·</span> <span class='ocrx_word' id='word_1_767' title='bbox 2619 2605 2630 2617; x_wconf 88' lang='lat'><strong>·</strong></span> 
     </span>
     <span class='ocr_line' id='line_1_108' title="bbox 1521 2643 2594 2692; baseline 0.004 -12"><span class='ocrx_word' id='word_1_768' title='bbox 1521 2645 1610 2681; x_wconf 90' lang='lat' dir='ltr'>dem</span> <span class='ocrx_word' id='word_1_769' title='bbox 1639 2651 1800 2692; x_wconf 89' lang='lat' dir='ltr'>partem.</span> <span class='ocrx_word' id='word_1_770' title='bbox 1831 2643 1932 2690; x_wconf 91' lang='lat' dir='ltr'>Quia</span> <span class='ocrx_word' id='word_1_771' title='bbox 1969 2643 2072 2681; x_wconf 88' lang='lat' dir='ltr'>enim</span> <span class='ocrx_word' id='word_1_772' title='bbox 2101 2644 2262 2682; x_wconf 90' lang='lat' dir='ltr'>redeunt</span> <span class='ocrx_word' id='word_1_773' title='bbox 2289 2644 2338 2682; x_wconf 91' lang='lat' dir='ltr'>ad</span> <span class='ocrx_word' id='word_1_774' title='bbox 2367 2644 2542 2684; x_wconf 88' lang='lat' dir='ltr'>medium</span> <span class='ocrx_word' id='word_1_775' title='bbox 2569 2656 2594 2684; x_wconf 74' lang='lat' dir='ltr'>a</span> 
     </span>
     <span class='ocr_line' id='line_1_109' title="bbox 1520 2697 2592 2747; baseline 0.004 -14"><span class='ocrx_word' id='word_1_776' title='bbox 1520 2709 1597 2746; x_wconf 91' lang='lat' dir='ltr'>quo</span> <span class='ocrx_word' id='word_1_777' title='bbox 1618 2697 1819 2743; x_wconf 87' lang='lat' dir='ltr'>fluxerunt,</span> <span class='ocrx_word' id='word_1_778' title='bbox 1836 2702 1855 2724; x_wconf 74' lang='grc' dir='ltr'>Ι*</span> <span class='ocrx_word' id='word_1_779' title='bbox 1869 2708 1949 2734; x_wconf 92' lang='lat' dir='ltr'>non</span> <span class='ocrx_word' id='word_1_780' title='bbox 1967 2697 2089 2745; x_wconf 87' lang='lat' dir='ltr'>magis</span> <span class='ocrx_word' id='word_1_781' title='bbox 2107 2697 2228 2735; x_wconf 91' lang='lat' dir='ltr'>fluent</span> <span class='ocrx_word' id='word_1_782' title='bbox 2246 2698 2381 2735; x_wconf 87' lang='lat' dir='ltr'>subtus</span> <span class='ocrx_word' id='word_1_783' title='bbox 2396 2710 2515 2747; x_wconf 85' lang='lat' dir='ltr'>quam</span> <span class='ocrx_word' id='word_1_784' title='bbox 2531 2711 2592 2737; x_wconf 91' lang='lat' dir='ltr'>su-</span> 
     </span>
     <span class='ocr_line' id='line_1_110' title="bbox 1518 2749 2591 2802; baseline 0.005 -16"><span class='ocrx_word' id='word_1_785' title='bbox 1518 2762 1600 2799; x_wconf 88' lang='lat' dir='ltr'>pra,</span> <span class='ocrx_word' id='word_1_786' title='bbox 1622 2749 1884 2799; x_wconf 88' lang='lat' dir='ltr'>comparando</span> <span class='ocrx_word' id='word_1_787' title='bbox 1910 2750 2155 2799; x_wconf 90' lang='lat' dir='ltr'>superficiem</span> <span class='ocrx_word' id='word_1_788' title='bbox 2174 2757 2295 2788; x_wconf 87' lang='lat' dir='ltr'>terrae</span> <span class='ocrx_word' id='word_1_789' title='bbox 2325 2752 2375 2790; x_wconf 92' lang='lat' dir='ltr'>ad</span> <span class='ocrx_word' id='word_1_790' title='bbox 2403 2751 2591 2802; x_wconf 87' lang='lat' dir='ltr'>medium,</span> 
     </span>
     <span class='ocr_line' id='line_1_111' title="bbox 1519 2803 2592 2854; baseline 0.005 -15"><span class='ocrx_word' id='word_1_791' title='bbox 1519 2803 1626 2853; x_wconf 91' lang='lat' dir='ltr'>quod</span> <span class='ocrx_word' id='word_1_792' title='bbox 1654 2815 1809 2852; x_wconf 90' lang='lat' dir='ltr'>semper</span> <span class='ocrx_word' id='word_1_793' title='bbox 1836 2803 2065 2852; x_wconf 88' lang='lat' dir='ltr'>intelligitur:</span> <span class='ocrx_word' id='word_1_794' title='bbox 2096 2816 2119 2841; x_wconf 87' lang='lat' dir='ltr'>a</span> <span class='ocrx_word' id='word_1_795' title='bbox 2143 2805 2345 2854; x_wconf 89' lang='lat' dir='ltr'>superficie</span> <span class='ocrx_word' id='word_1_796' title='bbox 2373 2813 2498 2844; x_wconf 83' lang='lat' dir='ltr'>terrae</span> <span class='ocrx_word' id='word_1_797' title='bbox 2521 2819 2592 2845; x_wconf 88' lang='lat' dir='ltr'>vo-</span> 
     </span>
     <span class='ocr_line' id='line_1_112' title="bbox 1519 2856 2592 2909; baseline 0.005 -16"><span class='ocrx_word' id='word_1_798' title='bbox 1519 2864 1624 2894; x_wconf 89' lang='lat' dir='ltr'>catur</span> <span class='ocrx_word' id='word_1_799' title='bbox 1643 2856 1785 2906; x_wconf 90' lang='lat' dir='ltr'>aliquid</span> <span class='ocrx_word' id='word_1_800' title='bbox 1815 2869 1966 2894; x_wconf 90' lang='lat' dir='ltr'>sursum</span> <span class='ocrx_word' id='word_1_801' title='bbox 1987 2864 2024 2894; x_wconf 92' lang='lat' dir='ltr'>et</span> <span class='ocrx_word' id='word_1_802' title='bbox 2043 2857 2185 2907; x_wconf 88' lang='lat' dir='ltr'>aliquid</span> <span class='ocrx_word' id='word_1_803' title='bbox 2209 2857 2404 2907; x_wconf 88' lang='lat' dir='ltr'>deorsum,</span> <span class='ocrx_word' id='word_1_804' title='bbox 2433 2866 2592 2909; x_wconf 85' lang='lat' dir='ltr'>propter</span> 
     </span>
     <span class='ocr_line' id='line_1_113' title="bbox 1518 2910 2592 2957; baseline 0.004 -10"><span class='ocrx_word' id='word_1_805' title='bbox 1518 2910 1754 2948; x_wconf 89' lang='lat' dir='ltr'>altitudinem</span> <span class='ocrx_word' id='word_1_806' title='bbox 1785 2917 1821 2947; x_wconf 90' lang='lat' dir='ltr'>et</span> <span class='ocrx_word' id='word_1_807' title='bbox 1849 2910 2136 2948; x_wconf 89' lang='lat' dir='ltr'>demissionem.</span> <span class='ocrx_word' id='word_1_808' title='bbox 2167 2910 2208 2948; x_wconf 92' lang='lat' dir='ltr'>Si</span> <span class='ocrx_word' id='word_1_809' title='bbox 2235 2911 2339 2949; x_wconf 89' lang='lat' dir='ltr'>enim</span> <span class='ocrx_word' id='word_1_810' title='bbox 2363 2919 2494 2957; x_wconf 86' lang='lat' dir='ltr'>motus</span> <span class='ocrx_word' id='word_1_811' title='bbox 2519 2912 2592 2951; x_wconf 89' lang='lat' dir='ltr'>flu-</span> 
     </span>
     <span class='ocr_line' id='line_1_114' title="bbox 1516 2964 2593 3013; baseline 0.004 -13"><span class='ocrx_word' id='word_1_812' title='bbox 1516 2964 1671 3001; x_wconf 90' lang='lat' dir='ltr'>viorum</span> <span class='ocrx_word' id='word_1_813' title='bbox 1701 2971 1878 3001; x_wconf 88' lang='lat' dir='ltr'>causatur</span> <span class='ocrx_word' id='word_1_814' title='bbox 1907 2976 1952 3001; x_wconf 88' lang='lat' dir='ltr'>ex</span> <span class='ocrx_word' id='word_1_815' title='bbox 1981 2964 2176 3002; x_wconf 89' lang='lat' dir='ltr'>effluentia</span> <span class='ocrx_word' id='word_1_816' title='bbox 2204 2965 2365 3013; x_wconf 85' lang='lat' dir='ltr'>Tartari,</span> <span class='ocrx_word' id='word_1_817' title='bbox 2397 2965 2593 3005; x_wconf 77' lang='lat' dir='ltr'>effluentia</span> 
     </span>
     <span class='ocr_line' id='line_1_115' title="bbox 1519 3017 2594 3070; baseline 0.004 -16"><span class='ocrx_word' id='word_1_818' title='bbox 1519 3025 1646 3054; x_wconf 90' lang='lat' dir='ltr'>autem</span> <span class='ocrx_word' id='word_1_819' title='bbox 1676 3017 1826 3054; x_wconf 86' lang='lat' dir='ltr'>Tartari</span> <span class='ocrx_word' id='word_1_820' title='bbox 1845 3023 1857 3037; x_wconf 72' lang='lat'><strong>⁹</strong></span> <span class='ocrx_word' id='word_1_821' title='bbox 1886 3024 1942 3054; x_wconf 88' lang='lat' dir='ltr'>est</span> <span class='ocrx_word' id='word_1_822' title='bbox 1970 3017 2017 3055; x_wconf 86' lang='lat' dir='ltr'>ad</span> <span class='ocrx_word' id='word_1_823' title='bbox 2038 3029 2197 3055; x_wconf 89' lang='lat' dir='ltr'>ornnem</span> <span class='ocrx_word' id='word_1_824' title='bbox 2225 3025 2390 3068; x_wconf 89' lang='lat' dir='ltr'>partem,</span> <span class='ocrx_word' id='word_1_825' title='bbox 2424 3018 2594 3070; x_wconf 82' lang='lat' dir='ltr'>sequitur</span> 
     </span>
    </p>
   </div>
   <div class='ocr_carea' id='block_1_15' title="bbox 1192 3098 1753 3100">
    <p class='ocr_par' dir='ltr' id='par_1_18' title="bbox 1192 3098 1753 3100">
     <span class='ocr_line' id='line_1_116' title="bbox 1192 3098 1753 3100; baseline 0 0"><span class='ocrx_word' id='word_1_826' title='bbox 1192 3098 1753 3100; x_wconf 95' lang='lat' dir='ltr'> </span> 
     </span>
    </p>
   </div>
   <div class='ocr_carea' id='block_1_16' title="bbox 394 3139 1466 3672">
    <p class='ocr_par' dir='ltr' id='par_1_19' title="bbox 394 3139 1463 3208">
     <span class='ocr_line' id='line_1_117' title="bbox 448 3139 1463 3174; baseline 0 -9"><span class='ocrx_word' id='word_1_827' title='bbox 448 3139 476 3173; x_wconf 88' lang='grc' dir='ltr'>α)</span> <span class='ocrx_word' id='word_1_828' title='bbox 493 3140 694 3166; x_wconf 73' lang='lat' dir='ltr'>dubitationem.</span> <span class='ocrx_word' id='word_1_829' title='bbox 704 3155 723 3160; x_wconf 99' lang='lat'><em>-</em></span> <span class='ocrx_word' id='word_1_830' title='bbox 737 3141 916 3174; x_wconf 79' lang='lat' dir='ltr'>quaestionem</span> <span class='ocrx_word' id='word_1_831' title='bbox 931 3142 978 3166; x_wconf 87' lang='lat' dir='ltr'>Pa.</span> <span class='ocrx_word' id='word_1_832' title='bbox 991 3155 1011 3161; x_wconf 95' lang='lat'>-</span> <span class='ocrx_word' id='word_1_833' title='bbox 1023 3142 1083 3166; x_wconf 88' lang='lat' dir='ltr'>Mox</span> <span class='ocrx_word' id='word_1_834' title='bbox 1101 3148 1149 3173; x_wconf 88' lang='lat' dir='ltr'>pro</span> <span class='ocrx_word' id='word_1_835' title='bbox 1168 3141 1282 3174; x_wconf 75' lang='lat' dir='ltr'>singulis</span> <span class='ocrx_word' id='word_1_836' title='bbox 1296 3141 1395 3170; x_wconf 80' lang='lat' dir='ltr'>diebus,</span> <span class='ocrx_word' id='word_1_837' title='bbox 1409 3141 1463 3165; x_wconf 82' lang='lat' dir='ltr'>sin-</span> 
     </span>
     <span class='ocr_line' id='line_1_118' title="bbox 394 3176 961 3208; baseline 0.004 -8"><span class='ocrx_word' id='word_1_838' title='bbox 394 3176 471 3208; x_wconf 79' lang='lat' dir='ltr'>gulos</span> <span class='ocrx_word' id='word_1_839' title='bbox 491 3176 546 3201; x_wconf 80' lang='lat' dir='ltr'>dies</span> <span class='ocrx_word' id='word_1_840' title='bbox 564 3177 619 3202; x_wconf 86' lang='lat' dir='ltr'>AB.</span> <span class='ocrx_word' id='word_1_841' title='bbox 959 3200 961 3202; x_wconf 93' lang='lat'>.</span> 
     </span>
    </p>

    <p class='ocr_par' dir='ltr' id='par_1_20' title="bbox 395 3210 1462 3281">
     <span class='ocr_line' id='line_1_119' title="bbox 449 3210 1462 3243; baseline 0 -7"><span class='ocrx_word' id='word_1_842' title='bbox 449 3210 474 3243; x_wconf 85' lang='grc' dir='ltr'>β)</span> <span class='ocrx_word' id='word_1_843' title='bbox 494 3219 545 3236; x_wconf 90' lang='lat' dir='ltr'>non</span> <span class='ocrx_word' id='word_1_844' title='bbox 566 3215 687 3238; x_wconf 86' lang='lat' dir='ltr'>tamen...</span> <span class='ocrx_word' id='word_1_845' title='bbox 706 3212 838 3238; x_wconf 76' lang='lat' dir='ltr'>deveniat.</span> <span class='ocrx_word' id='word_1_846' title='bbox 855 3226 874 3231; x_wconf 97' lang='lat'>-</span> <span class='ocrx_word' id='word_1_847' title='bbox 892 3219 944 3237; x_wconf 86' lang='lat' dir='ltr'>non</span> <span class='ocrx_word' id='word_1_848' title='bbox 966 3212 1071 3238; x_wconf 81' lang='lat' dir='ltr'>videtur</span> <span class='ocrx_word' id='word_1_849' title='bbox 1089 3218 1206 3237; x_wconf 81' lang='lat' dir='ltr'>crescere</span> <span class='ocrx_word' id='word_1_850' title='bbox 1224 3219 1262 3237; x_wconf 88' lang='lat' dir='ltr'>ex</span> <span class='ocrx_word' id='word_1_851' title='bbox 1283 3211 1345 3242; x_wconf 84' lang='lat' dir='ltr'>hoc,</span> <span class='ocrx_word' id='word_1_852' title='bbox 1365 3214 1392 3236; x_wconf 87' lang='lat' dir='ltr'>et</span> <span class='ocrx_word' id='word_1_853' title='bbox 1411 3219 1462 3236; x_wconf 91' lang='lat' dir='ltr'>non</span> 
     </span>
     <span class='ocr_line' id='line_1_120' title="bbox 395 3247 1171 3281; baseline 0.003 -11"><span class='ocrx_word' id='word_1_854' title='bbox 395 3250 507 3279; x_wconf 80' lang='lat' dir='ltr'>apparet</span> <span class='ocrx_word' id='word_1_855' title='bbox 525 3247 597 3279; x_wconf 82' lang='lat' dir='ltr'>quod</span> <span class='ocrx_word' id='word_1_856' title='bbox 615 3250 691 3273; x_wconf 82' lang='lat' dir='ltr'>tanta</span> <span class='ocrx_word' id='word_1_857' title='bbox 711 3248 853 3273; x_wconf 84' lang='lat' dir='ltr'>multitudo</span> <span class='ocrx_word' id='word_1_858' title='bbox 871 3255 958 3281; x_wconf 80' lang='lat' dir='ltr'>aquae</span> <span class='ocrx_word' id='word_1_859' title='bbox 977 3247 1099 3273; x_wconf 77' lang='lat' dir='ltr'>deveniat</span> <span class='ocrx_word' id='word_1_860' title='bbox 1118 3247 1171 3272; x_wconf 84' lang='lat' dir='ltr'>AB.</span> 
     </span>
    </p>

    <p class='ocr_par' dir='ltr' id='par_1_21' title="bbox 449 3282 1446 3316">
     <span class='ocr_line' id='line_1_121' title="bbox 449 3282 1446 3316; baseline 0 -9"><span class='ocrx_word' id='word_1_861' title='bbox 449 3282 476 3314; x_wconf 85' lang='grc' dir='ltr'>γ)</span> <span class='ocrx_word' id='word_1_862' title='bbox 496 3283 567 3314; x_wconf 85' lang='lat' dir='ltr'>quod</span> <span class='ocrx_word' id='word_1_863' title='bbox 584 3283 671 3308; x_wconf 83' lang='lat' dir='ltr'>sint...</span> <span class='ocrx_word' id='word_1_864' title='bbox 691 3283 820 3309; x_wconf 82' lang='lat' dir='ltr'>dubitent.</span> <span class='ocrx_word' id='word_1_865' title='bbox 833 3297 852 3303; x_wconf 96' lang='lat'>-</span> <span class='ocrx_word' id='word_1_866' title='bbox 864 3283 936 3316; x_wconf 84' lang='lat' dir='ltr'>quod</span> <span class='ocrx_word' id='word_1_867' title='bbox 953 3283 989 3309; x_wconf 81' lang='lat' dir='ltr'>sit</span> <span class='ocrx_word' id='word_1_868' title='bbox 1006 3283 1110 3316; x_wconf 81' lang='lat' dir='ltr'>aliquid</span> <span class='ocrx_word' id='word_1_869' title='bbox 1128 3283 1162 3308; x_wconf 91' lang='lat' dir='ltr'>de</span> <span class='ocrx_word' id='word_1_870' title='bbox 1180 3283 1237 3308; x_wconf 88' lang='lat' dir='ltr'>Ioco</span> <span class='ocrx_word' id='word_1_871' title='bbox 1257 3283 1378 3308; x_wconf 84' lang='lat' dir='ltr'>dubitent</span> <span class='ocrx_word' id='word_1_872' title='bbox 1392 3283 1446 3308; x_wconf 86' lang='grc' dir='ltr'>ΑΒ.</span> 
     </span>
    </p>

    <p class='ocr_par' dir='ltr' id='par_1_22' title="bbox 397 3316 1464 3384">
     <span class='ocr_line' id='line_1_122' title="bbox 449 3316 1464 3351; baseline 0.001 -9"><span class='ocrx_word' id='word_1_873' title='bbox 449 3316 474 3349; x_wconf 82' lang='grc' dir='ltr'>ὃ)</span> <span class='ocrx_word' id='word_1_874' title='bbox 493 3317 653 3351; x_wconf 80' lang='lat' dir='ltr'>differentia.</span> <span class='ocrx_word' id='word_1_875' title='bbox 666 3332 686 3339; x_wconf 88' lang='lat'>—-</span> <span class='ocrx_word' id='word_1_876' title='bbox 698 3323 810 3344; x_wconf 77' lang='lat' dir='ltr'>causata</span> <span class='ocrx_word' id='word_1_877' title='bbox 829 3320 888 3344; x_wconf 77' lang='lat' dir='ltr'>add.</span> <span class='ocrx_word' id='word_1_878' title='bbox 900 3320 954 3344; x_wconf 84' lang='lat' dir='ltr'>AB.</span> <span class='ocrx_word' id='word_1_879' title='bbox 967 3333 986 3338; x_wconf 97' lang='lat'>-</span> <span class='ocrx_word' id='word_1_880' title='bbox 997 3319 1077 3344; x_wconf 86' lang='lat' dir='ltr'>Iidem</span> <span class='ocrx_word' id='word_1_881' title='bbox 1097 3326 1144 3351; x_wconf 86' lang='lat' dir='ltr'>pro</span> <span class='ocrx_word' id='word_1_882' title='bbox 1163 3322 1265 3347; x_wconf 85' lang='lat' dir='ltr'>manet,</span> <span class='ocrx_word' id='word_1_883' title='bbox 1281 3321 1432 3351; x_wconf 79' lang='lat' dir='ltr'>permanet.</span> <span class='ocrx_word' id='word_1_884' title='bbox 1446 3332 1464 3338; x_wconf 90' lang='lat'><em>-</em></span> 
     </span>
     <span class='ocr_line' id='line_1_123' title="bbox 397 3351 916 3384; baseline 0.01 -9"><span class='ocrx_word' id='word_1_885' title='bbox 397 3351 447 3376; x_wconf 89' lang='lat' dir='ltr'>Pro</span> <span class='ocrx_word' id='word_1_886' title='bbox 466 3356 554 3377; x_wconf 88' lang='lat' dir='ltr'>autem</span> <span class='ocrx_word' id='word_1_887' title='bbox 573 3354 672 3384; x_wconf 81' lang='lat' dir='ltr'>statim,</span> <span class='ocrx_word' id='word_1_888' title='bbox 692 3357 740 3379; x_wconf 87' lang='lat' dir='ltr'>aut</span> <span class='ocrx_word' id='word_1_889' title='bbox 758 3355 849 3380; x_wconf 81' lang='lat' dir='ltr'>statim</span> <span class='ocrx_word' id='word_1_890' title='bbox 870 3355 916 3380; x_wconf 83' lang='lat' dir='ltr'>Pa.</span> 
     </span>
    </p>

    <p class='ocr_par' dir='ltr' id='par_1_23' title="bbox 398 3387 1466 3458">
     <span class='ocr_line' id='line_1_124' title="bbox 450 3387 1466 3427; baseline 0.002 -15"><span class='ocrx_word' id='word_1_891' title='bbox 450 3387 472 3427; x_wconf 61' lang='grc' dir='ltr'>ς)</span> <span class='ocrx_word' id='word_1_892' title='bbox 491 3389 629 3421; x_wconf 75' lang='lat' dir='ltr'>scyphum.</span> <span class='ocrx_word' id='word_1_893' title='bbox 648 3404 666 3408; x_wconf 97' lang='lat'>—</span> <span class='ocrx_word' id='word_1_894' title='bbox 683 3397 795 3421; x_wconf 84' lang='lat' dir='ltr'>cuprum</span> <span class='ocrx_word' id='word_1_895' title='bbox 810 3390 857 3415; x_wconf 86' lang='lat' dir='ltr'>Pa.</span> <span class='ocrx_word' id='word_1_896' title='bbox 870 3403 888 3410; x_wconf 83' lang='lat'>·-</span> <span class='ocrx_word' id='word_1_897' title='bbox 902 3391 952 3415; x_wconf 85' lang='lat' dir='ltr'>Pro</span> <span class='ocrx_word' id='word_1_898' title='bbox 965 3390 1152 3420; x_wconf 83' lang='lat' dir='ltr'>assiccaretur,</span> <span class='ocrx_word' id='word_1_899' title='bbox 1167 3389 1398 3415; x_wconf 79' lang='lat' dir='ltr'>exterminaretur</span> <span class='ocrx_word' id='word_1_900' title='bbox 1412 3396 1466 3422; x_wconf 80' lang='lat' dir='ltr'>per</span> 
     </span>
     <span class='ocr_line' id='line_1_125' title="bbox 398 3423 1155 3458; baseline 0.005 -12"><span class='ocrx_word' id='word_1_901' title='bbox 398 3423 612 3452; x_wconf 74' lang='lat' dir='ltr'>exsiccationem,</span> <span class='ocrx_word' id='word_1_902' title='bbox 632 3429 656 3449; x_wconf 91' lang='lat' dir='ltr'>et</span> <span class='ocrx_word' id='word_1_903' title='bbox 675 3433 722 3457; x_wconf 89' lang='lat' dir='ltr'>pro</span> <span class='ocrx_word' id='word_1_904' title='bbox 735 3425 922 3457; x_wconf 78' lang='lat' dir='ltr'>proiiceretur,</span> <span class='ocrx_word' id='word_1_905' title='bbox 939 3425 1084 3458; x_wconf 74' lang='lat' dir='ltr'>proficeret</span> <span class='ocrx_word' id='word_1_906' title='bbox 1101 3426 1155 3450; x_wconf 79' lang='grc' dir='ltr'>ΑΒ.</span> 
     </span>
    </p>

    <p class='ocr_par' dir='ltr' id='par_1_24' title="bbox 400 3456 1464 3524">
     <span class='ocr_line' id='line_1_126' title="bbox 431 3456 1464 3518; baseline -0.001 -33"><span class='ocrx_word' id='word_1_907' title='bbox 431 3456 691 3518; x_wconf 50' lang='grc' dir='ltr'>ὶᾩόζῖεεηείῡῐίίεεν.</span> <span class='ocrx_word' id='word_1_908' title='bbox 703 3474 722 3479; x_wconf 95' lang='grc'>-</span> <span class='ocrx_word' id='word_1_909' title='bbox 735 3461 792 3485; x_wconf 83' lang='lat' dir='ltr'>Hoc</span> <span class='ocrx_word' id='word_1_910' title='bbox 810 3468 863 3486; x_wconf 88' lang='lat' dir='ltr'>om.</span> <span class='ocrx_word' id='word_1_911' title='bbox 883 3461 932 3491; x_wconf 79' lang='lat' dir='ltr'>Pa,</span> <span class='ocrx_word' id='word_1_912' title='bbox 954 3461 1073 3494; x_wconf 77' lang='lat' dir='ltr'>quamvis</span> <span class='ocrx_word' id='word_1_913' title='bbox 1093 3461 1279 3494; x_wconf 76' lang='lat' dir='ltr'>correspondet</span> <span class='ocrx_word' id='word_1_914' title='bbox 1298 3460 1376 3486; x_wconf 80' lang='lat' dir='ltr'>textui</span> <span class='ocrx_word' id='word_1_915' title='bbox 1396 3457 1464 3495; x_wconf 75' lang='grc' dir='ltr'>ταχὺ</span> 
     </span>
     <span class='ocr_line' id='line_1_127' title="bbox 400 3500 570 3524; baseline 0.006 -8"><span class='ocrx_word' id='word_1_916' title='bbox 400 3500 433 3516; x_wconf 73' lang='grc' dir='ltr'>κα</span> <span class='ocrx_word' id='word_1_917' title='bbox 462 3504 477 3519; x_wconf 81' lang='grc' dir='ltr'><strong>α</strong></span> <span class='ocrx_word' id='word_1_918' title='bbox 495 3502 510 3524; x_wconf 85' lang='grc' dir='ltr'>η</span> <span class='ocrx_word' id='word_1_919' title='bbox 529 3503 570 3523; x_wconf 83' lang='grc' dir='ltr'>ως.</span> 
     </span>
    </p>

    <p class='ocr_par' dir='ltr' id='par_1_25' title="bbox 401 3530 1465 3634">
     <span class='ocr_line' id='line_1_128' title="bbox 457 3530 1465 3564; baseline 0.004 -11"><span class='ocrx_word' id='word_1_920' title='bbox 457 3531 484 3562; x_wconf 86' lang='grc' dir='ltr'>η)</span> <span class='ocrx_word' id='word_1_921' title='bbox 505 3530 530 3554; x_wconf 86' lang='lat' dir='ltr'>in</span> <span class='ocrx_word' id='word_1_922' title='bbox 549 3530 617 3554; x_wconf 83' lang='lat' dir='ltr'>libro</span> <span class='ocrx_word' id='word_1_923' title='bbox 663 3530 779 3556; x_wconf 87' lang='lat' dir='ltr'>Phaedo.</span> <span class='ocrx_word' id='word_1_924' title='bbox 790 3544 809 3550; x_wconf 93' lang='lat'>-</span> <span class='ocrx_word' id='word_1_925' title='bbox 822 3531 848 3556; x_wconf 82' lang='lat' dir='ltr'>in</span> <span class='ocrx_word' id='word_1_926' title='bbox 868 3531 913 3557; x_wconf 89' lang='lat' dir='ltr'>illo</span> <span class='ocrx_word' id='word_1_927' title='bbox 927 3531 994 3557; x_wconf 83' lang='lat' dir='ltr'>libro</span> <span class='ocrx_word' id='word_1_928' title='bbox 1009 3531 1054 3564; x_wconf 81' lang='lat' dir='ltr'>qui</span> <span class='ocrx_word' id='word_1_929' title='bbox 1073 3532 1229 3557; x_wconf 78' lang='lat' dir='ltr'>intitulatur</span> <span class='ocrx_word' id='word_1_930' title='bbox 1243 3532 1393 3557; x_wconf 75' lang='lat' dir='ltr'>Pliaedom&#39;s</span> <span class='ocrx_word' id='word_1_931' title='bbox 1406 3532 1465 3562; x_wconf 82' lang='grc' dir='ltr'>ΑΒ;</span> 
     </span>
     <span class='ocr_line' id='line_1_129' title="bbox 401 3564 1465 3601; baseline 0 -10"><span class='ocrx_word' id='word_1_932' title='bbox 401 3574 449 3599; x_wconf 84' lang='lat' dir='ltr'>pro</span> <span class='ocrx_word' id='word_1_933' title='bbox 464 3564 580 3593; x_wconf 85' lang='lat' dir='ltr'>Phaedo‚</span> <span class='ocrx_word' id='word_1_934' title='bbox 594 3564 718 3590; x_wconf 79' lang='lat' dir='ltr'>Phaedon</span> <span class='ocrx_word' id='word_1_935' title='bbox 732 3566 778 3590; x_wconf 87' lang='lat' dir='ltr'>Pa.</span> <span class='ocrx_word' id='word_1_936' title='bbox 792 3579 810 3585; x_wconf 88' lang='lat'><em>-</em></span> <span class='ocrx_word' id='word_1_937' title='bbox 822 3567 866 3591; x_wconf 85' lang='grc' dir='ltr'>ΑΒ</span> <span class='ocrx_word' id='word_1_938' title='bbox 881 3571 906 3591; x_wconf 90' lang='lat' dir='ltr'>et</span> <span class='ocrx_word' id='word_1_939' title='bbox 920 3574 1010 3599; x_wconf 77' lang='lat' dir='ltr'>margo</span> <span class='ocrx_word' id='word_1_940' title='bbox 1024 3567 1082 3592; x_wconf 80' lang='lat' dir='ltr'>Vat.</span> <span class='ocrx_word' id='word_1_941' title='bbox 1099 3575 1165 3600; x_wconf 86' lang='lat'><em>2072</em></span> <span class='ocrx_word' id='word_1_942' title='bbox 1181 3575 1228 3600; x_wconf 84' lang='lat' dir='ltr'>pro</span> <span class='ocrx_word' id='word_1_943' title='bbox 1241 3570 1268 3592; x_wconf 85' lang='lat' dir='ltr'>et</span> <span class='ocrx_word' id='word_1_944' title='bbox 1287 3573 1362 3593; x_wconf 88' lang='lat' dir='ltr'>mare</span> <span class='ocrx_word' id='word_1_945' title='bbox 1375 3568 1465 3601; x_wconf 83' lang='lat' dir='ltr'>legunt</span> 
     </span>
     <span class='ocr_line' id='line_1_130' title="bbox 401 3600 1255 3634; baseline 0.001 -8"><span class='ocrx_word' id='word_1_946' title='bbox 401 3605 428 3626; x_wconf 90' lang='lat' dir='ltr'>et</span> <span class='ocrx_word' id='word_1_947' title='bbox 446 3600 549 3629; x_wconf 59' lang='lat' dir='ltr'>marias</span> <span class='ocrx_word' id='word_1_948' title='bbox 567 3607 615 3632; x_wconf 89' lang='lat' dir='ltr'>pro</span> <span class='ocrx_word' id='word_1_949' title='bbox 634 3601 722 3632; x_wconf 78' lang='lat' dir='ltr'>quasi,</span> <span class='ocrx_word' id='word_1_950' title='bbox 742 3608 774 3626; x_wconf 87' lang='lat' dir='ltr'>ac</span> <span class='ocrx_word' id='word_1_951' title='bbox 792 3601 829 3630; x_wconf 69' lang='grc' dir='ltr'>εἰ,-</span> <span class='ocrx_word' id='word_1_952' title='bbox 848 3606 873 3626; x_wconf 90' lang='lat' dir='ltr'>et</span> <span class='ocrx_word' id='word_1_953' title='bbox 891 3609 939 3634; x_wconf 86' lang='lat' dir='ltr'>pro</span> <span class='ocrx_word' id='word_1_954' title='bbox 957 3609 974 3626; x_wconf 92' lang='lat' dir='ltr'>a</span> <span class='ocrx_word' id='word_1_955' title='bbox 994 3602 1072 3632; x_wconf 86' lang='lat' dir='ltr'>mari,</span> <span class='ocrx_word' id='word_1_956' title='bbox 1092 3609 1109 3627; x_wconf 84' lang='lat' dir='ltr'>a</span> <span class='ocrx_word' id='word_1_957' title='bbox 1129 3603 1255 3628; x_wconf 75' lang='lat' dir='ltr'>maribus.</span> 
     </span>
    </p>

    <p class='ocr_par' dir='ltr' id='par_1_26' title="bbox 455 3634 1466 3672">
     <span class='ocr_line' id='line_1_131' title="bbox 455 3634 1466 3672; baseline 0.003 -12"><span class='ocrx_word' id='word_1_958' title='bbox 455 3634 480 3669; x_wconf 81' lang='lat'>⁰)</span> <span class='ocrx_word' id='word_1_959' title='bbox 500 3642 589 3661; x_wconf 82' lang='lat' dir='ltr'>omnes</span> <span class='ocrx_word' id='word_1_960' title='bbox 601 3642 684 3668; x_wconf 82' lang='lat' dir='ltr'>aquas</span> <span class='ocrx_word' id='word_1_961' title='bbox 697 3643 764 3668; x_wconf 83' lang='lat' dir='ltr'>quae</span> <span class='ocrx_word' id='word_1_962' title='bbox 775 3643 826 3661; x_wconf 87' lang='lat' dir='ltr'>non</span> <span class='ocrx_word' id='word_1_963' title='bbox 835 3637 960 3671; x_wconf 84' lang='lat' dir='ltr'>fluunt...</span> <span class='ocrx_word' id='word_1_964' title='bbox 967 3638 1062 3670; x_wconf 78' lang='lat' dir='ltr'>sontes</span> <span class='ocrx_word' id='word_1_965' title='bbox 1076 3641 1102 3662; x_wconf 90' lang='lat' dir='ltr'>et</span> <span class='ocrx_word' id='word_1_966' title='bbox 1108 3638 1233 3672; x_wconf 77' lang='lat' dir='ltr'>flumina.</span> <span class='ocrx_word' id='word_1_967' title='bbox 1245 3651 1264 3658; x_wconf 89' lang='lat'>—</span> <span class='ocrx_word' id='word_1_968' title='bbox 1277 3645 1368 3663; x_wconf 81' lang='lat' dir='ltr'>omnes</span> <span class='ocrx_word' id='word_1_969' title='bbox 1381 3645 1466 3671; x_wconf 75' lang='lat' dir='ltr'>aquas</span> 
     </span>
    </p>
   </div>
   <div class='ocr_carea' id='block_1_17' title="bbox 1511 3141 2593 3673">
    <p class='ocr_par' dir='ltr' id='par_1_27' title="bbox 1511 3141 2592 3209">
     <span class='ocr_line' id='line_1_132' title="bbox 1511 3141 2592 3176; baseline 0.005 -11"><span class='ocrx_word' id='word_1_970' title='bbox 1511 3142 1636 3175; x_wconf 77' lang='lat' dir='ltr'>fluentes,</span> <span class='ocrx_word' id='word_1_971' title='bbox 1655 3142 1724 3166; x_wconf 82' lang='lat' dir='ltr'>sicut</span> <span class='ocrx_word' id='word_1_972' title='bbox 1741 3145 1805 3166; x_wconf 77' lang='lat' dir='ltr'>sunt</span> <span class='ocrx_word' id='word_1_973' title='bbox 1816 3141 1944 3175; x_wconf 78' lang='lat' dir='ltr'>flumina,</span> <span class='ocrx_word' id='word_1_974' title='bbox 1963 3144 1990 3166; x_wconf 88' lang='lat' dir='ltr'>et</span> <span class='ocrx_word' id='word_1_975' title='bbox 2009 3148 2061 3166; x_wconf 87' lang='lat' dir='ltr'>non</span> <span class='ocrx_word' id='word_1_976' title='bbox 2074 3142 2199 3176; x_wconf 73' lang='lat' dir='ltr'>fluentes,</span> <span class='ocrx_word' id='word_1_977' title='bbox 2218 3141 2289 3168; x_wconf 75' lang='lat' dir='ltr'>sicut</span> <span class='ocrx_word' id='word_1_978' title='bbox 2306 3145 2370 3168; x_wconf 81' lang='lat' dir='ltr'>sunt</span> <span class='ocrx_word' id='word_1_979' title='bbox 2388 3143 2477 3168; x_wconf 73' lang='lat' dir='ltr'>mar-ia</span> <span class='ocrx_word' id='word_1_980' title='bbox 2491 3146 2519 3169; x_wconf 75' lang='lat' dir='ltr'>et</span> <span class='ocrx_word' id='word_1_981' title='bbox 2535 3147 2592 3170; x_wconf 75' lang='lat' dir='ltr'>eta·</span> 
     </span>
     <span class='ocr_line' id='line_1_133' title="bbox 1518 3177 1646 3209; baseline 0 -8"><span class='ocrx_word' id='word_1_982' title='bbox 1518 3183 1574 3209; x_wconf 81' lang='lat' dir='ltr'>gna</span> <span class='ocrx_word' id='word_1_983' title='bbox 1592 3177 1646 3202; x_wconf 86' lang='grc' dir='ltr'>ΑΒ.</span> 
     </span>
    </p>

    <p class='ocr_par' dir='ltr' id='par_1_28' title="bbox 1520 3211 2593 3281">
     <span class='ocr_line' id='line_1_134' title="bbox 1573 3211 2593 3249; baseline 0.004 -12"><span class='ocrx_word' id='word_1_984' title='bbox 1573 3212 1591 3244; x_wconf 84' lang='grc' dir='ltr'>ι)</span> <span class='ocrx_word' id='word_1_985' title='bbox 1611 3212 1648 3237; x_wconf 86' lang='lat' dir='ltr'>ad</span> <span class='ocrx_word' id='word_1_986' title='bbox 1661 3211 1780 3246; x_wconf 78' lang='lat' dir='ltr'>singulos</span> <span class='ocrx_word' id='word_1_987' title='bbox 1793 3212 1939 3238; x_wconf 76' lang='lat' dir='ltr'>discursus.</span> <span class='ocrx_word' id='word_1_988' title='bbox 1951 3225 1971 3231; x_wconf 94' lang='lat'>-</span> <span class='ocrx_word' id='word_1_989' title='bbox 1983 3212 2034 3237; x_wconf 85' lang='lat' dir='ltr'>Pro</span> <span class='ocrx_word' id='word_1_990' title='bbox 2047 3213 2092 3242; x_wconf 83' lang='lat' dir='ltr'>ad,</span> <span class='ocrx_word' id='word_1_991' title='bbox 2106 3212 2252 3238; x_wconf 80' lang='lat' dir='ltr'>secundum</span> <span class='ocrx_word' id='word_1_992' title='bbox 2265 3213 2319 3239; x_wconf 82' lang='grc' dir='ltr'>ΑΒ.</span> <span class='ocrx_word' id='word_1_993' title='bbox 2332 3226 2351 3233; x_wconf 88' lang='lat'>·-</span> <span class='ocrx_word' id='word_1_994' title='bbox 2365 3212 2445 3239; x_wconf 83' lang='lat' dir='ltr'>Iidem</span> <span class='ocrx_word' id='word_1_995' title='bbox 2458 3221 2506 3247; x_wconf 80' lang='lat' dir='ltr'>pm</span> <span class='ocrx_word' id='word_1_996' title='bbox 2519 3215 2593 3249; x_wconf 71' lang='lat' dir='ltr'>quod</span> 
     </span>
     <span class='ocr_line' id='line_1_135' title="bbox 1520 3247 2196 3281; baseline 0.003 -9"><span class='ocrx_word' id='word_1_997' title='bbox 1520 3247 1579 3272; x_wconf 83' lang='lat' dir='ltr'>ideo</span> <span class='ocrx_word' id='word_1_998' title='bbox 1597 3247 1730 3281; x_wconf 78' lang='lat' dir='ltr'>contingit</span> <span class='ocrx_word' id='word_1_999' title='bbox 1748 3248 1820 3280; x_wconf 84' lang='lat' dir='ltr'>quia,</span> <span class='ocrx_word' id='word_1_1000' title='bbox 1840 3250 1867 3273; x_wconf 85' lang='lat' dir='ltr'>et</span> <span class='ocrx_word' id='word_1_1001' title='bbox 1885 3247 1945 3273; x_wconf 83' lang='lat' dir='ltr'>ideo</span> <span class='ocrx_word' id='word_1_1002' title='bbox 1963 3248 2096 3281; x_wconf 69' lang='lat' dir='ltr'>contingit</span> <span class='ocrx_word' id='word_1_1003' title='bbox 2115 3248 2196 3281; x_wconf 83' lang='lat' dir='ltr'>quod.</span> 
     </span>
    </p>

    <p class='ocr_par' dir='ltr' id='par_1_29' title="bbox 1573 3282 2591 3317">
     <span class='ocr_line' id='line_1_136' title="bbox 1573 3282 2591 3317; baseline 0.004 -9"><span class='ocrx_word' id='word_1_1004' title='bbox 1573 3282 1599 3315; x_wconf 73' lang='grc' dir='ltr'>κ)</span> <span class='ocrx_word' id='word_1_1005' title='bbox 1615 3290 1667 3308; x_wconf 86' lang='lat' dir='ltr'>non</span> <span class='ocrx_word' id='word_1_1006' title='bbox 1687 3286 1891 3309; x_wconf 63' lang='lat' dir='ltr'>tanturm-non</span> <span class='ocrx_word' id='word_1_1007' title='bbox 1909 3286 1997 3309; x_wconf 84' lang='lat' dir='ltr'>tamen</span> <span class='ocrx_word' id='word_1_1008' title='bbox 2014 3284 2068 3309; x_wconf 78' lang='lat' dir='ltr'>AB.</span> <span class='ocrx_word' id='word_1_1009' title='bbox 2078 3283 2186 3309; x_wconf 85' lang='lat' dir='ltr'>-lidem</span> <span class='ocrx_word' id='word_1_1010' title='bbox 2201 3287 2262 3316; x_wconf 69' lang='lat' dir='ltr'>post</span> <span class='ocrx_word' id='word_1_1011' title='bbox 2276 3284 2320 3309; x_wconf 81' lang='lat' dir='ltr'>lin.</span> <span class='ocrx_word' id='word_1_1012' title='bbox 2330 3291 2379 3317; x_wconf 75' lang='lat' dir='ltr'>pro</span> <span class='ocrx_word' id='word_1_1013' title='bbox 2395 3286 2422 3310; x_wconf 72' lang='lat' dir='ltr'>et</span> <span class='ocrx_word' id='word_1_1014' title='bbox 2435 3284 2498 3316; x_wconf 74' lang='lat' dir='ltr'>alia,</span> <span class='ocrx_word' id='word_1_1015' title='bbox 2515 3285 2591 3312; x_wconf 72' lang='lat' dir='ltr'>talia.</span> 
     </span>
    </p>

    <p class='ocr_par' dir='ltr' id='par_1_30' title="bbox 1518 3317 2592 3424">
     <span class='ocr_line' id='line_1_137' title="bbox 1572 3317 2591 3356; baseline 0.003 -13"><span class='ocrx_word' id='word_1_1016' title='bbox 1572 3317 1600 3350; x_wconf 88' lang='grc' dir='ltr'>λ)</span> <span class='ocrx_word' id='word_1_1017' title='bbox 1620 3319 1790 3352; x_wconf 82' lang='lat' dir='ltr'>effluxerunt.</span> <span class='ocrx_word' id='word_1_1018' title='bbox 1802 3332 1821 3338; x_wconf 90' lang='lat'><em>-</em></span> <span class='ocrx_word' id='word_1_1019' title='bbox 1834 3319 1963 3344; x_wconf 81' lang='lat' dir='ltr'>exierunt</span> <span class='ocrx_word' id='word_1_1020' title='bbox 1981 3320 2035 3344; x_wconf 87' lang='lat' dir='ltr'>AB.</span> <span class='ocrx_word' id='word_1_1021' title='bbox 2049 3333 2067 3339; x_wconf 94' lang='lat'>—</span> <span class='ocrx_word' id='word_1_1022' title='bbox 2081 3319 2132 3344; x_wconf 84' lang='lat' dir='ltr'>Pro</span> <span class='ocrx_word' id='word_1_1023' title='bbox 2152 3319 2223 3345; x_wconf 83' lang='lat' dir='ltr'>unde</span> <span class='ocrx_word' id='word_1_1024' title='bbox 2241 3319 2411 3353; x_wconf 75' lang='lat' dir='ltr'>effluxerant,</span> <span class='ocrx_word' id='word_1_1025' title='bbox 2431 3320 2502 3346; x_wconf 82' lang='lat' dir='ltr'>unde</span> <span class='ocrx_word' id='word_1_1026' title='bbox 2518 3321 2591 3356; x_wconf 75' lang='lat' dir='ltr'>efflu-</span> 
     </span>
     <span class='ocr_line' id='line_1_138' title="bbox 1518 3354 2592 3392; baseline 0.004 -13"><span class='ocrx_word' id='word_1_1027' title='bbox 1518 3357 1620 3379; x_wconf 88' lang='lat' dir='ltr'>xerunt</span> <span class='ocrx_word' id='word_1_1028' title='bbox 1638 3355 1673 3384; x_wconf 87' lang='lat' dir='ltr'>A,</span> <span class='ocrx_word' id='word_1_1029' title='bbox 1694 3355 1764 3380; x_wconf 85' lang='lat' dir='ltr'>unde</span> <span class='ocrx_word' id='word_1_1030' title='bbox 1784 3355 1952 3389; x_wconf 78' lang='lat' dir='ltr'>refluxerunt</span> <span class='ocrx_word' id='word_1_1031' title='bbox 1969 3355 2003 3386; x_wconf 87' lang='lat' dir='ltr'>B;</span> <span class='ocrx_word' id='word_1_1032' title='bbox 2022 3362 2071 3388; x_wconf 88' lang='lat' dir='ltr'>pro</span> <span class='ocrx_word' id='word_1_1033' title='bbox 2084 3354 2109 3380; x_wconf 81' lang='lat' dir='ltr'>si</span> <span class='ocrx_word' id='word_1_1034' title='bbox 2122 3355 2292 3389; x_wconf 77' lang='lat' dir='ltr'>effluxerunt,</span> <span class='ocrx_word' id='word_1_1035' title='bbox 2306 3355 2331 3380; x_wconf 79' lang='lat' dir='ltr'>si</span> <span class='ocrx_word' id='word_1_1036' title='bbox 2344 3355 2493 3389; x_wconf 69' lang='lat' dir='ltr'>inciperent</span> <span class='ocrx_word' id='word_1_1037' title='bbox 2501 3357 2592 3392; x_wconf 57' lang='lat' dir='ltr'>,fluere</span> 
     </span>
     <span class='ocr_line' id='line_1_139' title="bbox 1519 3390 2188 3424; baseline 0.003 -10"><span class='ocrx_word' id='word_1_1038' title='bbox 1519 3390 1579 3420; x_wconf 82' lang='grc' dir='ltr'>ΑΒ;</span> <span class='ocrx_word' id='word_1_1039' title='bbox 1599 3398 1646 3423; x_wconf 83' lang='lat' dir='ltr'>pro</span> <span class='ocrx_word' id='word_1_1040' title='bbox 1666 3390 1911 3423; x_wconf 83' lang='lat' dir='ltr'>reingrederentur,</span> <span class='ocrx_word' id='word_1_1041' title='bbox 1931 3390 2140 3424; x_wconf 75' lang='lat' dir='ltr'>regrederentur</span> <span class='ocrx_word' id='word_1_1042' title='bbox 2157 3391 2188 3416; x_wconf 81' lang='grc' dir='ltr'>Β.</span> 
     </span>
    </p>

    <p class='ocr_par' dir='ltr' id='par_1_31' title="bbox 1521 3426 2591 3566">
     <span class='ocr_line' id='line_1_140' title="bbox 1574 3426 2590 3460; baseline 0.003 -10"><span class='ocrx_word' id='word_1_1043' title='bbox 1574 3426 1601 3460; x_wconf 77' lang='grc' dir='ltr'>μ)</span> <span class='ocrx_word' id='word_1_1044' title='bbox 1617 3433 1634 3450; x_wconf 88' lang='lat' dir='ltr'>a</span> <span class='ocrx_word' id='word_1_1045' title='bbox 1647 3433 1698 3458; x_wconf 81' lang='lat' dir='ltr'>quo</span> <span class='ocrx_word' id='word_1_1046' title='bbox 1706 3426 1862 3460; x_wconf 79' lang='lat' dir='ltr'>fluxerunt.</span> <span class='ocrx_word' id='word_1_1047' title='bbox 1874 3440 1894 3445; x_wconf 90' lang='lat'>-</span> <span class='ocrx_word' id='word_1_1048' title='bbox 1903 3426 1976 3452; x_wconf 81' lang='lat' dir='ltr'>circa</span> <span class='ocrx_word' id='word_1_1049' title='bbox 1989 3428 2091 3451; x_wconf 82' lang='lat' dir='ltr'>terram</span> <span class='ocrx_word' id='word_1_1050' title='bbox 2106 3426 2165 3451; x_wconf 80' lang='lat' dir='ltr'>add.</span> <span class='ocrx_word' id='word_1_1051' title='bbox 2177 3426 2231 3456; x_wconf 85' lang='grc' dir='ltr'>ΑΒ,</span> <span class='ocrx_word' id='word_1_1052' title='bbox 2245 3426 2316 3459; x_wconf 90' lang='lat' dir='ltr'>quod</span> <span class='ocrx_word' id='word_1_1053' title='bbox 2335 3426 2446 3460; x_wconf 71' lang='lat' dir='ltr'>quadret</span> <span class='ocrx_word' id='word_1_1054' title='bbox 2458 3433 2519 3452; x_wconf 83' lang='lat' dir='ltr'>cum</span> <span class='ocrx_word' id='word_1_1055' title='bbox 2530 3434 2590 3453; x_wconf 59' lang='lat' dir='ltr'>verb</span> 
     </span>
     <span class='ocr_line' id='line_1_141' title="bbox 1521 3461 2591 3496; baseline 0.002 -10"><span class='ocrx_word' id='word_1_1056' title='bbox 1521 3461 1593 3486; x_wconf 85' lang='lat' dir='ltr'>sione</span> <span class='ocrx_word' id='word_1_1057' title='bbox 1611 3468 1629 3486; x_wconf 86' lang='lat' dir='ltr'>a</span> <span class='ocrx_word' id='word_1_1058' title='bbox 1648 3468 1700 3494; x_wconf 82' lang='lat' dir='ltr'>quo</span> <span class='ocrx_word' id='word_1_1059' title='bbox 1718 3461 1914 3496; x_wconf 80' lang='lat' dir='ltr'>circumfluunt.</span> <span class='ocrx_word' id='word_1_1060' title='bbox 1927 3475 1946 3480; x_wconf 99' lang='lat'>-</span> <span class='ocrx_word' id='word_1_1061' title='bbox 1960 3461 2011 3486; x_wconf 78' lang='lat' dir='ltr'>Pro</span> <span class='ocrx_word' id='word_1_1062' title='bbox 2022 3461 2095 3494; x_wconf 82' lang='lat' dir='ltr'>quod</span> <span class='ocrx_word' id='word_1_1063' title='bbox 2116 3468 2228 3494; x_wconf 77' lang='lat' dir='ltr'>semper,</span> <span class='ocrx_word' id='word_1_1064' title='bbox 2243 3461 2307 3495; x_wconf 79' lang='lat' dir='ltr'>quia</span> <span class='ocrx_word' id='word_1_1065' title='bbox 2325 3469 2430 3494; x_wconf 76' lang='lat' dir='ltr'>semper</span> <span class='ocrx_word' id='word_1_1066' title='bbox 2443 3462 2505 3494; x_wconf 67' lang='lat' dir='ltr'>Aug</span> <span class='ocrx_word' id='word_1_1067' title='bbox 2523 3470 2591 3496; x_wconf 75' lang='lat' dir='ltr'>quae</span> 
     </span>
     <span class='ocr_line' id='line_1_142' title="bbox 1521 3497 2590 3530; baseline 0.003 -9"><span class='ocrx_word' id='word_1_1068' title='bbox 1521 3497 1596 3522; x_wconf 87' lang='lat' dir='ltr'>codd.</span> <span class='ocrx_word' id='word_1_1069' title='bbox 1607 3497 1682 3522; x_wconf 88' lang='lat' dir='ltr'>lectio</span> <span class='ocrx_word' id='word_1_1070' title='bbox 1693 3497 1799 3522; x_wconf 88' lang='lat' dir='ltr'>innuere</span> <span class='ocrx_word' id='word_1_1071' title='bbox 1811 3497 1912 3522; x_wconf 85' lang='lat' dir='ltr'>videtur</span> <span class='ocrx_word' id='word_1_1072' title='bbox 1926 3504 1987 3522; x_wconf 85' lang='lat' dir='ltr'>mox</span> <span class='ocrx_word' id='word_1_1073' title='bbox 1999 3505 2048 3530; x_wconf 83' lang='lat' dir='ltr'>pro</span> <span class='ocrx_word' id='word_1_1074' title='bbox 2061 3499 2174 3523; x_wconf 75' lang='lat' dir='ltr'>vocatur</span> <span class='ocrx_word' id='word_1_1075' title='bbox 2187 3497 2253 3523; x_wconf 81' lang='lat' dir='ltr'>forte</span> <span class='ocrx_word' id='word_1_1076' title='bbox 2268 3498 2407 3530; x_wconf 72' lang='lat' dir='ltr'>legendum</span> <span class='ocrx_word' id='word_1_1077' title='bbox 2418 3505 2477 3523; x_wconf 68' lang='lat' dir='ltr'>esse</span> <span class='ocrx_word' id='word_1_1078' title='bbox 2489 3498 2590 3524; x_wconf 73' lang='lat' dir='ltr'>vocari.</span> 
     </span>
     <span class='ocr_line' id='line_1_143' title="bbox 1521 3532 2549 3566; baseline 0.001 -9"><span class='ocrx_word' id='word_1_1079' title='bbox 1521 3532 1559 3557; x_wconf 84' lang='lat' dir='ltr'>Cf.</span> <span class='ocrx_word' id='word_1_1080' title='bbox 1574 3537 1659 3557; x_wconf 80' lang='lat' dir='ltr'>tamen</span> <span class='ocrx_word' id='word_1_1081' title='bbox 1678 3533 1854 3557; x_wconf 80' lang='lat' dir='ltr'>Alexandrum</span> <span class='ocrx_word' id='word_1_1082' title='bbox 1873 3537 1899 3557; x_wconf 86' lang='lat' dir='ltr'>et</span> <span class='ocrx_word' id='word_1_1083' title='bbox 1917 3532 2136 3566; x_wconf 81' lang='lat' dir='ltr'>olympiodorum</span> <span class='ocrx_word' id='word_1_1084' title='bbox 2155 3533 2181 3558; x_wconf 88' lang='lat' dir='ltr'>in</span> <span class='ocrx_word' id='word_1_1085' title='bbox 2200 3532 2269 3558; x_wconf 87' lang='lat' dir='ltr'>hunc</span> <span class='ocrx_word' id='word_1_1086' title='bbox 2287 3532 2435 3558; x_wconf 65' lang='lat' dir='ltr'>Aristotelis</span> <span class='ocrx_word' id='word_1_1087' title='bbox 2454 3533 2549 3559; x_wconf 82' lang='lat' dir='ltr'>locum.</span> 
     </span>
    </p>

    <p class='ocr_par' dir='ltr' id='par_1_32' title="bbox 1515 3567 2590 3673">
     <span class='ocr_line' id='line_1_144' title="bbox 1574 3567 2590 3602; baseline 0.002 -10"><span class='ocrx_word' id='word_1_1088' title='bbox 1574 3568 1597 3600; x_wconf 91' lang='grc' dir='ltr'>ν)</span> <span class='ocrx_word' id='word_1_1089' title='bbox 1617 3567 1748 3602; x_wconf 83' lang='lat' dir='ltr'>effluentia</span> <span class='ocrx_word' id='word_1_1090' title='bbox 1766 3571 1855 3593; x_wconf 88' lang='lat' dir='ltr'>autem</span> <span class='ocrx_word' id='word_1_1091' title='bbox 1879 3567 1997 3593; x_wconf 80' lang='lat' dir='ltr'>Tartari.</span> <span class='ocrx_word' id='word_1_1092' title='bbox 2010 3581 2029 3587; x_wconf 91' lang='lat'>-</span> <span class='ocrx_word' id='word_1_1093' title='bbox 2048 3568 2104 3593; x_wconf 84' lang='lat' dir='ltr'>Hoc</span> <span class='ocrx_word' id='word_1_1094' title='bbox 2123 3567 2320 3593; x_wconf 84' lang='lat' dir='ltr'>homoteleuton</span> <span class='ocrx_word' id='word_1_1095' title='bbox 2338 3576 2392 3594; x_wconf 89' lang='lat' dir='ltr'>om.</span> <span class='ocrx_word' id='word_1_1096' title='bbox 2409 3569 2439 3593; x_wconf 91' lang='lat' dir='ltr'>B.</span> <span class='ocrx_word' id='word_1_1097' title='bbox 2451 3581 2472 3588; x_wconf 91' lang='lat'>-</span> <span class='ocrx_word' id='word_1_1098' title='bbox 2484 3567 2535 3593; x_wconf 80' lang='lat' dir='ltr'>Pro</span> <span class='ocrx_word' id='word_1_1099' title='bbox 2549 3567 2590 3594; x_wconf 83' lang='lat' dir='ltr'>in-</span> 
     </span>
     <span class='ocr_line' id='line_1_145' title="bbox 1522 3602 2590 3638; baseline 0.001 -10"><span class='ocrx_word' id='word_1_1100' title='bbox 1522 3602 1676 3636; x_wconf 73' lang='lat' dir='ltr'>differenter</span> <span class='ocrx_word' id='word_1_1101' title='bbox 1688 3603 1761 3638; x_wconf 79' lang='lat' dir='ltr'>fluat</span> <span class='ocrx_word' id='word_1_1102' title='bbox 1779 3603 1816 3628; x_wconf 84' lang='lat' dir='ltr'>ad</span> <span class='ocrx_word' id='word_1_1103' title='bbox 1834 3603 1978 3636; x_wconf 78' lang='lat' dir='ltr'>quamlibet</span> <span class='ocrx_word' id='word_1_1104' title='bbox 1992 3606 2109 3636; x_wconf 83' lang='lat' dir='ltr'>partem,</span> <span class='ocrx_word' id='word_1_1105' title='bbox 2124 3603 2162 3628; x_wconf 86' lang='lat' dir='ltr'>ad</span> <span class='ocrx_word' id='word_1_1106' title='bbox 2173 3610 2366 3637; x_wconf 78' lang='lat' dir='ltr'>quamcumque</span> <span class='ocrx_word' id='word_1_1107' title='bbox 2378 3606 2488 3637; x_wconf 71' lang='lat' dir='ltr'>partem</span> <span class='ocrx_word' id='word_1_1108' title='bbox 2508 3602 2590 3638; x_wconf 67' lang='lat' dir='ltr'>indis-</span> 
     </span>
     <span class='ocr_line' id='line_1_146' title="bbox 1515 3639 1794 3673; baseline -0.004 -9"><span class='ocrx_word' id='word_1_1109' title='bbox 1515 3639 1638 3672; x_wconf 84' lang='lat' dir='ltr'>ferenter</span> <span class='ocrx_word' id='word_1_1110' title='bbox 1649 3639 1723 3673; x_wconf 80' lang='lat' dir='ltr'>fluat</span> <span class='ocrx_word' id='word_1_1111' title='bbox 1740 3639 1794 3664; x_wconf 75' lang='grc' dir='ltr'>ΑΒ.</span> 
     </span>
    </p>
   </div>
   <div class='ocr_carea' id='block_1_18' title="bbox 2639 1748 2782 4134">
    <p class='ocr_par' dir='ltr' id='par_1_33' title="bbox 2639 1748 2782 4134">
     <span class='ocr_line' id='line_1_147' title="bbox 2639 1748 2782 4134; baseline 0 0"><span class='ocrx_word' id='word_1_1112' title='bbox 2639 1748 2782 4134; x_wconf 95' lang='lat' dir='ltr'> </span> 
     </span>
    </p>
   </div>
  </div>
 </body>
</html>
