2782 4134
51 450 63 461 '⁶
79 449 110 470 Ca
129 464 135 469 .
149 455 186 474 xi,
202 454 224 469 n.
238 455 261 476 5;

53 475 107 497 S.T
126 491 131 496 .
146 475 196 496 lect.
207 481 261 501 Xvu,

52 508 75 523 n.
91 507 123 522 10.

51 555 60 564 ·
69 553 180 575 naturale
187 559 261 574 omoe.

52 606 63 617 ¹⁵
78 606 141 627 Lect.
160 611 235 633 praec.

45 1290 54 1299 ”
68 1290 139 1312 Num.
154 1296 180 1311 ιι.

43 1451 52 1459 ·
69 1448 139 1470 Num.
152 1455 200 1476 seq.

43 1505 53 1514 “
63 1509 93 1525 ex
102 1509 129 1525 eo
143 1503 206 1532 quod
218 1510 239 1525 Ρ.

152 1778 185 1794 n.1
194 1779 253 1801 sqq.;

45 1773 191 1822 ὃᾳἹΡὴνῖεοι.
206 1806 238 1821 vn
247 1816 253 1827 ,

43 1832 67 1848 n.
83 1832 107 1847 10
122 1832 174 1854 sqq.

132 2142 254 2164 xu,n.1o;

44 2137 130 2212 55:33¹.
146 2164 197 2185 ieet.
212 2169 242 2184 xx
249 2179 255 2190 ,

291 257 340 293 86

347 335 380 372 5.
410 333 550 380 Tertio,
580 332 653 369 ibi:
683 332 752 367 Est
785 335 909 366 autem
938 334 1079 375 tempus
1109 334 1176 362 etc.
1215 325 1354 382 probat

290 387 393 436 quod
423 394 524 423 extra
544 385 690 422 caelum
710 395 788 419 non
807 382 852 418 sit
869 389 1030 428 tempus.
1057 381 1231 426 Tempus
1251 388 1352 413 emm

292 448 347 476 est
374 451 554 476 numerus
583 444 730 482 motus,
759 442 801 471 ut
837 440 939 482 patet
975 433 1019 491 in·
1049 433 1100 468 IV
1126 431 1277 479 Physic.
1309 430 1351 475 *ς

290 500 417 529 motus
446 499 573 528 autem
601 502 679 526 non
710 494 835 536 potest
873 498 955 522 esse
993 497 1072 521 stne
1100 495 1260 532 corpore
1287 495 1352 519 na-

289 545 418 591 turali,
448 556 584 592 corpus
613 549 739 579 autem
766 539 932 576 naturale
959 538 979 558 ’¹‘
999 549 1070 573 nec
1099 544 1154 573 est
1183 549 1254 573 nec
1283 548 1351 584 po-

289 605 359 634 test
388 609 469 633 esse
498 604 598 633 extra
627 594 790 638 caelum,
820 599 860 628 ut
886 590 1091 638 probatum
1120 597 1175 626 est
1197 590 1233 635 *;
1261 601 1351 637 ergo

290 658 392 687 extra
421 650 566 686 caelum
600 656 678 684 non
705 652 828 694 potest
866 656 947 679 esse
986 655 1057 680 nec
1090 650 1243 692 tempus
1281 654 1352 679 nec

287 709 549 792 mciitilSDeinde
578 764 665 789 cum
695 750 805 787 dicit:
835 749 1085 797 Manifestum
1114 749 1231 799 igitur
1260 757 1350 796 etc.,

286 808 396 844 infert
415 806 695 844 conclusionem
714 804 912 848 intentam;
944 802 1175 839 concludens
1195 802 1351 839 manife-

287 868 386 897 stum
403 872 483 896 esse
506 865 550 895 ex
563 856 763 906 praedictis
779 855 885 905 quod
900 863 1003 893 extra
1022 863 1145 893 totum
1161 857 1351 893 mundum

286 925 358 949 nec
387 920 440 949 est
467 913 594 958 locus,
623 922 747 957 neque
780 921 970 957 vacuum,
1001 921 1125 958 neque
1154 917 1306 957 tempus
1325 907 1349 946 θ.

340 978 375 1013 7.
397 964 544 1002 Deinde
571 975 658 999 cum
680 962 787 999 dicit:
815 963 975 1010 Propter
1002 963 1103 1011 quod
1120 962 1267 1011 quidem
1289 975 1350 999 ne-

285 1030 357 1067 que
385 1018 420 1055 in
444 1018 525 1054 loco
547 1024 628 1063 etc.,
650 1015 811 1052 ostendit
830 1015 956 1064 qualia
975 1023 1062 1052 sunt
1082 1028 1126 1052 ea
1146 1027 1244 1063 quae
1265 1023 1351 1052 sunt

286 1078 387 1108 extra
424 1070 623 1107 mundum.
662 1069 712 1105 Et
740 1068 836 1105 circa
868 1069 943 1106 hoc
973 1069 1049 1106 duo
1079 1068 1185 1105 facit:
1223 1069 1349 1118 primo

286 1123 473 1161 concludit
510 1135 555 1159 ex
590 1121 808 1170 praemissis
846 1134 982 1159 eorum
1015 1122 1254 1171 qualitatem;
1295 1135 1351 1160 se-

285 1177 409 1213 cundo
447 1175 610 1213 ostendit
642 1175 746 1212 idem
785 1187 829 1211 ex
866 1174 924 1213 his
962 1188 1061 1224 quae
1099 1176 1352 1213 communiter

284 1230 456 1266 dicuntur
483 1236 510 1276 ‘,
540 1228 611 1265 ibi:
644 1228 794 1265 Etenim
827 1229 1144 1276 quemadmodum
1173 1229 1210 1266 in
1237 1241 1350 1279 ency-

283 1283 361 1319 cliis
390 1284 408 1302 ἦ
439 1289 507 1318 etc.
543 1281 653 1318 Circa
690 1281 858 1330 primurn
897 1283 974 1319 duo
1003 1282 1109 1319 facit:
1138 1282 1263 1331 primo
1293 1295 1349 1319 re-

281 1342 414 1372 movet
441 1335 488 1371 ab
509 1335 561 1372 eis
581 1334 841 1372 conditionem
864 1346 997 1371 eorum
1025 1348 1124 1384 quae
1153 1343 1240 1372 sunt
1266 1336 1349 1383 hic;

282 1388 450 1425 secundo
490 1387 651 1425 ostendit
678 1387 874 1436 propriam
909 1388 1169 1425 conditionem
1200 1401 1347 1437 eorum,

280 1441 350 1479 ibi:
379 1442 454 1478 Sed
479 1441 727 1478 inalterabilia
750 1442 769 1462 *
799 1448 867 1477 etc.

335 1495 435 1532 Dicit
463 1507 552 1542 ergo
580 1494 704 1543 primo
734 1494 860 1542 quod,
897 1493 985 1543 quia
1069 1502 1171 1532 extra
1200 1496 1347 1532 caelum

281 1560 360 1585 non
389 1555 444 1584 est
470 1548 596 1595 locus,
627 1547 795 1596 sequitur
828 1548 935 1596 quod
973 1560 1018 1584 ea
1051 1560 1148 1597 quae
1182 1549 1235 1585 ibi
1263 1557 1350 1589 sunt

251 1619 256 1625 ·
281 1609 369 1638 nata
399 1614 492 1648 esse,
513 1613 592 1637 non
620 1608 707 1637 sunt
725 1600 764 1637 in
792 1601 890 1638 loco.
911 1601 961 1637 Et
982 1601 1058 1638 hoc
1078 1601 1234 1650 quidem
1263 1603 1350 1639 Ale-

281 1655 425 1692 xander
453 1654 541 1691 dicit
568 1666 682 1703 posse
710 1653 863 1702 intelligi
897 1654 943 1691 de
973 1655 1056 1703 ipso
1086 1656 1212 1702 caelo,
1243 1655 1349 1705 quod

281 1708 436 1756 quidem
470 1717 549 1744 non
579 1715 634 1744 est
660 1707 698 1743 in
735 1708 820 1743 loco
859 1707 1071 1744 secundum
1100 1715 1242 1756 totum,
1281 1709 1348 1746 sed

281 1761 492 1798 secundum
523 1767 670 1810 partes,
699 1767 742 1797 ut
767 1761 951 1809 probatur
978 1760 1016 1797 in
1045 1761 1096 1798 IV
1122 1762 1271 1810 Physic.
1289 1763 1309 1783 ’¹‘
1323 1783 1346 1789 -

281 1815 330 1851 Et
356 1814 504 1861 iterum,
534 1813 623 1862 quia
651 1819 663 1834 ¹
692 1821 844 1862 tempus
873 1826 952 1850 non
978 1821 1033 1850 est
1062 1822 1164 1851 extra
1184 1815 1346 1862 caelum,

282 1867 450 1916 sequitur
468 1867 574 1915 quod
593 1879 672 1903 non
691 1866 763 1903 sint
791 1867 829 1903 in
844 1874 1035 1916 tempore;
1067 1875 1102 1904 et
1126 1867 1176 1905 ita
1195 1875 1348 1917 tempus

282 1933 361 1957 non
379 1920 467 1956 facit
487 1932 531 1956 ea
559 1932 768 1957 senescere.
795 1920 912 1967 Quod
942 1920 1053 1957 etiam
1073 1920 1161 1957 dicit
1185 1922 1347 1959 Alexan-

283 1973 349 2010 der
375 1985 488 2022 posse
518 1973 622 2009 caelo
643 1973 860 2019 convenire,
886 1973 991 2021 quod
1019 1973 1175 2021 quidem
1194 1987 1273 2011 non
1293 1982 1350 2012 est

281 2026 320 2063 in
342 2033 526 2074 tempore,
547 2025 762 2062 secundum
790 2026 894 2074 quod
924 2039 1004 2063 esse
1033 2026 1072 2063 in
1099 2034 1273 2076 tempore
1295 2036 1349 2065 est

282 2078 451 2127 quadam
478 2086 584 2127 parte
612 2078 795 2127 temporis
828 2079 1049 2127 mensurari,
1078 2089 1121 2117 ut
1147 2073 1282 2118 'dicitur
1309 2081 1349 2119 in

283 2133 335 2169 IV
348 2131 497 2180 Physic.
515 2133 535 2153 '¹‘
555 2153 580 2159 -
599 2132 648 2168 Et
676 2144 754 2168 non
778 2132 903 2169 solum
922 2132 1009 2169 talia
1037 2145 1117 2170 non
1145 2143 1348 2171 senescunt

282 2185 321 2221 in
349 2192 538 2234 tempore,
568 2184 636 2221 sed
673 2197 797 2233 neque
837 2193 891 2221 est
925 2186 1048 2234 aliqua
1085 2188 1346 2224 transmutatio

284 2250 417 2274 eorum
445 2250 543 2286 quae
576 2245 662 2274 sunt
683 2250 796 2286 super
823 2238 926 2275 illam
959 2239 1134 2276 lationem
1171 2252 1269 2289 quae
1295 2247 1350 2278 est

282 2291 451 2328 maxime
473 2296 581 2327 extra
601 2290 784 2337 ordinata,
804 2290 899 2328 idest
927 2305 1043 2340 super
1069 2300 1218 2330 motum
1246 2294 1346 2331 loca-

282 2344 359 2380 lem
389 2356 592 2392 corporum
612 2344 775 2381 levium:
796 2352 946 2382 motum
967 2345 1070 2382 enim
1090 2354 1236 2383 rectum
1257 2360 1346 2384 con-

285 2396 407 2433 suevit
433 2409 572 2434 vocare
601 2396 776 2434 lationem
795 2395 819 2433 λ.

338 2449 415 2486 Sed
442 2449 517 2486 hoc
544 2449 801 2489 nonvidetur
833 2462 914 2486 esse
942 2462 1100 2497 verum,
1131 2452 1237 2497 quod
1265 2464 1347 2488 cor-

284 2514 422 2549 porum
459 2501 677 2538 caelestium
714 2514 793 2538 non
821 2502 866 2538 sit
898 2502 1024 2549 aliqua
1061 2503 1346 2550 transmutatio,

287 2566 375 2590 cum
403 2561 632 2591 moveantur
659 2554 841 2590 localiter:
870 2554 941 2590 nisi
978 2555 1073 2591 forte
1112 2566 1348 2603 exponamus

287 2606 335 2643 de
354 2606 665 2642 transmutatione
681 2618 778 2654 quae
794 2613 849 2643 est
863 2606 901 2643 in
921 2607 1140 2644 substantia.
1158 2608 1235 2645 Sed
1253 2609 1349 2645 haec

286 2657 437 2695 videtur
465 2666 608 2695 extorta
636 2658 836 2707 expositio,
867 2671 955 2696 cum
983 2660 1238 2709 Philosophus
1265 2661 1347 2698 uni-

286 2710 480 2748 versaliter
508 2723 665 2748 omnem
685 2711 935 2748 mutationem
965 2713 1147 2750 excludat.
1170 2713 1350 2752 Similiter

289 2763 401 2800 etiarn
430 2776 508 2800 non
534 2771 659 2812 potest
696 2764 768 2801 dici
795 2765 948 2813 proprie
985 2767 1090 2814 quod
1119 2768 1266 2804 caelum
1303 2768 1349 2805 sit

287 2816 348 2862 ihi,
368 2816 465 2853 idest
484 2824 595 2855 extra
623 2818 782 2854 caelum.
803 2819 852 2854 Et
870 2818 956 2855 ideo
987 2819 1272 2858 convenientius
1293 2829 1349 2858 est

288 2868 392 2918 quod
419 2870 493 2906 hoc
529 2869 752 2918 intelligatur
789 2871 835 2907 de
863 2872 948 2908 Deo
984 2879 1019 2908 et
1047 2872 1094 2909 de
1132 2873 1346 2911 substantiis

286 2922 485 2970 separatis,
515 2934 613 2970 quae
643 2923 839 2972 manifeste
867 2936 992 2972 neque
1021 2932 1193 2974 tempore
1223 2939 1347 2976 neque

285 2974 370 3012 loco
401 2974 640 3013 continentur
665 2982 704 3023 ¹¹⁴,
727 2989 815 3013 cum
844 2976 916 3014 sint
939 2986 1134 3026 separatae
1162 2980 1210 3016 ab
1240 2980 1346 3017 omni

286 3028 541 3075 magnitudine
571 3036 607 3065 et
625 3037 743 3066 motu.
766 3030 997 3068 Huiusmodi
1018 3039 1144 3068 autern
1174 3033 1345 3070 substan-

286 3079 358 3117 tiae
387 3081 560 3118 dicuntur
584 3094 664 3119 esse
693 3083 754 3129 ibi,
774 3083 871 3120 idest
890 3091 992 3121 extra
1021 3085 1179 3132 caelum,
1199 3098 1277 3123 non
1298 3086 1344 3124 si-

1015 1495 1035 1516 ἵζε

288 3236 294 3241 .
339 3200 363 3234 θ)
384 3202 486 3227 Deinde
503 3210 562 3228 cum
581 3204 684 3230 dicit...
699 3212 781 3238 neque
800 3209 910 3238 tempus.
925 3221 945 3226 —-
963 3206 1062 3232 Totum
1081 3207 1150 3233 hunc
1169 3216 1306 3234 numerum
1326 3209 1345 3234 P

288 3236 397 3261 indebite
414 3238 521 3269 omittit;
544 3239 576 3263 cf.
591 3240 715 3272 analysim
733 3245 817 3266 textus
836 3242 861 3266 in
880 3250 952 3268 num.
971 3251 992 3268 1.

311 3305 316 3311 ¹
342 3271 360 3311 ι.)
380 3273 494 3298 ostendit
512 3273 580 3298 idem
599 3281 636 3299 ex
653 3275 693 3300 his
712 3283 778 3308 quae
799 3278 974 3303 communiter
998 3278 1161 3304 dicuntur.·-
1175 3280 1290 3305 ostendit
1308 3287 1346 3305 ex

289 3305 328 3330 h1s
341 3307 408 3331 :dem
422 3308 492 3340 quod
504 3309 678 3335 communiter
692 3310 790 3336 dicitur
804 3312 836 3343 Ρ;
856 3320 907 3345 qua
920 3314 1066 3339 inversione
1081 3315 1151 3347 quod
1165 3315 1346 3340 demonstran-

290 3341 351 3382 durn
365 3346 406 3382 est
418 3341 445 3366 fit
457 3349 645 3375 argumentum,
659 3350 684 3370 et
697 3354 749 3378 quo
762 3347 923 3379 probandum
938 3354 978 3374 est
991 3348 1020 3374 fit
1034 3350 1166 3375 conclusio
1170 3358 1179 3380 ,·
1198 3350 1230 3376 cf.
1240 3359 1266 3376 n.
1278 3359 1317 3376 11.
1327 3365 1346 3370 —-

290 3376 378 3400 Statim
398 3384 423 3401 m
442 3379 566 3411 encycliis
580 3387 632 3404 om.
647 3380 687 3405 PF
693 3389 700 3412 ;
720 3389 750 3406 ex
769 3387 817 3407 cet.
830 3383 907 3416 aliqui
921 3390 1089 3417 corrumpunt
1102 3386 1172 3415 illud,
1188 3386 1298 3419 legendo
1317 3387 1343 3412 in

289 3411 477 3444 encyclendz‘is5
496 3413 527 3438 cf.
542 3419 594 3439 not.
609 3423 632 3440 σ.
1159 3445 1161 3447 .

343 3445 369 3479 κ)
390 3447 425 3471 Et
443 3447 545 3478 iterum,
566 3449 635 3480 quia.
647 3464 666 3468 -
680 3451 744 3476 Item
763 3452 825 3484 quia
840 3453 867 3478 P.
880 3467 898 3472 —
914 3454 970 3479 Lin.
985 3463 1040 3488 seq.
1055 3464 1103 3488 pro
1121 3456 1182 3486 sint,
1201 3457 1237 3482 sit
1255 3457 1291 3489 P;
1311 3457 1343 3482 cf.

290 3487 367 3512 supra
386 3482 456 3513 quod
473 3489 510 3523 ea·
524 3491 589 3514 quae
608 3485 643 3509 ibi
660 3489 721 3510 sunt
740 3491 795 3516 etc„
815 3493 839 3512 et
858 3488 921 3513 infra
940 3490 1005 3514 talia
1024 3499 1075 3516 non
1095 3495 1240 3517 senescunt.

309 3549 314 3555 ¹
342 3514 370 3547 λ)
389 3521 522 3542 consuevit
540 3525 634 3544 vocare
652 3521 784 3546 lationem.
798 3536 816 3542 -
829 3523 943 3556 intellige
958 3524 1008 3550 hoc
1023 3526 1118 3551 dictum
1133 3535 1192 3553 esse
1206 3528 1273 3553 iuxta
1286 3528 1343 3561 opi·-

290 3557 394 3575 monem
411 3552 561 3577 Alexandri:
577 3563 590 3576 ‹
605 3562 664 3579 nam
678 3560 703 3580 et
721 3557 790 3588 quod
808 3558 975 3584 circulariter
986 3562 1080 3593 fertur
1095 3561 1193 3597 (κύκλῳ
1208 3562 1340 3597 φορέσθαι)

993 249 1064 285 DE
1095 246 1269 283 CAELO
1300 245 1370 281 ET
1399 242 1596 279 MUNDO
1625 243 1720 278 LIB.
1752 242 1766 277 I

1409 329 1470 358 cut
1498 321 1538 358 in
1565 321 1664 367 loco,
1695 321 1763 358 sed
1792 320 1887 357 sicut
1915 331 1994 356 non
2032 325 2210 354 contenta
2237 329 2309 354 nec
2335 317 2482 354 inclusa

1408 375 1478 411 sub
1500 374 1731 410 continentia
1751 373 2005 423 corporalium
2019 383 2160 418 rerum,
2177 370 2245 407 sed
2263 377 2384 407 totam
2400 382 2481 407 cor-

1407 427 1581 476 poralem
1596 434 1772 463 naturam
1789 426 2020 463 excedentia.
2039 426 2087 461 Et
2101 424 2159 461 his
2175 424 2357 460 convenit
2375 424 2482 472 quod

1409 480 1554 526 dicitur,
1577 480 1682 528 quod
1712 492 1847 516 eorum
1876 480 1979 516 nulla
2008 478 2053 515 sit
2081 476 2362 514 transmutatio:
2393 476 2482 525 quia

1408 533 1714 582 superexcedunt
1741 545 1964 581 supremam
1999 531 2202 578 lationem,
2233 529 2372 566 scilicet
2398 529 2482 566 ulti-

1409 599 1495 623 mae
1525 587 1721 635 sphaerae,
1749 598 1848 635 quae
1877 585 2074 623 ordinatur
2093 585 2189 622 sicut
2208 583 2417 620 extrinseca
2446 590 2483 619 et

1409 639 1627 676 contentiva
1655 638 1782 676 omnis
1813 641 1832 660 ⁴²
1860 638 2091 675 mutationis.

1464 694 1498 729 8.
1511 692 1660 729 Deinde
1677 704 1766 728 cum
1782 692 1887 729 dicit:
1903 693 1978 729 Sed
1991 691 2243 728 inalterabilia
2259 698 2342 737 etc.,
2355 696 2481 726 osten-

1409 746 1463 783 dit
1491 746 1616 795 qualia
1646 753 1733 782 sunt
1751 745 1973 782 huiusmodi
2000 745 2111 782 entia.
2133 746 2183 781 Et
2199 743 2327 793 primo
2357 750 2482 780 osten-

1408 799 1461 836 dit
1489 811 1625 836 eorum
1655 798 1934 845 conditionem3
1964 798 2135 835 secundo
2175 797 2331 846 exponit
2358 796 2480 845 quod-

1408 852 1498 889 dam
1536 864 1681 889 nomen
1722 864 1799 901 quo
1829 864 1922 888 usus
1954 852 2100 898 fuerat,
2135 851 2202 888 ibi:
2231 851 2381 888 Etenim
2410 850 2482 887 hoc

1407 918 1542 942 nomen
1574 907 1593 927 ᾗ*
1623 913 1710 951 etc.;
1739 905 1849 942 tertio
1879 905 2044 942 ostendit
2077 903 2315 941 influentiam
2344 916 2480 940 eorum

1405 959 1444 995 in
1473 958 1556 1006 alia,
1577 958 1645 998 ibi:
1680 959 1788 996 Unde
1815 964 1851 995 et
1877 958 1961 995 aliis
1991 959 2011 979 ξ’·
2041 965 2110 995 etc.

1459 1012 1560 1049 Dicit
1588 1024 1678 1060 ergo
1715 1011 1842 1061 primo
1880 1011 1986 1060 quod
2007 1011 2080 1054 ,illa
2119 1010 2218 1047 entia
2256 1022 2356 1059 quae
2394 1017 2482 1047 sunt

1406 1073 1510 1102 extra
1539 1066 1700 1112 caelum,
1721 1072 1809 1102 sunt
1827 1063 2077 1101 inalterabilia
2105 1071 2142 1100 et
2159 1064 2311 1113 penitus
2338 1063 2480 1112 impas-

1406 1119 1538 1165 sibilia,
1558 1118 1738 1155 habentia
1758 1117 1946 1167 optimam
1973 1118 2106 1164 vitam,
2127 1117 2356 1165 inquantum
2385 1116 2480 1154 scili-

1407 1170 1472 1210 cet'
1494 1184 1627 1209 eorum
1654 1172 1733 1209 vita
1761 1184 1841 1209 non
1869 1179 1926 1208 est
1953 1170 2135 1208 materiae
2163 1170 2363 1219 permixta,
2385 1170 2480 1207 sicut

1404 1226 1482 1263 vita
1511 1226 1767 1274 corporalium
1797 1237 1937 1262 rerum.
1960 1225 2115 1262 Habent
2134 1224 2248 1260 etiam
2272 1223 2392 1260 vitam
2411 1235 2481 1273 per

1405 1292 1446 1316 se
1474 1279 1848 1326 sufficientissimam,
1869 1278 2098 1327 inquantum
2123 1289 2203 1314 non
2222 1276 2392 1325 indigent
2414 1276 2481 1314 ali-

1405 1345 1482 1382 quo
1515 1333 1578 1370 vel
1607 1332 1657 1370 ad
1694 1332 2027 1370 conservationem
2057 1343 2149 1368 suae
2186 1330 2309 1378 vitae,
2338 1330 2401 1367 vel
2430 1329 2480 1368 ad

1405 1386 1670 1423 executionem
1699 1397 1861 1434 operum
1889 1385 2002 1422 vitae.
2033 1385 2188 1422 Habent
2215 1383 2330 1421 etiam
2358 1383 2479 1421 vitam

1405 1452 1483 1476 non
1510 1440 1763 1488 temporalem
1791 1445 1818 1487 ⁹,
1848 1438 1917 1476 sed
1944 1438 1983 1475 in
2010 1446 2091 1476 toto
2121 1445 2288 1474 aeterno.
2343 1464 2345 1466 -

1459 1493 1611 1530 Horum
1631 1500 1758 1530 autem
1774 1505 1872 1541 quae
1892 1491 1953 1529 hic
1973 1492 2162 1538 dicuntur,
2183 1490 2375 1540 quaedam
2389 1502 2479 1540 pos-

1404 1554 1490 1583 sunt
1527 1546 1677 1583 attribui
1707 1545 1932 1595 corporibus
1971 1545 2216 1591 caelestibus,
2251 1551 2345 1593 puta
2372 1543 2479 1593 quod

1404 1599 1477 1636 sint
1504 1599 1752 1648 impassibilia
1771 1606 1807 1636 et
1826 1599 2088 1636 inalterabilia:
2119 1597 2187 1635 sed
2207 1597 2280 1634 alia
2300 1597 2378 1635 duo
2398 1608 2479 1635 non

1402 1661 1564 1701 possunt
1585 1652 1638 1690 eis
1657 1652 1875 1699 convenire,
1899 1652 2012 1689 etiam
2032 1652 2063 1689 si
2083 1652 2156 1689 sint
2175 1651 2354 1688 animata.
2385 1651 2479 1689 Non

1405 1705 1507 1743 enim
1535 1706 1678 1743 habent
1697 1705 1885 1754 optimam
1903 1705 2036 1753 vitam,
2058 1717 2146 1742 cum
2166 1716 2303 1742 eorum
2326 1704 2405 1742 vita
2433 1704 2480 1741 sit

1405 1771 1449 1795 ex
1463 1759 1607 1796 unione
1636 1759 1787 1796 animae
1816 1759 1866 1796 ad
1895 1771 2035 1807 corpus
2064 1758 2240 1795 caeleste:
2270 1769 2343 1794 nec
2363 1757 2478 1794 etiam

1403 1813 1544 1849 habent
1563 1812 1682 1849 vitam
1710 1825 1781 1861 per
1808 1824 1849 1849 se
1878 1810 2261 1859 sufficientissimam,
2293 1822 2382 1847 cum
2409 1822 2480 1859 per

1403 1873 1554 1903 motum
1583 1878 1696 1903 suum
1726 1866 1874 1903 bonum
1895 1872 2190 1914 consequantur,
2210 1871 2254 1901 ut
2273 1863 2420 1901 dicetur
2438 1863 2478 1901 in

1403 1919 1574 1956 secundo
1595 1921 1626 1956 *.

1457 1984 1493 2020 9.
1514 1972 1664 2010 Deinde
1694 1984 1783 2009 cum
1813 1971 1917 2009 dicit:
1946 1972 2096 2009 Etenim
2125 1972 2197 2008 hoc
2224 1982 2361 2008 nomen
2391 1978 2476 2019 etc„

1404 2026 1558 2074 exponit
1584 2038 1730 2062 nomen
1758 2025 1913 2071 aeterni,
1935 2037 2012 2074 quo
2037 2037 2129 2062 usus
2158 2025 2289 2062 fuerat.
2311 2025 2361 2061 Et
2389 2024 2479 2062 dicit

1403 2079 1509 2127 quod
1537 2078 1680 2128 antiqui
1698 2078 2050 2128 pronunciaverunt
2068 2079 2144 2116 hoc
2165 2090 2311 2115 nornen
2339 2077 2477 2125 divine,

1402 2131 1498 2169 idest
1534 2133 1554 2153 *
1594 2132 1867 2169 convenienter
1903 2132 2018 2169 rebus
2057 2131 2206 2169 divinis.
2247 2131 2335 2168 Hoc
2373 2131 2477 2168 enim

1402 2198 1545 2222 nomen
1582 2185 1780 2234 dupliciter
1816 2185 2009 2235 accipitur.
2041 2186 2128 2223 Uno
2158 2184 2316 2234 quidem
2354 2185 2476 2222 modo

1399 2239 1604 2276 secundum
1624 2239 1724 2288 quid,
1745 2239 1852 2287 quod
1872 2238 2012 2276 scilicet
2027 2246 2084 2276 est
2101 2244 2297 2276 aeternum
2312 2238 2377 2276 vel
2394 2249 2476 2276 sae-

1401 2292 1527 2329 culum
1561 2292 1718 2329 alicuius
1746 2292 1801 2329 rei
1833 2290 1868 2328 ‘z
1898 2292 2002 2329 idem
2036 2291 2139 2328 enim
2172 2291 2277 2340 apud
2305 2292 2476 2328 Graecos
2525 2311 2528 2313 ·

1400 2353 1606 2393 utrumque
1626 2345 1824 2392 significat.
1840 2344 1941 2381 Dicit
1961 2356 2051 2392 ergo
2072 2344 2179 2393 quod
2197 2349 2393 2381 aeternum
2411 2344 2475 2381 vel

1400 2397 1592 2434 saeculum
1616 2397 1914 2446 uniuscuiusque
1952 2397 2007 2433 rei
2042 2404 2205 2434 vocatur
2227 2397 2344 2444 finis,
2378 2396 2476 2434 idest

1403 2462 1583 2486 mensura
1602 2450 1795 2498 quaedam
1823 2449 2043 2496 terminans,
2064 2462 2163 2498 quae
2185 2448 2353 2487 continet
2380 2457 2475 2486 tem-

1401 2514 1474 2550 pus
1501 2502 1602 2539 vitae
1631 2502 1829 2539 cuiuslibet
1856 2502 1921 2549 rei,
1942 2502 1992 2539 ita
2021 2503 2127 2551 quod
2150 2502 2242 2540 nihil
2263 2505 2283 2525 ‘¹‘
2303 2503 2351 2540 de
2379 2510 2474 2540 tem-

1402 2567 1496 2604 pore
1510 2555 1611 2592 vitae
1627 2567 1725 2603 quae
1741 2563 1797 2592 est
1811 2555 1969 2593 alicuius
1981 2555 2038 2593 rei
2054 2556 2267 2594 secundum
2283 2564 2472 2605 naturam,

1404 2615 1459 2644 est
1480 2615 1583 2645 extra
1601 2608 1707 2645 illurn
1727 2608 1847 2646 finem
1867 2610 1930 2646 vel
1949 2621 2188 2656 mensuram;
2210 2609 2306 2647 sicut
2326 2610 2357 2647 si
2373 2609 2474 2648 dica-

1403 2673 1490 2698 mus
1509 2661 1614 2710 quod
1633 2661 1797 2710 spatium
1818 2669 1971 2699 centum
1991 2675 2182 2700 annorum
2201 2670 2258 2700 est
2277 2664 2475 2701 saeculum

1403 2715 1464 2750 vel
1489 2721 1685 2751 aeternum
1714 2715 1892 2752 hominis.
1919 2715 2006 2752 Alio
2035 2716 2155 2753 modo
2192 2715 2327 2754 dicitur
2355 2724 2473 2754 aeter-

1403 2779 1497 2804 num
1525 2768 1756 2817 simpliciter,
1787 2768 1892 2816 quod
1923 2769 2213 2818 comprehendit
2241 2777 2278 2807 et
2306 2770 2474 2808 continet

1403 2832 1561 2857 omnem
1590 2820 1841 2858 durationem.
1863 2822 1913 2859 Et
1930 2823 2006 2859 hoc
2035 2830 2091 2860 est
2118 2822 2225 2872 quod
2246 2822 2346 2870 dicit,
2366 2823 2474 2872 quod

1401 2873 1614 2911 secundum
1635 2874 1798 2912 eandem
1815 2874 2003 2912 rationem
2018 2883 2218 2914 aeternum
2234 2876 2369 2914 dicitur
2376 2877 2474 2925 finis

1400 2927 1509 2963 totius
1527 2927 1630 2973 caeli,
1652 2927 1748 2964 idest
1762 2928 1928 2977 spatium
1949 2928 2146 2966 continens
2165 2937 2286 2967 totam
2307 2930 2473 2968 duratio-

1400 2992 1489 3017 nem
1511 2980 1602 3030 ca-eli
1623 2985 1646 3028 ⁰,
1672 2981 1778 3030 quod
1798 2989 1854 3018 est
1873 2981 2039 3030 spatium
2058 2982 2173 3020 totius
2201 2982 2398 3032 temporis.
2423 2983 2475 3022 Et

1399 3033 1612 3070 secundum
1639 3034 1715 3070 hoc
1748 3034 1882 3072 dicitur
1914 3042 2111 3073 aeternum
2145 3036 2327 3085 perfectio
2356 3049 2473 3086 quae-

1399 3087 1500 3132 dam,
1522 3099 1620 3135 quae
1649 3087 1817 3125 continet
1837 3100 1953 3125 omne
1982 3097 2135 3139 tempus
2165 3097 2201 3127 et
2228 3102 2388 3128 omnem
2417 3090 2474 3128 in-

1399 3209 1468 3234 enim
1482 3210 1507 3234 in
1522 3211 1749 3243 praecedentibus,
1765 3211 1830 3236 alius
1844 3216 1931 3236 autem
1945 3211 2055 3245 (motus)
2071 3212 2115 3245 qui
2135 3212 2192 3237 eius
2211 3212 2283 3246 quod
2303 3212 2399 3238 circulo
2409 3214 2473 3247 ser-

1398 3247 1450 3275 tur,
1467 3245 1511 3278 qui
1526 3246 1632 3278 quidem
1647 3251 1686 3271 est
1700 3251 1841 3272 extremus.
1853 3257 1866 3270 »
1886 3247 2035 3279 Simplicius
2048 3247 2094 3273 foi.
2106 3246 2150 3280 45,
2164 3255 2243 3273 verso
2256 3248 2307 3273 col.
2324 3254 2349 3273 2.

1452 3281 1480 3315 μ)
1500 3281 1640 3315 mam'seste
1660 3289 1742 3315 neque
1761 3285 1880 3314 tempore
1899 3289 1982 3315 neque
1995 3284 2053 3308 Ioco
2067 3283 2246 3309 continentur.
2259 3296 2279 3303 —-
2292 3284 2413 3309 maxime
2427 3291 2472 3310 ne-

1398 3323 1492 3377 ἕῖἓίλὲ
1508 3319 1631 3376 l§empore
1649 3324 1732 3350 neque
1751 3317 1777 3342 in
1797 3318 1855 3343 loco
1877 3318 2048 3344 continentur
2067 3319 2102 3349 P;
2122 3326 2172 3352 pro
2190 3319 2345 3353 manifeste,
2366 3320 2473 3354 magni-

1451 3387 1475 3422 ν)
1495 3370 1577 3413 vitam
1597 3396 1648 3413 non
1669 3389 1850 3421 temporalem.
1863 3404 1883 3408 -
1897 3389 1980 3415 vitam
1999 3389 2202 3422 intemporalem
2222 3389 2258 3420 D,
2278 3390 2362 3415 vitam
2383 3390 2471 3417 ἰηων-

1392 3423 1514 3454 poralem
1534 3424 1563 3449 F.
1576 3438 1595 3443 -
1609 3424 1665 3449 Lin.
1680 3432 1736 3457 seq.
1755 3425 1798 3450 hic
1816 3433 1869 3450 om.
1884 3425 1913 3450 P.

1451 3456 1474 3492 ξ)
1494 3459 1607 3484 alicuius
1632 3460 1680 3485 rei.
1697 3474 1717 3479 -
1736 3460 1775 3485 rei
1794 3461 1872 3486 unius
1897 3461 1988 3490 Pinna.
2014 3468 2078 3486 num
2102 3467 2151 3493 pro
2174 3461 2215 3486 rei
2239 3460 2470 3494 uniuscuiusque?

1396 3493 1428 3518 cf.
1447 3499 1545 3519 textum
1568 3500 1593 3520 et
1616 3496 1694 3528 paulo
1718 3495 1792 3521 infra.
1811 3510 1829 3515 -
1848 3497 1939 3522 Statim
1959 3496 1978 3521 Ρ
1999 3501 2025 3522 et
2048 3495 2152 3521 codices
2177 3501 2284 3530 excepto
2302 3498 2326 3522 A
2347 3498 2471 3522 omittunt

1396 3532 1544 3562 utrumque.

1449 3564 1475 3598 ο)
1496 3565 1564 3591 idest
1581 3566 1725 3598 spatium...
1745 3567 1916 3593 durationem
1935 3567 2012 3592 caeli.
2023 3581 2042 3587 -
2054 3568 2110 3592 Hac
2123 3566 2218 3592 omittit
2236 3568 2267 3593 Α.
2281 3581 2300 3587 -
2313 3567 2405 3592 Statim
2420 3574 2469 3599 pm

291 3585 349 3610 dicit
368 3585 539 3620 (Aristoteles)
559 3596 643 3621 saepe,
656 3594 681 3614 et
694 3599 746 3616 non
760 3599 862 3625 semper
874 3594 1039 3628 circumferri
1053 3596 1263 3632 (περιφορέσθαι).
1277 3599 1343 3624 Dicit
1396 3600 1431 3625 Ee
1449 3601 1595 3626 secundum
1610 3602 1665 3632 hoc,
1682 3605 1707 3627 et
1717 3609 1797 3635 super
1812 3603 1861 3628 hoc
1875 3603 1918 3634 Gi,
1933 3605 1960 3628 et
1971 3610 2055 3635 supra
2070 3603 2119 3628 hoc
2132 3608 2194 3635 cet-3
2209 3603 2281 3636 quod
2295 3607 2386 3636 posset
2398 3602 2468 3627 idem

2507 654 2518 663 '¹
2532 658 2619 675 causas
2633 659 2655 675 r.

2508 917 2518 925 ·
2533 915 2605 937 Num.
2617 921 2670 944 seq.

2508 970 2517 979 ·
2532 968 2605 990 Num.
2620 974 2654 990 ιο.

2502 2512 2511 2521 ·
2532 2510 2557 2532 t'n
2577 2510 2627 2533 illie
2646 2516 2717 2534 amm

2497 2543 2552 2565 ptr.
