2782 4134
1057 235 1168 272 CAP.
1198 236 1304 284 XIII,
1333 235 1486 273 LECT.
1515 236 1604 273 XVI
1687 249 1690 251 ·
2349 239 2424 286 379

236 324 321 350 rum
349 313 476 350 fluunt
504 326 549 350 ex
577 313 743 351 fontibus
763 314 884 363 (quod
910 313 998 351 dicit
1016 313 1031 342 Ψ
1054 322 1211 364 propter
1228 315 1304 351 hoc
1350 314 1526 360 ¹fontibus
1555 314 1800 352 manifestum
1830 315 1876 352 sit
1902 316 1977 352 hoc
2006 328 2087 353 esse
2117 316 2263 364 falsum,
2282 328 2352 365 per
2379 316 2426 353 si-

178 391 186 398 .
235 365 343 414 quod
370 365 483 414 aliqui
511 367 636 404 fluunt
655 379 701 404 ex
720 366 936 416 paludibus,
955 374 998 403 ut
1017 366 1160 405 dictum
1181 375 1237 404 est
1255 367 1302 414 *).
1359 367 1449 405 mile
1475 374 1603 417 potest
1631 367 1811 416 cognosci
1844 369 1920 405 hoc
1949 369 2064 405 etiam
2094 381 2176 406 esse
2213 369 2350 406 falsum
2378 369 2426 406 de

235 417 348 456 Unde
376 418 498 456 simile
535 427 592 456 est
622 427 757 468 putare
794 420 900 468 quod
929 419 1147 457 contineant
1180 427 1303 458 totum
1360 421 1646 458 collectionibus
1665 433 1853 470 aquarum
1873 433 1973 470 quae
1992 429 2078 459 sunt
2092 423 2163 459 sub
2178 429 2288 459 terra.
2309 421 2426 469 Quod

237 483 376 520 corpus
405 483 528 520 aquae
556 484 654 520 quae
678 472 762 509 fluit
788 484 858 522 per
884 472 1058 519 flumina,
1078 473 1163 510 illae
1192 474 1304 510 colle·
1359 482 1488 511 autem
1517 474 1591 511 sint
1608 475 1703 512 tales
1723 474 1966 521 collectiones
1994 487 2181 524 aquarum
2210 475 2280 512 sub
2309 482 2425 521 terra,

237 523 381 561 ctiones
399 530 419 545 ⁴·
437 524 719 572 subterraneae,
739 532 781 562 ut
808 524 1020 562 existimare
1049 525 1156 574 quod
1179 525 1303 575 ipsam
1359 527 1604 565 manifestum
1639 539 1721 564 esse
1753 535 1879 576 potest
1903 534 1939 549 ²⁶¹
1967 540 2037 577 per
2063 528 2139 565 hoc
2171 528 2278 577 quod
2309 528 2428 564 multa

237 577 456 614 contineant
482 577 574 615 istae
604 578 847 618 collectiones
866 590 1054 626 aquarum
1081 590 1179 628 quae
1198 579 1304 616 inve·
1360 579 1521 617 flumina
1558 581 1812 618 absorbentur
1838 593 1861 618 a
1887 589 1997 618 terra.
2027 581 2076 618 Et
2103 582 2178 618 hoc
2214 580 2430 618 manifestat

236 629 392 668 niuntur
418 637 523 667 extra
548 637 688 668 terram
712 630 759 682 in*
778 630 958 668 fontibus.
987 631 1112 678 Unde,
1142 643 1232 668 cum
1256 632 1304 669 de
1360 644 1430 680 per
1457 633 1578 670 multa
1606 634 1798 683 exempla:
1827 641 1864 671 et
1891 642 1948 671 est
1973 634 2132 684 planum
2158 633 2198 671 in
2225 633 2356 671 littera.

229 824 307 860 fluit.

290 787 320 823 ᾧ)
338 789 413 823 quod
429 789 504 815 dsct't.
516 801 537 809 —-
548 791 576 815 et
587 788 655 815 dicit
666 789 722 814 ΑΒ.
733 803 754 808 -
767 789 847 814 Iidem
864 796 924 814 mox
937 797 986 823 pro
999 789 1191 825 aliquifluunt‚
1205 789 1309 822 aliquid
1363 791 1435 822 quod
1451 790 1532 816 etiam
1547 791 1580 816 de
1593 792 1788 818 collectionibus
1801 800 1934 825 aquarum
1954 800 2023 826 quae
2035 796 2100 819 sunt
2110 793 2157 819 sub
2171 796 2246 819 terra
2258 793 2429 827 manifestum

1363 832 1419 851 esse
1433 829 1525 858 potest
1538 826 1585 851 Pa.
1599 827 1684 852 Etiam
1699 828 1773 853 codd.
1791 828 1914 853 omittunt
1931 828 2127 855 homoteleuton
2143 828 2223 860 Quod
2235 831 2325 854 autem
2337 845 2362 854 ...
2378 829 2429 854 sub

289 859 323 893 ω)
341 859 404 886 iIIae
420 859 596 886 conationes.
609 872 629 880 -·
646 860 688 885 vel
705 859 872 886 collectiones
884 860 943 892 AB3
963 860 1008 894 qui
1024 860 1131 894 insuper
1148 868 1202 886 om.
1216 860 1308 886 homo-
1363 863 1438 886 terra
1444 868 1454 891 ;
1476 861 1524 886 sed
1547 861 1597 886 nisi
1620 861 1684 887 haec
1702 863 1743 887 vel
1763 862 1856 888 similia
1873 864 1954 889 verba
1977 863 2025 897 (cf.
2043 864 2119 898 text.)
2143 868 2334 898 supponantur,
2358 868 2430 896 patet

231 887 352 925 telenum
368 895 560 923 subterraneae
609 895 784 921 collectiones.

1364 895 1503 922 desiderari
1522 896 1572 922 hoc
1591 897 1649 922 loco
1673 897 1817 923 subiectum
1841 899 1873 924 ad
1897 899 1968 932 quod
1985 899 2129 925 referantur
2147 907 2178 925 ea
2195 907 2263 933 quae
2281 899 2429 924 immediate

291 930 338 964 αα)
365 930 454 961 Uinde,
473 937 578 957 cum...
601 937 658 956 esse
675 934 774 963 potest.
790 944 811 950 —
829 930 885 956 Sed
901 930 951 957 hoc
973 930 1114 966 manifeste
1132 934 1173 957 est
1190 931 1310 966 salsum3
1363 937 1517 965 sequuntur.

2495 529 2497 531 ’
2542 532 2578 548 αα
