2782 4134
17 3965 43 3984 fir*

106 411 117 424 ·
130 415 175 432 :ua
189 409 242 431 add.
257 415 278 432 ε.

104 516 115 526 ”
129 516 205 536 antem
219 519 241 535 P.

43 635 45 637 .
103 614 244 637 ’secundam
256 619 316 636 11808

104 647 165 670 rupi,
176 640 220 662 sed
232 647 316 664 sccun-

32 675 46 683 ⁴
58 695 60 698 .
104 668 157 691 dum
170 673 192 689 P.

79 2182 110 2201 .›

73 2221 85 2232 :-
97 2212 112 2227 ⁸
126 2213 275 2236 *amalae
287 2220 311 2236 A.

288 1194 558 1243 dispositus
588 1208 771 1232 numerus
810 1196 1029 1233 caelestium
1067 1210 1295 1247 corporum,

292 1266 295 1272 ·
342 1259 423 1284 non
464 1249 676 1286 secundum
718 1249 905 1286 rationem
943 1262 1060 1298 quarn
1095 1251 1316 1288 Aristoteles
1353 1253 1415 1289 hic

1136 272 1267 308 CAP.
1298 272 1386 319 XII,
1417 272 1568 309 LECT.
1598 273 1723 310 XVIII

341 357 412 396 per
429 346 787 383 transmutationem
816 347 1067 394 generationis
1097 356 1133 385 et
1161 349 1412 398 corruptionis

343 407 629 448 consequuntur
647 399 939 448 perpetuitatem
967 400 1006 437 in
1034 402 1159 450 specie
1185 403 1216 448 ᾧ,
1237 415 1354 451 333111
1375 402 1413 439 in

343 452 542 490 individuo
560 453 702 489 habere
722 465 802 489 non
819 460 992 500 possunt.

404 517 461 542 12.
483 505 698 554 Simplicius
718 512 849 542 tamen
862 506 882 526 ²³⁶
903 505 991 542 dicit
1009 506 1047 542 in
1068 516 1287 544 commento
1307 511 1413 557 quod

343 571 423 596 non
452 558 639 595 existimat
666 557 841 595 ordinem
870 559 1072 596 nobilitatis
1099 572 1181 597 esse
1210 561 1248 597 in
1278 573 1413 610 corpo-

343 612 446 649 ribus
476 611 698 650 caelestibus
727 612 939 648 secundum
969 612 1143 649 ordinem
1171 613 1280 660 situs;
1305 615 1372 651 sed
1393 616 1412 635 Ψ·

343 665 450 714 quod
475 664 782 713 unumquodque
816 677 1022 713 corporum
1058 666 1297 714 caelestium,
1332 667 1413 704 sive

343 718 509 755 nobilius
541 718 622 755 sive
650 718 777 755 minus
805 718 944 764 nobile,
974 718 1026 755 ibi
1054 719 1208 767 ponitur
1231 720 1301 756 ubi-
1318 720 1413 768 opti-

343 783 453 808 mum
474 778 530 808 851
547 771 674 820 ipsum
702 770 814 819 poni;
846 779 882 807 et
909 771 996 808 ideo
1026 772 1227 809 luminaria
1256 773 1412 821 mundi,

343 823 483 860 scilicet
511 825 569 860 sol
598 831 634 860 et
665 824 777 871 luna,
807 824 1019 861 secundum
1048 825 1288 862 Aristotelem
1327 839 1413 874 pro-

341 876 592 925 pinquissime
607 877 792 914 situantur
806 877 1045 914 inferioribus
1062 879 1297 927 corporibus,
1315 892 1414 928 quae

341 929 511 977 indigent
545 929 751 967 illuminari
782 931 830 967 ab
875 931 942 967 eis.
966 952 991 958 -
1016 932 1111 969 lllud
1143 939 1271 969 tamen
1309 933 1414 982 quod

341 982 479 1031 prius··
466 982 651 1020 dictum
672 990 738 1029 est,
764 983 886 1042 magis
905 996 1042 1021 verum
1067 997 1148 1021 esse
1172 985 1335 1032 videtur,
1357 999 1413 1023 se-

343 1035 514 1072 cundum
543 1036 851 1073 convenientiam
876 1037 1148 1086 principiorum
1174 1016 1412 1076 naturalium.

403 1090 461 1126 13.
497 1089 719 1126 Secundum
755 1102 850 1127 vero
889 1091 1169 1139 suppositiones
1206 1093 1413 1129 moderno-

343 1153 428 1178 rum
474 1143 777 1190 astrologorum,
823 1143 910 1180 satis
953 1144 1224 1181 convenienter
1264 1145 1415 1182 videtur

1329 1200 1415 1236 licet

309 1300 518 1349 assignat.
549 1302 654 1338 Nam
683 1302 778 1339 sicut
806 1315 921 1351 supra
951 1304 971 1324 ³¹²
999 1303 1142 1340 dictum
1171 1312 1238 1351 est,
1260 1312 1297 1341 et
1320 1305 1416 1342 sicut

308 1354 563 1397 Α1151018185
593 1355 681 1392 dicit
708 1355 747 1392 in
774 1357 845 1392 XII
873 1356 1092 1405 Metaphys.
1124 1359 1164 1403 ²¹²,
1195 1365 1347 1406 oportet
1375 1359 1414 1395 in

308 1401 570 1445 -’cae1estibus
598 1407 767 1445 motibus
795 1408 937 1456 aliquid
965 1422 1048 1446 esse
1082 1410 1188 1458 quod
1218 1418 1273 1447 est
1301 1424 1415 1448 causa

308 1489 314 1494 .
340 1461 601 1510 perpetuitatis
631 1469 666 1497 et
695 1461 903 1498 durationis
924 1464 944 1483 ’¹‘
964 1475 1109 1510 rerum,
1131 1471 1167 1500 et
1195 1472 1345 1512 oportet
1373 1465 1415 1486 *²⁸

309 1515 315 1521 '
342 1513 484 1563 aliquid
513 1526 596 1551 esse
625 1514 731 1563 quod
749 1514 913 1563 pertinet
936 1517 985 1554 ad
1011 1529 1166 1553 causam
1190 1524 1415 1555 transmuta-

341 1566 470 1614 tionis;
491 1575 528 1604 et
541 1567 580 1604 in
594 1579 831 1627 unoquoque
847 1567 980 1605 ordine
996 1577 1147 1618 oportet
1162 1582 1245 1607 esse
1260 1571 1415 1620 aliquod

342 1632 549 1657 summurn.
576 1621 682 1658 Sicut
709 1620 821 1668 igitur
847 1621 887 1659 in
915 1622 1049 1659 ordine
1076 1624 1302 1661 causalitatis
1330 1638 1416 1674 per-

341 1674 558 1710 manentiae
578 1686 718 1721 rerum,
738 1683 826 1722 post
843 1675 1008 1724 primum
1027 1683 1178 1714 motum
1197 1678 1262 1727 qui
1291 1679 1415 1715 revol-

319 1725 322 1727 ’
339 1726 395 1764 vit
409 1734 532 1764 totum
536 1727 898 1776 ,praeeminentiam
919 1729 1064 1766 obtinet
1079 1737 1215 1767 octava
1235 1732 1413 1780 sphaera;

305 1803 312 1815 2
339 1779 391 1817 ita
429 1780 543 1818 etiam
578 1782 598 1802 ³⁸
625 1781 663 1817 in
701 1782 835 1819 ordine
870 1782 1095 1819 causalitatis
1134 1786 1415 1822 transmutatio-

339 1833 396 1870 nis
416 1845 556 1880 rerum,
582 1847 780 1873 summurn
807 1835 937 1874 locum
958 1836 1103 1873 obtinet
1130 1837 1292 1885 sphaera
1312 1838 1413 1886 solis,

339 1899 440 1936 quae
468 1887 761 1936 quodammodo
781 1889 1115 1937 proportionaliter
1133 1892 1340 1939 respondet
1375 1869 1415 1929 iri

339 1940 415 1976 hoc
452 1940 585 1977 ordine
628 1941 813 2000 sphaerae
846 1943 1038 1979 stellarum
1074 1944 1237 1981 fixarum
1276 1950 1325 1990 “3
1363 1946 1414 1982 ita

339 1992 478 2030 scilicet
492 1994 609 2042 quod,
626 1994 721 2031 sicut
736 1996 898 2044 sphaera
917 1997 1110 2033 stellarum
1126 1998 1290 2034 fixarum
1305 2011 1414 2047 prae-

340 2046 481 2084 eminet
512 2047 551 2083 in
584 2048 776 2085 stellarum
806 2049 1063 2097 multitudine,
1102 2051 1208 2098 quod
1244 2052 1416 2099 congruit

338 2099 611 2137 universalitati
648 2101 873 2139 causalitatiS
917 2102 1017 2149 eius,
1055 2111 1213 2152 propter
1245 2104 1414 2142 diversas

339 2152 547 2190 effectuum
575 2154 738 2203 species,
759 2155 810 2191 ita
831 2156 951 2193 8113111
980 2156 1144 2205 sphaera
1176 2157 1264 2194 solis
1283 2170 1414 2207 super-

339 2206 509 2243 abundat
551 2207 591 2245 in
632 2208 893 2266 magnitudine
928 2210 948 2229 '⁴²
986 2209 1118 2246 solaris
1164 2210 1335 2259 corporis
1378 2219 1414 2248 et

338 2259 605 2297 luminositatis
625 2260 718 2308 eius,
734 2269 893 2310 propter
912 2262 1122 2299 efficaciam
1136 2263 1413 2302 transmutandi

337 2311 516 2350 inferiora
545 2326 717 2362 corpora.
739 2315 852 2351 Unde
881 2315 976 2352 sicut
1003 2316 1188 2364 sphaerae
1218 2317 1410 2354 stellarum

337 2365 502 2403 fixarum
539 2367 792 2404 attribuuntur
826 2368 904 2405 duo
933 2376 1082 2416 motus,
1112 2369 1252 2406 scilicet
1283 2377 1412 2407 motus

335 2419 514 2467 proprius
543 2428 581 2457 et
607 2428 735 2458 motus
755 2421 961 2470 superioris
989 2422 1190 2471 sphaerae;
1219 2422 1269 2459 ita
1298 2423 1411 2460 etiarn

337 2471 408 2508 soli
437 2472 650 2510 attribuitur
678 2474 819 2523 duplex
847 2482 975 2511 motus
991 2504 1000 2521 ,
1030 2475 1171 2512 scilicet
1196 2488 1296 2512 unus
1318 2489 1407 2524 pro-

336 2524 458 2574 priuS,
485 2538 563 2574 quo
591 2534 771 2564 movetur
798 2527 837 2564 in
866 2540 936 2564 suo
966 2528 1118 2575 circulo,
1147 2536 1183 2565 et
1215 2529 1309 2566 alius
1333 2542 1410 2578 quo

337 2585 516 2616 movetur
535 2580 698 2628 sphaera
718 2580 799 2618 eius
819 2581 1032 2618 secundum
1051 2589 1202 2619 motum
1226 2583 1411 2630 sphaerae

337 2631 531 2669 stellarum
551 2633 727 2670 fixarum.
745 2634 903 2682 Utrique
933 2642 1062 2671 autem
1086 2635 1272 2683 sphaerae
1301 2636 1410 2683 quasi

338 2683 559 2723 deserviunt
591 2693 667 2723 tres
704 2686 902 2724 inferiores
940 2688 1137 2736 sphaerae.
1177 2689 1232 2725 Ita
1270 2688 1412 2726 scilicet

337 2737 444 2785 quod
467 2739 653 2787 sphaerae
678 2740 871 2777 stellarum
890 2741 1054 2778 fixarum
1074 2741 1326 2788 intelligantur
1345 2742 1410 2779 de-

336 2791 490 2840 servire,
520 2793 569 2830 ad
602 2793 838 2830 causandum
865 2794 1171 2842 permanentiam
1187 2794 1216 2821 ‘3²3
1236 2795 1275 2832 in
1297 2795 1410 2832 rebus

337 2851 375 2881 et
403 2845 452 2883 ad
484 2846 720 2883 universales
758 2846 937 2895 effectus,
970 2848 1176 2895 Saturnus,
1207 2847 1348 2896 Iupiter
1377 2856 1414 2885 et

389 3009 424 3044 εε)
443 3010 573 3042 sphaerae
584 3011 722 3035 stellarum
733 3011 870 3044 fixarum.
882 3025 902 3030 -
906 3012 1035 3044 fixarum
1050 3020 1104 3037 om.
1117 3013 1136 3037 P
1151 3017 1178 3037 et
1191 3013 1266 3038 codd.
1279 3021 1334 3038 exc.
1348 3014 1406 3038 Α.-

337 3046 462 3078 Sequenti
480 3045 547 3070 linea
565 3053 613 3078 pro
627 3046 802 3078 praeeminet,
817 3051 960 3078 permanet
979 3048 1054 3072 codd.
1060 3055 1121 3072 exc.
1135 3049 1198 3072 Α.-
1212 3049 1264 3073 Pro
1281 3049 1408 3081 congruit

337 3081 534 3106 universalitati
545 3081 713 3106 causalitatis
727 3082 791 3112 eius,
806 3083 829 3106 A
844 3082 980 3114 dupliciter
992 3088 1114 3115 corrupte
1127 3084 1253 3116 congruit
1268 3084 1408 3108 usualitati

336 3116 503 3150 congruitati
523 3116 580 3141 eius
602 3117 749 3142 caliditatis
772 3117 842 3146 eius,
861 3118 907 3142 sed
926 3118 1093 3151 congr-nitati
1112 3118 1169 3143 eius
1188 3120 1342 3151 expungitur
1360 3127 1407 3152 per

336 3155 431 3181 vacam
449 3151 516 3176 idest
533 3152 638 3185 ponitur
655 3152 802 3177 caliditatis
820 3158 946 3185 tanquam
966 3154 1091 3178 correctio
1110 3161 1158 3186 pro
1176 3154 1352 3187 congr-uitari.

383 3186 424 3220 ζζ)
440 3187 477 3212 ad
489 3187 654 3212 causandum
662 3189 889 3219 permanentiam.
902 3203 920 3207 —
933 3190 956 3212 A
975 3189 1120 3221 transponit
1137 3189 1175 3213 ad
1188 3189 1404 3221 permanentiam

336 3223 517 3252 causandam‚·
535 3227 583 3247 cet.
598 3230 653 3247 om.
661 3223 885 3255 permanentiam,
900 3229 926 3248 81
940 3224 1032 3264 legunt
1047 3225 1222 3249 causandam.
1235 3239 1254 3243 —
1272 3225 1336 3249 Post
1354 3229 1407 3249 tres

336 3259 382 3283 lin.
395 3258 415 3282 P
435 3263 461 3282 et
479 3258 555 3283 codd.
569 3265 622 3283 exc.
634 3259 658 3283 A
671 3266 725 3282 om.
745 3266 836 3283 eorum
862 3263 923 3291 post
942 3259 1090 3291 unicuique.

389 3293 433 3326 ηη)
452 3297 479 3318 et
498 3293 557 3318 ideo
575 3294 714 3326 gradatim
734 3293 957 3326 diversificantur.
969 3307 988 3312 -
1002 3294 1021 3317 P
1036 3299 1062 3318 et
1081 3294 1155 3319 codd.
1168 3295 1257 3319 exc-*A
1276 3303 1329 3319 om.
1341 3302 1408 3327 gra-

336 3329 436 3358 datim‚·
454 3329 501 3353 sed
521 3329 552 3353 cf.
565 3329 714 3353 immediate
727 3336 841 3361 sequens
861 3329 899 3353 ita
917 3329 1017 3354 scilicet
1034 3330 1106 3361 quod
1125 3334 1181 3359 etc„
1199 3330 1269 3361 quod
1288 3330 1407 3362 quamvis

336 3363 371 3388 sit
389 3364 466 3388 etiam
485 3364 619 3396 explicatio
638 3363 793 3388 diversitatis
812 3364 838 3388 in
857 3371 967 3388 numero
992 3370 1111 3389 motuum
1129 3365 1304 3395 planetarum,
1324 3365 1407 3396 magis

336 3404 423 3423 tamen
437 3399 539 3423 videtur
557 3407 617 3424 esse
636 3399 770 3431 explicatio
788 3398 879 3429 huius,
899 3400 971 3431 quod
990 3407 1084 3431 nempe
1103 3399 1221 3431 planetae
1240 3408 1254 3423 ι
1268 3400 1407 3432 gradatim

337 3433 541 3458 diversificantur
551 3433 577 3458 in
586 3442 698 3459 numero
717 3438 844 3458 motuum.
857 3444 870 3456 ›
885 3447 904 3452 ·—
918 3434 981 3459 Post
996 3434 1091 3458 Veneri
1105 3435 1125 3458 E
1139 3442 1192 3459 orn.
1206 3434 1392 3459 attribuantur
1397 3441 1406 3463 ,·

337 3469 379 3493 BF
398 3468 458 3493 hab.
477 3469 539 3500 lac.;
559 3470 582 3493 A
601 3469 754 3493 sententiam
775 3469 811 3493 sic
831 3469 971 3493 construit:
991 3470 1030 3494 ita
1048 3469 1147 3494 scilicet
1165 3469 1251 3501 quod,
1270 3477 1329 3494 cum
1350 3470 1409 3494 Soli

336 3504 454 3529 attribue
474 3507 520 3528 tur
539 3504 592 3528 duo
611 3507 710 3533 motus,
730 3507 756 3528 et
774 3504 869 3528 Veneri
886 3505 1072 3529 attribuuntur
1091 3507 1153 3533 tres,
1172 3504 1309 3529 Mercurio
1328 3505 1407 3529 attri-

337 3539 455 3564 buuntur
473 3542 596 3571 quatuor,
616 3539 709 3564 Lunae
728 3539 850 3571 quinque.

391 3573 430 3608 00)
450 3574 609 3599 Alexander
620 3575 839 3599 convenienter...
854 3581 910 3599 esse
922 3574 1107 3599 animatam.-
1116 3575 1153 3599 lta
1165 3575 1189 3598 A
1194 3582 1202 3605 ;
1218 3574 1237 3598 P
1252 3579 1278 3599 et
1291 3579 1340 3599 cet.
1353 3582 1407 3599 om.

337 3609 535 3635 homoteleuton
553 3609 601 3635 sed
619 3609 817 3642 Simplicius...
836 3609 999 3639 animatam,
1018 3610 1052 3634 ita
1076 3614 1106 3634 ut
1124 3617 1239 3642 sequens
1259 3609 1407 3641 reprobatio

2463 277 2532 323 195

1469 351 1594 388 Mars:
1614 358 1770 399 propter
1797 351 1902 400 quod
1929 352 2139 389 uniformes
2163 353 2305 389 habent
2332 362 2459 391 motus
2479 367 2535 391 se-

1469 404 1638 440 cundum
1667 416 1893 450 numerum;
1923 417 2014 442 nam
2043 405 2138 442 sicut
2166 405 2309 442 dictum
2331 414 2385 443 est
2403 408 2434 454 ³³¹,
2454 408 2536 444 uni-

1469 457 1605 504 cuique
1626 469 1760 494 eorum
1781 458 2033 494 attribuuntur
2051 466 2127 495 tres
2147 466 2285 495 motus.
2309 460 2388 496 Soli
2408 468 2535 497 autem

1467 509 1723 557 intelliguntur
1752 510 1943 548 deservire
1963 518 2038 548 tres
2057 511 2253 548 inferiores
2281 512 2466 560 planetae,
2488 515 2536 551 ad

1469 563 1704 600 causandum
1731 565 1751 584 ’ὲ
1779 564 2134 601 transmutationem
2154 564 2193 602 in
2222 565 2355 602 rebus:
2387 574 2422 602 et
2449 566 2535 603 ideo

1467 615 1650 662 gradatim
1681 616 1983 654 diversificantur
2009 623 2038 641 ²¹*
2066 618 2105 654 in
2138 630 2299 654 numero
2337 626 2535 665 motuum;

1468 668 1519 704 ita
1556 668 1696 705 scilicet
1729 670 1835 718 quod
1870 670 1948 707 Soli
1990 670 2239 708 attribuantur
2273 671 2349 708 duo
2387 679 2535 719 motus,

1468 719 1611 757 Veneri
1631 720 1882 760 attribuantur
1900 731 1987 770 tres,
2003 724 2196 761 Mercurio
2211 732 2386 772 quatuor,
2404 726 2536 762 Lunae

1469 773 1651 821 quinque.

1528 838 1584 872 14.
1602 827 1671 863 Est
1691 826 1803 864 etiam
1824 828 2055 866 sciendum··
2071 830 2187 878 quod,
2209 830 2298 879 quia
2316 831 2536 868 Aristoteles
2564 842 2573 851 ·

1468 878 1530 915 hic
1549 887 1688 916 terram
1702 880 1810 928 ponit
1832 894 1911 918 non
1934 882 2157 931 participare
2183 884 2350 932 aliquem
2373 891 2535 932 motum,

1469 933 1684 970 Alexander
1713 934 1982 971 convenienter
2010 935 2098 972 dicit
2127 948 2212 973 eam
2242 949 2324 973 esse
2352 937 2536 974 inanima-

1469 993 1560 1023 tam.
1582 985 1660 1022 Sed
1690 985 1906 1034 Simplicius
1934 987 1971 1024 in
2000 1001 2070 1024 suo
2105 997 2322 1026 commento
2359 990 2536 1038 declarat,

1469 1038 1599 1076 dicens
1627 1046 1766 1075 terram
1806 1052 1887 1076 esse
1925 1040 2130 1078 animatam
2158 1040 2184 1062 ⁶⁰
2213 1042 2402 1092 (sequitur
2435 1044 2536 1081 enim

1468 1091 1507 1128 in
1534 1092 1610 1128 hoc
1638 1104 1806 1129 errorem
1835 1093 2046 1140 gentilium,
2067 1095 2132 1142 qui
2161 1096 2303 1133 cultum
2333 1096 2537 1134 divinitatis

1468 1152 1589 1181 terrae
1619 1145 1897 1192 attribuebant).
1928 1147 2044 1193 Quod
2063 1148 2282 1185 Aristoteles
2301 1151 2507 1198 reprobat
2498 1163 2537 1188 111

1470 1199 1519 1234 III
1549 1199 1595 1234 de
1612 1199 1753 1235 Anima
1785 1200 1823 1245 *,
1850 1201 2053 1237 ostendens
2082 1201 2186 1249 quod
2221 1203 2367 1239 nullum
2396 1217 2536 1252 corpus

1470 1251 1629 1300 simplex
1665 1259 1720 1288 est
1748 1252 1967 1290 animatum.
1999 1254 2116 1300 Quod
2150 1255 2262 1291 etiam
2297 1256 2461 1293 evidenti
2490 1257 2536 1294 si-

1469 1316 1544 1352 gno
1565 1312 1743 1353 apparet:
1772 1306 1860 1354 quia
1885 1318 1984 1354 quae
2004 1307 2042 1343 in
2063 1307 2290 1345 animalibus
2310 1317 2396 1346 sunt
2416 1310 2535 1358 magis

1469 1364 1602 1405 terrea,
1623 1358 1718 1394 sicut
1738 1371 1836 1406 ossa,
1857 1359 2087 1397 insensibilia
2115 1369 2211 1398 sunt.
2234 1362 2275 1398 Si
2305 1370 2433 1399 autem
2454 1376 2534 1400 cor-

1468 1423 1541 1459 pus
1562 1412 1734 1458 caeleste,
1755 1412 1913 1460 simplex
1942 1413 2114 1461 existens,
2137 1422 2191 1450 851
2214 1414 2435 1462 animatum,
2457 1429 2535 1453 non

1469 1463 1629 1513 impedit
1665 1465 1763 1501 hanc
1791 1467 1811 1484 ⁴⁵
1840 1466 2048 1503 rationem:
2078 1467 2167 1515 quia
2205 1480 2342 1516 corpus
2377 1470 2535 1506 caeleste
2564 1483 2572 1490 ·

1469 1529 1549 1554 non
1568 1517 1738 1554 subiacet
1761 1519 2024 1566 contrarietati,
2045 1519 2140 1556 518111
2163 1521 2346 1569 simplicia
2370 1523 2535 1560 elemen-

1470 1578 1597 1607 torum
1628 1583 1800 1619 corpora.

1524 1623 1664 1660 Nititur
1683 1631 1811 1660 autem
1839 1625 2003 1672 probare
2033 1638 2171 1674 corpus
2196 1634 2315 1663 terrae
2346 1640 2427 1664 esse
2457 1628 2535 1664 ani—

1471 1683 1630 1724 matum,
1647 1677 1737 1725 quia
1749 1679 1765 1696 ἦ
1778 1677 1817 1713 13
1833 1685 2031 1714 3818131113
2053 1679 2177 1725 durat,
2196 1687 2232 1716 et
2248 1682 2290 1701 ss*
2307 1693 2351 1716 ex
2368 1693 2413 1716 80
2430 1682 2534 1729 quod

1471 1729 1619 1778 aliquae
1651 1737 1777 1778 partes
1810 1738 1931 1767 terrae
1961 1739 2047 1780 sunt
2075 1732 2280 1770 animatae:
2310 1746 2389 1770 non
2418 1742 2534 1771 atten-
2561 1741 2584 1751 ³*

1471 1783 1565 1820 dens
1594 1783 1700 1832 quod
1720 1784 1768 1820 ad
1789 1796 1951 1832 corpora
1975 1785 2153 1832 animata,
2174 1793 2273 1823 terra
2301 1795 2337 1823 et
2362 1787 2432 1823 alia
2462 1789 2534 1824 ele-

1471 1843 1600 1873 menta
1614 1837 1757 1873 habent
1771 1837 2035 1874 habitudinem
2050 1839 2241 1886 materiae,
2255 1852 2393 1888 corpus
2408 1848 2536 1877 autem

1471 1890 1630 1926 caeleste
1650 1889 1912 1927 habitudinem
1932 1891 2086 1938 agentis.
2114 1894 2241 1940 Agens
2270 1901 2398 1929 autem
2427 1894 2535 1930 nobi—

1468 1942 1539 1979 lius
1569 1950 1624 1979 851
1652 1943 1763 1990 facto,
1794 1944 1860 1981 sed
1889 1944 2030 1980 factum
2060 1945 2341 1987 nobilius„est⁹*
2361 1947 2535 1983 materia:

1468 1996 1570 2033 unde
1592 1996 1659 2032 etsi
1679 1997 1826 2032 caelum
1846 1997 1961 2033 habet
1979 1997 2208 2034 nobiliorem
2232 1999 2396 2036 formam
2420 2012 2536 2048 quam

1469 2061 1630 2098 corpora
1645 2049 1822 2096 animata,
1835 2051 2023 2087 elementa
2039 2058 2165 2087 tamen
2180 2052 2321 2088 habent
2335 2059 2351 2073 ‘¹
2374 2053 2537 2090 formam

1468 2102 1595 2139 minus
1614 2103 1797 2141 nobilem.
1814 2124 1839 2130 -
1857 2103 2034 2140 Similiter
2054 2104 2166 2141 etiam
2187 2105 2314 2142 nititur
2334 2106 2534 2143 ostendere

1467 2155 1574 2204 quod
1602 2168 1681 2192 non
1709 2163 1895 2204 repugnat
1923 2157 2145 2194 animationi
2175 2165 2294 2195 terrae
2324 2159 2429 2207 quod
2457 2172 2537 2196 non

1467 2216 1658 2246 movetur.
1686 2209 1772 2246 Uno
1794 2209 1950 2257 quidem
1979 2211 2097 2247 modo
2127 2211 2216 2259 quia
2244 2211 2358 2248 etiam
2385 2213 2536 2260 plantae

1468 2269 1555 2298 sunt
1583 2262 1785 2309 animatae,
1806 2275 1904 2311 quae
1924 2270 2052 2299 tamen
2073 2276 2152 2300 non
2176 2272 2381 2301 moventur
2401 2277 2535 2302 secun-

1469 2314 1562 2352 dum
1581 2315 1724 2351 locum.
1756 2315 1833 2352 Sed
1861 2315 1900 2352 in
1920 2316 1995 2351 hoc
2023 2316 2174 2353 fallitur:
2205 2317 2293 2365 quia
2321 2318 2498 2366 quamvis
2515 2320 2534 2340 *

1467 2380 1546 2405 non
1562 2375 1792 2405 moveantur
1806 2375 1914 2404 motu
1929 2369 2050 2415 locali,
2063 2377 2268 2407 moventur
2282 2378 2412 2407 tamen
2426 2379 2535 2408 motu

1468 2421 1660 2469 augmenti
1689 2429 1726 2458 81
1754 2421 1998 2458 decrementi.
2034 2422 2118 2458 Alio
2154 2423 2274 2460 modo
2308 2423 2414 2471 quia,
2445 2437 2533 2461 cum

1468 2474 1580 2511 etiam
1598 2487 1643 2511 ea
1657 2486 1756 2522 quae
1771 2474 1980 2522 intelligunt
1993 2475 2013 2495 '²³
2029 2475 2127 2512 dicat
2146 2476 2367 2513 Aristoteles
2386 2477 2532 2526 vivere,

1467 2527 1558 2564 nihil
1576 2528 1755 2576 prohibet
1774 2535 1914 2564 terram
1935 2540 2017 2565 esse
2037 2528 2245 2566 animatam
2271 2537 2306 2566 et
2323 2530 2532 2578 viventem,

1466 2581 1552 2618 licet
1580 2593 1659 2618 non
1688 2588 1891 2617 moveatur
1918 2582 2131 2618 secundum
2160 2583 2307 2620 locum:
2336 2590 2460 2631 potest
2479 2592 2534 2620 ta-

1467 2647 1557 2671 men
1578 2646 1660 2670 esse
1681 2634 1785 2682 quod
1803 2634 1991 2682 intelligat.
2014 2635 2091 2672 Sed
2110 2636 2184 2672 hoc
2201 2635 2314 2672 etiam
2333 2637 2352 2657 *²
2369 2644 2425 2673 est
2445 2649 2533 2674 con-

1467 2695 1523 2724 tra
1551 2687 1811 2734 Aristotelem,
1837 2687 1902 2735 qui
1924 2687 2013 2724 dicit
2037 2688 2075 2724 in
2104 2690 2135 2724 II
2156 2689 2202 2725 de
2224 2690 2365 2726 Anima
2386 2690 2406 2710 ’¹‘
2426 2691 2532 2739 quod
2560 2702 2569 2710 ·
2585 2700 2617 2721 Ca

1467 2741 1505 2777 in
1526 2740 1749 2789 corporibus
1779 2741 2079 2790 corruptibilium
2107 2754 2186 2778 non
2216 2749 2271 2779 est
2299 2743 2439 2791 aliquid
2466 2744 2532 2780 ha-

1467 2795 1561 2831 bens
1586 2794 1817 2831 intellectum
1847 2793 1926 2831 sine
1947 2806 2076 2841 sensu;
2102 2802 2241 2831 terram
2262 2803 2390 2832 autem
2409 2796 2532 2833 insen-

1467 2847 1615 2884 sibilem
1636 2859 1734 2894 esse,
1762 2847 2006 2884 manifestum
2027 2855 2083 2883 est
2103 2860 2147 2884 ex
2167 2860 2213 2884 eo
2235 2849 2339 2896 quod
2364 2849 2532 2897 quotidie

1462 3013 1608 3037 Alexandro
1627 3013 1748 3045 applicari
1768 3013 1872 3044 debeat3
1893 3013 1939 3037 sed
1954 3013 2015 3045 quia
2029 3013 2051 3037 81
2071 3012 2207 3037 convenire
2221 3020 2274 3036 non
2293 3017 2378 3044 potest
2396 3013 2418 3037 si
2437 3021 2531 3039 conve-

1463 3048 1567 3073 nienter
1586 3048 1645 3072 dicit
1663 3053 1758 3072 terram
1783 3056 1842 3072 esse
1867 3048 2056 3077 inanimatam,
2081 3048 2139 3071 ideo
2159 3048 2178 3071 P
2202 3048 2324 3080 expungit
2346 3049 2532 3074 convenienter

1462 3083 1521 3116 (pro
1534 3091 1587 3115 quo
1602 3084 1816 3108 inconvenienter
1830 3083 1887 3115 sG),
1901 3088 1926 3107 et
1939 3083 1999 3115 legit
2012 3083 2160 3107 animatam
2177 3081 2247 3115 (cum
2267 3083 2347 3115 sEG).
2364 3083 2437 3113 Quae
2454 3085 2529 3109 lectio

1461 3124 1531 3143 certo
1544 3124 1664 3151 corrupta
1677 3123 1731 3143 est:
1745 3119 1889 3143 Alexander
1899 3118 1977 3148 enim,
1991 3122 2019 3141 ut
2033 3118 2100 3150 apud
2115 3117 2276 3149 Simplicium
2292 3118 2346 3150 (op.
2360 3119 2409 3147 cit.,
2425 3127 2483 3151 pag.
2495 3127 2528 3153 79

1461 3159 1540 3183 recto,
1552 3154 1638 3186 cohi.)
1647 3159 1690 3178 est
1699 3154 1794 3183 videre,
1805 3153 1865 3177 dixit
1874 3158 1969 3177 terram
1983 3160 2041 3176 esse
2051 3153 2225 3177 inanimatam.
2236 3153 2423 3185 Adoptavimus
2433 3155 2528 3185 lect-A,

1461 3197 1529 3221 quae
1542 3194 1567 3213 ct
1581 3189 1733 3213 sententiam
1747 3189 1883 3213 Alexandri
1903 3188 1969 3212 bene
1988 3188 2087 3219 allegat,
2102 3192 2127 3212 et
2145 3187 2221 3212 etiam
2235 3195 2329 3212 nexum
2344 3197 2403 3213 cum
2414 3197 2528 3221 sequen-

1461 3224 1529 3249 tibus
1540 3225 1607 3248 clare
1617 3224 1741 3255 assignat.
1754 3224 1782 3247 In
1792 3223 1822 3247 iis
1834 3223 1901 3247 enim
1913 3230 1980 3254 quae
1990 3228 2141 3255 sequuntur,
2154 3227 2223 3254 patet
2236 3223 2395 3248 s.Thomam
2409 3224 2528 3250 refellere

1462 3259 1636 3291 Simplicium,
1657 3259 1701 3290 qui
1720 3259 1736 3282 l.
1758 3266 1781 3284 c.
1799 3266 1846 3290 per
1865 3258 1979 3282 diversas
2002 3259 2113 3282 rationes
2138 3258 2274 3282 intendens
2292 3257 2470 3284 Alexandrum
2495 3261 2527 3285 de

1461 3294 1618 3326 impudentia
1637 3301 1700 3318 suae
1718 3293 1846 3325 opinionis
1866 3293 2030 3322 convincere,
2050 3298 2157 3317 conatus
2177 3298 2217 3317 est
2230 3293 2408 3319 demonstrare
2433 3300 2528 3320 terram

1461 3337 1521 3353 esse
1540 3329 1692 3358 animatam;
1712 3336 1777 3360 quas
1797 3328 1920 3360 Simplicii
1937 3327 2048 3352 rationes
2063 3336 2164 3358 omnes,
2178 3329 2210 3352 ad
2223 3328 2292 3353 hunc
2310 3327 2388 3354 finem
2401 3330 2526 3360 inductas,

1462 3372 1484 3391 s.
1495 3363 1611 3388 Thomas
1625 3371 1704 3387 unam
1724 3368 1783 3395 post
1802 3364 1909 3387 alteram
1927 3362 1967 3387 hic
1986 3363 2087 3388 refutat.
2100 3378 2118 3382 -
2131 3363 2188 3387 Lin.
2202 3371 2257 3395 seq.
2274 3372 2321 3396 pro
2339 3366 2439 3390 cultum
2459 3365 2526 3390 divi-

1462 3399 1572 3427 nitatis,
1596 3398 1720 3423 clericum
1750 3398 1899 3422 divinitatis
1920 3398 1951 3423 A.
1971 3412 1991 3416 -
2016 3398 2079 3423 Post
2105 3399 2303 3429 attribuebant,
2328 3401 2403 3426 codd.
2429 3408 2482 3425 exc.
2503 3402 2527 3426 A

1462 3434 1520 3458 add.
1543 3437 1576 3458 et.

1515 3469 1543 3501 ιι)
1563 3469 1691 3493 elementa
1710 3471 1798 3493 tamen
1818 3468 1923 3493 habent.
1941 3482 1959 3486 -
1980 3469 2030 3492 Pro
2050 3472 2155 3498 tamen,
2175 3472 2264 3493 autem
2284 3470 2340 3501 CF3
2360 3475 2407 3495 cet.
2429 3478 2483 3496 exc.
2503 3472 2526 3495 A

1460 3512 1513 3528 om.
1527 3517 1546 3522 -
1560 3504 1610 3528 Pro
1630 3503 1760 3527 Similiter
1777 3503 1870 3533 etiam,
1892 3503 2022 3528 Similiter
2040 3508 2128 3529 autem
2148 3505 2167 3528 P
2187 3510 2212 3528 et
2231 3505 2306 3529 codd.
2321 3513 2374 3530 exc.
2393 3507 2424 3530 A.
2438 3519 2456 3524 -
2470 3507 2526 3530 Sta—

1461 3539 1507 3563 tim
1522 3547 1569 3571 pro
1582 3546 1633 3563 non
1648 3541 1781 3571 repugnat
1794 3539 1960 3568 animationi,
1977 3546 2028 3566 non
2044 3543 2178 3572 repugnat
2195 3540 2296 3564 actioni
2310 3541 2383 3565 codd.
2399 3548 2453 3566 exc.
2468 3543 2526 3566 sl.—

1462 3574 1512 3598 Pro
1524 3574 1596 3606 quod
1610 3581 1661 3598 non
1676 3577 1804 3602 movetur,
1820 3574 1891 3606 quod
1910 3581 1961 3598 non
1983 3578 2121 3599 moveatur
2135 3575 2163 3600 P.
2176 3589 2195 3593 —
2208 3575 2257 3599 Pro
2266 3576 2379 3607 plantae
2393 3579 2456 3601 sunt
2467 3577 2526 3601 ani-

1461 3612 1562 3638 matae,
1578 3610 1704 3640 planetae
1722 3612 1785 3634 sunt
1803 3609 1937 3634 animatae
1956 3610 2034 3636 PAsI.

2564 413 2577 458 ἕ]
2589 411 2654 465 Ῑ.5881.
2668 413 2776 440 praeced.

2563 571 2574 581 ⁸*
2582 570 2726 591 causandam
2736 577 2777 592 co-

2565 597 2637 618 dices.

2653 634 2685 657 ⁷i⁷l

2591 843 2716 864 secundum
2736 850 2758 865 p,

2653 1044 2680 1070 00

2564 1209 2641 1236 Cap.
2652 1214 2705 1236 xm,
2718 1215 2741 1230 n.
2753 1216 2775 1234 1:

2564 1235 2589 1256 S.
2591 1235 2637 1256 Th
2649 1226 2705 1257 lectff
2709 1242 2777 1259 xvni.

2598 1481 2685 1502 habere
2706 1482 2777 1504 codd.

2563 1514 2613 1529 exc.
2628 1514 2678 1530 Asc.

2561 1687 2716 1715 ‘quodcodss
2725 1694 2776 1710 exc.

2560 1721 2583 1735 A·
2597 1743 2622 1762 et
2641 1747 2689 1762 om.
2705 1741 2775 1763 codd.

2563 1955 2575 1965 '⁵
2590 1957 2627 1976 est
2640 1961 2688 1976 om.
2698 1962 2721 1976 P.

2661 2071 2678 2086 U.

2562 2327 2570 2335 ·
2580 2325 2626 2346 etsi
2635 2325 2704 2347 codd.

2560 2489 2571 2499 '⁶
2586 2489 2720 2517 intelligant
2734 2495 2776 2511 co-

2561 2515 2623 2536 dices
2638 2522 2687 2537 exc.
2702 2522 2746 2538 Asi.

2559 2648 2570 2659 ⁶
2584 2653 2630 2668 non
2644 2653 2756 2676 acutrpor
2767 2665 2774 2675 ,

2561 2680 2608 2694 om.
2620 2680 2677 2694 PSGI.

2560 2727 2585 2747 s.
2595 2706 2643 2747 rl':
2654 2706 2771 2748 112111ῖέ

2561 2753 2597 2774 Cf.
2604 2759 2655 2780 sup.
2663 2754 2714 2774 lect.
2721 2759 2772 2780 xm,

2560 2785 2583 2801 n.
2594 2785 2614 2806 5.
