2782 4134
119 487 129 497 ⁸
144 485 285 512 manifestae
296 490 333 505 An.

121 1016 129 1025 *
146 1015 183 1035 vel
196 1020 243 1035 om.
259 1020 296 1035 ra.

120 1226 130 1236 ⁸
146 1225 207 1246 Lect.
224 1230 272 1251 seq.

122 1654 129 1660 ·
146 1651 229 1674 Lib.I.
245 1657 296 1678 cap.
314 1657 330 1671 11

120 1678 330 1704 so.;S.Tl1.lcct.m

118 1711 170 1732 sqq.

118 2028 127 2037 '
142 2027 195 2048 ideo
211 2033 258 2048 om.
274 2033 310 2047 An.

116 2134 125 2144 “
140 2133 222 2161 al1'qua
237 2139 275 2155 pa.

114 2610 124 2620 ⁸
140 2609 207 2635 1bid.;
217 2609 255 2630 ubi
267 2609 329 2631 conf.

117 2635 186 2656 etiam
213 2636 266 2657 lect.
284 2642 329 2662 vn,

117 2668 141 2683 n.
156 2668 177 2689 7.

362 289 435 325 332

361 374 447 404 sunt
465 366 665 403 manifesta
678 365 806 412 nobis,
829 372 865 402 et
885 377 906 401 a
927 363 1282 412 congregationibus
1311 375 1426 411 aqua-

362 432 458 467 rum,
480 420 510 456 si
535 431 632 468 quae
662 426 748 455 sunt
776 418 813 455 in
841 418 1034 466 profundo
1064 424 1184 453 terrae
1212 415 1426 452 immanife-

361 481 439 509 stae
458 472 477 494 '¹‘
506 472 635 519 nobis,
666 480 707 508 ut
743 471 899 520 quidam
936 477 1157 519 posuerunt.
1198 469 1283 505 Nec
1311 468 1426 505 etiam

362 525 541 573 contingit
559 531 572 552 ⁷
597 537 737 574 aquam
757 525 809 561 sic
830 531 1096 571 congregatam
1123 534 1223 558 esse:
1253 534 1300 558 eo
1320 521 1426 570 quod

361 579 564 616 humidum
593 591 759 627 aqueum
798 589 875 614 non
912 576 1135 612 terminatur
1162 575 1233 612 nisi
1261 574 1425 611 termino

363 632 498 669 alieno.
772 648 774 650 ·

413 697 450 732 4.
474 686 612 721 Iterum
629 682 641 705 δ
661 684 727 720 ibi:
756 682 1024 719 Intermedium
1053 687 1178 718 autem
1198 687 1323 718 terrae
1343 688 1424 728 etc.,

361 738 421 775 hic
448 737 687 786 prosequitur
714 735 978 784 quaestionem
1008 747 1118 772 suam
1146 734 1224 772 iam
1252 742 1425 781 motam,

361 804 436 840 qua
465 791 608 839 quaerit
636 789 725 838 quid
756 796 810 824 est
837 788 932 824 inter
950 788 1143 837 praedicta
1172 787 1356 825 medium.
1378 789 1427 825 Et

362 845 458 881 circa
486 845 560 880 hoc
589 843 665 879 duo
695 841 791 878 facit.
822 841 950 878 Primo
981 842 1085 879 enim
1123 842 1288 879 ostendit
1321 842 1426 890 quod

361 910 438 934 non
466 904 588 933 totum
617 895 779 943 spatium
817 895 923 943 quod
952 902 1007 932 est
1035 908 1057 932 a
1091 895 1279 944 supremis
1314 895 1426 932 stellis

360 963 480 999 usque
501 949 548 986 ad
576 957 727 994 terram,
749 955 804 984 est
822 949 979 997 plenum
1002 961 1082 986 uno
1103 949 1229 997 aliquo
1252 961 1424 997 corpore,

360 1003 498 1041 scilicet
517 1002 600 1049 igne
615 1002 677 1038 vel
691 1000 711 1022 ²³⁵
731 1013 830 1048 aere,
847 1009 912 1038 aut
929 1009 1110 1050 utroque3
1131 1002 1199 1039 sed
1219 1014 1334 1050 supra
1352 1002 1427 1038 hoc

361 1064 415 1094 est
442 1055 595 1104 aliquod
624 1066 761 1103 corpus
780 1063 930 1104 praeter
949 1055 1029 1093 ista.
1061 1055 1238 1093 Secundo
1264 1054 1428 1092 ostendit

360 1108 558 1158 quomodo
583 1108 631 1145 ad
660 1108 751 1145 illud
780 1120 1005 1157 supremum
1035 1121 1174 1158 corpus
1203 1107 1427 1145 ordinentur

359 1163 430 1199 alia
450 1174 610 1211 corpora
630 1161 842 1198 secundum
862 1162 1106 1211 positionem,
1127 1162 1194 1199 ibi:
1223 1162 1426 1211 Reliquum

359 1222 412 1253 est
437 1221 562 1252 autem
581 1214 601 1236 '¹‘
631 1222 698 1251 etc.

413 1269 522 1306 Circa
549 1267 717 1316 primum
747 1268 799 1305 sic
828 1268 1011 1316 procedit.
1039 1268 1170 1306 Primo
1206 1268 1294 1307 dicit
1322 1268 1426 1317 quod

359 1322 517 1360 dubium
546 1329 602 1358 est
624 1330 753 1358 utrum
782 1322 878 1358 inter
905 1329 1044 1359 terram
1063 1329 1100 1359 et
1127 1322 1225 1359 inter
1254 1329 1353 1359 astra
1372 1323 1425 1358 ul-

357 1376 461 1423 tima,
482 1387 580 1423 quae
601 1375 775 1412 dicuntur
803 1387 882 1412 non
911 1375 1072 1412 errantia
1096 1376 1164 1413 sed
1183 1376 1270 1423 fixa,
1292 1375 1336 1412 sit
1358 1388 1427 1424 pu-

357 1430 517 1466 tandum
548 1441 629 1465 esse
657 1441 779 1465 unum
809 1441 958 1477 corpus,
980 1428 1193 1466 secundum
1216 1428 1426 1478 proprieta-

358 1491 434 1519 tem
463 1490 629 1529 naturae,
649 1483 711 1519 vel
730 1483 855 1531 plura:
886 1489 922 1518 et
950 1482 980 1518 si
1009 1483 1129 1531 plura,
1151 1490 1246 1531 quot
1270 1490 1368 1530 sunt,
1391 1489 1427 1519 et

357 1537 423 1573 ubi
452 1535 701 1573 terminentur
729 1535 940 1581 secundum
971 1536 1111 1573 locum.

417 1590 448 1627 5.
471 1591 649 1627 Secundo
670 1588 736 1625 ibi:
766 1589 889 1626 Nobis
908 1589 1057 1637 quidem
1082 1589 1199 1639 igitur
1219 1596 1302 1637 etc.,
1324 1601 1426 1625 resu-

358 1643 425 1679 mit
453 1642 651 1691 quoddam
680 1642 719 1678 in
747 1642 842 1679 libro
862 1642 907 1679 de
939 1642 1052 1679 Caelo
1071 1642 1091 1664 ’¹‘
1111 1642 1425 1679 determinatum:

359 1696 462 1745 quod
493 1703 558 1743 est,
580 1696 693 1745 quale
719 1703 784 1743 est,
806 1696 1018 1733 secundum
1045 1695 1237 1744 virtutem,
1257 1696 1425 1745 primum

359 1751 604 1797 elementum,
626 1749 767 1786 scilicet
795 1749 956 1786 caeleste
986 1761 1140 1798 corpus;
1172 1756 1208 1786 et
1237 1750 1340 1798 quod
1369 1757 1426 1786 to-

358 1811 416 1840 tus
445 1803 504 1840 ille
529 1803 696 1840 mundus
724 1802 788 1851 qui
818 1809 874 1839 est
892 1803 994 1839 circa
1021 1803 1233 1851 superiores
1259 1803 1425 1849 lationes,

327 1894 335 1899 „
358 1857 452 1895 idest
475 1857 541 1905 qui
569 1862 772 1893 movetur*
792 1863 900 1892 motu
921 1856 1102 1903 circulari,
1125 1863 1180 1893 est
1207 1857 1343 1905 plenus
1362 1856 1424 1893 illo

358 1922 535 1959 corpore;
566 1909 696 1947 omnia
725 1909 826 1946 enirn
856 1922 1017 1958 corpora
1047 1909 1221 1946 caelestia
1241 1910 1288 1947 ad
1317 1917 1424 1946 natu-

358 1976 439 2000 ram
460 1964 556 2000 illius
575 1963 688 2012 primi
709 1963 887 2000 elementi
906 1962 1104 2012 pertinent.
1127 1964 1175 2000 Et
1194 1963 1283 2012 quia
1302 1963 1423 2012 philo-

358 2017 468 2066 sophi
488 2018 684 2066 ponebant
704 2016 947 2064 contrarium,
969 2016 1056 2053 ideo
1071 2016 1102 2063 *,
1124 2028 1171 2053 ne
1192 2029 1260 2053 sua
1289 2016 1421 2065 opinio

357 2083 460 2108 nova
487 2070 691 2117 videretur,
721 2069 911 2118 subiungit
938 2070 1044 2119 quod
1072 2071 1172 2107 hanc
1201 2070 1423 2119 opinionem

357 2136 435 2161 non
463 2124 588 2161 solum
618 2124 698 2172 ipse
727 2123 870 2171 habuit,
898 2124 965 2160 sed
995 2123 1062 2160 fuit
1091 2123 1204 2160 etiam
1233 2123 1386 2172 antiqua
1405 2123 1424 2146 '¹‘

356 2177 487 2226 opinio
501 2177 673 2226 priorum
693 2177 907 2214 hominum.
926 2177 1022 2214 Illud
1038 2177 1138 2214 enim
1160 2189 1299 2226 corpus
1318 2177 1424 2225 quod

357 2231 492 2268 dicitur
506 2232 645 2276 aether,
662 2230 766 2278 quod
782 2243 853 2267 nos
868 2230 1014 2267 caelum
1031 2230 1204 2277 dicimus,
1226 2230 1422 2280 antiquam

356 2285 470 2321 habet
489 2283 795 2333 appellationem.
818 2284 894 2321 Sed
919 2285 1165 2332 Anaxagoras
1188 2284 1337 2322 videtur
1355 2296 1424 2332 pu-

356 2345 453 2374 tasse
483 2338 587 2386 quod
611 2337 838 2385 significaret
852 2337 866 2363 ²³
886 2338 988 2375 idem
1009 2338 1114 2385 quod
1134 2337 1249 2385 ignis:
1279 2337 1425 2386 accepit

357 2391 457 2428 enim
477 2391 583 2439 quod
604 2391 733 2428 aether
752 2391 887 2428 dicitur
906 2403 985 2428 non
1004 2398 1160 2440 propter
1174 2402 1322 2440 semper
1340 2403 1424 2428 cur-

356 2457 451 2490 rere,
473 2444 568 2482 idest
588 2444 765 2481 continue
785 2444 945 2491 moveri,
976 2444 1042 2481 sed
1067 2445 1115 2481 ab
1139 2445 1297 2490 aethein,
1319 2445 1423 2493 quod

358 2505 413 2535 est
440 2498 594 2542 ardere;
623 2498 709 2546 quia
738 2497 934 2547 superiora
965 2509 1127 2546 corpora
1155 2497 1312 2535 credidit
1341 2510 1422 2534 esse

356 2552 470 2600 plena
498 2551 594 2599 igne.
616 2552 665 2587 Et
693 2551 870 2600 quamvis
899 2551 937 2588 in
965 2551 1040 2587 hoc
1068 2551 1167 2587 male
1197 2550 1354 2597 diceret,
1383 2558 1425 2588 ut

358 2604 442 2640 ibi*
456 2605 661 2653 probatum
678 2611 733 2641 est
746 2610 771 2651 η,
788 2612 917 2641 tamen
937 2604 1011 2641 hoc
1031 2611 1130 2640 recte
1145 2603 1302 2652 putavit,
1319 2604 1423 2653 quod

358 2670 501 2694 nomen
521 2657 682 2694 aetheris
706 2657 928 2694 conveniret
947 2657 1057 2694 alicui
1076 2657 1268 2706 potentiae
1289 2669 1424 2706 corpo-

359 2711 424 2748 rali
453 2723 551 2760 quae
581 2718 636 2747 est
663 2718 813 2760 praeter
841 2710 910 2747 ista
939 2723 1113 2759 corpora.
1145 2711 1293 2747 Omnes
1322 2710 1423 2748 enim

358 2764 501 2813 antiqui
521 2764 593 2801 visi
613 2771 700 2800 sunt
728 2764 887 2813 opinari,
910 2771 945 2800 et
965 2763 1315 2801 determinaverunt
1334 2764 1424 2802 illud

358 2830 496 2866 corpus
525 2817 715 2854 nominari
753 2818 927 2865 aethera,
957 2817 1063 2866 quod
1096 2830 1249 2867 semper
1285 2818 1423 2864 currit,

357 2871 453 2908 idest
481 2879 677 2918 movetur,
709 2878 744 2907 et
773 2871 878 2920 quod
907 2878 962 2907 est
999 2871 1196 2920 quoddam
1234 2871 1422 2919 divinum,

356 2924 452 2961 idest
479 2931 719 2974 perpetuum,
741 2925 953 2962 secundum
982 2936 1092 2960 suam
1122 2932 1315 2972 naturam3
1345 2933 1425 2962 tan-

357 2990 474 3026 quam
493 2978 582 3015 illud
599 2989 738 3027 corpus
759 2977 847 3014 nulli
869 2990 1075 3026 corporum
1096 2990 1195 3026 quae
1215 2986 1302 3015 sunt
1321 2979 1423 3027 apud

357 3043 438 3079 nos,
459 3031 506 3068 sit
533 3031 646 3069 idern.
670 3032 754 3068 Nec
774 3039 828 3068 est
857 3031 999 3068 mirum
1019 3031 1049 3068 si
1069 3032 1167 3068 hanc
1188 3031 1421 3080 opinionem,

384 3162 435 3207 Νγ)
462 3165 518 3190 Nec
542 3164 622 3189 etiam
646 3164 785 3198 contingit.
804 3178 822 3183 -
844 3165 972 3190 Convenit
995 3169 1084 3190 autem
1111 3165 1166 3195 Pa,·
1191 3165 1223 3190 cs.
1242 3171 1340 3191 textum
1367 3163 1427 3190 οὔτ’

357 3196 494 3233 ἐνοὲχεται.

409 3234 433 3269 ὃ)
456 3236 564 3260 Iterum.
583 3249 601 3253 -
621 3235 684 3260 Item
704 3236 749 3260 AB
756 3243 763 3266 ;
783 3235 849 3260 forte
869 3235 894 3260 T
891 3236 959 3262 ertIo
979 3236 1120 3268 legendum
1139 3241 1187 3266 est.
1207 3236 1239 3262 cf.
1251 3244 1323 3262 num.
1338 3244 1424 3270 praec.

357 3270 410 3294 tria
423 3270 529 3304 facit...
545 3271 635 3295 Prt'mo
655 3274 776 3296 movet...
792 3271 914 3297 Secundo
929 3272 972 3297 ibi.
992 3272 1043 3297 Sed
1063 3277 1088 3297 et
1107 3272 1150 3297 lin.
1165 3279 1221 3305 seq.
1241 3273 1364 3306 particula
1383 3272 1425 3298 hic

357 3310 415 3330 ante
429 3306 603 3338 prosequitur
622 3306 845 3338 interpolationem
861 3315 952 3340 sapere
965 3307 1075 3332 videtur.
1084 3321 1103 3327 —
1113 3307 1164 3332 Pro
1177 3315 1230 3340 qua
1240 3308 1347 3340 quaerit
1360 3308 1425 3340 quid

357 3343 396 3365 est
415 3342 484 3366 inter
498 3341 640 3373 praedicta
661 3339 772 3374 (nempe
790 3342 856 3367 inter
874 3348 969 3368 terram
986 3348 1011 3368 et
1024 3351 1160 3376 supremas
1177 3343 1278 3378 stellas)
1298 3344 1423 3373 medium,

358 3379 383 3399 et
403 3376 446 3408 (et
463 3384 515 3401 orn.
530 3376 562 3410 B)
579 3376 683 3409 quaerit
703 3377 731 3402 id
749 3378 820 3410 quod
839 3381 878 3402 est
897 3378 1012 3403 medium
1032 3379 1085 3403 AB.

411 3410 432 3445 ε)
453 3412 497 3444 qui
516 3415 645 3437 movetur.
663 3425 683 3430 -
700 3420 768 3445 quae
786 3417 926 3438 moventur
946 3414 991 3438 Pa.
1005 3428 1022 3434 -
1036 3414 1099 3439 Post
1117 3421 1196 3440 unam
1216 3414 1259 3440 lin.
1274 3414 1318 3439 ΑΒ
1337 3415 1425 3447 legunt

353 3447 491 3478 pertinent
510 3447 582 3472 dicit.
602 3448 637 3473 Et
656 3447 727 3479 quia.

410 3480 436 3516 ζ)
457 3481 561 3506 videtur
576 3486 686 3514 putasse
704 3484 774 3515 quod
793 3485 964 3517 significaret.
977 3499 995 3503 -
1008 3485 1076 3510 hanc
1091 3485 1298 3511 nominationem
1318 3486 1425 3511 videtur

353 3520 464 3548 putasse
483 3518 554 3549 quod
571 3517 737 3551 significaret
756 3519 954 3552 (significarunt
967 3520 999 3553 B)
1013 3522 1070 3551 ΑΒς
1091 3521 1123 3546 cf.
1142 3526 1250 3546 textum.
1264 3534 1283 3541 -
1295 3522 1351 3546 Lin.
1367 3529 1425 3554 seq.

358 3560 405 3584 pro
425 3552 537 3581 dicitur,
557 3553 690 3578 diceretur
709 3554 762 3578 ΑΒ.
779 3568 798 3573 -
817 3555 867 3579 Pro
887 3556 954 3580 idest
973 3556 1096 3581 continue
1123 3557 1237 3586 moveri,
1257 3560 1283 3582 et
1300 3557 1426 3582 continue

359 3594 463 3612 movere
481 3589 512 3613 A.

412 3622 438 3656 η)
460 3626 488 3647 ut
508 3622 544 3648 ibi
559 3623 700 3655 probatum
716 3626 763 3649 est.
781 3638 800 3643 —
819 3628 847 3650 ut
865 3625 1032 3657 improbatur
1048 3627 1100 3652 AB.
1114 3641 1133 3645 -
1145 3627 1196 3652 Pro
1216 3627 1282 3653 nihil
1300 3627 1422 3657 aetheris,

359 3658 430 3690 quod
455 3658 551 3683 habent
574 3660 655 3684 nostri
680 3659 781 3684 codices
801 3665 826 3684 et
845 3660 917 3692 edd„
939 3661 1050 3693 legimus
1075 3669 1168 3687 nomen
1192 3662 1322 3692 aetheris,
1348 3669 1423 3695 prout

1081 284 1669 323 METEOROLOGICORUM
1698 284 1793 321 LlB.
1826 286 1839 320 1

1484 374 1602 410 quam
1622 374 1693 398 nos
1713 363 1759 399 de
1781 375 1886 400 novo
1905 363 2136 400 videbamur
2156 363 2419 412 assumpsisse,
2442 364 2555 401 etiam

1483 415 1626 464 antiqui
1655 416 1887 453 habuerunt:
1918 416 2007 465 quia
2026 428 2097 453 nos
2118 415 2281 453 dicimus
2301 414 2314 436 ⁰
2342 417 2448 466 quod
2468 430 2553 454 eae-

1484 468 1573 505 dem
1594 468 1794 517 opiniones
1815 477 1902 506 sunt
1926 469 2121 506 reiteratae
2142 468 2180 506 in
2200 469 2433 518 hominibus,
2449 478 2552 520 post-

1482 534 1600 570 quam
1621 521 1814 560 desierunt
1831 530 1988 571 propter
2001 522 2021 544 ’¹‘
2041 522 2307 570 negligentiam
2328 523 2453 571 studii,
2474 536 2553 561 non

1482 582 1629 612 tantum
1650 575 1708 612 bis
1722 577 1784 612 vel
1804 583 1871 622 ter,
1888 576 1956 612 sed
1975 576 2164 613 infinities.
2176 597 2200 603 -
2214 576 2300 612 Hoc
2314 584 2444 613 autem
2465 576 2554 614 dicit

1466 629 1695 665 secundum
1715 629 1734 651 ’¹‘
1763 641 1872 666 suam
1902 629 2137 678 opinionem,
2163 641 2240 677 qua
2267 629 2414 678 putavit
2442 642 2553 667 mun-

1483 682 1575 718 dum
1597 689 1632 718 et
1651 682 1938 730 generationem
1958 682 2161 719 hominurn
2182 682 2295 719 fuisse
2316 683 2363 719 ab
2384 690 2551 730 aeterno,

1481 743 1523 772 ut
1537 742 1694 784 apparet
1709 735 1747 772 in
1761 735 1781 757 ³¹⁶
1799 735 1989 784 prioribus
2004 735 2105 772 libris
2123 735 2181 772 aeae:
2203 736 2278 772 hoc
2294 735 2396 773 enirn
2412 749 2553 785 suppo-

1482 788 1565 835 sito,
1587 788 1830 826 manifestum
1851 789 1893 825 fit
1912 789 2098 837 quasdam
2127 789 2328 837 opiniones
2349 797 2385 826 et
2413 797 2511 826 artes
2531 803 2554 827 a

1482 842 1713 890 quibusdam
1734 842 1843 879 certis
1862 842 2102 891 temporibus
2121 842 2354 891 incoepisse;
2385 850 2421 879 et
2441 855 2553 892 opor-

1481 902 1533 931 tet
1553 895 1677 932 dicere
1693 895 1799 943 quod
1819 895 2021 942 multoties,
2037 897 2099 933 vel
2119 896 2240 944 magis
2259 895 2450 938 infinifies,
2467 903 2554 933 sunt

1482 949 1692 985 destructae
1711 947 1743 995 ²¹⁸,
1772 956 1929 997 propter
1956 949 2055 986 bella
2081 949 2143 986 vel
2164 949 2255 986 alias
2276 949 2551 999 corruptiones,

1483 1009 1519 1038 et
1547 1009 1685 1038 iterum
1715 1009 1946 1038 reinventae.

1537 1055 1571 1091 6.
1603 1054 1734 1091 Tertio
1764 1054 1835 1091 ibi:
1871 1055 2105 1103 Quicumque
2137 1061 2262 1092 autem
2300 1057 2427 1106 ignem
2458 1063 2550 1103 etc.,

1482 1107 1646 1144 ostendit
1682 1107 1788 1156 quod
1815 1119 1895 1144 non
1924 1115 1980 1144 est
2016 1120 2138 1145 unum
2175 1109 2316 1145 horum
2345 1121 2552 1158 corporum

1481 1161 1715 1208 inferiorum,
1733 1172 1872 1209 corpus
1892 1161 1996 1210 quod
2017 1161 2264 1198 circulariter‘
2285 1169 2474 1199 movetur.
2503 1162 2554 1200 Et

1482 1215 1581 1251 circa
1609 1215 1683 1251 hoc
1711 1214 1780 1251 tria
1809 1213 1911 1251 facit:
1941 1213 2068 1263 primo
2088 1214 2254 1251 ostendit
2272 1215 2346 1251 hoc
2365 1222 2552 1264 quantum

1482 1268 1531 1305 ad
1560 1268 1708 1316 ignem;
1739 1267 1909 1305 secundo
1939 1275 2125 1316 quantum
2155 1267 2203 1305 ad
2231 1279 2371 1316 aerem,
2401 1267 2472 1305 ibi:
2502 1269 2555 1306 At

1481 1333 1572 1358 vero
1592 1333 1711 1370 neque
1729 1333 1818 1358 aere
1835 1321 1855 1342 ²¹⁸
1875 1329 1964 1368 etc.;
1994 1321 2103 1358 tertio
2123 1329 2309 1370 quantum
2329 1321 2378 1359 ad
2406 1329 2553 1360 utrum-

1482 1387 1570 1423 que,
1600 1375 1668 1412 ibi:
1696 1376 1747 1411 Et
1773 1375 1885 1412 etiam
1913 1375 1947 1411 si
1972 1375 2117 1411 duobus
2135 1374 2156 1396 '¹‘
2181 1382 2251 1412 etc.

1537 1428 1647 1465 Circa
1674 1428 1842 1477 primum
1862 1427 2061 1465 sciendum
2092 1435 2147 1465 est
2175 1427 2281 1478 quod
2300 1427 2415 1477 aliqui
2443 1435 2552 1478 puta-

1480 1489 1619 1519 verunt
1646 1482 1772 1519 solum
1793 1494 1956 1531 corpora
1979 1481 2155 1519 caelestia
2173 1481 2309 1530 delata,
2329 1481 2464 1520 idest*
2490 1493 2553 1520 so-

1481 1536 1570 1583 lem,
1591 1536 1722 1572 lunam
1748 1542 1783 1572 et
1802 1536 1938 1583 stellas,
1968 1547 2051 1572 esse
2081 1543 2236 1572 naturae
2265 1534 2415 1583 igneae3
2445 1533 2553 1584 quod

1480 1601 1575 1625 vcro
1605 1597 1661 1626 est
1689 1588 1785 1626 inter
1823 1601 1908 1636 eas,
1939 1596 1995 1625 est
2022 1595 2177 1626 naturae
2211 1600 2362 1626 aereae:
2392 1588 2551 1639 quidam

1480 1654 1575 1680 vero
1604 1650 1815 1691 posuerunt
1843 1650 1966 1679 toturn
1997 1654 2078 1679 esse
2103 1650 2260 1679 naturae
2289 1641 2435 1690 igneae,
2455 1641 2553 1680 sicut

1481 1699 1728 1743 Anaxagoras
1766 1695 1866 1732 dixit.
1901 1695 2001 1732 Dicit
2043 1707 2132 1744 ergo
2170 1695 2277 1744 quod
2318 1695 2552 1745 quicumque

1480 1757 1692 1798 posuerunt
1721 1761 1799 1786 non
1828 1749 1953 1786 solum
1983 1761 2146 1797 corpora
2175 1749 2299 1786 delata
2326 1749 2455 1797 ignem
2482 1761 2552 1799 pu-

1481 1815 1580 1850 rum,
1601 1802 1669 1839 sed
1688 1809 1811 1839 totum
1831 1802 2016 1849 ambiens,
2038 1801 2176 1839 scilicet
2195 1814 2331 1839 omnes
2350 1803 2550 1851 sphaeras;

1482 1863 1517 1893 et
1546 1857 1583 1893 id
1611 1856 1716 1904 quod
1745 1863 1802 1892 est
1838 1855 2108 1892 intermedium
2145 1863 2267 1892 terrae
2297 1863 2334 1893 et
2361 1863 2551 1894 astrorum

1481 1917 1536 1946 est
1555 1922 1640 1955 aer,
1671 1909 1810 1946 scilicet
1829 1921 1851 1945 a
1870 1917 1967 1946 terra
1994 1921 2116 1958 usque
2136 1909 2184 1946 ad
2204 1909 2341 1946 orbem
2360 1910 2486 1958 lunae,
2515 1916 2553 1947 et

1480 1963 1585 2012 quod
1615 1971 1670 2000 est
1694 1963 1870 2011 desuper,
1892 1969 2014 1999 totum
2047 1970 2103 1999 est
2131 1962 2243 2010 ignis;
2274 1962 2351 2010 qui,
2381 1962 2550 2013 inquam,

1480 2017 1534 2054 sic
1563 2016 1708 2063 dicunt,
1739 2016 1770 2053 si
1799 2016 2084 2053 considerarent
2122 2028 2167 2053 ea
2201 2028 2299 2065 quae
2333 2028 2436 2055 nunc
2457 2024 2552 2054 sunt

1479 2070 1711 2108 sufficienter
1731 2077 1883 2107 ostensa
1901 2082 1971 2119 per
1999 2069 2314 2107 Mathematicam
2335 2070 2382 2108 de
2406 2069 2552 2119 magni-

1479 2124 1671 2161 tudinibus
1701 2135 1919 2172 corporum,
1942 2123 2036 2160 forte
2057 2123 2281 2161 desisterent
2301 2124 2349 2161 ab
2367 2124 2442 2161 hac
2458 2135 2551 2173 pue-

1479 2178 1535 2215 rili
1573 2177 1766 2226 opinione.
1796 2177 1918 2215 Valde
1948 2177 2050 2214 enim
2089 2176 2270 2226 simplicis
2298 2177 2464 2215 hominis
2497 2184 2554 2215 est

1479 2239 1515 2268 et
1545 2230 1720 2268 ineruditi
1747 2238 1881 2279 putare
1901 2232 2027 2269 stellas
2047 2243 2135 2268 esse
2157 2243 2298 2280 parvas
2326 2230 2553 2280 magnitudi-

1479 2285 1601 2331 nibus,
1623 2284 1712 2334 quia
1739 2284 1919 2322 videntur
1945 2296 2090 2334 parvae
2109 2284 2222 2322 nobis
2240 2292 2320 2322 tam
2349 2296 2372 2322 a
2395 2283 2552 2322 remotis

1478 2338 1760 2387 aspicientibus.
1792 2337 1946 2375 Dictum
1975 2345 2032 2376 est
2050 2345 2179 2375 autern
2199 2344 2213 2359 ³
2237 2338 2285 2375 de
2304 2338 2363 2375 his
2382 2337 2421 2376 in
2440 2349 2552 2388 supe·

1479 2391 1642 2429 rioribus
1670 2391 1982 2439 theorematibus,
2013 2391 2154 2429 scilicet
2180 2391 2219 2429 in
2249 2392 2280 2428 11
2301 2392 2348 2429 de
2381 2391 2550 2430 Caelo*:

1479 2445 1547 2482 sed
1577 2445 1689 2482 etiam
1719 2457 1821 2482 nunc
1849 2445 2022 2482 eadem*
2041 2445 2186 2482 ratione
2215 2444 2388 2482 dicemus
2415 2444 2466 2484 ad
2485 2444 2550 2483 de·

1479 2498 1727 2535 structionem
1745 2498 1962 2546 praedictae
1980 2497 2191 2547 positionis.
2215 2498 2315 2535 Cum
2337 2498 2439 2535 enim
2469 2509 2551 2536 con

1478 2564 1574 2600 pora
1603 2558 1791 2588 astrorum
1817 2559 1853 2588 et
1875 2550 1895 2573 '⁸‘
1923 2552 2173 2600 sphaerarum
2202 2551 2310 2600 quasi
2334 2551 2551 2601 impropor—

1479 2604 1667 2642 tionaliter
1696 2605 1881 2642 excedant
1918 2604 2165 2654 quantitatem
2199 2612 2321 2642 terrae
2351 2612 2387 2642 et
2415 2616 2551 2643 eorum

1480 2670 1580 2706 quae
1609 2665 1695 2695 sunt
1724 2658 1822 2695 circa
1859 2665 2021 2705 terram,
2061 2658 2092 2695 si
2119 2670 2199 2696 non
2233 2659 2359 2696 solum
2389 2670 2553 2708 corpora

1480 2711 1672 2748 stellarum
1693 2718 1910 2748 constarent
1930 2723 1975 2748 ex
1995 2711 2092 2760 igne,
2114 2711 2182 2749 sed
2207 2711 2321 2749 etiam
2352 2711 2551 2750 distantiae

1480 2777 1578 2814 quae
1608 2772 1695 2802 sunt
1723 2765 1819 2802 inter
1838 2777 1902 2802 eas
1923 2773 2048 2802 essent
2076 2766 2213 2814 plenae
2237 2765 2335 2814 igne,
2361 2765 2438 2803 iarn
2458 2765 2551 2804 olim

1480 2818 1728 2856 annihilatum
1749 2826 1848 2856 esset
1865 2818 2175 2868 unumquodque
2194 2818 2355 2856 aliorum
2384 2819 2551 2857 elemen-

1479 2880 1619 2919 torum,
1649 2880 1806 2922 propter
1834 2884 2035 2910 excessum
2063 2872 2160 2921 ignis
2188 2884 2303 2922 super
2330 2884 2388 2910 ea.

1533 2938 1568 2974 7.
1592 2926 1742 2963 Deinde
1771 2938 1860 2963 cum
1888 2925 1992 2964 dicitz
2021 2926 2075 2963 At
2098 2937 2190 2964 vero
2210 2937 2330 2974 neque
2357 2937 2448 2963 aere
2465 2933 2550 2974 etc.,

1479 2979 1645 3016 ostendit
1672 2979 1775 3017 idem
1805 2987 1992 3028 quantum
2018 2980 2068 3017 ad
2091 2991 2220 3016 aerem
2241 2977 2265 3025 λ,
2297 2979 2426 3017 dicens
2445 2978 2553 3028 quod

1480 3045 1559 3070 non
1587 3040 1643 3070 est
1668 3033 1848 3082 possibile
1868 3033 1974 3083 quod
1993 3033 2086 3070 istae
2107 3032 2305 3071 distantiae
2325 3032 2399 3070 sint
2415 3033 2552 3083 plenae

1479 3166 1555 3198 exigit
1574 3172 1657 3191 textus
1671 3162 1759 3200 αἰθέρα
1774 3166 1876 3197 καλεῖν,
1890 3172 1915 3192 et
1930 3166 2006 3192 etiam
2026 3167 2153 3201 expositio
2171 3168 2198 3192 S.
2208 3166 2337 3193 Thomae.
2350 3167 2396 3192 ΛΒ
2410 3174 2459 3201 pro
2471 3166 2554 3192 alicui

1480 3203 1569 3234 legunt
1585 3202 1706 3233 cuidam
1727 3207 1752 3227 et
1777 3210 1825 3235 pro
1843 3209 1912 3236 quae
1929 3206 1983 3232 est,
2003 3210 2071 3236 quae
2090 3206 2130 3229 est
2148 3203 2185 3229 ibi
2204 3201 2288 3236 (idest
2313 3203 2380 3228 circa
2401 3202 2553 3235 super-tom

1479 3237 1599 3268 Iationes,
1619 3243 1648 3263 ut
1666 3245 1746 3271 supra
1766 3237 1884 3272 dicitur),
1904 3238 1975 3272 quod
1995 3239 2114 3264 convenit
2132 3238 2212 3264 textui
2232 3236 2277 3271 τὴν
2297 3236 2350 3264 ἐκεῖ
2365 3237 2480 3274 &timp-w.

1532 3271 1557 3307 0)
1578 3280 1626 3298 nos
1645 3273 1765 3299 dicimus.
1779 3288 1798 3292 -
1813 3282 1864 3299 non
1880 3273 1993 3299 dicimus
2009 3273 2055 3303 Pa,
2071 3274 2117 3299 sed
2137 3281 2189 3299 non
2209 3273 2250 3299 hic
2269 3273 2419 3308 superfluit}
2438 3273 2471 3299 cf.
2485 3273 2552 3300 inin

1480 3315 1531 3333 non
1552 3311 1667 3334 tantum.
1684 3323 1704 3328 -
1722 3309 1774 3334 Pro
1793 3309 1944 3339 reiteratae,
1965 3309 2094 3335 recitatae
2110 3310 2158 3335 Pa.

1534 3343 1553 3378 ι)
1573 3351 1669 3377 corpus
1684 3345 1756 3378 quod
1774 3345 1952 3371 circulariter.
1964 3359 1983 3364 -
1995 3352 2093 3378 corpus
2107 3346 2180 3379 quod
2197 3345 2319 3378 superius
2335 3345 2507 3371 circulariter
2520 3344 2551 3374 Α,

1478 3387 1575 3412 corpus
1594 3380 1666 3413 quod
1683 3380 1806 3413 superius
1829 3381 1901 3413 quod
1919 3381 2090 3406 circulariter
2109 3381 2137 3411 Β,
2157 3380 2223 3406 forte
2242 3389 2290 3414 pro
2314 3387 2412 3413 corpus
2430 3380 2554 3413 superius

1479 3415 1550 3448 quod
1569 3415 1747 3441 circulariter.
1765 3430 1783 3435 —
1802 3416 1852 3441 Pro
1873 3416 1909 3442 Et
1927 3416 2008 3446 circa,
2030 3416 2066 3442 Β
2084 3420 2148 3442 tunc
2165 3416 2239 3442 circa
2258 3417 2317 3448 AB;
2338 3415 2370 3442 ef.
2385 3421 2439 3442 not.
2453 3415 2480 3442 λ.

1533 3450 1558 3485 κ)
1579 3451 1687 3477 Dictum
1711 3455 1752 3477 est
1776 3455 1875 3477 autem.
1894 3466 1914 3471 -
1933 3452 1953 3476 B
1972 3459 2026 3477 om.
2041 3455 2145 3482 autem„⁵
2171 3452 2272 3478 Iterum
2291 3452 2391 3480 dictum
2411 3454 2451 3477 est
2469 3451 2516 3478 Pa.
2533 3464 2553 3471 -

1479 3486 1529 3510 Pro
1549 3486 1582 3512 de
1599 3486 1675 3512 his...
1690 3487 1716 3512 in
1739 3487 1767 3512 11
1783 3487 1816 3512 de
1838 3487 1932 3516 Caelo,
1952 3487 1985 3512 de
2003 3486 2044 3512 his
2064 3485 2116 3520 (his
2133 3495 2188 3513 om.
2206 3486 2239 3522 Β)
2260 3486 2430 3521 inferioribus
2449 3485 2551 3512 theore-

1480 3522 1594 3547 maribus
1614 3523 1640 3547 in
1662 3523 1692 3547 11
1708 3523 1740 3548 de
1761 3523 1841 3548 Caelo
1860 3523 1918 3553 ΑΒ;
1939 3522 2006 3548 conf.
2020 3527 2127 3548 textum.

1531 3556 1560 3591 λ)
1577 3561 1706 3590 quantum
1721 3558 1758 3583 ad
1771 3565 1871 3583 aerem.
1883 3572 1901 3577 -
1915 3558 1948 3583 de
1965 3565 2027 3583 aere
2045 3562 2174 3591 quantum
2189 3558 2226 3583 ad
2238 3565 2327 3583 aerem
2342 3558 2444 3583 codices
2459 3562 2484 3582 et
2498 3557 2550 3582 edi-

1479 3594 1571 3624 tiones,
1590 3594 1637 3618 sed
1651 3593 1684 3618 de
1702 3601 1764 3619 aere
1783 3598 1905 3626 putamus
1921 3598 2040 3626 corrupte
2055 3594 2179 3626 scriptum
2195 3601 2243 3627 pro
2257 3595 2386 3626 quantum
2401 3592 2438 3618 ad
2451 3599 2549 3622 aerem,

1479 3628 1540 3661 quin
1560 3634 1651 3660 postea
1669 3633 1825 3661 expunctum
1845 3629 1891 3659 sit;
1911 3627 1942 3653 cf.
1958 3628 2060 3653 Comm.
2076 3628 2101 3653 in
2121 3628 2153 3654 de
2169 3628 2255 3659 Caelo,
2271 3628 2288 3658 ¹,
2305 3634 2359 3659 vm,
2371 3625 2394 3658 δ,
2408 3635 2464 3659 m,
2476 3626 2499 3660 ζ,
2522 3628 2550 3658 Π,

1478 3671 1526 3692 xn,
1546 3672 1570 3697 γ.

2582 539 2590 547 ·
2603 544 2649 565 per
2661 544 2697 559 AB.

2583 645 2591 653 '
2604 646 2705 672 propter
2718 651 2741 666 Α.

2582 751 2590 759 ·
2606 755 2636 771 ex
2649 756 2671 772 n.

2580 776 2603 787 ¹⁸·
2619 776 2654 798 ef.
2665 776 2695 798 de
2709 776 2782 799 Gener

2582 805 2604 823 et
2611 802 2690 830 Corn,
2699 803 2743 825 lect
2753 809 2782 826 vu

2581 835 2604 859 n,
2621 835 2641 855 1,
2657 833 2679 852 et
2693 830 2746 852 loc·
2759 829 2782 853 ib

2581 859 2659 877 citata.

2583 960 2590 968 ⁸
2606 958 2734 981 destitutae
2742 965 2780 981 ra.

2581 1334 2590 1342 ·
2605 1332 2678 1355 Num.
2690 1339 2740 1361 seq.

2581 1387 2590 1396 ·
2605 1386 2677 1408 Num.
2688 1386 2711 1408 8.

2579 1493 2591 1502 “
2604 1493 2695 1515 :cilicet
2706 1499 2745 1515 ΑΒ.

2774 2191 2777 2198 <
2770 2030 2782 2135 ......-...
2780 1979 2782 2003 ..
2779 1942 2782 1945 .

2634 2403 2710 2427 p.vu;
2720 2397 2746 2421 S.

2579 2425 2632 2447 leet.
2642 2431 2666 2447 x.

2581 2457 2590 2466 ·
2605 2461 2634 2478 ea
2647 2462 2670 2478 Α.

2580 2561 2738 2585 *idaim*
