2690 4062
46 705 55 714 '¹
66 702 256 725 descendentibus

45 730 97 751 cab.

45 967 54 976 “
70 965 173 987 uiolenta
189 971 209 986 P.

44 1016 53 1025 ·
68 1014 181 1035 violentia
198 1020 218 1034 ρ.

43 1277 120 1324 ‘berit
138 1277 161 1297 in
181 1276 252 1296 mixto

43 1309 56 1324 ι’
72 1319 78 1324 .

42 1540 51 1550 “’
60 1539 249 1565 ostendehitpca,

41 1565 175 1586 ostendetur
188 1570 223 1586 se.

41 2814 52 2825 “
58 2820 148 2842 ponere
156 2821 203 2836 orn.
213 2821 248 2837 ca.

284 280 331 304 XX

285 344 421 378 humido
439 352 470 377 et
486 354 612 388 aquoso
629 342 777 375 similiter
792 340 995 374 ascendente.
1012 338 1108 372 Unde
1126 349 1201 370 cum
1218 338 1251 369 in
1269 347 1340 368 aere

285 390 350 422 sint
366 388 531 433 quaedam
549 395 655 431 partes
683 387 802 430 ignitae
830 394 862 418 et
885 395 995 417 aereae
1020 392 1051 416 et
1080 394 1096 414 a
1122 392 1201 414 ueae
1224 389 1256 413 et
1280 388 1342 411 ter-

284 444 368 473 reae,
381 441 555 465 moventur
575 443 592 464 a
613 443 646 463 se
663 431 804 463 invicem
824 426 1028 462 ascendendo
1049 435 1081 459 et
1123 423 1340 457 escendendo.

286 476 389 518 Quod
415 485 523 509 autem
554 476 638 518 ignis
662 475 704 507 sit
731 475 765 506 in
789 484 871 513 aere,
895 480 984 516 patet
1011 481 1069 514 per
1099 467 1341 519 Philosophum

284 523 358 555 inI
387 521 605 554 Meteororum:
639 518 716 552 dicit
751 518 839 550 enirn
872 515 961 560 quod
993 513 1131 546 ambitus
1163 522 1247 555 lgnis
1283 521 1341 554 per

284 577 391 598 aerem
415 563 600 608 frequenter
615 562 776 606 spargitur
799 567 891 600 motu,
909 559 992 592 idest
1012 569 1070 601 per
1092 558 1246 606 virtutem
1271 566 1341 587 cae—

284 609 372 642 lestis
396 617 522 648 motus,
547 616 579 640 et
602 606 702 639 fertur
731 604 885 637 violentia
909 603 1073 636 deorsum.
1102 601 1143 633 Et
1166 599 1240 632 ideo
1265 606 1341 631 sunt

284 653 410 697 aliquae
426 660 532 696 partes
548 651 631 694 ignis
648 658 679 682 et
702 650 735 681 in
758 659 830 681 rore
847 656 878 680 et
894 647 927 679 in
950 645 1126 689 vaporibus
1144 642 1340 695 pluvialibus

285 696 515 730 descendentes
539 695 564 735 *‚
592 705 671 738 quas
694 703 832 736 vapores
856 691 1020 734 accipiunt
1043 690 1076 721 in
1100 699 1234 732 reglone
1259 698 1340 720 aeris

284 740 449 774 calefacta:
474 748 506 772 et
529 738 603 771 ideo
626 748 727 781 aquae
751 734 909 779 pluviales
934 742 1010 767 sunt
1030 744 1211 777 vaporosae
1235 740 1267 764 et
1291 742 1340 763 ca-

283 785 376 818 lidae.
401 785 442 817 Et
464 783 543 816 haec
566 782 663 814 etiam
694 788 742 813 est
765 790 861 812 causa
885 778 990 823 quod,
1015 778 1089 810 nive
1113 775 1340 815 descendente,

283 839 350 861 non
379 836 427 861 est
456 835 543 859 tanta
566 825 705 858 intensio
728 823 856 867 frigoris
882 824 966 855 sicut
996 822 1030 854 in
1054 821 1123 854 aliis
1147 819 1340 853 hiemalibus

282 881 347 905 tem
374 870 494 904 oribus.
512 870 565 903 Sic
589 880 667 912 ergo
692 879 767 900 curn
790 866 902 910 pluvia
925 875 958 899 et
981 877 1054 898 rore
1078 874 1110 898 et
1133 864 1203 897 aliis
1227 863 1340 896 huius-

282 927 339 949 mo
363 917 373 948 i
397 913 596 948 descendunt
619 920 725 956 partes
749 912 870 955 ignitae
894 910 934 943 ad
957 910 1069 943 locum
1093 908 1269 941 mixtionis.
1292 907 1340 940 Ex

282 960 332 992 his
356 967 443 1003 patet
459 957 548 1002 quod
572 957 611 989 ad
627 957 819 988 mixtionem
842 965 911 987 non
934 962 1046 987 movet
1069 952 1225 986 violentia
1245 951 1260 968 *
1282 950 1339 984 sed

282 1012 411 1043 natura;
435 1011 465 1035 et
488 1001 562 1034 ideo
586 1001 699 1033 mixtio
723 1010 791 1032 non
814 1007 863 1032 est
885 998 1028 1031 violenta
1051 997 1067 1014 *
1090 996 1146 1030 sed
1171 994 1336 1028 naturalis.

326 1047 420 1080 Circa
454 1044 634 1078 secundum
665 1052 774 1077 autem
802 1042 920 1076 diversi
949 1040 1166 1075 diversimode
1199 1040 1337 1084 opinan-

281 1100 341 1124 tur.
363 1091 446 1123 Sunt
468 1090 555 1122 enim
602 1087 724 1128 uidam,
748 1086 891 1120 dicentes
912 1085 1001 1130 quod
1026 1084 1233 1129 qualitatibus
1257 1084 1336 1116 acti-

280 1137 329 1168 vis
352 1143 384 1167 et
406 1134 541 1178 passivis
565 1144 583 1165 a
628 1131 774 1164 medium
804 1130 941 1164 redactis
975 1129 1156 1174 aliqualiter
1179 1139 1237 1172 per
1261 1127 1337 1160 alte-

281 1180 449 1218 rationem,
462 1177 584 1210 formae
597 1175 762 1219 generales
776 1174 1014 1208 elementorum
1026 1181 1160 1206 manent
1171 1173 1205 1205 in
1218 1173 1336 1212 mixto,

281 1224 356 1267 quia
386 1223 412 1254 si
435 1232 503 1254 non
533 1228 714 1260 manerent,
739 1230 833 1252 corru
859 1219 906 1251 tio
937 1217 1097 1262 quaedam
1121 1217 1182 1250 erit
1205 1225 1237 1249 et
1267 1227 1336 1249 non

280 1267 393 1300 mixtio
409 1265 434 1298 *.
455 1266 580 1299 Rursus
597 1265 705 1304 etiam,
722 1263 797 1307 quia
814 1274 831 1295 a
845 1263 905 1295 iter
923 1261 1082 1305 simplicia
1106 1272 1244 1305 corpora
1272 1259 1336 1293 ele-

280 1319 466 1343 mentorum
484 1309 643 1341 ration'em
666 1308 864 1340 amitterent:
890 1306 1090 1339 elementum
1113 1306 1201 1338 enim
1225 1313 1274 1337 est
1297 1315 1336 1337 ex

302 1366 346 1387 uo
359 1353 567 1397 componitur
579 1351 700 1396 aliquid
713 1359 744 1384 et
758 1359 806 1384 est
818 1351 852 1383 in
865 1362 916 1391 eo,
929 1358 966 1383 ut
979 1349 1335 1393 diciturVMetaphys.-

280 1398 343 1432 sed
356 1399 415 1430 ista
428 1398 540 1441 opinio
550 1405 598 1429 est
614 1394 834 1439 impossibilis.
844 1393 1051 1438 Impossibile
1064 1394 1152 1426 enim
1165 1393 1335 1426 materiam

279 1441 458 1476 secundum
482 1440 567 1474 idem
591 1440 733 1473 diversas
756 1441 876 1472 formas
895 1438 1133 1471 elementorum
1158 1438 1333 1481 suscipere.

279 1487 313 1520 Si
336 1486 435 1530 igitur
457 1486 491 1518 in
515 1495 651 1528 corpore
674 1484 777 1516 mixto
801 1482 924 1516 formae
945 1481 1172 1515 substantiales
1195 1481 1335 1515 elemen—

278 1539 387 1563 torum
411 1529 619 1569 salvarentur,
635 1527 799 1572 oportebit
814 1529 831 1548 *
854 1526 988 1560 diversis
1014 1526 1158 1570 partibus
1181 1526 1334 1559 materiae

277 1586 330 1608 eas
354 1575 468 1607 inesse.
493 1574 647 1606 Materiae
678 1580 787 1605 autem
814 1571 955 1605 diversas
979 1579 1086 1615 partes
1117 1571 1262 1614 accipere
1285 1578 1334 1603 est

277 1617 488 1662 impossibile,
508 1618 569 1649 nisi
587 1615 826 1660 praeintellecta
843 1616 1022 1660 quantitate
1038 1616 1071 1648 in
1091 1616 1241 1648 materia:
1259 1613 1333 1647 sub-

277 1663 337 1696 lata
361 1663 449 1695 enim
468 1661 646 1706 quantitate
670 1661 803 1693 materia
827 1659 1031 1693 indivisibilis
1055 1668 1233 1703 permanet,
1250 1660 1334 1692 sicut

277 1715 364 1751 patet
387 1707 420 1739 in
444 1706 459 1739 I
481 1705 595 1750 Physic.
622 1705 670 1740 Ex
693 1705 826 1737 materia
850 1712 958 1737 autem
983 1703 1043 1736 sub
1067 1705 1245 1748 quantitate
1269 1703 1333 1736 exi-

277 1759 391 1791 stente,
407 1759 439 1783 et
461 1749 565 1782 forma
581 1748 782 1782 substantiali
798 1748 1001 1788 adveniente,
1018 1758 1138 1792 corpus
1157 1748 1333 1792 physicum

276 1795 495 1828 constituitur.
516 1794 672 1827 Diversae
695 1793 795 1836 igitur
817 1801 924 1836 partes
955 1793 1109 1826 materiae
1132 1791 1246 1826 formis
1270 1791 1333 1825 ele-

277 1847 463 1872 mentorum
486 1837 698 1870 subsistentes
722 1837 866 1881 plurium
890 1848 1067 1881 corporum
1091 1837 1253 1870 rationem
1277 1848 1332 1869 su-

277 1884 426 1927 scipiunt.
443 1881 547 1915 Multa
569 1890 678 1915 autem
696 1892 833 1925 corpora
852 1881 1054 1925 impossibile
1070 1890 1119 1914 est
1135 1892 1206 1914 esse
1223 1880 1332 1914 simul.

276 1927 355 1961 Non
378 1928 388 1960 i
414 1927 476 1959 itur
498 1927 532 1959 in
556 1925 699 1970 qualibet
728 1934 818 1970 parte
843 1926 989 1969 corporis
1020 1926 1112 1958 mixti
1135 1934 1231 1959 erunt
1254 1936 1332 1970 qua-

278 1980 354 2004 tuor
375 1983 392 2004 e
407 1979 552 2010 ementa3
575 1978 608 2003 et
630 1970 676 2003 sic
699 1980 767 2003 non
791 1970 852 2002 erit
874 1981 950 2003 vera
972 1970 1098 2011 mixtio,
1115 1969 1172 2003 sed
1198 1969 1239 2003 ad
1262 1981 1334 2002 sen-

277 2027 372 2055 sum,
400 2015 482 2048 sicut
516 2014 632 2048 accidit
663 2014 696 2047 in
727 2015 980 2058 congregatione
1004 2025 1203 2059 corporum,
1227 2014 1333 2047 insen-

277 2059 419 2092 sibilium
442 2067 575 2103 propter
604 2059 806 2102 parvitatem.
837 2058 1005 2092 Praeterea
1036 2058 1199 2103 quaelibet
1230 2057 1334 2092 forma

276 2103 494 2136 substantialis
518 2103 683 2147 propriam
700 2102 950 2147 dispositionem
973 2104 1108 2148 requirit
1131 2103 1164 2136 in
1187 2104 1332 2144 materia,

277 2148 346 2180 sine
370 2159 434 2192 qua
457 2158 526 2180 esse
542 2158 610 2180 non
634 2155 757 2191 potest:
783 2146 869 2180 unde
893 2147 992 2180 altera
1011 2156 1060 2180 est
1082 2148 1134 2181 via
1158 2147 1198 2181 ad
1222 2147 1334 2181 altera-

277 2193 400 2225 tionem
417 2199 449 2224 et
465 2190 563 2224 altera
586 2190 626 2224 ad
650 2191 905 2235 corruptionem.
924 2191 1131 2236 Impossibile
1151 2200 1261 2226 autem
1285 2201 1334 2225 est

276 2235 412 2269 eandem
436 2246 507 2268 esse
538 2235 787 2279 dispositionem
819 2246 918 2280 quarn
941 2237 1077 2280 requirit
1100 2236 1205 2270 forma
1229 2237 1333 2280 ignis,

277 2288 308 2313 et
331 2291 429 2324 quam
444 2280 579 2324 requirit
598 2278 702 2313 forma
721 2280 802 2313 aeris
826 2279 878 2313 vel
902 2291 1020 2324 aquae:
1040 2280 1097 2314 sed
1113 2289 1191 2314 sunt
1207 2289 1334 2314 contra-

276 2324 349 2357 riae.
367 2324 536 2358 Contraria
559 2331 668 2357 autem
691 2335 762 2357 esse
785 2335 854 2357 non
870 2333 1009 2368 possunt
1032 2325 1065 2358 in
1089 2325 1207 2359 eodem
1231 2325 1335 2359 subie-

277 2376 340 2401 cto.
366 2367 570 2412 Impossibile
595 2377 643 2401 est
666 2369 675 2401 i
701 2368 778 2408 'tur‚
803 2368 893 2420 quod
920 2369 953 2402 in
977 2369 1091 2403 eadem
1120 2379 1210 2414 parte
1242 2370 1334 2403 mixti

276 2413 340 2449 sint
362 2411 484 2445 formae
507 2411 685 2446 substantia
699 2424 732 2446 es
749 2413 833 2457 ignrs
858 2421 890 2446 et
913 2425 1026 2458 aquae.
1045 2414 1080 2448 Si
1097 2414 1197 2458 igitur
1218 2415 1334 2448 mixtio

275 2455 331 2489 fiat
353 2456 592 2490 remanentibus
615 2456 729 2490 formis
753 2456 951 2502 simplicium
976 2469 1166 2503 corporum,
1186 2459 1335 2504 sequitur

277 2500 366 2544 quod
388 2511 456 2534 non
479 2501 520 2534 sit
543 2501 669 2541 mixtio,
685 2500 742 2534 sed
765 2502 873 2535 solum
897 2501 937 2536 ad
961 2514 1105 2544 sensum,
1129 2504 1222 2555 quasi
1246 2504 1335 2538 iuxta

277 2555 311 2577 se
335 2545 448 2588 positis
472 2544 614 2589 partibus
637 2545 877 2579 insensibilibus
900 2556 1036 2591 propter
1058 2555 1261 2591 parvnatem.

322 2588 468 2629 Quidam
498 2591 601 2623 utrius
625 2601 666 2622 ue
696 2591 837 2623 rationes
859 2591 961 2624 vitare
991 2591 1140 2625 volentes
1164 2593 1197 2625 in
1228 2592 1334 2625 maius

276 2633 509 2666 inconveniens
532 2634 595 2667 inci
620 2643 723 2667 erunt.
741 2635 787 2668 Ut
810 2636 898 2668 enirn
914 2636 1108 2669 mixtionem
1132 2635 1171 2670 ab
1191 2635 1333 2670 elemen-

277 2685 387 2709 torum
414 2679 622 2722 corruptione
653 2678 750 2712 distin
775 2688 904 2721 uerent,
931 2679 1082 2714 dixerunt
1106 2679 1228 2714 formas
1256 2680 1334 2714 sub-

276 2720 439 2754 stantiales
474 2721 711 2756 elementorum
741 2690 921 2768 aiiqualiter
951 2735 1118 2759 remanere
1146 2725 1180 2758 in
1211 2726 1334 2767 mixt03

278 2764 334 2798 sed
356 2776 477 2807 rursuS‚
493 2777 534 2800 ne
557 2775 750 2810 cogerentur
772 2769 965 2802 mixtionem
988 2769 1028 2803 ad
1053 2780 1187 2803 sensum
1211 2778 1244 2803 et
1265 2780 1334 2803 non

277 2809 456 2843 secundum
479 2811 646 2844 veritatem
672 2822 793 2855 ponere
818 2812 848 2853 *,
876 2822 1059 2857 posuerunt
1088 2813 1179 2859 quod
1209 2813 1333 2848 formae

277 2852 513 2887 elementorum
530 2866 597 2888 non
614 2865 746 2889 manent
762 2857 795 2889 in
810 2858 913 2890 mixto
930 2858 1111 2891 secundum
1128 2870 1226 2892 suum
1246 2870 1334 2892 com-

277 2897 489 2941 plementum,
506 2899 563 2933 sed
586 2900 618 2932 in
635 2900 801 2944 quoddam
817 2901 963 2935 medium
979 2902 1189 2936 reducuntur.
1209 2903 1334 2937 Dicunt

277 2942 368 2975 enim
387 2943 476 2986 quod
494 2942 621 2977 *formae
638 2943 876 2979 elementorum
900 2947 1083 2991 suscipiunt
1106 2948 1210 2991 magis
1227 2956 1259 2981 et
1275 2948 1334 2981 mi-

787 264 858 301 DE
888 261 1274 300 GENERATIONE
1304 259 1374 295 ET
1405 255 1785 294 CORRUPTIONE
1816 255 1909 291 LIB.
1942 256 1955 291 1

1396 345 1473 373 nus,
1497 342 1528 365 et
1552 332 1672 365 habent
1703 332 1964 364 contrarietatem
1996 331 2189 364 adinvicem.
2218 332 2260 365 Et
2283 334 2360 378 quia
2384 334 2465 368 haec

1396 376 1565 410 manifeste
1589 384 1774 419 repugnant
1798 375 1968 408 communi
1988 376 2139 418 opinioni
2163 385 2196 409 et
2219 376 2313 410 dictis
2338 379 2464 412 Aristo-

1395 421 1478 461 telis,
1496 421 1633 453 dicentis
1656 420 1691 452 in
1713 419 1964 453 Praedicamentis
1980 419 2071 463 quod
2094 419 2293 454 substantiae
2316 422 2399 456 nihil
2414 431 2465 457 est

1396 465 1607 504 contrarium,
1625 472 1657 496 et
1676 462 1766 507 quod
1789 474 1858 496 non
1875 464 1990 507 recipit
2009 475 2063 496 ma
2089 464 2114 496 's
2134 472 2166 497 et
2188 465 2309 506 minus,
2325 466 2463 502 ulterius

1395 507 1595 553 procedunt,
1621 507 1765 540 dicentes
1789 506 1879 551 quod
1899 506 2024 540 formae
2048 519 2066 540 e
2080 517 2289 543 ementorum
2312 520 2391 544 sunt
2404 512 2463 546 im-

1395 552 1670 597 perfectissimae,
1699 559 1815 595 utpote
1848 552 2002 584 materiae
2026 552 2152 595 primae
2211 555 2461 599 ropinquiores:

1396 597 1483 630 unde
1507 604 1584 629 sunt
1607 594 1734 628 mediae
1757 595 1841 628 inter
1863 593 1986 628 formas
2010 595 2190 630 substantia
2203 609 2238 630 es
2262 606 2295 631 et
2317 599 2463 634 acciden-

1395 641 1492 681 tales;
1517 649 1549 673 et
1573 640 1619 672 sic
1643 639 1840 683 inquantum
1863 639 2024 673 accedunt
2047 639 2087 674 ad
2106 649 2258 675 naturam
2281 642 2462 678 formarum

1395 683 1655 723 accidentalium,
1673 683 1778 726 magis
1795 691 1827 716 et
1849 684 1960 716 minus
1984 685 2071 717 susci
2097 696 2150 718 ere
2167 695 2317 729 possunt.
2335 707 2354 713 —
2371 689 2462 722 Haec

1395 738 1504 762 autem
1521 729 1643 772 positio
1660 726 1884 771 multipliciter
1898 727 1915 745 '⁸
1931 728 1976 761 im
2001 695 2156 762 robaIbilis
2179 739 2238 763 est.
2256 731 2369 765 Primo
2385 734 2463 777 quia
2489 743 2500 754 ·

1395 785 1465 806 esse
1490 771 1612 816 aliquid
1642 771 1791 804 medium
1814 772 1898 805 inter
1932 783 1970 805 su
1995 774 2147 807 stantiam
2171 783 2204 807 et
2234 775 2385 809 accidens
2413 786 2463 811 est

1395 818 1533 850 omnino
1566 814 1770 860 impossibile
1778 827 1788 856 ;
1812 824 1898 849 esset
1925 817 2015 849 enim
2045 817 2169 862 aliquid
2199 819 2347 853 medium
2378 822 2462 855 inter

1394 860 1645 894 affirmationem
1669 867 1701 892 et
1724 860 1953 904 negationem:
1970 862 2143 906 proprium
2172 864 2261 896 enim
2285 864 2462 899 accidentis

1394 914 1442 938 est
1465 906 1499 937 in
1523 904 1670 937 subiecto
1699 915 1788 945 esse,
1811 903 2011 939 substantiae
2040 917 2120 940 vero
2150 907 2183 940 in
2215 907 2364 942 subiecto
2392 920 2462 944 non

1393 961 1475 982 esse.
1493 949 1631 982 Formae
1655 956 1766 981 autem
1789 947 2018 983 substantiales
2041 959 2119 984 sunt
2141 951 2276 996 quidem
2300 953 2335 986 in
2359 962 2473 988 mate--

1392 994 1449 1034 ria,
1466 992 1523 1026 sed
1545 1003 1615 1025 non
1638 993 1673 1025 in
1689 991 1854 1033 subiecto;
1878 1003 1956 1026 nam
1976 993 2161 1028 subiectum
2181 1005 2230 1029 est
2245 996 2310 1030 hoc
2326 997 2462 1043 aliquid,

1392 1037 1497 1070 forma
1521 1046 1631 1070 autem
1650 1036 1871 1070 substantialis
1888 1046 1938 1070 est
1961 1049 2044 1082 quae
2068 1038 2144 1072 facit
2160 1039 2225 1073 hoc
2241 1041 2375 1086 aliquid,
2391 1053 2462 1076 non

1392 1090 1503 1114 autem
1533 1081 1772 1125 praesupponit
1802 1081 1922 1125 ipsum.
1957 1083 2042 1116 Item
2069 1082 2246 1118 ridiculum
2269 1094 2319 1119 est
2342 1086 2461 1129 dicere,

1391 1125 1539 1159 medium
1567 1135 1638 1158 esse
1662 1126 1747 1158 inter
1770 1136 1808 1158 ea
1831 1136 1916 1170 quae
1939 1137 2009 1160 non
2032 1135 2110 1160 sunt
2132 1129 2232 1162 unius
2255 1131 2400 1173 generis,
2423 1139 2462 1165 ut

1391 1169 1547 1214 probatur
1570 1170 1604 1202 in
1628 1169 1661 1202 X
1684 1169 1870 1215 Metaphys.:
1897 1170 2047 1204 medium
2071 1172 2160 1205 enim
2188 1181 2222 1206 et
2248 1182 2393 1208 extrema
2420 1185 2461 1210 ex

1391 1213 1509 1247 eodem
1538 1225 1658 1257 genere
1690 1225 1762 1246 esse
1793 1222 1935 1258 oportet.
1970 1212 2064 1249 Nihil
2095 1227 2176 1260 ergo
2208 1217 2356 1252 medium
2388 1226 2461 1254 ωδε

1390 1267 1499 1302 potest
1522 1259 1606 1291 inter
1629 1257 1845 1291 substantiam
1869 1267 1902 1292 et
1924 1259 2085 1293 accidens.
2110 1260 2208 1295 Unde
2223 1261 2460 1308 *impossibile
2486 1271 2498 1284 ·

1391 1311 1439 1336 est
1455 1302 1576 1335 formas
1593 1301 1834 1336 elementorum
1851 1303 2017 1348 suscipere
2033 1305 2138 1349 magis
2150 1313 2184 1338 et
2199 1307 2321 1341 minus.
2336 1307 2461 1343 Omnis

1390 1347 1478 1380 enim
1502 1346 1608 1379 forma
1630 1347 1793 1391 recipiens
1816 1348 1922 1391 magis
1945 1357 1978 1381 et
2000 1349 2111 1382 minus
2134 1358 2184 1383 est
2207 1350 2378 1386 divisibilis
2401 1362 2462 1399 per

1389 1390 1550 1432 accidens,
1575 1391 1773 1435 inquantum
1796 1391 1921 1425 scilicet
1943 1391 2128 1426 subiectum
2153 1403 2263 1438 potest
2290 1406 2364 1430 eam
2387 1405 2461 1442 pn-

1389 1436 1522 1479 ticipare
1546 1434 1599 1468 vel
1614 1436 1720 1479 magis
1742 1435 1796 1469 vel
1819 1436 1940 1469 minus.
1965 1437 2157 1471 Secundum
2176 1449 2287 1473 autem
2310 1439 2345 1476 id
2367 1441 2460 1489 quod

1389 1488 1438 1513 est
1462 1479 1634 1520 divisibile,
1657 1479 1711 1513 vel
1734 1491 1794 1524 per
1817 1480 1968 1514 accidens
1991 1481 2044 1515 vel
2060 1493 2120 1526 per
2137 1493 2184 1523 se,
2209 1485 2460 1530 contingit-&e
2491 1486 2495 1491 '

1388 1532 1518 1557 motum
1542 1525 1755 1565 continuum,
1778 1533 1816 1558 ut
1833 1533 1924 1570 patet
1946 1526 1980 1559 in
2003 1526 2053 1560 VI
2076 1526 2190 1578 Physic.
2209 1528 2244 1562 Si
2267 1529 2369 1582 igitur
2389 1529 2459 1565 for-

1388 1580 1460 1602 mae
1484 1567 1714 1602 substantiales
1737 1567 1979 1603 elementorum
2002 1572 2188 1616 suscipiunt
2210 1584 2316 1617 mag1s
2339 1582 2374 1608 et
2394 1575 2458 1609 mi-

1387 1624 1468 1654 nus,
1493 1622 1561 1646 tam
1589 1613 1764 1691 ‘generatio
1788 1625 1889 1658 quarn
1918 1616 2088 1660 corruptio
2119 1617 2181 1649 erit
2207 1626 2321 1652 motus
2351 1619 2459 1654 eonti-

1387 1669 1494 1698 nuus;
1519 1668 1586 1702 quo
1633 1665 1683 1691 est
1705 1657 1924 1702 impossibile:
1949 1667 2026 1693 narn
2049 1668 2161 1694 motus
2185 1663 2363 1697 continuus
2388 1671 2459 1701 non

1387 1710 1437 1735 est
1455 1702 1518 1779 nbi-si
1534 1703 1568 1735 in
1585 1701 1689 1735 tribus
1704 1701 1890 1746 generibus,
1906 1702 2031 1738 scilicet
2045 1705 2081 1738 in
2093 1706 2286 1749 quantitate,
2303 1706 2460 1754 qualitate

1387 1754 1420 1780 et
1442 1758 1465 1779 u
1490 1758 1509 1779 1.

1432 1790 1579 1842 Oportet
1606 1790 1616 1823 i
1642 1791 1706 1824 itur
1736 1790 1838 1824 alium
1861 1791 2002 1826 modum
2025 1793 2184 1834 invenire,
2200 1805 2269 1840 quo
2284 1803 2318 1830 et
2339 1797 2458 1831 veritas

1387 1835 1556 1868 mixtionis
1580 1845 1616 1868 sa
1628 1843 1741 1876 vetur,
1765 1843 1798 1869 et
1814 1844 1924 1869 tamen
1938 1835 2110 1871 'elementa
2132 1849 2202 1872 non
2225 1839 2370 1877 totaliter
2386 1851 2459 1876 eor-

1387 1888 1592 1924 rumpantur,
1609 1879 1667 1913 sed
1691 1879 1874 1925 aliqualiter
1897 1881 1931 1914 iii
1954 1882 2059 1915 mixto
2077 1892 2277 1918 remaneant.
2294 1883 2459 1923 Conside-

1387 1923 1526 1958 randum
1561 1932 1611 1957 est
1634 1924 1735 1968 igitur
1769 1924 1860 1976 quod
1889 1925 2061 1970 qualitates
2096 1928 2220 1961 activae
2249 1937 2283 1962 et
2310 1930 2460 1974 passivae

1388 1967 1629 2002 elementorum
1654 1977 1836 2002 contrariae
1851 1978 1931 2003 sunt
1953 1969 2148 2012 adinvicem,
2164 1981 2197 2006 et
2219 1973 2326 2018 magis
2348 1974 2460 2012 etmi-

1388 2024 1450 2046 nus
1474 2013 1655 2058 recipiunt:
1680 2015 1720 2046 ex
1744 2015 1914 2048 contrariis
1930 2023 2042 2049 autem
2066 2015 2276 2061 qualitatibus
2299 2027 2460 2063 quaesu-

1388 2058 1533 2102 scipiunt
1555 2058 1661 2102 magis
1685 2066 1718 2091 et
1740 2059 1862 2100 minus,
1879 2059 2037 2094 constitui
2055 2069 2167 2105 potest
2183 2061 2292 2096 media
2308 2062 2459 2108 qualitas,

1388 2113 1471 2147 quae
1500 2102 1586 2147 sapit
1617 2102 1788 2147 utriusque
1819 2104 1955 2137 extremi
1989 2113 2158 2147 naturam,
2185 2106 2271 2140 sicut
2298 2106 2459 2152 pallidum

1388 2147 1472 2180 inter
1494 2146 1606 2180 album
1635 2155 1668 2181 et
1698 2147 1840 2198 nigrum.
1873 2148 1928 2182 Sic
1953 2148 2054 2193 igitur
2085 2150 2230 2184 remissis
2258 2150 2460 2187 excellentiis

1388 2190 1636 2225 elementarium
1662 2191 1876 2236 qualitatum,
1907 2194 2119 2228 constituitur
2148 2206 2188 2228 ex
2217 2195 2266 2229 eis
2296 2195 2460 2249 quaedam

1388 2235 1526 2314 qualitas
1549 2235 1668 2278 media,
1692 2246 1777 2281 quae
1793 2244 1843 2270 est
1866 2238 2000 2282 propria
2020 2238 2159 2284 qualitas
2183 2250 2331 2285 corpons
2352 2240 2459 2283 mixti,

1412 2279 1541 2314 ifferens
1564 2289 1675 2314 tamen
1690 2281 1724 2314 in
1740 2280 1876 2315 diversis
1900 2281 2084 2317 secundum
2104 2282 2267 2318 diversam
2289 2285 2459 2320 mixtionis

1388 2325 1650 2370 proportionem.
1667 2325 1710 2359 Et
1733 2325 1814 2359 haec
1848 2326 1984 2371 quidem
2007 2327 2146 2379 qualitas
2177 2338 2228 2362 est
2250 2330 2387 2375 propria
2406 2329 2459 2366 di-

1389 2370 1530 2414 spositio
1546 2369 1587 2404 ad
1610 2368 1751 2404 formam
1768 2371 1916 2415 corporis
1939 2372 2044 2413 mixti,
2060 2373 2146 2406 sicut
2161 2373 2300 2418 qualitas
2319 2373 2460 2421 simplex

1389 2413 1429 2448 ad
1453 2413 1594 2448 formam
1610 2425 1668 2448 cor
1693 2415 1760 2448 oris
1784 2415 1953 2494 SimJ’HCis'
1971 2416 2064 2451 Sicut
2079 2417 2181 2461 igitur
2202 2426 2347 2452 extrem
2363 2418 2458 2454 hve-

1388 2459 1525 2492 niuntur
1548 2459 1583 2492 in
1606 2469 1659 2492 me
1685 2459 1740 2499 io,
1768 2470 1836 2511 quo
1882 2461 2056 2505 participat
2089 2470 2239 2495 naturam
2262 2462 2457 2509 utriusque,

1389 2503 1435 2536 sic
1455 2502 1627 2548 qualitates
1650 2503 1852 2547 simplicium
1871 2515 2050 2550 corporum
2073 2506 2288 2545 inveniuntur
2301 2507 2337 2541 in
2351 2507 2457 2554 quali·

1389 2555 1454 2580 tate
1478 2548 1628 2591 corporis
1656 2548 1759 2581 mixti.
1789 2548 1942 2588 Qualitas
1973 2557 2084 2583 autem
2118 2549 2277 2602 simplicis
2308 2551 2458 2598 corporis

1389 2599 1439 2625 est
1462 2591 1596 2636 quidem
1619 2591 1708 2626 aliud
1731 2603 1750 2625 a
1778 2591 1884 2626 forma
1907 2593 2111 2627 substantiali
2128 2595 2242 2639 ipsius,
2259 2595 2327 2640 agit
2345 2599 2458 2631 tamen

1388 2637 1507 2670 virtute
1523 2635 1647 2670 formae
1664 2636 1884 2671 substantialis
1890 2649 1899 2679 ;
1915 2637 2063 2684 alioquin
2079 2638 2168 2672 calor
2183 2638 2372 2674 calefaceret
2389 2644 2459 2676 ian·

1388 2689 1471 2722 tum,
1487 2691 1557 2714 non
1574 2689 1684 2714 autem
1700 2680 1807 2715 forma
1829 2682 2050 2716 substantialis
2066 2682 2261 2718 educeretur
2278 2684 2312 2719 in
2335 2686 2458 2727 aetum,

1389 2736 1466 2758 cum
1490 2725 1571 2759 nihil
1595 2733 1670 2770 agat
1693 2737 1793 2771 supra
1808 2737 1903 2760 suam
1927 2728 2083 2772 speciem.
2101 2727 2187 2762 Sunt
2202 2729 2302 2773 igitur
2318 2729 2457 2765 virtute·

1388 2769 1569 2803 formarum
1593 2769 1856 2804 substantialium
1891 2771 2092 2816 simplicium
2124 2783 2304 2818 corporum
2326 2773 2457 2808 incor-

1388 2813 1524 2858 poribus
1547 2815 1658 2848 mixtis
1681 2826 1750 2849 non
1774 2823 1866 2857 actu,
1890 2815 1948 2850 sed
1975 2817 2106 2850 virtute.
2133 2817 2174 2851 Et
2196 2817 2262 2851 hoc
2281 2821 2343 2852 ‘est
2386 2817 2457 2853 uo'd

1389 2858 1468 2892 dicit
1491 2858 1727 2904 Philosophus,
1744 2871 1806 2894 non
1827 2866 1951 2894 manent
1972 2861 2067 2905 igitur
2089 2861 2250 2904 elmenta,
2275 2859 2366 2896 scilic
2408 2862 2457 2897 'in

1387 2904 1502 2945 mixto,
1518 2910 1598 2945 actu,
1626 2910 1661 2937 ut
1683 2911 1789 2950 corpus
1811 2904 1933 2946 album,
1957 2916 2011 2940 nec
2032 2912 2285 2952 corrumpuntur,
2309 2910 2361 2941 nec
2382 2906 2458 2942 dua-

1388 2959 1458 2981 rum
1473 2959 1524 2982 nec
1546 2948 1653 2982 ambo:
1675 2949 1818 2983 salvatur
1839 2950 1918 2983 enim
1940 2950 2039 2985 virtus
2061 2961 2174 2985 eorum.
2302 2954 2304 2956 ’
2443 2962 2446 2970 “

938 3218 1788 3268 .-,.....4ξ..φ.ΞῃΞῡ.αμ.ηη--
