2782 4134
48 635 58 646 ‘
72 633 160 661 aliquis
172 639 194 655 ι’.

43 1219 247 1243 ‘autenm-r.

45 1321 56 1332 '¹
70 1320 144 1344 Num.
158 1326 175 1342 1.

1101 282 1212 319 CAP.
1242 283 1331 330 XII,
1362 282 1514 319 LECT.
1544 281 1688 319 XXVII

293 361 526 411 quandoque
547 374 625 410 ens,
647 363 879 411 quandoque
900 373 979 397 non
1005 373 1092 408 ens,
1114 362 1220 409 quod
1239 373 1364 410 neque

293 423 349 452 est
376 427 530 464 semper
559 428 627 452 ens
661 427 788 465 neque
817 425 971 463 semper
998 426 1077 450 non
1107 426 1185 450 ens.
1213 415 1262 451 Et
1289 415 1363 451 hoc

291 475 347 505 est
374 468 481 516 quod
507 468 672 517 probare
699 467 869 506 intendit.

349 521 380 558 5.
412 521 562 559 Deinde
583 533 671 558 cum
691 521 799 559 dicit:
819 520 956 568 Neque
976 519 1100 567 itaque
1117 531 1266 570 semper
1284 521 1362 557 exi-

288 579 389 610 stens
409 581 492 622 etc.,
515 586 560 611 ex
577 574 796 623 praemissis
816 579 1102 621 argumentatur
1121 572 1170 609 ad
1187 573 1362 622 proposi-

290 634 384 664 tum.
408 627 448 663 Si
474 627 576 664 enim
597 634 654 663 est
667 626 810 674 aliquid
831 626 851 647 *
869 637 1024 674 semper
1042 625 1216 673 existens,
1237 638 1364 674 neque

293 687 348 717 est
366 680 538 728 genitum
558 691 684 728 neque
713 678 976 728 corruptibile:
999 677 1170 715 similiter
1198 678 1312 716 etiam
1333 679 1363 716 si

292 740 348 770 est
367 745 521 781 semper
535 745 615 769 non
635 731 808 779 existens,
825 743 951 781 neque
971 738 1028 768 est
1048 730 1218 778 genitum
1237 744 1362 780 neque

292 785 543 835 corruptibile.
566 785 813 822 Manifestum
834 791 890 822 est
918 790 1048 821 autem
1069 785 1175 833 quod
1204 784 1318 821 etiam
1338 797 1359 821 e

293 849 492 885 converso,
514 837 544 874 si
564 837 707 886 aliquid
736 845 792 875 est
815 838 986 886 genitum
1013 844 1078 874 aut
1107 837 1361 886 corruptibile,

289 903 369 928 non
389 898 445 928 est
463 890 751 940 sempiternum,
772 903 898 941 neque
918 898 1105 940 quantum
1126 891 1175 927 ad
1195 903 1278 927 esse
1297 903 1362 927 ne-

289 955 366 993 que
385 951 571 993 quantum
600 943 649 981 ad
668 956 749 981 non
769 957 863 982 esse.
886 944 927 982 Si
951 943 1053 981 enim
1080 944 1190 981 detur
1209 944 1362 993 opposi-

288 1004 383 1043 tum,
399 996 540 1034 scilicet
554 997 661 1046 quod
680 997 823 1046 aliquid
837 997 884 1034 sit
902 997 1016 1035 simul
1036 997 1312 1046 sempiternum
1328 1004 1363 1034 et

289 1049 459 1098 genitum
480 1057 517 1087 et
537 1050 792 1099 corruptibile,
814 1058 993 1100 sequetur
1021 1050 1126 1099 quod
1156 1050 1298 1099 aliquid
1318 1050 1364 1087 sit

268 1102 402 1140 simul
428 1110 567 1152 potens
597 1115 751 1153 semper
785 1117 870 1141 esse
899 1111 935 1141 et
963 1116 1043 1140 non
1070 1115 1225 1153 semper
1252 1116 1361 1150 esse3

289 1155 378 1205 quia
397 1156 673 1205 sempiternum
700 1164 827 1206 potest
854 1169 1008 1206 semper
1027 1169 1122 1205 esse,
1146 1157 1362 1205 generabile

288 1209 521 1263 autequet'
531 1210 775 1260 corruptibile
799 1223 878 1248 non
897 1222 1052 1260 semper
1071 1217 1138 1247 est.
1161 1210 1279 1256 Quod
1297 1222 1362 1246 au-

276 1262 368 1300 ‘tem
392 1262 468 1299 hoc
487 1262 533 1300 sit
550 1263 799 1312 impossibile,
821 1271 1018 1302 ostensum
1047 1270 1104 1300 est
1120 1263 1243 1312 prius:
1274 1262 1362 1311 quia

289 1315 434 1353 dictum
455 1323 510 1353 est
530 1317 550 1338 ²¹⁸
573 1317 678 1365 quod
704 1329 853 1366 semper
871 1329 950 1354 esse
968 1323 1006 1353 et
1024 1328 1099 1353 non
1118 1327 1267 1364 semper
1285 1327 1363 1353 esse

289 1369 539 1418 opponuntur
566 1370 868 1408 contradictorie.
901 1369 1014 1408 Unde
1042 1368 1266 1418 relinquitur
1292 1368 1362 1406 im-

287 1421 469 1471 possibile
505 1435 588 1460 esse
617 1423 724 1472 quod
758 1423 900 1473 aliquid
932 1422 979 1460 sit
1015 1422 1128 1459 simul
1165 1421 1362 1471 sempiter—

289 1487 384 1513 num
413 1482 450 1512 et
478 1475 721 1525 corruptibile
749 1477 812 1514 vel
839 1475 1010 1524 genitum
1028 1476 1059 1512 *.

342 1529 379 1566 6.
400 1527 552 1566 Deinde
573 1541 662 1566 cum
677 1529 785 1566 dicit:
803 1529 931 1579 Igitur
947 1529 981 1571 si
999 1534 1036 1565 et
1052 1528 1261 1578 ingenitum
1277 1535 1360 1576 etc.,

288 1581 453 1619 ostendit
480 1581 587 1630 quod
620 1594 735 1620 omne
768 1582 979 1631 ingenitum
1014 1587 1051 1618 et
1077 1580 1361 1630 incorruptibile

251 1637 258 1682 f
287 1641 344 1672 est
371 1633 649 1683 sempiternum
678 1635 711 1673 *.
741 1635 792 1673 Et
822 1635 950 1685 primo
984 1633 1177 1672 concludit
1213 1635 1288 1672 hoc
1317 1647 1362 1671 ex

2415 295 2487 332 109

1417 361 1656 410 praemissis,
1686 360 1816 398 dicens
1844 361 1950 410 quod
2029 372 2184 397 necesse
2217 368 2273 397 est
2301 363 2407 409 quod
2434 362 2489 399 in-

1419 414 1589 462 genitum
1618 426 1734 451 omne
1756 415 1776 435 ²²²
1801 413 1847 451 sit
1866 413 2159 462 sempiternum,
2182 421 2218 450 et
2237 414 2407 451 similiter
2434 415 2489 452 in-

1420 467 1662 516 corruptibile
1683 479 1799 504 omne
1828 466 1874 503 sit
1898 466 2187 516 sempiternum,
2208 467 2423 504 dummodo
2445 468 2490 505 sit

1420 533 1504 567 ens3
1533 521 1584 557 ita
1603 527 1734 558 tamen
1762 519 1868 569 quod
1887 519 2120 568 accipiamus
2139 520 2348 569 ingenitum
2378 527 2414 557 et
2434 521 2488 558 in-

1417 573 1659 622 corruptibile
1693 574 1907 611 secundum
1945 573 2052 621 quod
2092 573 2247 622 proprie
2288 572 2487 620 dicuntur;

1417 634 1531 674 prout
1559 626 1699 663 scilicet
1716 626 1926 674 ingenitum
1956 626 2090 663 dicitur
2109 625 2215 675 quod
2234 625 2284 662 ita
2304 633 2360 662 est
2387 638 2489 663 nunc

1417 679 1523 727 quod
1551 691 1631 716 non
1659 687 1739 716 erat
1755 679 1861 728 prius
1889 692 2028 717 verum
2048 679 2174 717 dicere
2203 679 2250 716 de
2270 678 2354 727 ipso
2383 680 2489 727 quod

1417 744 1496 768 non
1525 738 1616 779 erat,
1638 739 1674 768 et
1702 733 1915 770 secundum
1944 732 2050 781 quod
2086 731 2371 780 incorruptibile
2400 731 2488 769 dici-

1418 791 1479 821 tur
1506 784 1612 832 quod
1640 784 1689 821 ita
1726 797 1828 822 nunc
1858 794 1913 822 est
1941 785 2046 835 quod
2087 784 2275 835 posterius
2313 797 2393 822 non
2422 785 2489 822 erit

1416 849 1555 874 verum
1585 837 1710 874 dicere
1741 837 1788 874 de
1816 838 1899 887 ipso
1929 838 2035 888 quod
2063 851 2143 875 non
2171 838 2233 884 sit;
2263 837 2359 874 sicut
2384 844 2489 887 patet

1419 902 1464 927 ex
1491 890 1549 927 his
1578 903 1677 940 quae
1706 903 1820 939 supra
1835 891 1855 912 *
1876 891 1974 929 dicta
1993 899 2080 929 sunt
2103 891 2142 929 in
2162 890 2399 929 distinctione
2418 892 2487 929 ho-

1418 956 1504 980 rum
1533 955 1748 981 nommum.

1471 1009 1507 1046 7.
1530 997 1710 1034 Secundo
1730 996 1798 1033 ibi:
1818 997 1897 1033 Aut
1912 998 2106 1046 siquidem
2128 1004 2211 1046 etc.,
2226 998 2366 1047 probat
2383 997 2487 1034 idem

1418 1063 1464 1086 ex
1483 1050 1541 1087 his
1561 1062 1660 1099 quae
1679 1050 1775 1087 infra
1791 1052 1810 1069 ³
1827 1050 2089 1087 ostendentur:
2111 1050 2241 1088 dicens
2261 1050 2378 1100 quod,
2400 1051 2431 1087 si
2445 1051 2487 1072 ’'²’‘

1417 1103 1624 1153 ingenitum
1655 1110 1692 1140 et
1710 1103 1990 1152 incorruptibile
2013 1111 2300 1153 consequuntur
2323 1115 2363 1141 se
2391 1103 2487 1142 invi-

1417 1168 1503 1193 cem
1530 1156 1606 1193 hoc
1633 1156 1754 1193 modo
1783 1156 1889 1205 quod
1918 1169 2034 1193 omne
2054 1156 2265 1205 ingenitum
2294 1156 2340 1194 sit
2363 1156 2487 1194 incor-

1417 1208 1591 1258 ruptibile
1620 1217 1657 1246 et
1684 1221 1705 1246 e
1734 1222 1939 1257 converso,
1969 1222 2125 1247 necesse
2159 1217 2215 1247 est
2246 1210 2352 1259 quod
2386 1222 2486 1247 sem-

1415 1261 1608 1311 piternum
1641 1270 1896 1312 consequatur
1928 1263 1974 1300 ad
2008 1270 2235 1312 utrumque;
2270 1271 2312 1300 ut
2345 1262 2486 1300 scilicet

1418 1327 1535 1352 omne
1563 1315 1771 1363 ingenitum
1801 1323 1837 1353 et
1865 1328 1982 1353 omne
2010 1316 2292 1366 incorruptibile
2320 1316 2367 1353 sit
2386 1328 2486 1354 sem-

1416 1368 1620 1418 piternum.

1470 1422 1529 1458 Ex
1548 1421 1728 1459 omnibus
1752 1429 1882 1459 autem
1900 1421 2118 1472 praemissis
2138 1421 2220 1459 talis
2238 1429 2364 1471 potest
2384 1422 2485 1459 colli-

1417 1474 1453 1523 gi
1466 1480 1478 1495 ‘
1493 1474 1587 1512 ratio
1597 1476 1631 1512 *z
1649 1475 1795 1512 nullum
1810 1475 2086 1524 sempiternum
2102 1482 2158 1512 est
2172 1475 2340 1523 genitum
2355 1487 2481 1524 neque

1417 1527 1676 1577 corruptibile3
1697 1540 1814 1565 omne
1834 1528 2043 1577 ingenitum
2064 1535 2100 1565 et
2119 1540 2236 1565 omne
2255 1528 2481 1577 incorrupti-

1416 1581 1491 1618 bile
1521 1588 1576 1618 est
1599 1575 1894 1630 sempiternum3
1915 1593 2005 1629 ergo
2035 1581 2183 1618 nullum
2202 1581 2411 1629 ingenitum
2432 1589 2487 1618 est

1417 1634 1670 1684 corruptibile,
1688 1642 1725 1671 et
1745 1635 1892 1672 nullum
1907 1634 2190 1683 incorruptibile
2206 1641 2261 1671 est
2275 1633 2456 1682 genitum.

339 1793 363 1827 ε)
377 1793 477 1828 colligi.
489 1793 635 1827 -intelligi
652 1793 682 1818 P.
693 1792 793 1818 —Infra
811 1799 888 1818 omne
905 1797 966 1818 ante
984 1793 1187 1826 incorruptibile
1205 1800 1260 1819 om.
1278 1793 1331 1818 ΡΑ.
1345 1806 1363 1812 -
1375 1793 1404 1817 In
1421 1791 1473 1818 fine
1491 1797 1552 1825 post
1570 1793 1672 1818 nullum
1692 1792 1893 1825 incorruptibile
1911 1796 1951 1818 est
1968 1792 2096 1826 genitum,
2117 1799 2165 1818 nec
2183 1792 2358 1825 corruptibile
2377 1793 2437 1819 add.
2451 1794 2486 1824 P;

285 1829 334 1856 sed
351 1829 509 1855 additionem
527 1834 598 1863 patet
615 1828 733 1854 inutilem
752 1835 820 1854 esse.

2521 373 2532 384 ⁸*
2538 373 2601 401 quod
2607 379 2654 395 om.
2663 374 2732 397 codd.

2518 421 2527 430 ·
2553 421 2676 444 dummodo
2700 424 2733 445 sit

2519 453 2560 469 ens
2575 448 2627 470 add.
2644 456 2666 470 A.

2516 897 2525 906 '¹
2540 895 2604 918 Lect.
2619 903 2681 925 xxrv,
2701 904 2724 919 n.

2515 928 2535 950 3⁸
2550 929 2573 949 4⁷
2589 929 2612 951 9·

2515 1052 2526 1063 ⁸
2539 1051 2603 1074 Lect.
2613 1058 2662 1080 seq.
2673 1059 2695 1074 n.
2705 1059 2728 1081 9.

2515 1078 2538 1089 ‘⁸
2552 1084 2602 1100 cum
2615 1085 2640 1106 P,
2649 1085 2695 1101 non
2705 1086 2728 1102 Β.

2512 1503 2523 1514 ⁴¹
2534 1502 2572 1524 Cf.
2583 1477 2635 1524 lecet.
2646 1507 2726 1530 praec.

2513 1535 2568 1557 n.1‚
2584 1535 2604 1557 3.
