2554 4062
146 288 217 313 XXII

151 354 294 398 sertim
328 352 363 392 si
397 350 438 391 in
471 347 552 388 alia
594 350 635 385 et
667 343 748 383 alia
788 346 925 382 aetate
962 339 1133 379 diversa
1175 349 1306 390 opera
1349 331 1549 374 ediderit:
1586 329 1664 370 sed
1699 326 1819 382 quod
1853 324 1968 365 idern
2012 327 2163 391 auctor
2206 334 2338 390 unam

151 422 312 473 partem
353 410 543 453 eiusdem
587 405 727 460 operis
770 403 955 458 perfecta
996 400 1160 440 ratione
1193 398 1311 438 iuxta
1349 395 1540 436 indolem
1585 392 1651 432 sui
1687 389 1847 445 ingenii
1886 385 2144 454 absolverit,
2181 382 2338 453 demde

151 492 255 520 vero
290 475 498 528 reliquum
531 469 660 511 totius
693 466 786 507 libri
810 463 932 519 quasi
956 460 1202 517 neglexerit,
1226 460 1309 500 hoc
1343 457 1460 498 nullo
1484 460 1611 510 pacto
1646 464 1882 508 possumus
1906 450 1948 490 in
1982 460 2174 517 animum
2209 445 2337 515 indu-

153 554 259 588 cere,
283 539 432 579 saltem
466 546 561 575 cum
585 543 726 571 sermo
751 533 815 568 est
838 526 891 566 de
915 524 1062 565 divino
1086 521 1317 577 Aquinatis
1351 518 1541 576 ingenio,
1571 522 1614 557 et
1647 516 1701 557 de
1735 527 1868 569 opere
1902 511 2023 567 quod
2056 523 2149 565 Ipse
2183 508 2349 549 ultimo.

153 615 254 645 suae
286 600 398 640 vitae
421 603 613 649 tempore
637 588 912 632 elucubravit.
947 587 1151 627 Fatemur
1175 583 1412 625 doctrinam
1436 578 1781 636 philosophicam
1805 589 1917 631 quae
1941 575 1983 616 in
2007 571 2198 615 secunda
2219 576 2340 625 parte

154 658 522 706 commentationis
565 653 756 700 traditur,
805 664 892 691 non
927 647 1173 689 discordare
1207 661 1232 687 a
1270 644 1486 701 principiis
1531 656 1564 683 s.
1589 639 1814 682 Doctoris:
1853 638 1932 680 sed
1972 635 2186 692 expositio
2222 632 2340 674 nullo

154 725 285 768 modo
320 718 553 775 comparari
575 721 718 772 potest
740 726 837 754 cum
861 712 953 752 eius
975 710 1174 766 genuinis
1200 706 1531 750 commentariis.
2035 762 2042 768 .
2104 761 2112 768 .
2188 759 2196 766 .
2308 757 2316 764 ·

276 783 533 827 Accedimus
567 777 698 819 modo
734 775 788 816 ad
822 774 1001 815 alterum
1025 777 1338 828 argumentum,
1364 768 1484 824 quod
1508 768 1636 808 etiam
1660 765 1842 807 sumitur
1865 777 1920 804 eX
1953 768 2068 803 notis
2101 766 2342 801 IntrlnSecls

154 849 285 904 ipsius
319 839 699 886 commentationis.
724 839 771 878 In
796 836 983 878 editione
1007 836 1217 882 Romana,
1242 834 1387 874 Tomo
1411 831 1546 878 XVII,
1572 829 1643 870 fol.
1671 840 1758 869 212
1783 840 1926 874 verso,
1952 830 2069 866 extat
2090 837 2123 864 s.
2141 822 2342 863 Thomae

156 908 419 964 Opusculum
452 915 593 951 XXXIII,
629 900 696 942 cui
729 899 898 940 titulus:
929 915 944 934 ‹<
967 898 1035 938 De
1069 896 1279 937 Mixtione
1314 894 1652 940 Elementorum,
1672 890 1728 931 ad
1754 889 2013 945 Magistrum
2037 885 2295 940 Philippum.
2321 901 2334 918 »

154 974 222 1014 De
255 972 336 1011 hoc
370 965 576 1022 opusculo
599 962 824 1017 sequentia
846 965 1023 1001 annotat
1044 958 1241 999 laudatus
1275 953 1675 1010 saepe‘Bernardus
1698 953 1756 994 M.
1781 953 1850 993 De
1874 950 2053 999 Rubeis,
2078 948 2195 990 Diss
2225 959 2342 994 XXIV,

156 1047 244 1088 cap.
268 1045 303 1080 1,
336 1034 359 1082 ξ
383 1042 430 1081 4:
474 1047 486 1063 ι
513 1024 776 1080 Opusculum
809 1037 916 1070 XXX,
950 1022 1021 1062 De
1051 1021 1166 1061 Ente
1197 1022 1240 1060 et
1267 1018 1472 1059 Essentia
1506 1016 1663 1070 (verba
1694 1015 1832 1056 refero
1866 1011 2146 1067 Barbavarii),
2181 1013 2225 1051 et
2253 1008 2346 1050 alia

155 1096 347 1149 deinceps
379 1103 511 1145 usque
532 1087 596 1130 ad
623 1100 692 1136 XL,
715 1087 759 1127 in
781 1098 863 1139 quo
896 1083 948 1125 de
969 1082 1218 1124 Modalibus
1250 1081 1408 1135 agitur,
1432 1079 1672 1133 Aquinatis
1693 1077 1915 1131 ingenium
1929 1077 2120 1130 prorsus
2141 1071 2344 1114 redolent.

156 1158 286 1205 Hinc,
320 1156 434 1196 iuxta
466 1149 713 1193 Barbavarii
748 1160 992 1194 censuram,
1022 1145 1077 1186 ad
1117 1144 1382 1199 Aquinatem
1424 1154 1576 1197 verum
1618 1145 1842 1195 parentem
1883 1138 2099 1193 pertinent
2136 1136 2341 1190 Opuscu-

153 1222 239 1261 lum
271 1229 412 1264 XXXIII,
435 1215 504 1255 De
527 1212 748 1253 MzMz'one
776 1209 1108 1255 Elementorum,
1134 1207 1198 1248 ad
1221 1206 1486 1260 Magistrum
1508 1202 1771 1257 Philippum,
1797 1212 1938 1242 XXXIV
1961 1206 2066 1240 etc...
2091 1196 2344 1240 Barbavarii

156 1281 355 1322 iudicium
400 1277 652 1318 confirmant
694 1271 1031 1327 locupletissimo
1065 1269 1314 1311 testimonio
1358 1273 1528 1308 veteres
1562 1264 1921 1306 nomenclatores.
1958 1261 2232 1317 Opusculum
2274 1259 2348 1299 De

157 1343 367 1384 Mixtione
397 1339 728 1383 Elementorum,
762 1334 827 1376 ad
853 1334 1120 1387 Magistrum
1153 1330 1426 1386 Philippum,
1463 1334 1688 1370 recensent
1719 1326 2030 1373 Ptolomaeus,
2065 1322 2346 1379 Logotheta,

157 1403 397 1446 Bernardus
431 1400 655 1448 Guidonis,
691 1397 903 1445 Trivetus‚
939 1396 1176 1451 Pignonus,
1199 1393 1536 1441 Valleoletanus,
1571 1405 1604 1432 s.
1622 1389 1885 1431 Antoninus.
1919 1386 2118 1442 Philippi,
2142 1385 2210 1427 cui
2243 1397 2349 1426 nun-

159 1473 356 1522 cupatum
391 1477 499 1519 opus
535 1469 614 1510 est,
649 1460 828 1516 patriam
862 1458 982 1499 addit
1013 1457 1262 1513 Logotheta
1289 1456 1492 1497 Castrum
1525 1453 1655 1495 Caeli.
1679 1453 1797 1494 Num
1831 1451 1976 1507 potius
1999 1448 2235 1506 legendum
2264 1446 2350 1488 Ca-

157 1533 295 1571 strum
337 1526 504 1568 Celsum
527 1530 604 1565 eto.
630 1523 693 1577 (cf.
711 1522 765 1563 de
803 1522 885 1562 isto
910 1520 1120 1575 opusculo
1160 1519 1287 1560 etiam
1322 1516 1503 1566 Echard,
1536 1517 1664 1558 Tom.
1692 1516 1721 1565 I,
1751 1528 1849 1570 pag.
1878 1515 1981 1562 338,
2006 1512 2087 1554 col.
2113 1511 2168 1566 2).
2194 1528 2209 1548 ι
2250 1510 2352 1551 Hoc

161 1597 302 1632 autem
335 1588 569 1644 genuinum
603 1599 635 1626 s.
669 1583 872 1625 Doctoris
917 1583 1172 1637 opusculum
1207 1594 1259 1622 eX
1291 1581 1461 1636 integro
1495 1579 1703 1634 reperitur
1735 1578 1943 1619 insertum
1982 1588 2099 1617 num.
2139 1585 2164 1628 7
2199 1572 2352 1614 lectio-

162 1654 225 1694 nis
259 1664 360 1693 xX1v
393 1649 516 1705 primi
538 1647 644 1696 libri,
668 1647 778 1687 circa
810 1645 1012 1694 medium,
1036 1645 1091 1685 ad
1124 1643 1380 1685 solvendam
1414 1642 1715 1698 quaestionem
1749 1640 1804 1681 de
1837 1638 1973 1680 modo
2010 1651 2102 1693 quo
2135 1637 2352 1678 elementa

161 1719 333 1756 manent
364 1713 406 1753 in
440 1712 586 1753 mixto.
621 1709 753 1762 Quod
787 1708 962 1762 quidem
995 1707 1050 1748 ab
1073 1707 1168 1761 ipso
1203 1720 1235 1747 s.
1260 1706 1433 1747 Thoma
1465 1705 1623 1746 facturn
1647 1716 1744 1744 esse
1777 1701 1989 1743 concedet
2022 1713 2165 1748 nemo,
2200 1698 2276 1754 qui
2309 1703 2354 1740 et

162 1775 389 1831 Aquinatis
423 1773 642 1829 ingenium
673 1770 921 1827 agnoverit,
950 1770 1165 1824 simulque
1188 1767 1537 1810 animadverterit
1560 1766 1720 1808 centies
1747 1765 1888 1820 ipsum
1916 1764 1971 1805 de
2010 1763 2176 1805 eisdem
2200 1761 2354 1810 rebus.

162 1844 288 1894 prout
320 1836 495 1877 materia
527 1834 705 1882 ferebat,
740 1839 955 1881 tractasse,
980 1832 1083 1886 quin
1116 1838 1259 1872 tamen
1294 1843 1485 1885 unquam
1518 1843 1566 1870 se
1599 1828 1671 1870 tali
1703 1827 1839 1869 modo
1875 1825 2160 1881 exscripserit.

286 1899 376 1941 Sed
409 1897 528 1952 quod
560 1897 657 1937 huic
690 1895 881 1936 secundo
921 1900 1175 1950 argumento
1209 1894 1298 1934 vim
1333 1893 1564 1934 maximam
1599 1890 1736 1939 addit,
1771 1890 1875 1931 illud
1909 1889 2059 1944 procul
2094 1887 2231 1930 dubio
2267 1891 2351 1936 est,

164 1961 283 2017 quod
316 1975 403 2002 non
436 1965 600 2001 tantum
632 1958 866 2013 praefatum
901 1957 1155 2012 opusculum
1189 1955 1379 1997 continet
1410 1968 1508 2010 pars
1542 1954 1612 1995 illa
1655 1951 2035 1995 commentationis
2075 1950 2130 1992 de
2164 1963 2253 2005 qua
2286 1954 2355 1991 est

164 2024 370 2079 quaestio,
395 2022 472 2063 sed
505 2027 722 2077 praeterea
744 2020 898 2075 plures,
924 2033 1089 2074 eosque
1111 2019 1214 2060 satis
1237 2018 1428 2073 prolixos
1451 2022 1610 2058 tractus
1634 2015 1957 2058 consarcinatos
1979 2014 2120 2063 habet,
2144 2013 2219 2068 qui
2254 2017 2358 2054 sunt

165 2101 217 2128 ex
256 2084 561 2127 commentario
596 2084 636 2124 b.
660 2082 827 2124 Alberti
850 2082 998 2138 Magni
1022 2082 1064 2122 in
1087 2082 1241 2122 librum
1264 2080 1317 2122 de
1345 2081 1629 2122 Generatione
1656 2082 1700 2120 et
1723 2078 2006 2133 Corruptione
2038 2075 2269 2131 desumpti.
2294 2074 2356 2117 Ut

164 2150 245 2190 hoc
267 2148 434 2196 sactum,
459 2145 578 2201 quod
601 2146 693 2186 luce
717 2144 868 2186 clarius
887 2144 1075 2186 ostendit
1096 2144 1213 2185 nullo
1247 2143 1382 2184 modo
1417 2142 1471 2184 ad
1503 2141 1768 2196 Aquinatem
1791 2147 2013 2182 auctorem
2045 2138 2189 2181 referri
2221 2148 2356 2194 posse

164 2216 326 2267 partem
364 2210 487 2250 istam
522 2207 913 2255 commentationis,
942 2206 1182 2262 ‘legentium
1217 2206 1351 2247 oculis
1386 2211 1540 2260 pateat,
1576 2203 1899 2244 transcribimus
1933 2202 2142 2244 nonnulla
2173 2201 2272 2243 loca
2300 2212 2359 2243 ex
2411 2247 2414 2251 ,

164 2273 336 2314 laudato
360 2270 525 2312 Alberti
550 2269 868 2326 commentario,
893 2269 1106 2323 simulque
1139 2274 1397 2309 annotamus
1421 2267 1649 2308 lectionem
1683 2272 1726 2307 et
1748 2279 1976 2307 numerum
1998 2265 2086 2314 ubi,
2110 2264 2154 2306 in
2188 2276 2355 2319 appen-

165 2335 268 2383 dice,
292 2333 587 2388 unusquisque
620 2333 741 2373 locus
774 2331 987 2372 invenitur
1019 2331 1214 2371 insertus.
1238 2331 1471 2371 Monemus
1494 2335 1639 2371 autem
1672 2328 1905 2384 praecipua
1933 2327 2094 2369 menda
2127 2326 2288 2382 quibus
2312 2325 2356 2368 in

165 2397 348 2438 editione
382 2394 663 2451 Lugdunensi
713 2393 848 2442 1651,
886 2399 1027 2434 textus
1050 2393 1229 2434 Alberti
1271 2392 1480 2441 inficitur,
1518 2406 1545 2433 a
1578 2391 1707 2432 nobis
1741 2396 1935 2432 correcta
1977 2389 2110 2431 fuisse
2150 2402 2206 2430 ex
2239 2387 2352 2431 eod.

164 2459 268 2501 Urb.
300 2470 395 2511 194,
420 2464 462 2498 et
493 2470 547 2498 ex
579 2456 691 2498 notis
726 2455 1032 2512 marginalibus
1066 2455 1176 2497 Cod.
1201 2456 1298 2497 Vat.
1325 2466 1459 2509 2072.

283 2545 330 2575 Ex
353 2554 508 2574 comraar.
529 2544 564 2574 Β.
582 2521 731 2581 Arinem,
748 2553 808 2574 mn.
826 2553 846 2581 r,
866 2553 976 2573 macr.
993 2550 1035 2581 vr,
1056 2553 1122 2574 car.
1139 2553 1180 2574 iv.
1199 2560 1217 2566 -
1237 2542 1478 2573 Attendendum
1497 2541 1559 2579 hic,
1580 2541 1669 2583 quod
1690 2540 1847 2572 dubitatio
1867 2539 1926 2571 ista
1942 2546 1989 2571 est
2004 2548 2100 2580 super
2119 2538 2187 2570 duo
2212 2537 2358 2578 fundata,

164 2589 279 2620 scilicet
301 2588 434 2629 qualiter
456 2588 582 2618 veniant
605 2587 644 2618 ad
668 2586 855 2618 mixtionem
878 2587 1043 2625 elementa,
1067 2594 1098 2618 et
1112 2587 1246 2628 qualiter
1269 2594 1399 2618 manent
1421 2586 1454 2617 in
1474 2586 1584 2618 mixto.
1610 2586 1651 2618 Et
1667 2586 1705 2617 de
1722 2586 1828 2627 primo
1853 2585 1932 2616 scias
1956 2584 2047 2626 quod
2070 2584 2250 2615 secundum
2273 2583 2359 2616 dien

166 2633 450 2673 philosophorum,
475 2631 615 2673 primum
639 2641 771 2662 movens
796 2632 948 2662 elementa
972 2632 1011 2662 ad
1034 2631 1221 2663 mixtionem
1245 2638 1291 2663 est
1313 2631 1532 2670 immiscibile3
1557 2638 1588 2662 et
1611 2631 1673 2663 hoc
1697 2637 1744 2662 est
1767 2637 1849 2662 astra
1872 2637 1979 2661 totum
2003 2629 2164 2660 mundum
2194 2627 2360 2661 moventia

169 2684 199 2708 et
215 2676 400 2715 ordinantia,
424 2677 698 2717 quemadmodum
722 2676 814 2707 docet
837 2676 1030 2708 Aristoteles.
1055 2677 1194 2717 Sphaera
1218 2676 1303 2707 enirn
1328 2675 1415 2715 solis,
1439 2676 1472 2707 in
1496 2686 1560 2718 qua
1585 2675 1657 2706 fons
1682 2675 1795 2707 caloris
1820 2682 1883 2713 est,
1908 2681 1982 2705 nata
2006 2681 2053 2705 est
2076 2683 2206 2705 movere
2230 2672 2359 2715 ignem;

167 2729 197 2753 et
219 2721 349 2761 sphaera
371 2721 464 2751 lunae
488 2728 560 2752 nata
583 2727 629 2751 est
651 2730 779 2751 movere
803 2730 934 2762 aquam,
958 2728 1087 2761 propter
1110 2721 1199 2763 quod
1215 2731 1302 2752 mare
1325 2720 1499 2761 ingreditur
1522 2727 1553 2752 et
1569 2719 1728 2762 egreditur
1746 2720 1786 2751 ad
1805 2719 2016 2762 quantitatem
2034 2725 2065 2750 et
2081 2724 2217 2750 aetatem
2241 2718 2356 2758 lunae3

167 2766 314 2806 sphaerae
333 2772 439 2796 autem
457 2765 599 2806 quinque
618 2765 826 2806 planetarum,
851 2765 967 2796 sciIIcet
991 2766 1131 2804 Saturni,
1157 2766 1250 2803 Iovis,
1275 2765 1394 2803 Martis,
1412 2765 1542 2796 Veneris
1567 2772 1598 2797 et
1617 2765 1775 2803 Mercurii,
1800 2771 1933 2796 movent
1956 2763 2125 2805 sphaeram
2149 2762 2245 2802 aeris;
2270 2762 2360 2795 unde

167 2817 273 2840 motus
297 2810 374 2840 aeris
398 2810 490 2841 multi
513 2810 604 2848 sunt,
629 2809 709 2840 sicut
732 2809 871 2841 diversus
895 2817 941 2841 est
963 2811 1053 2841 valde
1078 2818 1185 2842 motus
1213 2810 1373 2851 dictorum
1403 2810 1623 2851 planetarum,
1649 2817 1679 2841 et
1703 2817 1750 2841 est
1771 2809 1805 2841 in
1829 2819 1900 2840 aere
1929 2808 2028 2850 frigus
2057 2807 2295 2849 congelativum
2320 2817 2358 2839 ex

167 2854 297 2895 sphaera
319 2853 454 2892 Saturni,
479 2860 509 2885 et
524 2861 627 2885 aestus
644 2863 680 2884 ex
696 2854 827 2894 sphaera
846 2854 964 2892 Martis,
989 2862 1019 2886 et
1042 2855 1208 2895 temperies
1232 2855 1265 2885 in
1290 2855 1393 2886 calido
1418 2864 1454 2886 ex
1474 2855 1606 2896 sphaera
1631 2853 1726 2893 Iovis,
1750 2861 1781 2886 et
1799 2853 1969 2895 temperies
1986 2853 2019 2884 in
2040 2851 2155 2893 frigido
2173 2861 2210 2883 ex
2225 2851 2359 2893 sphaera

166 2898 312 2937 Veneris,
337 2905 368 2929 et
390 2898 655 2930 commiscibilitas
679 2905 709 2929 et
732 2899 917 2938 passibilitas
942 2898 1038 2930 facilis
1062 2910 1098 2930 ex
1118 2900 1250 2940 sphaera
1273 2900 1439 2938 Mercurii;
1467 2899 1600 2940 sphaera
1623 2906 1732 2931 autem
1756 2899 1920 2931 stellarum
1943 2897 2079 2929 fixarum
2109 2904 2139 2928 et
2163 2897 2358 2936 multarum,

169 2953 249 2993 quae
272 2950 318 2974 est
340 2949 460 2993 octava,
477 2943 509 2974 in
533 2953 596 2985 qua
619 2949 693 2974 sunt
716 2943 834 2974 multae
850 2943 1002 2984 imagines
1019 2951 1049 2975 et
1065 2943 1194 2985 figurae,
1218 2951 1327 2976 movet
1342 2951 1475 2982 terram,
1500 2945 1586 2975 unde
1610 2944 1706 2976 etiam
1722 2943 1754 2975 in
1774 2943 1843 2985 ipsa
1866 2943 2044 2984 figurantur
2066 2941 2222 2983 imagines
2238 2941 2360 2974 multae

168 2997 199 3017 in
215 2995 376 3028 generatis.
401 2987 487 3018 Licet
506 2997 580 3028 ergo
600 2987 754 3018 elementa
773 2987 853 3018 levia
875 2998 941 3019 non
966 2989 1155 3020 descendant
1179 3000 1215 3020 ex
1239 2999 1283 3027 se,
1308 2999 1365 3020 nec
1389 2988 1494 3031 gravia
1517 2989 1688 3020 ascendant
1712 2998 1748 3019 ex
1773 2999 1817 3026 se,
1837 2995 1944 3019 tamen
1969 2998 2006 3018 ex
2030 2986 2211 3018 motoribus
2233 2986 2359 3018 univer-

169 3031 283 3062 salibus
307 3031 523 3063 ordinantibus
547 3032 706 3063 mundum
734 3032 904 3073 aliquando
936 3033 1130 3064 descendunt
1156 3034 1236 3065 levia
1265 3043 1321 3075 per
1348 3034 1511 3075 quendam
1542 3033 1700 3071 modum,
1732 3040 1764 3064 et
1794 3033 1971 3064 ascendunt
1998 3031 2104 3073 gravia
2133 3041 2190 3072 per
2220 3031 2360 3063 modum

169 3075 276 3114 alium,
300 3086 396 3126 quem
410 3076 490 3107 infra
513 3077 665 3108 dicemus.
690 3076 796 3107 Hqus
819 3085 925 3108 autem
949 3078 1130 3118 exemplum
1154 3078 1347 3110 conveniens
1361 3079 1456 3110 estin
1473 3078 1679 3119 qualitatibus
1702 3077 1812 3109 activis
1837 3084 1867 3109 et
1890 3076 2022 3118 passivis
2043 3076 2188 3117 corporis
2215 3075 2359 3109 animati.

169 3120 242 3170 3⁸¹⁰?
265 3129 357 3171 emm·
371 3120 403 3161 in
426 3121 555 3151 homine
578 3121 628 3151 vel
651 3121 714 3151 alio
738 3121 878 3152 anImato
902 3132 1025 3163 semper
1049 3130 1196 3154 movetur
1219 3123 1357 3154 calidum
1382 3123 1561 3154 secundum
1585 3130 1731 3154 naturam
1757 3130 1787 3154 et
1811 3130 1938 3154 motum
1963 3121 2055 3163 ignis,
2080 3131 2138 3152 nec
2162 3121 2227 3163 agit
2250 3128 2360 3152 actum

169 3173 248 3213 ignis
272 3173 425 3214 om.n1no;
456 3165 509 3196 sed
532 3165 638 3206 potius
666 3172 813 3196 movetur
839 3166 871 3197 in
896 3166 928 3197 id
955 3167 994 3197 ad
1023 3168 1111 3208 quod
1142 3167 1286 3208 dirigitur
1313 3168 1352 3198 ab
1381 3167 1503 3206 anima,
1529 3174 1559 3198 et
1589 3167 1653 3208 agit
1675 3167 1715 3197 ad
1739 3166 1913 3198 terminum
1945 3173 1975 3198 et
2005 3165 2103 3198 finem
2133 3165 2294 3197 Intentum
2319 3165 2360 3196 ab

171 3215 387 3258 animans-mut
410 3208 483 3240 dicit
506 3209 687 3241 Aristoteles
712 3217 819 3241 contra
843 3211 1072 3252 Empedoclem
1095 3212 1128 3243 in
1153 3212 1178 3242 II
1203 3212 1243 3244 de
1264 3213 1394 3243 Anima.
1419 3211 1506 3244 Cum
1529 3218 1638 3243 autem
1662 3218 1771 3243 motus
1787 3211 1864 3243 caeli
1889 3211 1928 3243 sit
1952 3211 2035 3243 sicut
2057 3217 2168 3242 motus
2193 3209 2359 3251 sapientis,

170 3258 249 3283 Sicut
273 3252 345 3283 dlclt
360 3253 542 3285 Messallach
564 3254 596 3284 in
619 3254 698 3285 libro
717 3255 757 3286 de
771 3255 916 3296 Sphaera
940 3257 1052 3295 Mota;
1075 3264 1105 3288 et
1129 3267 1203 3288 cum
1227 3257 1266 3287 ad
1290 3264 1418 3288 motum
1442 3256 1519 3288 caeli
1543 3257 1711 3288 reducatur
1735 3257 1841 3287 omnis
1865 3264 1973 3288 motus
1997 3255 2055 3298 qui
2078 3255 2115 3287 fit
2136 3254 2171 3286 in
2195 3254 2360 3286 elementis

172 3302 200 3346 et
224 3296 432 3347 elementatis,
456 3297 535 3329 sicut
557 3298 631 3349 dicit
646 3301 799 3330 Averroes
824 3310 919 3341 supra
941 3301 1012 3331 VIII
1037 3302 1271 3343 Physicorum;
1294 3301 1367 3332 ideo
1392 3301 1514 3332 dictum
1539 3308 1585 3332 est
1600 3302 1638 3332 ab
1655 3301 1823 3333 Aristotele
1847 3301 1936 3343 quod
1957 3311 2041 3342 opus
2061 3306 2193 3331 naturae
2209 3306 2256 3330 est
2275 3308 2359 3340 opus

172 3340 399 3380 intelligentlae.
424 3342 464 3372 Et
487 3342 547 3373 hoc
571 3342 689 3393 dictum
706 3343 744 3374 sit
767 3344 805 3374 de
821 3352 970 3376 movente
992 3345 1096 3386 primo
1121 3346 1152 3377 in
1177 3356 1290 3386 genere
1314 3355 1498 3386 corporum,
1516 3345 1591 3387 quia
1615 3356 1748 3377 movens
1773 3353 1845 3377 ante
1869 3346 1931 3377 hoc
1950 3351 1997 3377 est
2010 3350 2119 3375 motor
2138 3342 2235 3381 orbis,
2259 3353 2359 3384 quem

167 3384 283 3424 planes
306 3392 336 3415 et
358 3386 488 3435 aplanes
510 3393 602 3437 vocat
631 3388 813 3418 Aristoteles
836 3389 867 3419 in
892 3390 933 3420 XI
956 3391 1085 3421 Primae
1108 3391 1347 3431 Philosophiae,
1377 3390 1457 3421 idest
1488 3390 1640 3422 diurnum
1664 3398 1694 3422 et
1719 3391 1897 3423 erraticum.
1923 3390 1955 3422 Si
1980 3395 2089 3421 autem
2121 3395 2293 3429 quaeratur
2317 3388 2359 3420 de

173 3434 300 3479 motore.
319 3437 507 3468 coniuncto,
538 3431 608 3461 d1co
632 3432 719 3472 quod
744 3432 827 3463 calor
851 3434 943 3472 solis,
968 3434 1048 3466 sicut
1078 3434 1151 3466 dicit
1182 3435 1366 3466 Aristoteles
1390 3435 1422 3465 In
1447 3435 1527 3466 libro
1551 3436 1792 3474 Meteororum‚
1818 3442 1928 3467 movet
1956 3441 2071 3465 terram
2103 3439 2133 3464 et
2164 3443 2302 3474 aquam,
2326 3440 2358 3465 et

173 3472 271 3503 elevat
293 3473 468 3524 inde-duos
491 3484 642 3515 vapores;
667 3483 697 3506 et
720 3484 875 3517 quantum
899 3479 951 3509 dat
974 3486 1071 3510 terrae
1096 3479 1134 3510 de
1158 3487 1269 3511 natura
1293 3479 1371 3510 aeris
1395 3490 1469 3511 cum
1493 3479 1566 3511 facit
1590 3479 1692 3521 ipsam
1716 3489 1920 3521 vnporosam,
1944 3484 2070 3509 tantum
2093 3477 2145 3508 dat
2161 3477 2188 3508 ei
2206 3477 2245 3508 de
2265 3484 2359 3509 motu

173 3523 202 3546 et
225 3516 297 3566 Ioco
321 3525 418 3555 aeris;
443 3525 472 3549 et
495 3526 595 3558 partes
618 3527 715 3550 terrae
739 3521 782 3552 sic
799 3522 1016 3562 vaporabiliter
1039 3531 1184 3564 acceptae
1207 3524 1348 3555 naturale
1373 3531 1418 3555 cst
1437 3524 1477 3555 ad
1500 3534 1603 3556 aerem
1630 3525 1814 3562 ascendere.
1838 3530 1868 3555 et
1892 3522 1935 3554 ibi
1960 3532 2035 3554 cum
2065 3531 2137 3553 aere
2166 3522 2359 3561 mIscentur;

173 3567 203 3591 et
225 3570 258 3590 in
282 3570 318 3591 ea
340 3569 412 3592 sunt
436 3564 590 3603 quaedam
614 3571 716 3604 partes
740 3565 852 3606 ignitae
877 3577 912 3597 ex
936 3567 1038 3599 calore
1061 3569 1156 3606 solis;
1187 3575 1218 3600 et
1241 3568 1383 3600 similiter
1406 3577 1452 3600 est
1475 3570 1514 3600 de
1538 3579 1621 3611 aqua
1652 3569 1806 3610 vaporali.
1837 3567 1988 3600 Similiter
2016 3574 2125 3598 autem
2156 3577 2209 3598 aer
2240 3567 2356 3608 frigido

174 3603 323 3655 spissatus
347 3605 504 3638 descendit
527 3608 564 3638 ad
586 3615 721 3658 ’terram;
752 3620 807 3640 nec
832 3610 892 3641 hoc
916 3618 961 3642 est
985 3619 1092 3643 contra
1117 3620 1261 3644 naturam
1286 3613 1362 3644 aeris
1387 3613 1430 3644 sic
1455 3614 1584 3655 accepti.
1611 3614 1650 3644 Et
1674 3612 1717 3644 sic
1741 3619 1827 3654 patet
1851 3611 1986 3653 qualiter
2010 3611 2041 3642 in
2067 3611 2174 3642 medio
2205 3611 2280 3643 loco
2305 3621 2358 3652 ge-

172 3655 341 3679 neranonis
365 3657 438 3682 sunt
460 3658 561 3691 partes
585 3660 697 3692 ignitae
722 3661 751 3684 et
775 3664 880 3685 aereae
904 3663 933 3686 et
957 3666 1075 3696 aqueae
1099 3665 1129 3688 et
1152 3665 1280 3697 terreae,
1307 3665 1337 3689 et
1361 3665 1532 3688 moventur
1556 3658 1595 3688 ad
1624 3657 1797 3688 seinvicem
1828 3656 2052 3687 descendendo
2084 3664 2114 3687 et
2145 3656 2358 3687 ascendendo.
