2690 4062
1088 207 1200 244 CAP.
1230 208 1299 255 xi,
1330 207 1482 244 LECT.
1512 207 1564 243 xi

2357 221 2428 245 LVII

949 442 1247 498 LECTIO
1286 444 1716 500 UNDECIMA

768 592 927 623 UTRUM
947 593 1166 630 QUAEDAM
1191 593 1491 626 GENERANTUR
1513 595 1571 626 EX
1594 587 1890 627 NECESSITATE

223 725 321 757 Ἐπεὶ
350 719 379 756 δ’
408 724 443 756 ἐν
475 726 548 760 τοῖς
579 722 725 767 συνεχῶς
757 721 964 767 κινουμένοις
994 723 1092 755 κάτοὲ
1123 722 1253 768 γένεσιν
1280 722 1301 760 ἦ

296 768 474 800 ἀλλοίωσιν
499 765 521 804 ἦ
546 765 632 804 ὅλως
660 766 862 810 μεταβολήν
895 767 1022 811 ὁρῶμεν
1048 767 1090 799 τὸ
1115 767 1234 812 ἐφεξῆς
1266 767 1301 800 ὃν

293 814 357 846 καὶ
377 811 553 859 γινόμενον
578 807 660 843 τόδε
686 813 779 854 μετά
802 807 884 844 τόδε
910 810 999 843 ὥστε
1023 813 1071 857 μή
1096 808 1300 853 διαλείπειν,

294 856 464 890 σκεπτέον
496 855 643 900 πότερον
677 857 751 888 ἔστι
776 868 811 888 τι
837 856 853 888 ὃ
878 854 914 897 ἐξ
948 855 1099 903 ἀνάγκης
1131 856 1252 899 ἔσται,
1279 856 1300 893 ἦ

231 914 252 933 -5
295 897 415 944 οὐδέν,
444 901 534 934 ἀλλά
559 899 679 932 πάντα
704 897 886 947 ἐνδέχεται
909 902 957 945 μή
981 900 1153 947 γενέσθαι.

219 989 299 1023 Ὅτι
322 991 384 1035 μὲν
406 991 472 1037 γὰρ
499 989 594 1030 ἔνια,
620 984 743 1030 δῆλον,
768 993 827 1022 καὶ
853 989 950 1028 εὐθυς
975 990 1017 1022 ‘ro'
1043 989 1143 1023 ἔσται
1173 993 1233 1022 καὶ
1259 991 1301 1023 ‘td

248 1047 253 1049 ·
287 1034 418 1079 ,μέλλον
443 1034 560 1076 ἕτερον
585 1031 646 1068 &a
669 1035 798 1067 τοῦτο·
826 1035 843 1067 ὃ
867 1036 927 1079 μὲν
952 1035 1017 1080 γάρ
1043 1034 1165 1073 ἀληθὲς
1194 1036 1300 1067 εἰπεῖν

236 1092 250 1106 ’-
286 1077 354 1112 ’ὅτι
377 1080 496 1120 ἔσται,
523 1074 577 1110 δεῖ
600 1080 710 1112 τοῦτο
734 1077 822 1112 εἶναί
847 1091 934 1111 ποτε
961 1077 1083 1117 ἀληθὲς
1109 1079 1164 1112 ὅτι
1189 1080 1299 1111 ἔστιν·

295 1123 314 1157 ὃ
333 1121 373 1159 δὲ
397 1125 455 1156 νῦν
483 1123 605 1162 ἀληθὲς
630 1124 736 1157 εἰπεῖν
762 1122 818 1156 ὅτι
843 1123 970 1168 μέλλει,
991 1120 1230 1156 οὐδὲνκωλύει
1252 1125 1299 1167 μη

316 1167 631 1248 pesona-arfaxan„
663 1170 729 1215 γάρ
761 1168 800 1202 ἄν
827 1164 977 1210 βαδίζειν
1009 1179 1062 1207 τις
1086 1166 1147 1200 οὐκ
1174 1167 1213 1200 ἂν
1241 1169 1303 1209 βα-

328 1225 432 1248 cerev.

220 1257 328 1300 Ὅλώς
350 1257 399 1301 δ’,
418 1258 492 1290 ἐπεὶ
518 1253 702 1303 ἐνδέχεται
726 1257 799 1290 ἔνιοι
824 1257 892 1289 τῶν
918 1255 1024 1287 ὄντων
1048 1258 1106 1288 καὶ
1132 1257 1179 1300 μή
1198 1253 1299 1299 εἶναι,

235 1301 400 1343 ,ωδ-ἧλον
426 1300 482 1334 ὅτι
504 1305 564 1334 καὶ
589 1303 637 1335 τά
659 1301 824 1348 γινόμενοι
849 1299 958 1338 οὕτως
982 1298 1068 1342 ἕξει,
1093 1304 1152 1333 καὶ
1179 1299 1239 1333 οὐκ
1264 1301 1300 1343 ἐξ

233 1358 257 1377 ·ῑ’
268 1364 269 1368 ’
279 1357 282 1370 ³
294 1348 448 1395 ἀνάγκης
474 1347 570 1379 τοῦτ’
601 1347 714 1379 ἔσται.

226 1394 372 1440 Πότερον
391 1390 449 1425 οὖν
469 1390 616 1424 ἅπαντα
636 1391 790 1424 τοιαῦτα
810 1389 832 1427 ἣ
851 1389 904 1431 οὔ,
924 1388 996 1421 ἀλλ’
1019 1389 1092 1421 ἔνια,
1111 1390 1300 1436 ἀναγκαῖον

233 1453 247 1459 ··
274 1438 413 1475 volvem<
460 1435 603 1477 ίνεσθαι,
626 1438 686 1468 καὶ
711 1435 803 1467 ἔστιν
827 1433 941 1476 ὥσπερ
971 1434 1027 1466 ἐπὶ
1053 1435 1116 1468 τοῦ
1142 1430 1229 1466 εἶναι
1254 1437 1303 1468 τοὶ

292 1479 356 1529 ’μὲν
381 1478 543 1515 ἀδυνατοι
575 1482 623 1526 μή
648 1476 737 1512 εἶναι
769 1480 818 1511 τά
848 1473 886 1510 δέ
918 1478 1074 1520 δυνατά,
1102 1477 1210 1517 οὕτως
1241 1482 1300 1512 καὶ

263 1545 266 1548 ⁴
294 1529 368 1572 ⁸⁶9²
386 1527 453 1564 την
469 1524 620 1572 γένισινς
646 1525 716 1557 οἷον
743 1524 874 1568 τροπάς
891 1523 958 1570 ἄρα
977 1521 1110 1570 ἀνάγκη
1128 1523 1299 1570 γενέσθαι,

293 1574 355 1605 κἀὶ
378 1572 444 1617 οὐχ
467 1568 580 1603 οῐόντε
605 1570 654 1615 μή
687 1562 898 1623 ἐνδέχεσθαι.
934 1570 971 1601 Εἰ
996 1564 1040 1605 δή
1067 1570 1109 1601 τὸ
1135 1570 1300 1613 πρότερον

296 1614 364 1652 ἀνά
408 1629 429 1654 η
450 1612 621 1661 γενέσθαι,
641 1614 671 1646 εἰ
688 1612 730 1646 τὸ
748 1613 904 1656 ὑστέρον,
924 1614 1038 1654 ἔσται,
1059 1613 1127 1646 οἷον
1149 1614 1177 1644 εἱ
1197 1613 1300 1654 οἰκία,

293 1660 356 1705 θαμ.
376 1662 462 1702 λιον,
487 1659 516 1690 εἰ
540 1653 580 1691 δὲ
605 1659 727 1700 τοῦτο,
755 1657 879 1695 πηλόν·
910 1658 960 1703 ἆρ’
989 1656 1045 1690 οὗν
1069 1659 1128 1690 καὶ
1153 1658 1181 1690 εἰ
1206 1657 1301 1702 θεμέ-

234 1722 263 1746 ρν
286 1707 369 1744 2405
387 1704 527 1752 γέγονεν
541 1727 550 1745 ,
578 1701 711 1750 ἀνάγκη
738 1703 846 1735 οἰκίαν
871 1702 1054 1750 γενέσθαι;

239 1766 263 1779 »U
308 1766 310 1768 ’
348 1774 350 1777 ,

226 1793 404 1836 ff‘ossxbet,
423 1793 452 1825 εἰ
472 1792 520 1837 μή
544 1792 683 1825 κάκεῖνο
709 1790 842 1838 ἀνάγκη
867 1790 1026 1839 γενέσθαι
1052 1791 1186 1828 ἁπλῶς·
1213 1790 1241 1822 εἰ
1263 1785 1301 1822 δὲ

294 1840 419 1880 τοῦτο,
446 1835 579 1883 ἀνάγκη
606 1839 664 1868 καὶ
689 1835 843 1881 Θεμελίου
868 1835 1050 1883 γενομένου
1074 1833 1232 1882 γενέσθαι
1256 1835 1304 1867 οὶ-

292 1885 388 1917 κίαν·
416 1880 509 1915 οὕτω
534 1883 600 1928 γάρ
618 1878 659 1919 ’ἦν
679 1882 720 1914 τὸ
746 1880 910 1925 πρότερον
937 1881 1015 1927 ἔχον
1042 1880 1123 1925 πρὸς
1142 1881 1184 1912 τᾶ
1203 1878 1302 1912 ὕστε-

312 1939 370 1970 ον,,
389 1926 469 1960 ὥστ’
501 1925 529 1957 εἰ
554 1926 662 1959 ὲκεῖνο
687 1926 802 1966 ἔσται,
829 1923 961 1972 ἀνάγκη
987 1925 1094 1958 ἐκεῖνο
1121 1922 1299 1967 πρότερον.

291 1941 332 2005 Εἰ
357 1974 470 2006 τοίνυν
498 1967 630 2017 ἀνάγκη
656 1968 816 2017 γενέσθαι
841 1971 882 2002 τό
909 1969 1064 2014 ὕστερον,
1083 1971 1141 2001 καὶ
1163 1968 1204 2001 τὸ
1223 1967 1302 2013 πρό-

293 2027 390 2062 τερον
417 2013 484 2049 ἀνά
508 2027 568 2053 κη·
594 2017 653 2048 καὶ
678 2015 707 2047 εἰ
731 2015 773 2047 τό
799 2013 978 2059 πρότερον,
1004 2017 1063 2046 καὶ
1090 2015 1131 2046 τὸ
1158 2011 1299 2057 ὕστερον

293 2063 406 2095 τοίνυν
434 2061 582 2107 ἀνάγκη,
606 2058 680 2092 ἀλλ’
702 2059 740 2092 οὐ
765 2054 804 2091 δι’
829 2056 951 2102 ἐκεῖνο,
972 2059 1046 2091 ἀλλ’
1067 2057 1122 2091 ὅτι
1139 2056 1300 2090 ὑπέκειτο

293 2105 309 2139 l
350 2103 500 2151 ἀνάγκης
521 2103 696 2149 ἐσόμενον.
716 2104 774 2135 Ἐν
793 2103 840 2141 οἷς
858 2103 926 2148 ἀρα
946 2105 988 2136 τὸ
1007 2102 1147 2146 ὕστερον
1167 2101 1299 2148 ἀνάγκη

293 2163 309 2184 ε
325 2162 394 2192 ναι,
413 2151 448 2183 ἐν
472 2148 611 2187 τούτοις
638 2146 763 2181 ἀντιστ
784 2148 868 2193 έφει,
886 2150 944 2180 καὶ
964 2149 1016 2180 ἀεὶ
1043 2148 1106 2180 τοῦ
1134 2146 1299 2191 προτέρου

293 2194 478 2243 γενομένου
505 2193 638 2240 ἀνάγκη
663 2160 821 2239 γενέσςαι
846 2194 888 2225 τό
914 2191 1068 2236 ὕστερον.

485 2290 640 2332 ostquam
657 2279 882 2324 Philosophus
907 2279 1136 2313 determinavit
1159 2278 1198 2312 de
1215 2279 1302 2323 prin-

440 2342 462 2355 «
486 2326 579 2370 cipiis
603 2325 825 2369 generationis
849 2333 882 2358 et
905 2324 1142 2368 corruptionis,
1167 2332 1200 2356 et
1223 2334 1301 2356 con-

431 2396 470 2413 Μ
485 2370 645 2403 tinuitatis
669 2381 793 2410 earum,
810 2369 845 2402 in
863 2377 954 2413 parte
978 2369 1040 2401 ista
1063 2376 1177 2401 movet
1200 2379 1300 2412 quae-

385 2410 416 2455 ζ.
431 2450 434 2458 ,
452 2432 466 2453 ,ς
485 2415 627 2448 stionem
647 2413 813 2459 quandam
833 2425 917 2458 quae
933 2421 1044 2457 potest
1063 2413 1140 2446 oriri
1157 2424 1197 2446 ex
1212 2423 1302 2456 prae-

486 2459 591 2492 dictis.
625 2458 714 2493 Cum
743 2458 832 2491 enim
856 2457 982 2491 dictum
1005 2458 1047 2490 sit
1070 2455 1162 2501 quod
1189 2465 1301 2490 motus

227 2503 394 2539 circularis
410 2504 453 2538 sit
469 2515 567 2538 causa
583 2503 806 2548 generationis
825 2511 858 2536 et
881 2502 1114 2546 corruptionis,
1137 2510 1170 2534 et
1185 2513 1301 2545 perpe-

226 2549 352 2584 tuitatis
368 2549 437 2582 sive
454 2548 680 2582 continuitatis
696 2559 820 2587 earum,
837 2555 870 2580 et
886 2555 1058 2580 ostensum
1075 2546 1118 2580 sit
1133 2545 1224 2591 quod
1241 2546 1302 2579 iste

227 2602 341 2628 motus
357 2594 400 2627 sit
415 2605 456 2626 ex
470 2593 665 2627 necessitate
681 2592 860 2625 continuus
877 2600 910 2625 et
925 2592 1156 2636 sempiternus,
1168 2602 1238 2624 non
1254 2598 1304 2623 est

227 2647 400 2672 ostensum
420 2637 511 2682 quod
535 2636 671 2671 effectus
695 2637 766 2670 eius
791 2635 908 2670 debeat
930 2647 1002 2669 esse
1025 2636 1239 2669 necessarius.
1260 2635 1303 2668 Et

227 2682 304 2717 ideo
328 2681 383 2716 hic
407 2682 534 2727 quaerit
558 2680 799 2726 Philosophus,
824 2690 937 2714 utrum
961 2680 1073 2714 omnia
1097 2691 1182 2725 quae
1205 2691 1303 2757 gene-

226 2735 342 2761 rantur
357 2738 398 2760 ex
411 2727 605 2760 necessitate
628 2734 837 2770 generentur.
862 2726 904 2759 Et
927 2725 1011 2758 circa
1035 2724 1100 2758 hoc
1123 2723 1191 2757 duo
1221 2725 1301 2757 acit:

227 2772 338 2817 primo
353 2779 468 2805 movet
485 2771 730 2815 quaestionem;
749 2769 896 2803 secundo
913 2769 1057 2803 ostendit
1099 2768 1250 2802 uomodo
1266 2768 1303 2801 fit

269 2816 396 2850 neratio
419 2814 557 2856 infinita,
581 2815 645 2848 ibi:
671 2815 703 2849 Si
725 2814 844 2859 quidem
867 2815 960 2858 igitur
982 2815 1015 2847 in
1037 2781 1192 2859 infinitum
1207 2813 1223 2830 *¹
1240 2822 1301 2846 etc.

259 2861 326 2894 irca
348 2861 497 2905 primum
524 2859 592 2894 duo
621 2858 714 2893 facit:
738 2860 848 2903 primo
876 2867 990 2892 movet
1019 2858 1247 2902 quaestionem
1271 2866 1304 2890 et

227 2904 368 2939 breviter
381 2903 495 2945 solvit;
511 2903 659 2938 secundo
671 2905 790 2948 repetit
800 2912 837 2937 ut
852 2914 926 2936 eam
941 2902 1060 2936 melius
1077 2902 1228 2942 declaret,
1242 2901 1301 2935 ibi:

232 2949 345 2984 Utrum
363 2950 458 2993 igitur
479 2949 583 2983 omnia
606 2949 683 2983 talia
702 2951 720 2970 *
740 2957 801 2981 etc.
826 2948 922 2982 Circa
945 2948 1091 2992 primum
1115 2946 1183 2980 duo
1206 2945 1300 2979 facit:

227 2995 337 3039 primo
355 3002 470 3027 movet
485 2994 729 3039 quaestionem
752 2991 900 3026 secundo
923 2992 1032 3032 solvit,
1056 2991 1118 3025 ibi:
1146 2991 1303 3034 Quoniam

227 3038 348 3084 quidem
370 3039 450 3072 enim
463 3040 482 3059 *
497 3047 558 3071 etc.
630 3041 633 3044 “

284 3083 375 3117 Dicit
398 3094 478 3127 ergo
494 3083 614 3127 primo,
631 3081 723 3127 quod
742 3082 819 3126 quia
842 3092 905 3114 nos
923 3080 1075 3114 videmus
1091 3081 1126 3113 in
1143 3079 1300 3112 omnibus

229 3128 386 3161 continue
409 3127 519 3168 motis,
536 3128 606 3160 sive
629 3126 814 3160 secundum
836 3126 1084 3169 generationem
1100 3125 1169 3157 sive
1186 3135 1301 3157 secun-

229 3170 311 3206 dum
338 3171 567 3205 alterationem
597 3172 666 3205 sive
695 3170 923 3204 universaliter
952 3169 1136 3203 secundum
1164 3179 1300 3201 omnem

229 3217 538 3250 transmutationem
561 3224 769 3256 moveantur,
787 3214 878 3259 quod
895 3223 972 3258 post
991 3213 1300 3247 transmutationem

229 3269 280 3294 est
302 3272 371 3302 ens,
395 3269 429 3294 et
450 3260 603 3294 videmus
627 3259 718 3305 quod
733 3271 840 3293 unum
858 3267 1033 3302 generatur
1055 3266 1133 3301 post
1151 3256 1250 3297 aliud,
1268 3264 1301 3289 et

228 3304 447 3346 nonsdeficit,
475 3304 657 3338 videndum
681 3313 731 3337 est
754 3313 866 3337 utrum
890 3302 1013 3347 aliquid
1041 3313 1080 3334 ex
1106 3301 1299 3334 necessitate

228 3358 403 3393 generetur
416 3376 425 3390 ,
453 3349 506 3383 vel
528 3348 611 3382 nihil
632 3359 666 3390 α,
698 3347 756 3381 sed
779 3348 892 3381 omnia
921 3347 1083 3389 contingit
1105 3356 1177 3378 esse
1200 3356 1298 3388 gene-

229 3402 298 3427 rata
320 3403 353 3427 et
375 3405 445 3427 non
469 3402 632 3438 generata.
1062 3401 1065 3404 “

284 3554 311 3587 α)
331 3555 372 3580 vel
389 3555 464 3580 nihil.
483 3555 521 3580 Ita
538 3555 569 3580 B.
579 3554 702 3579 Albertus
708 3561 715 3584 ;
734 3556 784 3578 aut
802 3551 915 3583 (1¹2le)
935 3550 1134 3576 incidentaliter
1151 3550 1237 3574 PCab.

285 3588 310 3623 β)
325 3594 352 3615 et
361 3590 497 3615 materiali
511 3590 724 3615 determinata.—
733 3589 769 3613 Ita
782 3588 819 3612 Pb
832 3595 891 3612 cum
901 3588 930 3612 B.
940 3587 1061 3616 Albert03
1075 3589 1102 3611 et
1117 3585 1239 3610 naturali
1252 3584 1300 3614 Ca‚·

374 3643 445 3676 Opp.
464 3643 496 3667 D.
515 3642 630 3667 TuouAa
649 3642 680 3666 T.
695 3642 735 3666 111.
755 3641 900 3666 Apa-mx.

1358 725 1375 745 *
1389 726 1555 763 Quoniam
1571 734 1678 758 autem
1701 728 1734 758 in
1758 728 1909 759 continue
1932 729 2029 760 motis
2053 731 2230 761 secundum
2252 733 2427 771 generatio-

1425 781 1500 801 nem
1523 777 1578 801 aut
1593 772 1810 802 alterationem
1832 780 1887 804 aut
1902 773 2118 806 universaliter
2131 777 2428 808 transmutationem

1425 815 1612 846 huiusmodi
1635 815 1780 846 videmus
1805 817 1918 848 deinde
1942 827 1997 848 ens
2021 825 2052 849 et
2073 826 2258 859 generatum
2277 820 2340 851 hoc
2354 829 2429 861 post

1423 859 1498 897 hoc,
1513 859 1556 890 ita
1572 867 1608 890 ut
1622 870 1689 890 non
1705 860 1839 899 deficiat,
1855 861 2031 893 videndum
2046 869 2102 902 est,
2119 870 2230 894 utrum
2245 871 2292 895 est
2307 865 2429 906 aliquid

1424 904 1515 945 quod
1538 904 1596 935 en't
1612 914 1649 935 ex
1665 905 1858 944 necessitate,
1878 913 1934 937 aut
1956 907 2045 946 nihil,
2062 908 2118 938 sed
2141 909 2250 939 omnia
2274 910 2450 950 contingit·

1423 958 1491 979 non
1513 947 1590 980 fieri.

1356 991 1373 1011 *
1389 992 1555 1030 Quoniam
1585 993 1717 1034 quidem
1741 993 1827 1024 enirn
1850 995 2024 1035 quaedam,
2049 995 2273 1035 manifestum,
2298 1004 2329 1028 et
2351 1008 2428 1029 mox
2455 1005 2465 1015 ⁸

1424 1044 1517 1068 erunt
1532 1044 1562 1068 et
1578 1037 1724 1068 futurum
1740 1037 1827 1068 aliud
1843 1046 1972 1078 propter
1987 1039 2064 1070 hoc:
2089 1041 2179 1080 quod
2194 1041 2325 1081 quidem
2341 1042 2428 1073 enim

1422 1091 1536 1112 verum
1560 1089 1607 1112 est
1621 1081 1723 1112 dicere
1746 1082 1822 1122 quia
1837 1082 1905 1120 erit,
1922 1090 2049 1123 oportet
2064 1083 2126 1115 hoc
2149 1094 2216 1115 esse
2232 1087 2427 1128 quandoque

1422 1135 1536 1156 verum
1559 1125 1634 1167 quia
1657 1133 1719 1164 est;
1743 1127 1832 1167 quod
1856 1134 1963 1158 autem
1979 1138 2064 1158 nunc
2087 1138 2199 1159 verum
2215 1128 2328 1169 dicere,
2351 1131 2427 1172 quia

1424 1169 1570 1201 futurum
1594 1177 1650 1209 est,
1667 1170 1746 1200 nihil
1766 1171 1914 1211 prohibet
1936 1181 2003 1202 non
2025 1171 2107 1203 fieri:
2131 1172 2258 1204 futurus
2281 1174 2367 1205 enim
2382 1175 2428 1206 in·

1424 1215 1533 1245 cedere
1556 1214 1628 1256 quis
1651 1225 1719 1245 non
1741 1214 1874 1246 incedet.

1355 1257 1372 1274 *
1388 1259 1612 1290 Universaliter
1634 1266 1752 1297 autem,
1770 1260 1924 1300 quoniam
1948 1260 2104 1300 contingit
2123 1262 2280 1302 quaedam
2304 1263 2426 1294 entium
2454 1270 2465 1281 ·“

1424 1310 1455 1334 et
1477 1313 1544 1334 non
1567 1313 1650 1342 esse,
1673 1303 1879 1334 manifestum
1902 1305 2056 1345 quoniam
2081 1312 2111 1336 et
2134 1315 2216 1346 quae
2238 1314 2427 1347 generantur

1423 1347 1467 1378 ita
1488 1347 1661 1385 habebunt,
1686 1355 1717 1378 et
1739 1358 1806 1378 non
1830 1358 1867 1379 ex
1889 1349 2072 1380 necessitate
2094 1349 2156 1380 hoc
2180 1350 2245 1382 erit.

1357 1392 1474 1423 Utrum
1496 1392 1592 1432 igitur
1614 1392 1724 1422 omnia
1751 1392 1826 1423 talia
1848 1399 1903 1423 aut
1925 1403 2009 1431 non,
2034 1394 2089 1424 sed
2112 1394 2269 1435 quaedam
2299 1406 2425 1427 necesse

1424 1436 1608 1476 simpliciter
1625 1434 1711 1467 fieri?
1733 1436 1751 1455 *
1766 1437 1806 1467 Et
1830 1443 1886 1475 est,
1903 1438 2180 1478 quemadmodum
2202 1438 2236 1469 in
2260 1449 2326 1471 esse
2348 1441 2425 1472 haec

1423 1481 1555 1522 quidem
1577 1481 1774 1521 impossibile
1797 1491 1864 1511 non
1888 1491 1966 1520 esse,
1982 1482 2059 1512 haec
2075 1489 2182 1513 autem
2205 1484 2366 1523 possibile,
2382 1485 2425 1516 ita

1424 1532 1455 1556 et
1470 1525 1550 1556 circa
1565 1523 1818 1566 generationem?
1837 1525 1932 1556 Verbi
1948 1526 2046 1566 gratia
2064 1527 2284 1558 conversiones
2299 1538 2427 1560 necesse

1425 1576 1471 1600 est
1493 1569 1573 1607 fieri,
1590 1577 1620 1600 et
1638 1579 1704 1600 non
1728 1569 1878 1609 possibile
1902 1577 1948 1601 est
1963 1580 2030 1601 non
2046 1571 2236 1611 contingere.
2256 1572 2274 1591 *
2286 1572 2318 1603 Si
2332 1573 2427 1613 igitur
2455 1580 2462 1588 ·

1424 1614 1514 1655 quod
1529 1614 1618 1655 prius
1633 1624 1759 1644 necesse
1776 1621 1822 1645 est
1836 1613 1913 1653 fieri,
1930 1614 1956 1644 si
1971 1615 2060 1655 quod
2076 1616 2232 1655 posterius
2248 1617 2320 1655 erit;
2339 1618 2426 1648 verbi

1424 1658 1522 1699 gratia
1538 1658 1564 1689 si
1581 1659 1709 1696 domus,
1717 1658 1974 1697 fundamentum,
1988 1659 2013 1689 si
2028 1669 2103 1690 vero
2119 1659 2192 1699 hoc,
2201 1660 2306 1691 lutum
2322 1662 2425 1702 prius:

1422 1713 1515 1778 Ergo),
1539 1702 1566 1733 si
1588 1702 1836 1733 fundamentum
1858 1702 1979 1734 factum
2003 1710 2063 1742 est,
2087 1714 2213 1735 necesse
2237 1711 2268 1735 et
2290 1706 2426 1737 domum

1447 1757 1507 1778 en.

1356 1793 1424 1822 Aut
1446 1802 1513 1822 non
1529 1791 1644 1830 adhuc,
1660 1791 1686 1821 si
1703 1801 1769 1822 non
1789 1797 1820 1822 et
1834 1790 1913 1821 illud
1924 1787 2055 1822 ‘necesse
2071 1792 2211 1832 generari
2227 1793 2426 1834 simpliciter;

1424 1836 1450 1866 si
1466 1843 1573 1867 autem
1589 1836 1662 1874 hoc,
1680 1843 1710 1866 et
1733 1835 1942 1866 fundamento
1965 1843 2114 1876 generato
2137 1846 2263 1867 necesse
2285 1838 2426 1878 generari

1424 1881 1580 1919 domum;
1604 1880 1647 1910 sic
1664 1880 1749 1911 enim
1765 1880 1825 1910 fuit
1838 1880 1926 1920 prius
1941 1880 2059 1911 habens
2079 1881 2119 1911 ad
2133 1881 2305 1921 posterius;
2329 1892 2426 1923 quare

1425 1925 1450 1955 si
1474 1925 1553 1955 illud
1578 1924 1646 1963 erit,
1662 1935 1789 1955 necesse
1812 1924 1891 1955 illud
1914 1924 2002 1964 prius
2025 1925 2175 1965 generari.
2200 1925 2232 1956 Si
2255 1925 2350 1966 igitur
2373 1937 2426 1957 ne-

1425 1979 1510 2000 cesse
1532 1969 1674 2010 generari
1697 1969 1786 2010 quod
1810 1975 1939 2009 postea,
1963 1975 1994 2000 et
2016 1970 2105 2010 quod
2128 1969 2216 2010 prius
2232 1978 2373 2009 necesse;
2397 1978 2428 2002 et

1423 2014 1555 2055 siquod
1570 2013 1670 2054 priuS,
1688 2020 1718 2044 et
1733 2013 1823 2054 quod
1842 2013 1999 2053 posterius
2022 2013 2117 2053 igitur
2139 2021 2185 2045 est
2205 2024 2341 2046 necesse.
2366 2015 2428 2046 Sed

1423 2068 1491 2089 non
1515 2065 1644 2098 propter
1666 2058 1762 2096 istud,
1787 2058 1842 2088 sed
1866 2058 2021 2098 quoniam
2044 2058 2223 2090 subiectum
2247 2066 2294 2090 est
2317 2069 2354 2090 ex
2373 2069 2426 2090 ne-

1425 2102 1566 2134 cessitate
1590 2102 1746 2133 futurum.
1772 2102 1808 2132 In
1824 2102 1940 2142 quibus
1958 2102 2054 2142 igitur
2069 2103 2157 2143 quod
2172 2110 2283 2144 postea
2301 2113 2428 2134 necesse

1424 2154 1471 2178 est
1494 2157 1572 2185 esse,
1596 2146 1629 2176 in
1652 2146 1701 2176 his
1725 2146 1933 2185 convertitur,
1957 2153 1988 2177 et
2011 2156 2135 2187 semper
2158 2148 2256 2188 priori
2279 2155 2427 2188 generato

1423 2201 1550 2222 necesse
1573 2191 1714 2231 generari
1737 2191 1827 2232 quod
1850 2197 1970 2231 postea.

1414 2287 1445 2311 2.
1469 2276 1598 2311 Deinde
1623 2289 1700 2311 cum
1724 2276 1820 2310 dicit:
1848 2276 2003 2319 Quoniam
2027 2277 2146 2321 quidem
2169 2278 2248 2310 enim
2270 2286 2344 2318 etc.,
2369 2290 2428 2322 po-

1357 2323 1406 2355 nit
1429 2321 1653 2355 solutionem:
1685 2330 1718 2354 et
1741 2321 1849 2365 primo
1873 2322 1969 2365 ponit
1993 2333 2087 2362 eam;
2119 2321 2265 2355 secundo
2290 2321 2426 2366 probat,

1357 2366 1418 2400 ibi:
1450 2366 1669 2400 Universaliter
1692 2372 1792 2399 autem
1807 2367 1952 2410 quoniam
1972 2365 2142 2410 contingit*
2158 2374 2219 2399 etc.
2243 2367 2333 2399 Dicit
2349 2378 2428 2410 ergo

1358 2412 1467 2456 primo
1484 2410 1575 2456 quod
1593 2410 1805 2444 manifestum
1829 2418 1878 2443 est
1901 2411 1934 2443 in
1959 2410 2167 2455 quibusdam,
2188 2410 2278 2455 quod
2297 2422 2376 2444 mox
2392 2420 2428 2444 ut

1358 2465 1466 2495 erunt,
1486 2454 1648 2500 quaedam
1671 2454 1733 2488 alia
1748 2463 1946 2499 generantur
1970 2467 2010 2488 ex
2031 2455 2224 2488 necessitate
2246 2463 2278 2488 et
2293 2464 2428 2499 propter

1358 2499 1433 2533 illa:
1466 2501 1551 2533 sicut
1574 2500 1602 2532 si
1626 2508 1710 2532 terra
1733 2498 1913 2539 madescit,
1944 2510 2077 2532 necesse
2106 2507 2155 2532 est
2182 2508 2302 2532 terram
2325 2511 2427 2544 vapo-

1358 2556 1439 2585 rare,
1456 2553 1488 2578 et
1507 2556 1547 2578 ex
1570 2555 1693 2588 vapore
1716 2543 1840 2576 nubem
1863 2544 2022 2587 generari,
2047 2552 2080 2577 et
2102 2555 2142 2577 ex
2164 2543 2251 2576 nube
2268 2543 2426 2588 pluviam,

1358 2598 1391 2623 et
1407 2601 1447 2622 ex
1465 2588 1578 2634 pluvia
1601 2597 1721 2622 terram
1746 2587 1924 2628 madefieri,
1948 2596 1980 2621 et
2003 2599 2043 2621 ex
2065 2587 2119 2621 illa
2142 2599 2275 2621 necesse
2299 2597 2347 2621 est
2371 2589 2429 2622 ite-

1357 2645 1433 2667 rum
1457 2634 1544 2667 exire
1567 2644 1746 2677 vaporem,
1778 2641 1810 2665 et
1833 2633 1879 2665 sic
1903 2633 1937 2665 in
1961 2631 2148 2673 infinitum;
2180 2640 2256 2665 'cum
2276 2634 2364 2665 enim
2388 2632 2428 2666 de

1358 2677 1468 2723 aliqua
1482 2690 1517 2712 re
1533 2678 1568 2711 in
1580 2689 1640 2711 sua
1656 2689 1754 2710 causa
1770 2676 1930 2710 efficiente
1945 2685 1978 2709 et
1994 2676 2153 2710 materiali
2169 2676 2382 2710 determinata
2402 2678 2428 2717 β,

1357 2734 1474 2756 verum
1509 2731 1559 2756 est
1594 2721 1701 2755 dicere
1736 2733 1825 2754 nunc
1862 2721 2020 2766 quoniam
2051 2722 2112 2754 erit
2128 2746 2137 2761 ‚
2173 2730 2304 2772 oportet
2338 2721 2427 2754 illam

1358 2766 1536 2812 aliquando
1567 2766 1726 2799 existere:
1759 2766 1843 2798 sicut
1873 2773 1963 2809 patet
1991 2766 2025 2798 in
2077 2764 2227 2798 raedictis
2259 2765 2426 2809 exemplis.

1358 2811 1495 2856 Aliquid
1519 2819 1629 2844 tamen
1652 2809 1802 2843 futurum
1825 2821 1896 2843 esse
1925 2821 1994 2842 non
2017 2810 2059 2842 ha
2083 2821 2140 2842 ens
2165 2821 2297 2842 causam
2321 2809 2426 2843 deter-

1358 2857 1518 2889 minatam
1536 2854 1619 2888 nihil
1635 2854 1788 2898 prohibet
1805 2854 1993 2897 contingere
2009 2865 2079 2887 non
2095 2865 2182 2887 esse:
2207 2853 2297 2886 verbi
2313 2855 2426 2897 gratia,

1357 2912 1474 2934 verum
1498 2908 1548 2933 est
1570 2911 1659 2932 nunc
1683 2898 1790 2932 dicere
1815 2898 1854 2932 de
1878 2898 1989 2942 aliquo
2014 2897 2104 2942 quod
2132 2898 2201 2941 ipse
2225 2906 2274 2930 est
2297 2897 2426 2931 futurus

1358 2944 1519 2985 incedere,
1543 2952 1654 2988 potest
1677 2952 1787 2976 tamen
1810 2941 1963 2986 impediri
1987 2943 2196 2986 propositum
2221 2942 2302 2982 eius,
2327 2951 2359 2975 et
2382 2943 2427 2975 ita

1357 3001 1426 3023 non
1449 2988 1589 3022 incedet.

1416 3045 1444 3077 3.
1469 3031 1599 3066 Deinde
1623 3043 1700 3064 cum
1724 3031 1819 3064 dicit:
1850 3030 2068 3064 Universaliter
2090 3036 2191 3063 autem
2214 3038 2286 3069 etc.,
2310 3029 2427 3074 probat

1357 3077 1558 3122 praedictam
1583 3075 1802 3115 solutionem3
1832 3083 1864 3108 et
1887 3083 1936 3107 est
1959 3075 2041 3107 ratio
2069 3086 2128 3107 sua
2152 3073 2235 3107 talis.
2261 3074 2353 3107 Sicut
2377 3084 2426 3107 est

1357 3123 1391 3155 in
1416 3122 1501 3155 entis
1525 3121 1686 3154 divisione
1700 3144 1709 3160 ,
1737 3120 1781 3152 ita
1805 3118 2030 3152 universaliter
2053 3127 2103 3151 est
2130 3119 2164 3151 in
2192 3119 2403 3161 generatione
2415 3131 2425 3159 3

1357 3166 1415 3200 sed
1438 3167 1473 3198 in
1497 3164 1626 3198 entibus
1650 3164 1695 3196 ita
1719 3172 1778 3204 est,
1803 3162 1894 3207 quod
1918 3162 2079 3207 quaedam
2101 3171 2177 3195 sunt
2202 3163 2426 3206 contingentia

1357 3222 1428 3244 esse
1448 3218 1480 3243 et
1495 3221 1564 3242 non
1589 3220 1670 3248 esse,
1695 3216 1728 3241 et
1751 3207 1912 3251 quaedam
1936 3218 2004 3240 non
2029 3208 2225 3250 contingunt
2249 3218 2318 3239 non
2342 3218 2424 3247 esse,

1357 3254 1415 3288 sed
1443 3262 1520 3287 sunt
1551 3265 1591 3286 ex
1617 3252 1831 3292 necessitate3
1865 3262 1943 3294 ergo
1975 3252 2019 3284 ita
2049 3260 2097 3284 est
2127 3252 2162 3283 in
2192 3251 2425 3294 generatione,

1357 3299 1434 3343 quia
1458 3297 1620 3342 quaedam
1649 3308 1688 3329 ex
1711 3296 1904 3329 necessitate
1927 3294 2183 3339 generabuntur,
2207 3303 2240 3327 et
2263 3294 2424 3339 quaedam

1356 3342 1519 3385 contingit
1542 3341 1700 3385 generari.

1408 3398 1439 3430 4.
1464 3385 1593 3420 Deinde
1618 3396 1694 3418 cum
1719 3383 1814 3417 dicit:
1852 3384 1963 3417 Utrum
1990 3384 2084 3427 igitur
2113 3384 2216 3416 omnia
2244 3383 2319 3416 talia
2343 3392 2424 3424 etc.,

1355 3549 1417 3573 item
1431 3547 1468 3572 Pb
1487 3547 1609 3580 supplent
1630 3554 1660 3571 ex
1678 3547 1708 3571 B.
1718 3545 1826 3570 Alberto
1844 3548 1950 3578 oportet
1964 3545 2036 3570 illam
2085 3551 2193 3570 causam
2209 3544 2423 3572 determinatam,

1355 3583 1426 3616 quod
1445 3591 1500 3608 om.
1514 3583 1566 3613 Ca;
1584 3587 1644 3615 post
1662 3581 1728 3607 nihil
1747 3581 1786 3606 Ca
1804 3581 1902 3606 addunt
1920 3584 2019 3606 tamen.

2193 3631 2235 3656 8*

2456 739 2541 793 ἐξεφ.
2551 746 2575 761 xi
2580 756 2585 761 .
2601 740 2669 762 Text.

2480 1004 2548 1027 Text.
2564 1005 2602 1032 64.

2479 1270 2547 1292 Text.
2563 1270 2597 1298 65.

2453 1447 2464 1459 ⁴
2479 1447 2548 1469 Text.
2562 1448 2601 1470 66.

2478 1579 2546 1601 Text.
2562 1579 2600 1607 67.

2457 2378 2465 2387 ·
2481 2376 2552 2398 Num.
2568 2382 2618 2404 seq.
