2554 4062
176 284 236 310 XIV

302 351 393 391 VII.
430 349 627 389 CODICES
659 352 1008 384 MANUSCRIPT1.-
1033 335 1217 378 Codices
1262 329 1536 384 manuscripti
1577 338 1763 382 quorum
1797 321 1954 364 auxilio
1988 319 2168 360 Pianam
2203 317 2357 359 editio-

180 428 278 457 nem
312 409 644 454 emendavimus,
679 405 721 445 hi
754 408 863 444 sunt.

261 494 267 498 ·
303 474 359 527 A)
395 470 579 514 Urbinas
615 478 714 518 214,
749 464 858 505 foliis
899 463 1097 515 173-244
1131 462 1259 505 recto,
1284 468 1394 496 saec.
1419 453 1515 522 XV.
1563 513 1570 520 ·
2004 507 2012 514 .
2307 505 2315 512 .

303 535 354 589 Β)
388 532 574 575 Urbinas
609 541 678 580 24,
702 526 812 567 foliis
848 521 1033 577 29-125‚
1057 533 1167 561 saec.
1192 518 1298 567 XV;
1339 520 1706 557 contlnuatlonem
1739 511 1869 552 habet
1901 510 2014 550 Petri
2049 505 2103 547 de
2137 505 2358 546 Alverma.

306 597 356 651 C)
390 595 486 635 Vat.
519 590 733 633 Palatinus
774 588 906 634 1036,
946 583 1056 625 foliis
1091 579 1288 632 80-154,
1323 591 1433 620 saec.
1462 576 1567 618 XIV
1600 575 1671 616 vel
1705 574 1811 623 XV;
1846 572 1947 613 nihil
1988 569 2042 611 de
2081 567 2206 609 tertio
2247 567 2357 608 libro

182 660 362 773 habetb)
396 715 634 758 Mazarinus
667 712 768 759 316,
802 709 914 750 foliis
955 707 1167 760 194-268,
1190 717 1301 746 saec.
1325 703 1446 751 ΧΙΙΙ;
1480 700 1573 741 finit
1599 699 1669 740 lib.
1693 699 1743 748 II,
1768 698 1861 739 lect.
1885 707 2170 766 xxVI11,·num.
2197 705 2236 763 4,
2262 705 2359 733 cum

183 784 248 825 his
281 780 444 827 verbis,
478 773 771 829 magnitudine
814 769 1090 812 rotunditatis
1121 770 1287 814 terram
1317 770 1418 820 post
1450 776 1562 818 quae
1595 761 1788 815 sequitur
1821 763 2085 827 contmuatlo
2102 757 2252 826 ‘Petrh
2336 817 2345 824 .

305 842 357 895 E)
391 836 651 893 Burghesius
692 845 791 885 114,
818 838 943 874 antea
979 842 1048 885 72,
1082 829 1193 870 foliis
1230 829 1415 882 73-110,
1451 838 1560 866 saec.
1585 823 1711 872 XIV;
1746 835 1843 864 cum
1878 825 2200 862 contmuatlone
2233 819 2360 866 Petri,

185 906 257 947 ubi
290 918 323 944 s.
347 902 537 943 Thomas
571 896 764 938 cessavit.

305 964 356 1018 F)
390 959 701 1015 Amplonianus
735 953 907 1011 (Erfurt)
940 954 1010 995 fol.
1036 952 1138 1004 354,
1172 951 1283 993 foliis
1325 952 1430 991 1—62
1466 954 1583 1015 recto
1618 947 1697 988 col.
1729 959 1763 996 1,
1788 958 1898 987 saec.
1923 945 2035 986 XIII.

306 1025 359 1079 G)
392 1021 624 1077 Lipsiensis
658 1017 958 1061 Universitatis
999 1014 1125 1066 1405,
1160 1013 1272 1054 foliis
1308 1010 1431 1060 2-56‚
1455 1023 1567 1051 saeC.
1590 1009 1732 1051 XIV„
2247 1067 2254 1074 ⁸

312 1086 369 1141 H)
404 1082 636 1139 Lipsiensis
669 1073 968 1122 Universitatis
1008 1089 1135 1128 1402,
1169 1075 1279 1116 foliis
1302 1071 1445 1115 65-85
1469 1085 1598 1112 verso
1623 1071 1702 1112 col.
1734 1083 1768 1119 1,
1792 1083 1903 1111 saec.
1928 1070 2050 1119 XIV;
2085 1068 2198 1110 duos
2229 1067 2364 1108 hbros

185 1151 323 1197 habet,
359 1153 400 1188 et
432 1143 794 1187 continuationem
828 1141 953 1182 Petri.
987 1139 1071 1180 Hic
1105 1137 1255 1186 codex,
1290 1135 1360 1177 lib.
1384 1136 1418 1184 I,
1443 1135 1535 1175 lect.
1559 1145 1653 1182 vm,
1689 1146 1804 1173 num.
1831 1143 1870 1186 7,
1899 1138 2001 1186 post
2022 1132 2158 1173 verba
2190 1132 2364 1172 contra-

184 1213 349 1253 rz'entur
377 1207 533 1262 mfinitz’
559 1209 706 1253 motus,
743 1203 919 1245 resumit
944 1201 1108 1257 ⁴dictam
1140 1199 1369 1240 lectionem
1401 1211 1427 1238 a
1447 1195 1668 1252 principio,
1705 1207 1890 1248 eamque
1925 1199 1966 1234 et
1999 1193 2212 1248 reliquum
2242 1205 2364 1262 corn-

184 1271 432 1314 mentarium
465 1268 519 1309 ad
552 1266 854 1321 compendium
889 1263 1077 1312 retrahit;
1112 1267 1212 1317 post
1244 1262 1389 1302 locum
1422 1259 1608 1307 citatum,
1643 1256 1698 1298 de
1721 1269 1774 1297 eo
1799 1255 1901 1297 nihil
1925 1268 1979 1296 ex
2008 1261 2159 1296 nostro
2193 1255 2364 1296 silentio

185 1332 592 1448 conelllldhggleihtus
615 1390 779 1446 Regius
803 1389 893 1442 Qrt.
925 1386 1021 1441 195,
1045 1386 1156 1428 foliis
1188 1386 1294 1426 1-30
1316 1397 1446 1425 verso
1470 1383 1550 1424 col.
1582 1395 1616 1431 1,
1641 1393 1752 1423 saec.
1769 1381 1892 1431 XIV;
1928 1380 2041 1422 duos
2062 1379 2198 1421 libros
2219 1379 2365 1428 habet,

184 1471 279 1499 cum
312 1454 627 1497 continuatione
659 1452 784 1494 Petri.

307 1516 530 1559 Accedunt
561 1528 638 1570 pro
672 1514 796 1555 tertio
829 1513 964 1554 libro:

305 1579 414 1633 Par.)
437 1578 565 1619 Paris.
579 1577 749 1618 Nation.
774 1577 866 1617 Lat.
894 1572 1052 1625 16154,
1075 1572 1186 1614 foliis
1209 1572 1398 1624 94-123‚
1421 1582 1533 1611 saec.
1557 1569 1680 1619 X111;
1704 1568 1824 1610 addit
1845 1568 2215 1609 continuationem
2237 1566 2366 1608 Petri.

307 1640 463 1695 Oxon.)
486 1639 753 1681 Balliolensis
779 1639 879 1691 278,
895 1636 1006 1677 foliis
1036 1636 1249 1688 192-237,
1267 1646 1377 1675 saec.
1402 1633 1520 1682 ΧΙΙΙ;
1543 1631 1725 1686 abrupte
1747 1631 1840 1672 finit
1862 1631 1957 1672 lect.
1980 1643 2037 1680 1v,
2062 1643 2178 1672 num.
2210 1643 2243 1679 1,
2268 1642 2368 1671 cum

183 1703 325 1745 verbis
356 1701 654 1757 superficiebus
684 1699 917 1741 secundum
953 1698 1122 1739 lineam.

307 1765 364 1806 Hi
398 1764 484 1805 duo
519 1763 688 1804 codices
723 1768 841 1803 extra
872 1758 1364 1816 apparatum'variarum
1397 1757 1630 1799 lectionum
1663 1756 1788 1811 primi
1813 1762 1855 1797 et
1876 1755 2056 1797 secundi
2078 1754 2173 1796 libri
2197 1767 2368 1796 reman-

183 1833 337 1875 serunt,
373 1826 473 1880 quia
499 1825 765 1866 adamussim
799 1822 1061 1864 conveniunt
1093 1835 1190 1862 curn
1224 1821 1272 1862 F.
1297 1821 1479 1875 Propter
1512 1818 1695 1860 eandem
1729 1818 1952 1867 rationem,
1989 1830 2043 1858 ex
2065 1817 2260 1873 pluribus
2289 1830 2367 1858 an-

184 1888 310 1943 tiquis
344 1887 563 1928 codicibus
597 1887 669 1941 qui
703 1885 758 1927 ad
795 1892 986 1927 nostram
1019 1883 1213 1926 notitiam
1246 1887 1468 1930 venerunt,
1503 1887 1546 1923 et
1567 1894 1680 1936 quos
1703 1881 1876 1936 saepius
1898 1879 1969 1922 vel
2004 1879 2133 1921 etiam
2156 1884 2368 1935 perpetuo

185 1950 542 1998 consultavimus,
577 1949 719 1990 solum
751 1947 1014 1989 Mazarinum
1047 1946 1121 2001 (D)
1155 1959 1243 1986 non
1287 1944 1521 1986 tacuimus:
1556 1957 1708 1998 parum
1747 1943 1861 1984 enim
1909 1942 2101 1984 utilitatis
2143 1941 2370 1984 habuisset

185 2026 334 2053 omnes
367 2011 486 2067 siglis
521 2011 783 2060 distinxisse,
819 2010 920 2064 quia
953 2022 1006 2050 ex
1038 2009 1080 2050 D
1115 2008 1199 2049 iam
1233 2007 1336 2048 satis
1368 2011 1486 2062 patet
1530 2005 1757 2061 quomodo
1803 2005 1858 2046 ad
1892 2005 1930 2046 F
1963 2017 2011 2046 se
2055 2004 2255 2046 habeant.
2299 2003 2370 2046 Ne

185 2074 280 2129 quis
301 2079 444 2115 autem
467 2073 640 2114 miretur
672 2072 802 2127 quod,
833 2078 897 2113 tot
919 2070 1104 2126 antiquis
1139 2069 1361 2111 codicibus
1390 2068 1714 2124 praetermissis,
1749 2067 2010 2110 recentiores
2038 2066 2367 2122 assumpsimus,

185 2135 559 2177 animadvertimus
592 2148 645 2176 ex
678 2133 986 2175 recentioribus
1018 2145 1223 2188 apparere
1256 2131 1361 2186 quid
1394 2130 1577 2172 decursu
1611 2136 1856 2185 temporum
1880 2130 1935 2171 de
1968 2135 2087 2171 textu
2110 2143 2143 2171 s.
2168 2129 2369 2171 Thomae

184 2204 324 2239 actum
357 2198 420 2239 sit.
461 2196 652 2239 Sufficiat
685 2209 789 2253 ergo
822 2196 1026 2237 lectorem
1058 2195 1126 2236 hic
1159 2193 1381 2235 monuisse
1415 2192 1534 2248 quod
1579 2192 1827 2234 testimonio
1862 2198 1928 2234 tot
1970 2191 2198 2242 codicum,
2236 2204 2370 2248 quam

185 2260 366 2301 maxime
399 2259 658 2300 confortatur
690 2258 918 2300 auctoritas
961 2256 1122 2298 codicis
1154 2257 1214 2306 F,
1248 2269 1301 2297 eo
1335 2268 1491 2310 nempe
1523 2268 1655 2296 sensu
1695 2255 1798 2310 quia
1836 2268 1936 2297 eum
1979 2254 2216 2310 genuinam
2262 2266 2370 2296 suae

185 2322 363 2363 familiae
395 2321 620 2362 lectionem
654 2320 832 2362 reddere
866 2319 1170 2361 demonstrant.
2026 2333 2031 2338 ·

309 2383 439 2436 Quod
472 2383 619 2424 attinet
650 2382 705 2423 ad
739 2382 936 2424 codicum
969 2381 1228 2430 affinitatem,
1252 2393 1331 2435 pro
1365 2380 1504 2435 primo
1540 2385 1582 2422 et
1613 2379 1808 2421 secundo
1832 2378 2129 2421 commentarii
2163 2379 2274 2422 libro
2297 2378 2370 2434 (de

185 2446 421 2501 fragmento
454 2445 562 2486 tertii
595 2444 699 2486 infra
732 2444 960 2499 dicemus),
995 2443 1050 2485 ad
1083 2456 1214 2485 unam
1246 2442 1449 2484 familiam
1488 2442 1702 2497 pertinent
1735 2454 1888 2483 omnes
1923 2441 2156 2497 supradicti
2195 2441 2370 2483 codices

184 2513 347 2563 praeter
379 2508 432 2556 A,
466 2507 538 2562 qui
565 2520 626 2548 ex
659 2507 860 2548 omnibus
894 2505 1114 2547 codicibus
1149 2518 1261 2560 quos
1294 2504 1495 2554 vidimus,
1519 2504 1647 2546 aliam
1681 2504 1801 2546 solus
1823 2503 2027 2546 familiam
2061 2509 2366 2560 repraesentat.

186 2569 398 2611 Absolute
430 2574 572 2610 tamen
614 2568 733 2610 solus
766 2582 853 2609 non
888 2574 971 2609 est:
1006 2581 1104 2609 nam
1138 2567 1304 2622 aliquot
1337 2572 1466 2608 notae
1499 2566 1758 2623 marginales
1792 2566 1835 2607 in
1870 2567 1967 2607 Vat.
2004 2567 2098 2608 Lat.
2136 2575 2279 2619 2072,
2314 2566 2370 2608 ad

186 2637 324 2672 textus
357 2630 614 2671 Aristotelici
648 2630 981 2679 illustrationem,
1006 2643 1174 2671 necnon
1206 2630 1350 2685 plures
1383 2628 1599 2670 secundae
1633 2642 1786 2671 manus
1819 2628 1863 2670 in
1896 2629 1935 2670 E
1959 2628 2000 2670 G
2023 2634 2065 2670 et
2086 2629 2116 2679 1,
2142 2642 2196 2670 ex
2219 2627 2371 2671 codice

189 2693 279 2734 eius
300 2692 479 2733 familiae
503 2692 752 2747 desumptae
774 2698 884 2734 sunt.
909 2693 976 2733 Ex
993 2705 1078 2733 una
1099 2697 1217 2747 parte
1241 2705 1347 2747 ergo
1372 2691 1566 2732 codicem
1582 2691 1638 2739 A,
1656 2691 1782 2732 sEGI
1805 2697 1848 2732 et
1870 2691 2110 2748 marginem
2128 2691 2228 2733 Vat.
2247 2702 2368 2746 2072

187 2754 242 2795 ad
273 2768 401 2795 unam
427 2754 626 2795 familiam
658 2755 916 2809 pertinentes
955 2754 1176 2804 habemus,
1212 2753 1278 2795 cui
1313 2753 1368 2794 ab
1403 2754 1445 2794 A
1479 2766 1640 2794 nomen
1673 2753 1959 2809 imponimus:
1995 2766 2049 2795 ex
2082 2754 2215 2795 altera
2247 2759 2370 2809 parte

189 2815 358 2857 codices
391 2815 735 2870 supranominati,
754 2822 795 2858 et
817 2816 942 2858 ceteri
965 2829 1041 2871 per
1063 2830 1144 2858 nos
1166 2815 1260 2865 visi,
1284 2815 1411 2857 aliam
1433 2814 1636 2857 familiam
1659 2815 1936 2865 constituunt,
1961 2829 2094 2871 quam
2116 2816 2172 2858 ab
2202 2815 2369 2871 optimo

188 2878 456 2920 nominamus
489 2878 536 2920 F.
691 2884 699 2889 ‘

309 2939 440 2981 Piana
474 2939 623 2989 editio,
658 2940 944 2982 mediantibus
986 2940 1200 2996 prioribus
1234 2939 1517 2990 editionibus,
1563 2940 1685 2981 fluxit
1718 2953 1771 2981 ex
1804 2940 1864 2990 F;
1900 2939 1978 2981 sed
2022 2953 2111 2981 non
2151 2940 2208 2982 ita
2242 2953 2371 2996 parce

188 3015 284 3043 eum
317 3002 497 3043 correxit
528 3002 764 3043 secundum
787 3003 841 3051 A,
865 3002 1023 3057 pluries
1045 3008 1188 3044 tamen
1210 3002 1384 3057 proprio
1409 3007 1555 3044 marte.
1590 3002 1752 3044 Nostra
1774 3008 1919 3043 autem
1942 3001 2087 3052 editio,
2111 3002 2186 3044 ubi
2209 3002 2372 3046 Pianae

188 3063 388 3105 mendum
421 3064 600 3105 subesse
632 3064 874 3113 videbatur,
910 3064 1147 3106 concordes
1178 3064 1431 3105 familiarum
1464 3064 1682 3114 lectiones,
1717 3064 1799 3113 vel,
1835 3064 1909 3105 ubi
1945 3077 2064 3106 error
2096 3065 2256 3107 Pianae
2289 3065 2371 3107 toti

188 3126 366 3166 familiae
381 3126 417 3166 F
441 3126 678 3167 communis
702 3132 801 3175 erat,
818 3126 1045 3168 lectionem
1069 3126 1111 3167 A
1134 3125 1367 3181 adoptavit.
1393 3125 1526 3179 Quod
1549 3126 1788 3168 secundum
1812 3140 1909 3168 cum
1932 3127 2185 3182 saepissime
2209 3127 2369 3170 sactum

189 3187 252 3236 sit,
282 3200 435 3242 operae
467 3188 646 3242 pretium
669 3188 746 3229 erit
766 3188 950 3243 probare
984 3188 1092 3230 inter
1112 3189 1155 3229 A
1187 3194 1231 3229 et
1252 3188 1288 3229 F
1312 3201 1407 3229 eam
1437 3187 1719 3230 differentiam
1742 3189 2017 3238 intercedere,
2042 3202 2156 3245 quae
2188 3189 2370 3231 familias

189 3249 417 3304 distinguit.
441 3249 594 3290 Posset
617 3250 728 3291 enim
752 3250 898 3305 quaeri
921 3264 975 3292 an
999 3251 1053 3300 A,
1078 3250 1394 3291 recentissimus
1418 3255 1460 3291 et
1481 3264 1617 3305 paene
1634 3251 1875 3307 singularis,
1895 3265 1982 3293 non
1998 3251 2144 3307 potius
2168 3251 2372 3292 exhibeat

188 3311 400 3352 textumF
424 3310 562 3352 critice
596 3312 876 3367 castigatum?
908 3312 1051 3354 Nemo
1085 3318 1228 3354 autem
1263 3326 1350 3353 non
1373 3311 1492 3354 videt
1525 3326 1656 3367 quam
1690 3314 1980 3355 necessarium
2014 3313 2070 3355 sit
2095 3313 2207 3354 hanc
2240 3326 2368 3367 quae-

188 3372 369 3413 stionem
393 3373 641 3427 expendere.
677 3374 788 3415 Nam
811 3374 846 3415 si
880 3375 921 3415 A
945 3374 1045 3415 nihil
1079 3374 1194 3415 aliud
1218 3380 1283 3415 est
1315 3387 1446 3429 quam
1479 3375 1622 3416 critica
1645 3376 1882 3417 elaboratio
1906 3380 2049 3417 textus
2072 3375 2121 3423 F,
2147 3387 2235 3416 non
2260 3375 2368 3416 effu-

187 3433 276 3489 giet
307 3434 646 3475 inconvenientia
669 3448 778 3489 quae
811 3436 997 3477 textibus
1020 3436 1164 3477 critico
1198 3435 1346 3478 labore
1387 3436 1589 3478 confectis
1607 3437 1862 3488 adhaerent;
1888 3442 1930 3478 et
1963 3435 2164 3491 quamvis
2194 3436 2370 3492 optimis

188 3495 439 3536 lectionibus
472 3496 648 3545 eniteat,
684 3497 838 3538 dubiae
884 3511 1054 3553 semper
1085 3498 1155 3539 vel
1205 3498 1332 3539 etiam
1366 3499 1520 3540 nullius
1555 3499 1632 3540 erit
1665 3498 2008 3541 authenticitatiS.
2049 3499 2088 3539 E
2122 3500 2363 3548 contrario,

189 3557 223 3597 si
257 3557 456 3598 materiali
480 3563 642 3599 tantum
665 3558 812 3600 labore
835 3560 1181 3614 transcriptionis,
1205 3566 1370 3615 sponte,
1396 3575 1483 3601 non
1507 3574 1633 3602 secus
1656 3575 1706 3602 ac
1730 3562 1778 3610 F,
1803 3561 1858 3601 ab
1882 3560 2153 3616 autographo
2187 3575 2219 3602 s.
2244 3562 2367 3603 Tho-

188 3632 282 3659 mae
316 3619 550 3660 derivatum
586 3633 679 3660 esse
714 3621 966 3670 constiterit,
1002 3635 1129 3663 nemo
1163 3622 1291 3663 bonis
1326 3622 1416 3664 eius
1450 3623 1706 3664 lectionibus
1745 3621 2110 3664 authenticitatem
2145 3622 2370 3665 detrahere
