2782 4134
1166 273 1277 310 CAP.
1309 274 1358 320 11,
1389 272 1540 309 LECT.
1571 273 1621 309 111
2022 280 2024 282 v
2419 285 2489 321 129

1075 494 1372 549 LECTIO
1411 493 1723 549 TERTIA

622 654 940 688 DIFFERENTIAE
963 654 1233 685 POSITIONUM
1257 653 1479 691 QUOMODO
1504 653 1789 685 CONVENIANT
1812 654 2022 686 PARTIBUS
2047 654 2174 685 CAELI

1006 710 1244 742 SECUNDUM
1266 710 1526 741 PHILOSOPHI
1551 710 1792 742 OPINIONEM

299 857 397 899 Ἡμῖν
423 847 454 883 δ’
482 848 603 889 ἐπειδή
628 850 769 897 ὥρισται
803 851 965 896 πρότερον
996 850 1050 883 ὅτι
1076 851 1108 882 ἑν
1135 854 1206 888 τοῖς
1238 850 1370 896 ἔχουσιν

371 899 410 943 ἀρ
439 897 478 935 τὶν
504 896 666 934 κινήσεως
692 898 727 928 αἱ
753 897 917 929 τοιαῦται
935 891 1093 939 δυνάμεις
1111 894 1370 940 ἐνυπάρχουσιν,

371 945 388 976 ό
411 909 440 975 δ”
463 940 602 986 οὐρανὸς
627 940 771 986 ἔμψυχος
795 942 855 973 καὶ
881 940 951 985 ἔχει
976 939 1136 978 κινήσεως
1164 939 1286 985 ἀρχήν,
1312 936 1372 976 δῆ-

368 989 427 1020 λον
454 985 508 1019 ὅτι
533 985 603 1031 ἔχει
626 987 686 1017 καὶ
709 986 752 1018 τό
779 985 846 1017 ἄνω
870 987 929 1017 καὶ
948 984 989 1017 τὸ
1005 985 1102 1017 κοίτω
1126 987 1184 1016 καὶ
1203 984 1244 1016 τὰ
1262 979 1371 1025 δεξιὰν

369 1033 428 1064 καὶ
454 1031 495 1062 τό
531 1031 539 1042 ’
565 1029 709 1072 ιστερόν.

302 1074 348 1110 Οὐ
371 1072 425 1109 δεῖ
446 1075 511 1122 γὰρ
539 1078 676 1119 απορεῖν
701 1070 761 1107 διαὶ
786 1074 827 1106 τὸ
852 1067 1060 1118 σφαιροειδὲς
1085 1070 1172 1105 εἶναι
1195 1074 1236 1106 τὸ
1253 1074 1373 1118 σχῆμα

370 1121 433 1154 τοῦ
458 1118 608 1160 παντός,
637 1118 726 1156 ὅπως
758 1118 858 1151 ἔσται
884 1117 1013 1150 τούτου
1044 1117 1086 1149 τὸ
1110 1118 1170 1160 μὲν
1196 1115 1305 1160 δεξιόν
1331 1118 1372 1151 τὸ

370 1161 408 1197 δὲ
435 1164 608 1210 ἀριστερόν
634 1164 756 1208 ὁμοίων
781 1163 814 1209 γ’
837 1162 942 1195 ὄντων
968 1163 1036 1194 τῶν
1061 1165 1182 1207 μορίων
1210 1163 1373 1196 ἁπάντων

346 1211 430 1247 λαὶ
450 1204 652 1252 κινουμένων
679 1208 739 1239 τόν
768 1207 911 1240 ἅπαντα
936 1206 1075 1252 χρόνον,

239 1256 260 1259 ”
294 1246 397 1289 {not
421 1256 507 1285 νοεῖν
533 1252 643 1297 ὥσπερ
671 1251 708 1284 ἄν
735 1253 766 1283 εἴ
789 1264 854 1292 τις,
874 1252 906 1283 ἐν
933 1253 980 1290 οἷς
1005 1252 1074 1295 ἔχει
1099 1251 1140 1284 τό
1165 1246 1274 1292 δεξιόν
1293 1251 1374 1296 πρὸς

371 1298 413 1331 τὸ
440 1296 614 1342 ἀριστερόν
640 1293 699 1329 δια
728 1297 805 1341 οροὶν
830 1299 887 1328 καὶ
915 1301 985 1335 τοῖς
1011 1308 1030 1327 σ
1057 1295 1197 1339 ἤμασιν,
1216 1293 1294 1328 εἶτα
1317 1308 1375 1328 πε-

370 1341 473 1388 ριθείη
499 1346 582 1386 σφαῖ
603 1354 662 1374 αν·
691 1307 757 1382 {iget-
782 1340 841 1385 μὲν
867 1341 932 1386 γοὶρ
958 1340 1023 1377 τήν
1064 1339 1183 1384 ύναμιν
1201 1335 1374 1384 διαφέρου-

371 1398 449 1428 σαν,
467 1380 560 1427 δόξει
605 1387 614 1399 '
636 1386 674 1418 οὐ
698 1381 757 1418 διαὶ
783 1385 846 1422 τήν
874 1384 1068 1428 ὁμοιότητα
1093 1386 1156 1417 τοῦ
1177 1384 1371 1430 σχήματος.

304 1476 369 1510 Τὸν
396 1475 503 1508 αὑτὸν
521 1470 559 1507 δὲ
577 1474 704 1519 τρόπον
728 1475 788 1505 καὶ
805 1475 879 1516 περὶ
897 1474 960 1510 τῆς
980 1473 1085 1519 ἀρχῆς
1106 1475 1168 1506 τοῦ
1192 1472 1372 1506 κινεῖσθαι·

369 1522 430 1552 καὶ
453 1520 518 1564 γοίρ
543 1520 571 1551 εἱ
595 1514 763 1563 μηδέποτ’
785 1516 928 1559 ἤρξατο,
957 1516 1044 1558 ὅμως
1071 1518 1159 1562 ἔχειν
1187 1518 1374 1564 ἀναγκαῖον

372 1565 496 1610 ἀρχήν,
523 1562 596 1595 ὅθεν
623 1562 662 1595 ἇὶν
689 1561 841 1607 ἤρξατο,
867 1562 896 1593 εἰ
921 1560 1046 1607 ἤρχετο
1071 1562 1285 1606 κινούμενον,
1310 1562 1374 1595 κᾶν

371 1609 400 1641 εἰ
424 1610 548 1647 σταίη,
573 1605 720 1644 κινηθείη
749 1604 788 1638 ἄν
814 1604 929 1638 πάλιν.

303 1696 406 1744 Λέγω
431 1691 469 1729 δὲ
495 1696 601 1740 μῆκος
627 1693 686 1739 μὲν
712 1694 822 1726 αὐτοῦ
848 1694 889 1726 τὸ
921 1694 1018 1727 κατὰ
1049 1694 1127 1733 τούς
1155 1694 1279 1733 πόλους
1305 1691 1380 1728 διοί-

370 1753 502 1786 στημα,
526 1741 585 1772 καὶ
611 1741 679 1772 τῶν
704 1738 817 1771 πόλων
843 1739 904 1771 τὰν
929 1739 989 1782 μὲν
1016 1739 1084 1772 ἄνω
1110 1740 1170 1773 τὸν
1194 1735 1232 1771 δέ
1259 1739 1374 1773 κάτω·

303 1826 469 1874 διαφοράν
493 1829 558 1875 γὰρ
584 1829 617 1861 ἑν
644 1827 783 1865 τούτοις
815 1827 929 1870 μόνοις
961 1829 1086 1871 ὁρῶμεν
1117 1829 1183 1861 τῶν
1217 1830 1376 1874 ἡμισφαι-

371 1877 467 1919 ρίων,
495 1874 543 1915 τῷ
567 1873 616 1918 μή
639 1871 803 1904 κινεῖσθαι
828 1871 908 1910 τούς
935 1871 1071 1910 πόλους.

296 1918 389 1964 ‘Ap-oc
414 1914 452 1950 δὲ
481 1920 539 1950 καὶ
565 1915 727 1961 εἰώθαμεν
755 1915 867 1962 λέγειν
893 1917 942 1949 τοὶ
966 1916 1100 1964 πλάγια
1126 1918 1158 1949 ὲν
1185 1918 1233 1960 τῷ
1263 1919 1376 1962 κόσμῳ

372 1963 410 1996 οὗ
429 1962 470 1996 τό
490 1961 557 1994 ἄνω
581 1963 640 1994 καὶ
658 1961 699 1994 τό
719 1960 831 2002 κάτω,
853 1960 944 1993 ἀλλα
961 1962 1009 1994 τοὶ
1033 1963 1108 2006 περὶ
1129 1962 1209 1999 τούς
1231 1962 1374 2004 πόλους,

370 2009 414 2045 ὥς
439 2006 568 2039 τούτου
599 2004 726 2050 μήκους
758 2005 874 2042 ὄντος·
909 2006 950 2038 τὸ
1007 2006 1046 2051 dp
1077 2007 1122 2043 εἰς
1153 2006 1195 2039 τὸ
1227 2007 1375 2053 πλάγιόν

370 2050 445 2086 ἐστι
470 2051 512 2084 τό
538 2053 612 2095 περὶ
637 2050 678 2084 τό
707 2051 774 2083 ἄνω
798 2051 858 2082 καὶ
883 2050 925 2082 τὸ
943 2063 1059 2085 κατω.

306 2095 379 2128 Τῶν
403 2091 442 2129 δὲ
466 2095 579 2128 πόλων
606 2096 622 2127 ὀ
647 2094 707 2140 μὲν
739 2094 821 2138 ὑπὲρ
849 2095 942 2150 ’ᾕμᾶς
974 2095 1174 2151 φαινόμενος
1204 2095 1246 2128 τὸ
1277 2095 1376 2128 καίτω

272 2143 277 2150 χ
1026 2140 1033 2151 2

370 2139 468 2186 μέρος
495 2141 607 2181 ἐστίν,
636 2141 652 2171 ὀ
678 2135 706 2172 δ’
735 2139 814 2183 ἡμῖν
841 2134 964 2178 αδηλος
991 2153 1033 2173 το
1061 2152 1141 2172 ανω.

305 2219 418 2262 Δεξιόν
450 2220 515 2266 γοίρ
548 2218 695 2252 ἑκάστου
727 2218 894 2264 λέγομεν,
922 2219 995 2252 ὅθεν
1021 2221 1042 2257 ἢ
1070 2220 1157 2266 ἀρχῆ
1187 2222 1250 2257 τῆς
1281 2222 1377 2254 κατοὶ

371 2263 482 2297 τόπον
505 2263 685 2301 κινήσεως·
711 2265 775 2296 τοῦ
800 2260 828 2296 δ’
849 2265 994 2307 οὐρανοῦ
1021 2265 1128 2310 ἀρχήν
1154 2266 1216 2302 τῆς
1243 2276 1376 2309 περιφο-

373 2309 446 2351 ρᾶς,
474 2307 547 2340 ὅθεν
573 2310 609 2350 αἱ
636 2308 807 2342 ἀνατολαὶ
833 2309 900 2340 τῶν
927 2309 1071 2353 ἄστρων,
1097 2308 1186 2342 ὥστε
1210 2310 1308 2342 τοῦτ’
1336 2309 1375 2342 ἂν

373 2354 422 2390 εἴη
448 2352 579 2394 δεξιόν,
607 2353 645 2385 οὗ
670 2347 698 2384 δ’
730 2355 764 2385 αἱ
790 2349 920 2394 δόσεις,
949 2354 1138 2399 ἀριστερόν.
1173 2354 1212 2385 Ei.
1238 2352 1293 2386 οὖν
1322 2354 1375 2399 ἄρ-

372 2400 476 2442 χεταί
501 2409 540 2430 τε
568 2397 637 2429 ἀπὸ
663 2398 729 2430 τῶν
754 2393 872 2439 δεξιῶν
897 2401 955 2430 καὶ
981 2399 1037 2431 ἐπὶ
1063 2399 1111 2431 ταῖ
1132 2394 1230 2440 δεξιοὶ
1246 2398 1377 2444 περιφέ-

371 2453 489 2487 ρεται,
519 2441 650 2487 ἀνάγκη
677 2441 718 2474 τό
756 2441 823 2474 ἄνω
856 2439 943 2474 εἶναι
968 2443 1030 2475 τόν
1055 2443 1169 2486 ἀφανῆ
1196 2442 1320 2475 πόλον·
1347 2443 1375 2475 εἱ

398 2485 437 2531 dp
463 2487 562 2519 ἔσται
589 2489 605 2518 ὀ
629 2484 783 2530 φανερός,
804 2487 857 2519 ἐπ’
879 2487 1042 2532 ἀριστεροὶ
1061 2488 1162 2520 ἔσται
1187 2488 1208 2524 ἡ
1233 2490 1373 2529 κίνησις,

371 2499 453 2574 ἔπερ
481 2531 519 2564 οὔ
543 2541 665 2576 φαμεν.
703 2531 812 2567 Δῆλον
837 2533 949 2564 τοίνυν
983 2531 1038 2564 ὅτι
1064 2533 1080 2564 ὁ
1108 2530 1239 2576 ἀφανής
1271 2532 1374 2570 πόλος

373 2574 448 2608 ἐστὶ
473 2576 514 2609 τό
541 2576 621 2609 ἄνω.

306 2622 373 2654 Καὶ
399 2622 429 2652 οἱ
454 2621 514 2664 μὲν
540 2619 611 2653 ἐκεῖ
635 2620 805 2658 οἰκοῦντες
831 2621 864 2652 ἑν
890 2621 937 2662 τῷ
965 2621 1033 2653 ἅνω
1059 2621 1140 2652 εἰσὶν
1174 2622 1375 2666 ἡμισφαιρίῳ

371 2667 429 2696 καὶ
455 2664 536 2709 πρὸς
561 2669 632 2702 τοῖς
657 2660 791 2706 δεξιοῖς,
811 2665 906 2709 ἡμεῖς
928 2660 960 2696 δ’
980 2665 1013 2697 ἑν
1031 2665 1080 2706 τῷ
1097 2664 1195 2697 zolro,
1219 2667 1277 2697 καὶ
1296 2665 1376 2710 πρός

375 2713 446 2747 τοῖς
480 2709 687 2754 ἀριστεροῖς,
722 2709 882 2747 ἐναντίως
911 2709 932 2746 ἦ
957 2710 1000 2747 ὥς
1027 2712 1056 2742 οἱ
1082 2709 1298 2756 Πυθαγόρειοι
1321 2710 1377 2742 λε’-

400 2763 507 2786 ουσιν·
535 2754 653 2786 ἐκεῖνοι
677 2753 725 2799 γοί
769 2754 858 2798 ἡμᾶς
879 2754 947 2786 α’ίνω
972 2767 1010 2786 τε
1029 2755 1165 2786 ποιοῦσι
1188 2756 1247 2786 καὶ
1273 2755 1306 2787 ἑν
1328 2756 1376 2796 τῷ

372 2765 471 2840 δεξιῷ
495 2798 601 2842 μέρει,
620 2798 701 2835 τούς
724 2765 753 2831 δ’
776 2796 846 2831 ἐκεῖ
867 2798 965 2831 κάτω
988 2801 1046 2830 καὶ
1074 2799 1106 2830 ἐν
1126 2800 1174 2840 τῷ
1199 2800 1375 2843 ἀριστερῷ.

374 2844 555 2888 Συμβαίνει
578 2839 617 2875 δὲ
641 2843 859 2876 τούναντίον.

299 2888 412 2922 ’And
435 2889 497 2926 τῆς
522 2887 582 2932 μὲν
607 2882 769 2931 δευτέρας
794 2889 986 2931 περιφορᾶς,
1015 2888 1082 2919 οἷον
1109 2888 1171 2925 τῆς
1197 2889 1264 2920 τῶν
1291 2889 1378 2920 πλοι-

374 2931 507 2974 νήτων,
534 2933 628 2976 ἡμεῖς
691 2933 722 2964 ἐν
749 2933 782 2965 ὲν
813 2935 884 2970 τοῖς
912 2932 980 2964 α”νω
1004 2934 1062 2963 καὶ
1089 2933 1121 2963 ἐν
1152 2936 1223 2971 τοῖς
1255 2927 1376 2974 δεξιοῖς

376 2975 495 3020 ἐσμέν,
523 2973 641 3008 ἐκεῖνοι
691 2977 705 3009 ἐ
731 2978 763 3009 ἒν
789 2980 860 3014 τοῖς
884 2976 982 3011 κοίτω
1005 2978 1064 3007 καὶ
1090 2975 1121 3008 ἒν
1148 2981 1219 3015 τοῖς
1247 2975 1378 3020 ἀριστε-

374 3024 459 3065 ροῖς·
488 3018 662 3058 ἀνάπαλιν,
691 3022 756 3067 γοίρ
791 3020 930 3058 τούτοις
955 3022 975 3058 ἡ
1004 3019 1092 3066 ἀρχή
1122 3022 1185 3059 τῆς
1216 3020 1378 3059 κινήσεώς

377 3065 451 3096 ἐστι
481 3059 542 3096 διαὶ
565 3065 610 3096 τὸ
638 3065 798 3103 ἐναντίας
831 3062 918 3098 εἶναι
946 3065 1010 3103 τοὶς
1035 3064 1158 3108 φοράς,
1183 3065 1273 3099 ὥστε
1298 3079 1337 3099 συ
1366 3086 1379 3091 -

376 3109 486 3149 βαίνει
521 3109 611 3151 ἡμᾶς
643 3110 702 3153 μὲν
731 3107 818 3142 εἶναι
849 3110 930 3151 πρὸς
963 3111 1009 3153 τῇ
1037 3109 1147 3154 ἀρχῇ,
1175 3108 1317 3149 ἑκεῖνους
1339 3078 1381 3143 ‘ge

378 3152 458 3197 πρὸς
483 3152 532 3193 τῷ
558 3152 663 3185 τέλει.

309 3197 385 3241 Περὶ
409 3196 469 3240 μὲν
496 3194 553 3228 οὖν
579 3197 646 3227 τῶν
670 3197 767 3228 κατοὶ
792 3198 856 3235 τοίς
873 3192 1073 3236 διαστάσεις
1091 3201 1211 3242 μορίων
1236 3201 1379 3232 καὶτῶν

376 3241 473 3273 κατοὶ
496 3240 604 3273 τόπον
631 3240 818 3285 ὡρισμένων
844 3243 1004 3275 τοσαῦτα
1029 3242 1182 3284 εἰρήσθω.
1351 3243 1356 3246 ”

364 3339 514 3367 ΞΥΝοΡειε.
532 3354 566 3358 -
588 3347 611 3366 1.
625 3339 840 3375 Argumentum
861 3344 889 3366 et
909 3344 1002 3366 textus
1015 3339 1141 3375 partitio.
1165 3356 1184 3361 -
1205 3347 1234 3368 2.
1249 3340 1380 3376 Caelum,

310 3384 412 3416 utpote
432 3377 602 3412 animatum,
624 3378 711 3406 habet
731 3377 762 3405 in
783 3386 814 3405 se
834 3377 1009 3414 principium
1030 3378 1075 3406 sui
1095 3385 1202 3407 motus.
1218 3396 1237 3401 -
1250 3381 1313 3408 Hae
1328 3390 1380 3408 au—

310 3425 370 3447 tem
391 3417 503 3446 ratione
535 3417 638 3446 dicitur
658 3418 695 3445 ab
716 3416 871 3445 Aristotele
899 3417 1010 3445 caelum
1032 3417 1208 3454 animatum,
1236 3426 1380 3456 quatenus

311 3459 398 3486 habet
418 3457 546 3486 animam
561 3457 749 3495 rationalem:
764 3466 834 3485 nam
848 3456 926 3485 iuxta
939 3457 1000 3485 eius
1020 3457 1190 3493 opinionem
1211 3459 1381 3495 caelumxest

312 3498 472 3526 secundum
500 3497 628 3525 animam
657 3506 740 3525 suam
760 3503 900 3534 appetens
921 3503 950 3524 et
969 3497 1140 3534 intelligens.
1162 3499 1199 3525 Et
1219 3499 1379 3527 secundum

311 3539 368 3566 hoc
400 3543 497 3565 motus
523 3537 594 3565 caeli
622 3543 664 3565 est
684 3546 702 3565 a
722 3536 965 3574 natura.quidern
990 3536 1080 3573 ipsius
1101 3537 1231 3574 corporis
1253 3538 1381 3567 caelestis

311 3584 451 3614 tanquam
465 3586 483 3605 a
496 3577 639 3614 principio
660 3576 785 3614 passivo,
802 3577 853 3605 sed
873 3577 910 3605 ab
931 3576 1029 3605 anima
1048 3583 1189 3614 tanquam
1203 3586 1220 3606 a
1238 3577 1380 3615 principio

312 3617 414 3646 activo.
430 3633 449 3638 -
466 3617 491 3644 3.
515 3617 582 3645 Non
603 3617 725 3645 multum
748 3617 842 3652 refert,
864 3623 1006 3654 quantum
1027 3617 1065 3645 ad
1085 3617 1163 3645 hunc
1185 3617 1306 3645 modum
1321 3627 1380 3655 quo

455 3674 524 3706 Opp.
543 3674 574 3699 D.
589 3674 703 3699 Tnommz
722 3674 754 3699 T.
768 3675 808 3698 ΙΙΙ.

1427 849 1443 866 *
1473 851 1574 882 Nobis
1608 858 1715 882 autem
1752 853 1905 892 quoniam
1934 853 2178 884 determinatum
2209 859 2255 883 est
2288 853 2376 893 prius
2407 854 2496 894 quod

1494 895 1527 926 in
1550 895 1739 926 habentibus
1754 896 1947 936 principium
1970 904 2078 928 motus
2093 897 2170 928 tales
2194 897 2325 928 virtutes
2349 897 2495 936 existunt,

1495 946 1542 970 est
1565 946 1672 970 autern
1701 940 1825 971 caelum
1854 941 2030 972 animatum
2061 948 2091 972 et
2122 941 2216 972 habet
2244 948 2352 972 motus
2382 942 2496 982 princi-

1494 984 1597 1024 pium,
1614 983 1820 1015 manifestum
1843 985 1997 1025 quoniam
2020 985 2114 1017 habet
2137 995 2265 1016 sursum
2288 993 2319 1017 et
2332 986 2495 1025 deorsum,

1495 1035 1526 1059 et
1549 1029 1695 1059 dextrum
1718 1035 1749 1059 et
1771 1028 1943 1059 sinistrum.

1427 1073 1502 1103 Non
1526 1079 1654 1113 oportet
1676 1072 1763 1103 enirn
1779 1073 1932 1111 dubitare,
1948 1080 2114 1113 propterea
2137 1074 2226 1115 quod
2243 1074 2381 1104 universi
2397 1074 2497 1115 figura

1495 1116 1657 1157 sphaerica
1676 1123 1733 1155 est,
1750 1118 1918 1157 quomodo
1935 1117 1991 1148 erit
2005 1117 2099 1148 huius
2115 1118 2177 1148 hoc
2193 1117 2324 1158 quidem
2340 1119 2496 1157 dextrum,

1496 1161 1558 1191 hoc
1586 1167 1694 1191 autem
1727 1161 1908 1200 sinistrum,
1942 1161 2096 1192 similibus
2127 1162 2328 1194 existentibus
2356 1163 2497 1204 partibus

1496 1205 1658 1243 omnibus,
1683 1211 1714 1236 et
1736 1205 1832 1236 motis
1856 1205 1945 1236 omni
1969 1212 2123 1246 tempore.

1429 1249 1491 1280 Sed
1510 1249 1682 1290 intelligere
1698 1256 1825 1290 oportet
1844 1250 1954 1291 utique
1974 1250 2054 1281 sicut
2077 1250 2102 1280 si
2126 1250 2208 1291 quis,
2225 1251 2257 1281 in
2272 1250 2389 1292 quibus
2404 1251 2498 1282 habet

1497 1294 1642 1324 dextrum
1657 1294 1697 1324 ad
1721 1293 1883 1324 sinistrum
1899 1294 2105 1325 differentiam
2128 1295 2222 1325 etiam
2244 1294 2364 1335 figuris,
2385 1294 2498 1326 deinde

1497 1338 1717 1379 circumponat
1741 1338 1916 1379 sphaeram.
1941 1338 2078 1369 Habebit
2094 1339 2225 1380 quidem
2249 1339 2334 1369 enim
2349 1339 2498 1370 virtutem

1497 1382 1703 1421 differentem,
1719 1382 1876 1413 videbitur
1895 1389 2002 1414 autem
2022 1392 2100 1421 non,
2113 1390 2242 1423 propter
2258 1383 2498 1414 similitudinem

1495 1426 1624 1467 figurae.

1430 1471 1554 1502 Eodem
1578 1477 1687 1502 autem
1702 1471 1801 1501 modo
1822 1478 1852 1502 et
1874 1471 1913 1501 de
1934 1471 2090 1511 principio
2107 1471 2174 1501 eius
2197 1471 2287 1512 quod
2306 1478 2352 1503 est
2367 1472 2498 1503 moveri.

1497 1515 1625 1546 Etenim
1648 1515 1673 1545 si
1697 1525 1901 1556 nequaquam
1924 1515 2074 1556 incoepit,
2097 1515 2211 1546 habere
2234 1522 2341 1547 tamen
2359 1526 2500 1547 necessa-

1497 1559 1582 1590 rium
1596 1559 1789 1600 principium
1812 1560 1897 1590 unde
1920 1559 2069 1600 incoepit,
2090 1559 2115 1589 si
2131 1559 2300 1599 incipiebat
2323 1559 2412 1600 quod
2430 1570 2499 1590 mo-

1497 1610 1588 1634 vetur
1617 1604 1756 1634 moveri:
1787 1610 1816 1634 et
1840 1603 1951 1644 utique
1975 1603 2000 1633 si
2024 1603 2156 1642 steterit,
2180 1604 2360 1634 movebitur
2391 1604 2500 1645 utique

1498 1647 1625 1679 iterum.

1430 1692 1448 1711 *
1471 1692 1553 1723 Dico
1569 1698 1677 1723 autem
1690 1691 1925 1732 longitudinem
1948 1692 2079 1732 quidem
2095 1691 2206 1731 ipsius,
2226 1701 2308 1732 quae
2325 1693 2501 1723 secundum

1498 1737 1592 1778 polos
1619 1736 1821 1775 distantiam;
1846 1743 1877 1767 et
1903 1737 2056 1777 polorum
2083 1735 2168 1767 hunc
2198 1736 2330 1777 quidem
2357 1747 2500 1775 sursum,

1499 1782 1585 1812 hunc
1608 1788 1716 1812 autem
1740 1781 1900 1811 deorsum.

1432 1825 1648 1857 Differentiam
1667 1825 1754 1856 enim
1771 1825 1805 1855 in
1823 1825 1872 1855 his
1889 1825 1996 1856 solum
2016 1825 2160 1855 videmus
2182 1824 2500 1865 hemisphaeriorum,

1499 1880 1555 1911 per
1578 1879 1644 1900 non
1668 1869 1789 1900 moveri
1813 1869 1917 1909 polos.

1432 1915 1535 1946 Simul
1559 1921 1667 1945 autem
1691 1921 1721 1944 et
1742 1913 1966 1944 consuevimus
1991 1913 2091 1944 dicere
2107 1913 2203 1944 latera
2225 1913 2259 1943 in
2281 1914 2416 1953 mundo,
2433 1923 2500 1943 non

1499 1959 1589 2000 quod
1613 1968 1740 1989 sursum
1761 1964 1791 1988 et
1814 1958 1976 1996 deorsum,
2001 1958 2055 1988 sed
2079 1958 2168 1998 quod
2191 1957 2276 1988 iuxta
2299 1958 2412 1997 polos,
2436 1964 2502 1988 tan-

1499 2013 1598 2044 quam
1621 2003 1683 2033 hoc
1705 2002 1905 2042 longitudine
1933 2002 2101 2033 existente:
2126 2002 2215 2042 quod
2239 2001 2324 2032 enim
2347 2003 2387 2033 ad
2408 2002 2501 2041 latus,

1500 2054 1546 2078 est
1569 2047 1659 2088 quod
1681 2047 1768 2077 iuxta
1790 2056 1918 2077 sursum
1941 2053 1972 2077 et
1995 2047 2156 2077 deorsum.

1431 2092 1588 2123 Polorum
1617 2098 1728 2122 autem.
1755 2091 1811 2132 qui
1846 2090 1977 2131 quidem
2008 2100 2103 2131 super
2130 2100 2190 2121 nos
2219 2100 2392 2131 apparens,
2422 2100 2502 2131 quae

1499 2136 1651 2167 deorsum
1670 2145 1742 2176 pars
1759 2141 1823 2166 est:
1841 2135 1897 2176 qui
1916 2142 2024 2166 autem
2040 2134 2132 2165 nobis
2150 2134 2397 2172 immanifestus‚
2421 2145 2503 2176 quae

1499 2190 1638 2211 sursum.

1431 2225 1448 2244 *
1471 2225 1627 2255 Dextrum
1650 2224 1736 2255 enim
1760 2224 2017 2264 unumquodque
2041 2223 2175 2254 dicimus
2199 2224 2284 2254 unde
2311 2223 2504 2263 principium

1499 2269 1566 2299 eius
1590 2268 1646 2309 qui
1669 2268 1848 2299 secundum
1870 2268 1981 2298 locum
2009 2274 2136 2306 motus3
2160 2267 2237 2298 caeli
2261 2274 2367 2298 autem
2390 2267 2504 2308 princi-

1498 2313 1590 2354 pium
1609 2311 1822 2343 circulationis
1838 2312 1924 2342 unde
1940 2318 2029 2343 ortus
2053 2319 2225 2350 astrorum3
2250 2322 2347 2352 quare
2365 2312 2427 2343 hoc
2443 2311 2504 2342 uti—

1498 2367 1561 2398 que
1589 2357 1647 2388 erit
1673 2357 1837 2394 dextrum,
1870 2356 1926 2386 ubi
1963 2363 2072 2387 autem
2100 2366 2246 2395 occasus,
2270 2356 2442 2387 sinistrum.
2471 2356 2504 2387 Si

1498 2401 1593 2443 igitur
1615 2400 1726 2441 incipit
1750 2411 1767 2431 a
1791 2400 1904 2431 dextris
1928 2407 1959 2431 et
1982 2401 2022 2431 ad
2045 2401 2185 2431 dextram
2202 2400 2430 2440 circumfertur,
2450 2410 2503 2431 ne-

1499 2455 1584 2476 cesse
1607 2445 1696 2486 quod
1719 2455 1845 2475 sursum
1870 2454 1937 2475 esse
1954 2444 2205 2475 immanifestum
2227 2444 2356 2484 polum:
2377 2444 2402 2474 si
2419 2444 2504 2474 enim

1499 2490 1556 2521 erit
1579 2490 1635 2531 qui
1658 2489 1855 2527 manifestus,
1880 2490 1919 2519 ad
1943 2489 2066 2520 sinistra
2090 2489 2147 2520 erit
2170 2495 2298 2527 motus,
2322 2489 2409 2530 quod
2437 2499 2504 2519 non

1499 2534 1646 2566 dicimus.
1671 2532 1686 2548 *
1708 2533 1914 2565 Manifestum
1937 2533 2032 2573 igitur
2055 2533 2131 2574 quia
2153 2533 2385 2564 immanifestus
2409 2533 2504 2573 polus

1499 2586 1546 2610 est
1568 2579 1659 2620 quod
1682 2588 1819 2609 sursum.

1432 2623 1473 2654 Et
1495 2623 1538 2654 ibi
1562 2623 1693 2664 quidem
1716 2622 1892 2653 habitantes
1915 2622 1949 2652 in
1973 2632 2011 2652 eo
2036 2622 2124 2663 quod
2148 2631 2275 2652 sursum
2299 2628 2373 2652 sunt
2404 2622 2504 2652 hemi-

1500 2667 1646 2708 sphaerio
1681 2674 1711 2698 et
1746 2667 1832 2707 apud
1865 2667 2026 2705 dextram,
2058 2676 2117 2697 nos
2150 2672 2258 2697 autem
2284 2666 2317 2696 in
2350 2676 2388 2697 eo
2417 2666 2506 2707 quod

1500 2712 1651 2742 deorsum
1667 2718 1698 2742 et
1713 2711 1811 2752 apud·
1823 2710 1990 2749 sinistram,
2008 2721 2025 2741 e
2045 2710 2201 2741 contrario
2225 2720 2325 2751 quam
2339 2717 2376 2741 ut
2391 2710 2505 2751 Pytha-

1499 2756 1598 2797 gorici
1622 2756 1744 2786 dicunt:
1769 2755 1815 2786 illi
1839 2755 1925 2786 enim
1948 2765 2008 2785 nos
2032 2765 2160 2786 sursum
2183 2755 2314 2795 quidem
2338 2754 2458 2786 faciunt
2477 2761 2507 2786 et

1499 2801 1533 2832 in
1557 2801 1664 2831 dextra
1686 2807 1794 2840 parte,
1817 2799 1877 2830 hos
1901 2805 2009 2830 autem
2033 2799 2090 2840 qui
2112 2799 2156 2830 ibi
2180 2800 2331 2830 deorsum
2356 2806 2386 2830 et
2408 2799 2439 2829 in
2464 2799 2503 2830 si-

1500 2845 1610 2876 nistro.
1634 2844 1758 2876 Accidit
1781 2851 1890 2875 autem
1913 2844 2116 2875 contrarium.

1433 2890 1496 2921 Sed
1519 2889 1677 2920 secundae
1700 2889 1831 2930 quidem
1856 2888 2078 2927 circulationis,
2102 2895 2180 2928 puta
2204 2888 2271 2918 eius
2294 2897 2376 2928 quae
2399 2887 2506 2927 plane-

1499 2941 1616 2972 tarum,
1640 2943 1700 2963 nos
1724 2933 1855 2974 quidem
1882 2932 1915 2963 in
1938 2932 1987 2963 his
2011 2942 2094 2973 quae
2124 2942 2251 2963 sursum
2275 2938 2305 2962 et
2328 2932 2360 2961 in
2392 2931 2505 2961 dextris

1501 2988 1631 3016 sumus,
1654 2977 1700 3008 illi
1723 2984 1831 3008 autern
1846 2977 1878 3007 in
1903 2977 1951 3006 his
1975 2987 2056 3017 quae
2073 2977 2224 3006 deorsum
2254 2982 2284 3006 et
2306 2975 2339 3005 in
2363 2975 2504 3006 sinistris.

1500 3023 1527 3053 E
1540 3022 1696 3053 contrario
1713 3021 1799 3052 enim
1818 3022 1850 3052 in
1866 3021 1915 3051 his
1934 3021 2125 3061 principium
2144 3027 2252 3051 motus
2269 3026 2324 3058 est,
2340 3026 2506 3059 propterea

1501 3067 1590 3108 quod
1607 3066 1780 3097 contrariae
1799 3071 1873 3096 sunt
1885 3065 2028 3096 lationes.
2049 3065 2155 3102 Quare
2169 3064 2281 3095 accidit
2296 3073 2355 3094 nos
2374 3064 2506 3104 quidem

1501 3122 1568 3142 esse
1592 3111 1679 3151 apud
1701 3110 1905 3151 principium⁷
1929 3109 2002 3139 illos
2025 3116 2133 3139 autem
2156 3108 2241 3148 apud
2265 3107 2372 3138 finem.

1436 3200 1483 3231 De
1502 3199 1551 3230 his
1575 3199 1707 3240 quidem
1722 3198 1818 3239 igitur
1841 3207 1922 3238 quae
1946 3197 2123 3227 secundum
2142 3196 2350 3227 distensiones
2365 3196 2506 3237 partibus

1502 3250 1533 3274 et
1556 3243 1734 3274 secundum
1757 3243 1866 3272 locum
1890 3241 2114 3279 determinatis,
2139 3247 2225 3272 tanta
2249 3241 2332 3271 dicta
2350 3241 2422 3271 sint.

1435 3346 1569 3368 movetur
1597 3339 1722 3374 caelum,
1751 3347 1788 3366 an
1810 3337 1970 3366 substantia
1998 3337 2152 3373 spiritualis
2176 3346 2194 3365 a
2215 3347 2274 3374 qua
2301 3343 2449 3373 movetur,
2471 3337 2507 3365 sit

1434 3379 1551 3416 corpori
1580 3378 1750 3413 coniuncta,
1772 3377 1818 3405 vel
1839 3377 1876 3405 sit
1896 3377 1932 3405 ab
1954 3386 1990 3405 eo
2012 3381 2153 3413 separata.
2176 3394 2195 3398 —
2216 3377 2340 3405 Animae
2360 3378 2506 3406 humanae

1435 3425 1578 3456 quantum
1593 3419 1630 3446 ad
1651 3427 1714 3446 esse
1728 3426 1814 3445 suum
1835 3417 1975 3452 naturale,
1991 3417 2094 3445 melius
2108 3423 2151 3445 est
2165 3426 2227 3445 esse
2241 3417 2272 3445 in
2290 3426 2422 3453 corpore,
2438 3417 2507 3454 quia

1434 3468 1486 3495 per
1504 3459 1562 3486 hoc
1576 3457 1764 3494 consequitur
1777 3457 1936 3493 perfectum
1957 3466 2020 3485 esse
2042 3456 2164 3493 speciei3
2185 3456 2251 3485 licet
2271 3466 2332 3485 non
2354 3457 2390 3485 sit
2403 3457 2507 3486 melius

1436 3505 1578 3535 quantum
1600 3498 1638 3525 ad
1658 3497 1715 3525 hoc
1736 3497 1818 3534 quod
1838 3503 1936 3525 movet
1958 3506 2063 3533 corpus
2085 3506 2151 3525 cum
2173 3496 2281 3525 labore.
2303 3497 2388 3525 Unde
2409 3497 2433 3525 si
2454 3497 2506 3525 ali-

1436 3538 1516 3567 cuius
1530 3536 1707 3565 substantiae
1728 3536 1882 3574 spiritualis
1897 3536 1987 3565 virtus
2008 3537 2044 3565 sit
2065 3536 2255 3565 determinata
2276 3537 2314 3565 ad
2328 3537 2506 3565 movendum

1436 3578 1548 3606 caelum
1570 3577 1631 3605 sine
1653 3577 1761 3612 labore,
1783 3576 1909 3605 nobilius
1931 3583 1974 3605 est
1993 3576 2035 3604 illi
2057 3576 2233 3605 substantiae
2248 3586 2310 3605 esse
2328 3577 2357 3605 in
2372 3576 2420 3605 tali
2442 3586 2505 3604 cor-

1435 3627 1507 3654 pore
1530 3626 1618 3654 quam
1634 3626 1696 3645 esse
1711 3623 1887 3654 separatam:
1910 3616 1978 3654 quia
1998 3617 2151 3654 perfectior
2169 3623 2211 3645 est
2231 3616 2307 3646 aetio
2328 3626 2380 3653 per
2400 3616 2505 3644 instru-

2298 3682 2327 3706 17

2523 858 2669 912 freslptq.¹;ap.
2682 863 2706 878 11.

2530 1702 2537 1710 ”
2552 1700 2619 1722 Text.
2635 1706 2666 1726 ¹4·

2530 2231 2539 2241 ⁸
2554 2229 2622 2251 Text.
2638 2235 2668 2257 ¹5·

2531 2539 2542 2549 ⁴
2556 2537 2624 2559 Text.
2639 2537 2671 2558 16.
