2782 4134
0 368 64 391 Num.
79 372 100 395 5.

0 527 66 550 Num.
81 531 131 554 seq.

1100 228 1211 264 CAP.
1242 229 1274 275 1,
1304 228 1456 265 LECT.
1487 229 1501 264 1

208 304 317 353 ponit
345 304 545 354 opiniones
565 305 726 341 aliorum
756 304 803 341 de
822 305 934 350 mari;
964 307 1134 343 secundo
1155 306 1274 355 inqui-

209 357 256 395 rit
273 354 486 405 veritatem,
511 357 581 394 ibi:
606 358 716 399 Quod
728 358 877 405 quidem
892 358 1009 407 igitur
1020 360 1184 407 fontes*
1204 368 1272 396 etc.

210 411 322 447 Circa
349 411 519 459 primum
549 410 626 447 duo
655 410 758 447 facit:
787 410 913 458 primo
942 412 1051 459 ponit
1074 412 1274 460 opiniones

209 464 456 512 antiquorum
484 463 792 510 Theologorum;
822 464 991 500 secundo
1017 465 1272 512 Naturalium,

209 517 277 554 ibi:
312 517 386 559 Qui
410 522 537 553 autem
564 517 808 564 sapientiores
826 516 847 538 ‘¹‘
876 524 944 553 etc.

263 570 374 607 Circa
393 569 562 618 primum
582 568 782 606 sciendum
798 576 854 605 est
868 569 974 616 quod
994 577 1080 606 ante
1100 577 1275 618 tempora

207 623 540 671 philosophorum,
570 622 721 658 fuerunt
745 622 901 670 quidam
921 622 986 669 qui
1004 623 1243 660 vocabantur
1262 628 1275 649 ⁷

207 684 345 725 poetae
365 674 566 723 Theologi,
588 675 683 712 sicut
703 675 898 723 Orpheus,
929 674 1120 712 Hesiodus
1141 683 1177 712 et
1197 677 1277 712 Ho-

208 741 358 766 merus:
388 728 477 778 quia
505 729 576 764 sub
605 735 826 775 tegumento
857 728 1097 776 quarundam
1132 729 1275 765 fabula-

208 795 307 830 rum,
334 782 461 819 divina
489 781 711 818 hominibus
738 781 985 818 tradiderunt.
1016 782 1074 818 De
1103 781 1160 818 his
1185 794 1274 829 ergo

209 835 298 873 dicit
324 835 430 884 quod
457 841 669 883 posuerunt
703 834 808 882 quod
839 846 946 871 mare
980 835 1120 871 habeat
1152 835 1275 872 fontes

206 888 385 937 proprios
413 900 459 924 ex
487 887 626 935 quibus
661 895 847 924 causatur.
887 888 936 924 Et
963 888 1039 924 hoc
1065 896 1278 936 posuerunt

147 974 152 980 .
205 949 248 978 ut
274 940 395 978 terrae
425 948 462 978 et
489 941 586 978 mari
613 952 693 977 non
720 948 908 989 ponerent
935 948 1114 978 extranea
1140 941 1276 990 princi-

158 1019 165 1026 ·
205 994 269 1044 pia
297 994 366 1032 sed
393 994 570 1043 propria:
598 1001 831 1042 putaverunt
858 993 962 1030 enim
990 993 1011 1016 ’¹‘
1038 995 1144 1043 quod
1178 1002 1276 1032 terra

207 1054 244 1084 et
261 1059 362 1097 aqua
380 1047 453 1084 sint
472 1047 801 1094 reverendissima,
829 1047 938 1095 quasi
956 1047 1052 1083 haec
1071 1047 1118 1083 sit
1136 1060 1276 1096 magna

205 1113 295 1150 pars
322 1100 436 1138 totius
471 1100 661 1146 universi;
692 1107 728 1136 et
756 1100 933 1137 dicebant
966 1107 1088 1137 totum
1126 1102 1274 1137 caelum

205 1165 290 1191 esse
306 1161 466 1203 propter
482 1161 623 1190 terram
640 1161 676 1190 et
690 1165 842 1202 aquam,
861 1161 897 1190 et
916 1153 1004 1190 ideo
1021 1153 1246 1190 circumdari
1261 1151 1275 1176 ὅ

204 1203 346 1244 teriam
376 1214 412 1243 et
440 1219 582 1255 aquam
611 1207 659 1243 ab
687 1206 769 1243 aliis
798 1206 1023 1255 corporibus
1052 1213 1088 1242 et
1106 1207 1183 1242 ab
1174 1219 1272 1255 ipso,

205 1271 250 1297 ac
277 1260 308 1296 si
336 1260 432 1297 haec
459 1272 547 1308 pars
577 1267 693 1296 esset
701 1259 1011 1306 honoratissima,
1042 1267 1078 1296 et
1103 1259 1273 1308 primum

203 1313 435 1363 principium
463 1313 559 1349 inter
586 1312 715 1349 omnia
743 1324 906 1361 corpora
933 1312 1080 1349 mundi.

256 1378 295 1414 4.
307 1366 563 1403 Deinde-cum
579 1365 683 1403 dicit:
709 1366 783 1407 Qui
794 1371 920 1402 autem
934 1365 1178 1413 sapientiores
1189 1373 1271 1412 etc.,

202 1419 313 1468 ponit
348 1419 549 1468 opiniones
585 1418 904 1468 philosophorum
948 1418 1190 1456 Naturalium
1225 1420 1272 1456 de

150 1499 158 1506 -
203 1472 322 1510 mari.¹
334 1473 384 1510 Et
401 1472 510 1521 ponit
527 1479 602 1509 tres
615 1471 636 1493 '¹‘
650 1471 861 1520 opiniones.
883 1471 1059 1517 Quarum
1074 1472 1198 1521 prima
1218 1481 1274 1510 est

204 1525 254 1563 de
281 1525 525 1585 generatione
554 1524 681 1561 maris.
702 1525 752 1561 Et
780 1524 870 1561 dicit
896 1525 1002 1584 quod
1030 1525 1080 1561 illi
1108 1526 1174 1586 qui
1193 1526 1272 1562 fue-

203 1586 292 1616 runt
318 1578 565 1628 sapientiores
602 1578 803 1637 praedictis
839 1577 962 1627 poetis
992 1579 1176 1626 sapientia
1204 1580 1271 1616 hu-

202 1643 320 1669 mana
349 1632 470 1680 (quod
498 1630 587 1668 dicit
610 1630 700 1680 quia
718 1630 778 1668 isti
797 1632 1000 1679 Naturales
1028 1644 1108 1669 non
1135 1639 1269 1669 tracta-

202 1692 342 1723 verunt
360 1684 408 1722 de
428 1684 577 1731 divinis,
599 1691 640 1721 ut
658 1684 719 1731 illi,
741 1685 808 1722 sed
833 1684 880 1721 de
900 1684 1151 1732 naturalibus3
1173 1698 1270 1734 quae

200 1745 260 1776 est
278 1738 461 1787 sapientia
479 1738 634 1786 proprie
653 1714 835 1784 huinana,
856 1737 952 1775 idest
976 1739 1183 1775 conformis
1202 1740 1272 1776 hu-

202 1803 320 1829 mano
339 1791 574 1837 intellectui):
596 1790 654 1828 isti
669 1802 757 1838 ergo
774 1790 948 1828 dixerunt
967 1792 1073 1840 quod
1087 1804 1192 1829 mare
1206 1794 1272 1829 ha-

200 1845 268 1882 bet
279 1844 567 1893 generationem
578 1850 600 1881 ⁸.
618 1844 718 1891 Quia
734 1857 756 1881 a
770 1844 955 1893 principio
971 1853 1072 1882 totus
1087 1845 1192 1882 locus
1207 1846 1272 1895 qui

202 1906 259 1936 est
278 1898 376 1935 circa
398 1905 550 1945 terram,
567 1905 646 1934 erat
663 1897 845 1934 humidus
871 1906 907 1935 et
925 1899 1061 1947 plenus
1076 1911 1187 1948 aqua,
1204 1899 1272 1936 sed

203 1959 260 1989 est
288 1951 498 1989 desiccatus
518 1963 540 1988 a
568 1951 648 1987 sole
676 1963 746 1999 per
771 1952 1085 2000 evaporationem
1105 1952 1271 1999 humidi;

201 2011 240 2042 et
266 2004 359 2042 illud
386 2004 544 2054 quidem
568 2004 675 2052 quod
695 2004 930 2053 evaporavit,
951 2005 1162 2042 secundum
1191 2018 1270 2052 eos,

202 2058 372 2095 causavit
391 2070 521 2095 aerem
542 2065 579 2094 et
597 2065 734 2094 ventos
754 2060 807 2104 (et
821 2070 866 2094 ex
881 2059 956 2095 hoc
976 2058 1106 2095 dicunt
1125 2060 1271 2096 causari

200 2118 352 2149 motum
372 2111 462 2148 solis
481 2110 495 2137 ζ
524 2118 560 2147 et
579 2111 692 2147 lunae
712 2118 748 2147 et
767 2111 991 2158 stellarum);
1022 2111 1112 2148 illud
1141 2120 1269 2149 autem

201 2164 308 2213 quod
327 2172 383 2201 est
402 2163 572 2200 relictum
601 2164 776 2201 nondum
802 2164 1044 2211 exsiccatum,
1066 2172 1122 2202 est
1149 2178 1267 2202 mare.

200 2218 312 2256 Unde
341 2224 475 2266 putant
502 2217 607 2266 quod
634 2229 705 2266 per
724 2217 946 2254 continuam
976 2218 1268 2255 exsiccationem

197 2282 355 2319 semper
391 2270 623 2317 minoretur,
654 2278 691 2306 et
717 2270 873 2307 tandem
912 2270 1117 2319 aliquando
1146 2279 1268 2308 totum

200 2323 461 2370 exsiccabitur,
487 2331 524 2360 et
551 2336 656 2360 mare
685 2323 763 2360 iam
791 2336 870 2360 non
900 2324 978 2360 erit.
1009 2325 1115 2361 Haec
1135 2324 1270 2361 dicitur

199 2377 314 2414 fuisse
343 2377 473 2426 opinio
502 2378 752 2425 Anaxagorae
782 2384 818 2413 et
845 2377 1039 2425 Diogenis.

254 2430 433 2467 Secunda
452 2430 584 2479 opinio
611 2438 667 2467 est
696 2430 743 2467 de
769 2430 956 2467 salsedine
976 2430 1102 2468 maris.
1125 2431 1267 2479 Empe-

199 2483 329 2522 docles
358 2483 461 2520 enim
490 2483 579 2520 dixit
597 2489 612 2506 ’¹
640 2484 746 2532 quod
774 2491 884 2531 terra,
916 2484 1095 2520 calefacta
1123 2496 1144 2520 a
1173 2485 1265 2531 sole,

199 2537 334 2574 emittit
370 2537 566 2585 quendam
601 2537 801 2584 sudorem,
837 2549 953 2585 quem
989 2537 1147 2574 credidit
1185 2549 1266 2574 esse

195 2602 340 2639 aquam
361 2590 487 2627 maris.
519 2591 568 2637 Et
594 2598 798 2640 propterea
826 2590 915 2627 dicit
943 2590 1047 2639 quod
1076 2603 1182 2627 mare
1212 2598 1268 2628 est

198 2643 362 2690 salsum,
397 2643 486 2692 quia
524 2643 638 2681 etiam
670 2644 789 2681 sudor
825 2643 1049 2681 animalium
1078 2643 1268 2681 invenitur

198 2697 331 2734 salsus.

251 2749 382 2786 Tertia
410 2748 542 2798 opinio
563 2756 618 2786 est
637 2751 887 2797 Anaxagorae
908 2749 1022 2786 etiarn
1041 2749 1062 2770 ’¹‘
1082 2749 1130 2786 de
1150 2751 1263 2787 salse-

198 2802 287 2840 dine
306 2802 434 2839 maris.
466 2802 543 2849 Qui
564 2802 654 2839 dixit
673 2803 779 2852 quod
798 2809 895 2839 terra
914 2814 984 2851 per
997 2815 1115 2851 quam
1135 2803 1266 2840 transit

150 2877 157 2884 -
195 2853 309 2904 aqua,
329 2856 392 2893 vel
417 2868 516 2903 quae
534 2855 555 2877 ²¹⁸
574 2856 805 2893 admiscetur
823 2868 958 2903 aquae,
981 2863 1037 2892 est
1056 2868 1170 2893 causa
1194 2857 1265 2893 sal-

196 2909 336 2946 sedinis
373 2909 510 2946 maris:
544 2909 640 2946 sicut
677 2909 780 2946 enim
816 2908 909 2945 illud
946 2909 1051 2958 quod
1080 2907 1093 2929 ⁰
1122 2910 1267 2946 colatur

247 3082 275 3118 γ)
295 3083 469 3108 vocabantur.
481 3096 501 3101 -
512 3083 670 3108 dicebant-ur
688 3084 742 3108 AB.
754 3097 774 3102 —-
789 3084 869 3108 iidem
889 3092 936 3116 pro
955 3084 1018 3116 quia
1037 3085 1085 3109 sub
1104 3087 1265 3118 tegumento,

142 3111 154 3127 ‘⁵
194 3119 259 3151 quia
271 3119 372 3144 scilicet
383 3118 580 3151 integumento;
595 3118 627 3143 cf.
643 3119 790 3143 Comment.
805 3120 831 3143 in
846 3120 879 3144 de
895 3120 974 3144 Caelo
989 3120 1028 3151 111,
1043 3121 1102 3144 lect.
1112 3127 1139 3147 11
1159 3128 1184 3144 n.
1195 3127 1220 3151 4.

247 3153 273 3188 ὃ)
293 3154 464 3179 circumdari.
482 3167 502 3172 -
519 3154 647 3179 circulari
665 3154 710 3182 Pa,
731 3154 763 3179 cf.
777 3158 837 3179 text.
855 3168 875 3173 -·
892 3155 972 3179 Linea
990 3156 1109 3187 sequenti
1128 3160 1189 3188 post
1206 3162 1265 3180 cor-

190 3190 304 3226 poribus
322 3190 366 3213 AB
385 3197 439 3214 om.
456 3192 483 3214 et
500 3189 533 3214 ab
553 3189 617 3221 ipso,
638 3190 735 3214 scilicet
756 3191 842 3226 caelo,
861 3191 932 3222 quod
951 3198 1004 3214 non
1022 3191 1124 3215 viderur
1142 3198 1201 3215 esse
1219 3198 1264 3215 ne-

195 3225 346 3249 cessarium.

247 3259 270 3293 ε)
290 3260 423 3291 sapientia
442 3259 592 3284 humana...
615 3266 698 3292 genet
698 3260 825 3285 ationem
842 3274 861 3279 —
879 3264 906 3285 et
923 3260 1056 3292 sapientia
1080 3260 1198 3285 humana
1223 3260 1264 3284 di-

194 3298 298 3320 xerunt
315 3295 387 3327 quod
406 3302 480 3319 mare
499 3298 525 3319 et
543 3294 623 3319 arida
651 3295 749 3319 habent
775 3295 975 3328 generationem
994 3296 1047 3320 AB.
1065 3309 1084 3314 -
1102 3296 1153 3320 Pro
1167 3295 1264 3327 plenus

193 3337 265 3363 aqua
283 3330 331 3355 sed
349 3333 389 3354 est
407 3330 562 3359 desiccatus,
571 3330 668 3361 plenus
686 3337 756 3362 aqua
777 3330 873 3364 (aquae
887 3330 918 3364 P)
938 3331 985 3355 sed
1003 3330 1150 3355 desiccatus
1169 3331 1215 3355 Pa.

247 3364 273 3399 ζ)
293 3368 320 3389 et
338 3372 375 3390 ex
393 3365 476 3390 hoc..
495 3365 567 3389 solis.
585 3379 604 3383 —
622 3365 669 3389 Est
688 3365 763 3389 lectio
781 3366 864 3395 codd.r
884 3366 928 3398 qui
947 3370 1034 3390 tamen
1053 3366 1174 3390 omittunt
1192 3368 1219 3390 et
1238 3366 1262 3389 in

194 3400 334 3433 principi03
353 3403 380 3424 et
397 3400 446 3425 hoc
465 3400 558 3425 dicunt
575 3400 684 3425 causari
701 3408 739 3425 ex
758 3404 831 3425 motu
844 3401 908 3426 solis
923 3401 960 3425 Pa
966 3409 975 3430 ,·
994 3400 1025 3425 cf.
1041 3405 1147 3430 textum,
1161 3406 1186 3425 et
1202 3402 1263 3425 lect.

195 3441 350 3468 sequentem
370 3443 396 3460 n.
412 3434 425 3459 5
442 3440 468 3459 et
482 3434 507 3459 6.
519 3449 538 3454 —
552 3435 642 3459 Statim
655 3436 700 3459 AB
718 3443 772 3460 om.
787 3439 885 3465 autem,
900 3441 925 3460 et
939 3441 998 3460 ante
1017 3436 1134 3460 nondum
1154 3436 1213 3460 add.
1227 3439 1262 3460 et.

248 3470 275 3504 η)
297 3470 389 3495 maris.
405 3470 576 3502 Empedocles
590 3470 660 3495 enim
674 3470 756 3495 dixit.
769 3484 788 3489 —
802 3471 885 3496 maris
899 3470 1075 3502 Empedoclis.
1091 3470 1174 3495 Dixit
1191 3471 1261 3495 enim

193 3507 247 3531 ΑΒ.
260 3520 278 3525 -
290 3506 369 3530 lidem
389 3514 436 3538 pro
455 3513 531 3538 quem
545 3506 662 3530 credidit
673 3513 729 3530 esse
742 3513 852 3538 aquam,
873 3514 951 3538 quam
971 3513 1040 3534 esse:
1059 3511 1084 3530 et
1102 3514 1149 3538 pro
1163 3506 1225 3538 quia
1235 3523 1260 3530 ...

193 3542 287 3570 salsus,
302 3541 365 3573 quia
378 3545 404 3566 et
420 3541 504 3566 sudor
521 3541 678 3566 animalium
699 3540 856 3573 (aliquando
870 3541 902 3575 B)
917 3541 1003 3566 salsus
1017 3541 1165 3570 invenitur;
1184 3542 1260 3566 etiam

192 3577 232 3602 Pa
251 3577 346 3602 habent
363 3577 510 3609 aliquando
529 3577 586 3601 loco
605 3577 771 3601 animalium.

2317 232 2391 279 387

1330 319 1400 355 per
1428 306 1615 353 cinerem,
1645 307 1688 343 fit
1716 308 1875 354 salsum,
1905 308 1958 344 sic
1987 316 2023 345 et
2050 321 2150 356 aqua
2183 310 2297 347 maris
2325 323 2394 359 per

1330 360 1603 397 admixtionem
1629 367 1750 396 terrae
1779 361 1821 397 fit
1850 361 1958 398 salsa.

1388 414 1420 450 5.
1442 412 1591 450 Deinde
1620 425 1709 450 cum
1730 413 1837 450 dicit:
1873 414 1982 455 Quod
1999 414 2147 462 quidem
2168 416 2284 464 igitur
2297 417 2392 464 fon-

1330 472 1382 502 tes
1402 473 1471 503 etc.
1476 466 1658 525 ,inquirit
1681 466 1880 503 veritatem
1900 467 1998 503 circa
2017 468 2227 540 praedictas
2247 469 2392 517 opinio-

1331 531 1416 556 nes:
1447 527 1483 555 et
1500 519 1625 568 primo
1655 519 1754 556 circa
1777 519 2026 579 opinionem
2044 528 2245 569 poetarum
2264 522 2412 558 Theo--

1331 572 1591 619 logizantium;
1613 572 1783 609 secundo
1809 573 1907 610 circa
1927 573 2127 622 opiniones
2145 574 2392 634 philosopho-

1331 637 1416 660 rum
1433 626 1685 672 Naturalium,
1707 626 1776 662 ibi:
1791 627 1852 662 De
1864 627 2109 676 generatione
2127 633 2252 663 autem
2268 628 2391 675 ipsius,

1329 689 1360 712 sz
1357 677 1521 725 'factum
1541 678 1627 714 est*
1647 686 1716 716 etc.
1739 679 1847 715 Circa
1860 679 2029 728 primum
2050 680 2127 716 duo
2143 680 2246 717 facit:
2267 681 2391 729 primo

1331 730 1495 766 ostendit
1522 731 1627 778 quod
1656 744 1762 768 mare
1790 744 1869 769 non
1897 734 2012 770 habet
2039 733 2172 781 fontes,
2193 741 2235 770 ut
2262 734 2310 770 illi
2341 734 2392 770 di-

1330 791 1480 829 xerunt;
1502 785 1670 821 secundo
1699 793 1873 822 removet
1891 786 2089 835 quoddam
2111 787 2215 835 quod
2243 786 2393 824 videtur

1331 848 1423 872 suae
1453 836 1588 872 rationi
1618 838 1860 885 contrarium,
1882 839 1950 875 ibi:
1971 839 2110 876 Fluens
2132 845 2257 877 autem
2286 853 2394 877 mare

1330 890 1477 926 videtur
1494 889 1515 911 ²¹²
1534 897 1603 925 etc.

1385 943 1497 979 Circa
1529 941 1698 990 primum
1731 943 1839 991 ponit
1876 944 1971 980 duas
2004 945 2180 983 rationes.
2218 946 2392 992 Quarum

1329 995 1454 1044 prima
1482 1003 1558 1041 est,
1588 995 1695 1043 quod
1723 1008 1907 1044 aquarum
1943 1010 2040 1045 quae
2075 1006 2163 1035 sunt
2195 999 2293 1035 circa
2320 1006 2392 1035 ter-

1331 1061 1424 1096 ram,
1453 1048 1645 1097 quaedam
1666 1057 1752 1085 sunt
1780 1049 1976 1097 fluxibiles,
2004 1052 2194 1099 quaedam
2214 1052 2391 1089 stationa-

1331 1102 1419 1138 riae.
1449 1103 1508 1138 De
1536 1102 1595 1138 his
1625 1114 1722 1150 quae
1756 1102 1897 1149 fluunt,
1932 1104 2174 1142 manifestum
2205 1113 2259 1151 est
2288 1105 2393 1154 quod

1330 1167 1466 1191 omnes
1489 1155 1707 1191 derivantur
1727 1167 1772 1191 ex
1791 1155 1969 1193 fontibus.
1992 1158 2109 1203 Quod
2137 1170 2216 1194 non
2244 1165 2393 1207 oportet

1329 1208 1382 1244 sic
1410 1208 1614 1255 intelligere
1633 1214 1658 1254 κ,
1684 1208 1788 1256 quod
1816 1209 1978 1246 fontium
2007 1210 2053 1247 sit
2080 1210 2234 1258 aliquod
2256 1211 2392 1260 princi-

1327 1261 1436 1309 pium
1465 1261 1572 1310 quasi
1600 1273 1669 1298 vas
1707 1261 1903 1299 continens
1941 1263 2219 1301 multitudinem
2247 1277 2390 1314 aquae,

1329 1326 1374 1350 ex
1393 1326 1472 1362 quo
1491 1314 1651 1351 flumina
1667 1314 1901 1352 deriventur:
1922 1316 1989 1352 sed
2009 1324 2158 1365 oportet
2176 1317 2390 1365 intelligere,

1327 1375 1369 1404 ut
1395 1367 1499 1416 prius
1518 1367 1538 1389 ²¹⁶
1558 1367 1700 1404 dictum
1722 1375 1787 1415 est,
1809 1369 1914 1417 quod
1934 1381 1979 1405 ex
1998 1370 2123 1406 multis
2151 1370 2331 1419 partibus,
2352 1371 2390 1407 in

1327 1420 1466 1468 quibus
1493 1420 1677 1469 paulatim
1697 1420 1717 1442 ²¹⁸
1735 1429 1946 1468 generatur,
1967 1435 2069 1470 aqua
2087 1423 2136 1460 ad
2159 1436 2280 1460 unum
2301 1436 2390 1460 con-

1328 1474 1452 1521 currit,
1482 1481 1518 1510 et
1546 1474 1777 1511 confluendo
1805 1475 1973 1523 primum
1997 1476 2067 1512 sibi
2096 1477 2256 1513 occurrit
2283 1484 2324 1513 ut
2352 1477 2390 1513 in

1326 1534 1429 1563 tanta
1466 1526 1704 1563 multitudine
1734 1527 1790 1564 sit.
1825 1528 1902 1564 Sed
1936 1541 2122 1576 aquarum
2161 1529 2389 1566 stationaria-

1327 1592 1413 1616 rum
1438 1578 1451 1600 ²
1479 1580 1668 1628 quaedam
1697 1588 1783 1617 sunt
1816 1582 1992 1617 collectae
2023 1589 2058 1618 et
2086 1590 2312 1619 sustentatae
2341 1583 2389 1619 ab

1326 1633 1453 1682 aliquo
1482 1633 1714 1682 impediente
1742 1634 1889 1670 fluxum
1919 1647 2063 1682 earum,
2087 1636 2148 1672 vel
2176 1648 2245 1683 per
2271 1643 2389 1673 artem

1325 1687 1387 1723 vel
1415 1699 1484 1735 per
1517 1693 1714 1732 naturam3
1750 1699 1848 1734 quae
1883 1687 2057 1725 dicuntur
2092 1688 2300 1737 paludosae
2328 1690 2390 1725 vel

1326 1740 1525 1787 stagnales.
1555 1739 1745 1776 Differunt
1772 1748 1901 1777 autem
1925 1742 2020 1777 haec
2038 1741 2058 1763 ‘¹‘
2086 1741 2324 1779 multitudine
2355 1750 2391 1778 et

1326 1793 1535 1842 paucitate:
1570 1805 1660 1830 nam
1689 1793 1719 1829 si
1748 1793 1883 1830 fuerint
1915 1795 2055 1831 multae
2085 1807 2206 1843 aquae
2235 1795 2287 1831 sic
2315 1796 2390 1831 col-

1325 1848 1457 1892 lectae,
1478 1846 1654 1883 dicuntur
1671 1853 1819 1893 stagna3
1849 1847 1878 1883 si
1899 1855 2025 1884 autem
2045 1860 2203 1896 paucae,
2219 1848 2388 1896 paludes.

1328 1900 1530 1946 Quaedam
1551 1907 1678 1936 autern
1699 1912 1821 1947 aquae
1837 1900 2074 1937 stationariae
2095 1909 2181 1937 sunt
2186 1902 2389 1950 fontanae,

1326 1953 1424 1990 idest
1442 1952 1480 1989 in
1501 1952 1585 2001 ipso
1605 1965 1675 1989 suo
1705 1953 1807 1989 fonte
1836 1961 1954 1990 stant:
1985 1962 2020 1991 et
2039 1966 2174 1990 omnes
2193 1955 2284 1991 istae
2304 1963 2391 1991 sunt

1327 2006 1567 2042 manufactae
1585 2012 1616 2051 μ,
1646 2005 1741 2042 sicut
1768 2006 1852 2042 illae
1881 2019 1978 2055 quae
2008 2007 2183 2044 dicuntur
2208 2009 2387 2056 puteales.

1327 2059 1516 2096 Omnium
1554 2059 1657 2095 enim
1691 2060 1828 2096 harum
1867 2072 2051 2108 aquarum
2089 2061 2141 2097 sic
2175 2073 2243 2109 per
2271 2069 2389 2097 artem

1325 2113 1517 2158 stantium,
1539 2120 1690 2160 oportet
1717 2125 1799 2148 esse
1828 2113 1994 2161 aliquem
2023 2114 2179 2160 fontem,
2199 2114 2264 2162 qui
2293 2122 2391 2151 esset

1324 2165 1553 2214 principium
1582 2165 1727 2211 fluxus,
1766 2165 1837 2202 nisi
1869 2166 2116 2215 impediretur
2151 2179 2221 2215 per
2256 2175 2388 2204 artem.

1325 2219 1437 2255 Unde
1463 2225 1568 2266 patet
1587 2218 1691 2266 quod
1712 2230 1847 2255 omnes
1876 2232 1998 2267 aquae
2022 2220 2180 2257 fontales
2201 2227 2237 2256 et
2255 2220 2389 2257 fluvia-

1323 2272 1378 2308 les
1396 2271 1416 2292 *
1443 2279 1579 2319 sponte
1607 2271 1731 2308 fluunt
1758 2273 1969 2309 secundum
1998 2272 2186 2321 impetum
2218 2280 2387 2321 naturae,

1322 2325 1385 2361 vel
1404 2324 1572 2372 indigent
1590 2324 1810 2372 operatione
1839 2325 1926 2362 artis
1955 2326 2004 2362 ad
2022 2327 2097 2363 hoc
2115 2326 2135 2348 ’¹‘
2155 2327 2259 2375 quod
2278 2334 2386 2363 stent.

1377 2377 1528 2424 Quibus
1544 2377 1812 2425 determinatis,
1828 2386 1931 2426 patet
1945 2379 2051 2426 quod
2066 2392 2166 2427 aqua
2180 2380 2294 2416 maris
2310 2392 2388 2417 non

1324 2438 1379 2467 est
1407 2430 1455 2467 de
1476 2430 1655 2477 fontibus,
1677 2431 1765 2479 quia
1784 2431 1822 2468 in
1846 2433 1948 2468 nullo
1971 2433 2136 2469 duorum
2165 2433 2351 2470 dictorum
2367 2433 2387 2454 '¹‘

1323 2496 1507 2532 generum
1537 2484 1766 2521 continetur:
1797 2485 1885 2533 quia
1913 2497 1983 2522 nec
2011 2486 2114 2533 fluit,
2143 2494 2184 2526 ut
2211 2486 2385 2534 fluvialis,

1323 2550 1395 2573 nec
1422 2545 1548 2586 potest
1576 2537 1648 2574 dici
1677 2538 1782 2586 quod
1811 2538 1856 2574 sit
1876 2539 2092 2575 manufacta
2104 2539 2135 2586 *,
2156 2547 2198 2576 ut
2215 2539 2385 2588 putealis.

1323 2591 1472 2627 Omnes
1500 2598 1628 2627 autem
1658 2603 1781 2639 aquae
1815 2604 1913 2640 quae
1943 2599 2029 2628 sunt
2052 2605 2098 2629 ex
2126 2593 2304 2639 fontibus,
2325 2594 2387 2629 vel

1321 2644 1456 2691 fluunt,
1477 2644 1539 2680 vel
1559 2651 1658 2680 stant
1684 2657 1754 2693 per
1772 2653 1911 2681 artem:
1942 2645 2013 2681 nisi
2032 2646 2127 2682 forte
2148 2646 2294 2695 aliquae
2315 2646 2387 2683 sint

1320 2709 1464 2745 parvae
1494 2709 1616 2746 aquae
1646 2709 1745 2745 quae
1775 2706 1909 2746 sponte
1934 2706 2032 2735 stent
2059 2711 2137 2743 non
2166 2712 2234 2748 per
2253 2708 2384 2746 artem,

1321 2750 1416 2786 sicut
1445 2750 1626 2798 contingit
1655 2763 1743 2788 cum
1773 2764 1871 2799 aqua
1899 2752 2022 2788 fluens
2048 2752 2191 2789 invenit
2219 2752 2383 2801 aliquam

1322 2803 1600 2840 concavitatem
1639 2811 1703 2840 aut
1731 2804 1885 2853 aliquod
1915 2805 2166 2842 obstaculum.
2204 2806 2281 2842 Sed
2309 2807 2383 2842 hoc

1320 2869 1399 2893 non
1427 2865 1553 2905 potest
1581 2869 1663 2893 esse
1691 2857 1729 2894 in
1750 2870 1889 2905 magna
1917 2858 2142 2906 quantitate:
2173 2858 2260 2905 quia
2290 2858 2382 2895 dum

1320 2910 1588 2958 multiplicatur
1607 2922 1706 2959 aqua
1734 2911 1857 2947 fluens
1877 2910 1907 2957 *,
1929 2919 2077 2958 oportet
2106 2912 2208 2959 quod
2232 2912 2293 2947 vel
2322 2924 2382 2948 su-

1372 3083 1396 3118 θ)
1417 3085 1484 3109 illud
1498 3085 1610 3118 quod.—
1591 3084 1732 3125 —aliquod
1745 3084 1817 3116 quod
1835 3085 1881 3108 Pa.
1899 3098 1918 3103 —
1936 3085 1986 3109 Pro
2004 3085 2043 3110 sic
2061 3089 2111 3110 et..
2114 3086 2214 3116 .,salsa
2230 3087 2274 3111 ΑΒ
2294 3088 2381 3120 legunt

1319 3120 1357 3144 ita
1375 3123 1402 3144 et
1420 3120 1504 3144 maris
1524 3119 1557 3153 (A
1573 3120 1675 3151 corrigit
1694 3120 1719 3143 in
1738 3119 1823 3153 mare)
1839 3127 1890 3152 per
1908 3120 2103 3145 admixtionem
2123 3125 2212 3146 terrae
2222 3122 2260 3154 fit
2271 3123 2379 3148 salsum.

1372 3155 1390 3189 ι)
1411 3158 1437 3179 et
1451 3155 1542 3186 primo
1560 3155 1634 3179 circa
1652 3155 1810 3186 opinionem.
1829 3168 1848 3173 -
1866 3155 1922 3179 Hoc
1941 3155 2136 3180 homoteleuton
2155 3165 2208 3181 orn.
2221 3158 2274 3182 AB.
2292 3171 2311 3177 ·—
2329 3159 2380 3183 Pro

1321 3189 1573 3223 Theologizantium
1596 3190 1839 3222 Tneologicantium
1858 3191 1905 3215 Pa.

1370 3224 1396 3259 κ)
1416 3226 1520 3257 quod..
1535 3225 1690 3257 intelligere.
1704 3239 1723 3243 -
1742 3228 1768 3249 et
1787 3225 1859 3257 quod
1878 3233 1929 3250 non
1949 3229 2054 3257 oportet
2072 3227 2219 3260 intelligere
2232 3228 2278 3252 Pa.
2292 3242 2311 3247 -
2329 3229 2379 3253 Pro

1308 3261 1438 3293 sontium,
1444 3262 1504 3293 scm
1519 3260 1635 3293 (sons?)
1650 3261 1708 3290 AB3
1722 3260 1753 3284 cf.
1764 3266 1860 3284 textum
1878 3259 1914 3293 (in
1924 3269 1993 3285 vers.
2008 3262 2175 3303 profantem,
2184 3263 2305 3296 fontium
2321 3264 2378 3297 Pa).

1368 3295 1396 3328 λ)
1416 3302 1547 3327 aquarum
1566 3278 1798 3320 stationariarum.
1810 3303 1971 3328 —aquarum
1990 3297 2071 3321 statio
2088 3298 2225 3322 variarum
2241 3299 2278 3323 Pa
2293 3307 2378 3324 errore

1316 3330 1514 3363 typographico;
1536 3331 1575 3355 ed.
1595 3329 1656 3354 1561
1679 3336 1708 3355 ut
1726 3338 1783 3355 nos.
1802 3345 1819 3349 -
1838 3331 1888 3355 Pro
1909 3332 1950 3356 vel
1968 3339 2020 3363 per
2043 3336 2152 3357 artem..
2155 3334 2318 3365 ,paludosae
2338 3335 2379 3359 vel

1314 3366 1463 3398 stagnales,
1484 3366 1521 3389 Pa
1540 3366 1629 3397 legunt
1648 3367 1689 3390 vel
1702 3373 1754 3398 per
1773 3369 1910 3396 naturam,
1930 3374 1998 3398 quae
2016 3367 2143 3393 dicuntur
2155 3369 2317 3400 paludosae,
2338 3371 2379 3395 vel

1310 3408 1362 3432 per
1376 3404 1470 3429 artem,
1485 3401 1554 3425 sicut
1562 3402 1684 3432 puteales
1698 3405 1723 3426 et
1737 3402 1868 3433 quaedam
1882 3405 1995 3434 stagna5
2014 3404 2059 3427 sed
2073 3403 2238 3429 manifestum
2254 3410 2292 3429 est
2307 3406 2377 3437 quod

1315 3443 1409 3460 sensus
1429 3436 1544 3460 lectionis
1563 3437 1699 3468 adoptatae
1714 3444 1743 3461 ex
1759 3437 1842 3467 codd„
1858 3443 1883 3462 et
1895 3443 1935 3462 est
1954 3438 2035 3470 magis
2055 3439 2155 3470 planus,
2175 3445 2200 3464 et
2220 3441 2301 3471 magis
2316 3448 2376 3464 con-

1314 3471 1384 3495 venit
1403 3479 1462 3495 cum
1482 3476 1564 3501 textu3
1583 3472 1731 3504 stagnales,
1756 3472 1822 3497 idest
1840 3476 2005 3505 stagnantes,
2025 3474 2045 3497 B
2065 3475 2206 3507 corrumpit
2225 3475 2248 3499 in
2267 3479 2375 3508 stagno-

1317 3507 1365 3536 les,
1385 3507 1407 3530 Α
1427 3506 1453 3530 in
1471 3507 1650 3539 stagnolosae.

1370 3541 1398 3575 μ.)
1412 3549 1501 3566 omnes
1516 3542 1582 3566 istae
1595 3545 1657 3567 sunt
1671 3543 1881 3575 manufactae-
1862 3551 1983 3568 -omnes
1996 3544 2062 3569 tales
2076 3548 2139 3570 sunt
2153 3546 2308 3579 manifestae
2317 3547 2375 3575 ΑΒ;

1316 3577 1348 3601 cf.
1363 3582 1467 3601 textum.
1486 3591 1505 3595 -
1523 3577 1602 3602 Iidem
1622 3586 1669 3610 pro
1688 3578 1748 3603 1IIae
1767 3586 1841 3611 quae,
1861 3579 1900 3603 illi
1918 3580 1977 3611 qui,·
1996 3580 2017 3603 B
2035 3588 2087 3604 om.
2107 3581 2211 3605 harum.

2421 695 2429 703 '¹
2445 694 2509 716 Lect.
2524 701 2575 722 seq.

2420 905 2429 914 ·
2444 903 2516 925 Num.
2529 910 2551 931 7.

2418 1382 2429 1392 ⁸
2437 1382 2488 1403 Lib.
2495 1382 2513 1409 1,
2524 1383 2629 1411 leenxvi,

2419 1415 2441 1429 n.
2452 1409 2466 1430 6
2481 1415 2516 1437 sq.

2419 1443 2427 1451 '¹
2443 1442 2564 1469 paulatim.
2581 1449 2630 1464 om.

2418 1474 2456 1489 pa.
2471 1480 2480 1484 -
2495 1474 2559 1496 aqua
2581 1475 2631 1490 om.

2417 1501 2455 1516 ΑΒ.

2514 1592 2533 1619 λ

2418 1754 2429 1765 *
2436 1754 2494 1775 haec
2502 1757 2579 1776 autem
2589 1761 2630 1777 pa.

2416 2289 2425 2298 '
2437 2290 2462 2309 ut
2473 2290 2530 2313 (aut
2539 2289 2563 2314 .⁹)
2575 2289 2628 2311 add.

2415 2321 2453 2336 ΑΒ.

2416 2347 2424 2355 ·
2440 2351 2469 2366 ex
2483 2352 2511 2367 eo
2525 2352 2563 2367 AB.

2414 2447 2425 2457 ⁴*
2440 2446 2555 2468 dictorum
2578 2453 2626 2469 om.

2414 2479 2453 2494 AB.

2414 2553 2425 2563 ⁸
2439 2552 2567 2581 manifesta
2582 2559 2605 2573 Α.

2410 2926 2420 2936 “
2432 2926 2510 2953 fluens
2525 2932 2574 2948 om.
2588 2933 2613 2948 Α.
