2782 4134
1105 291 1218 328 CAP.
1248 291 1316 338 ΙΙΙ,
1347 291 1498 328 LECT.
1527 291 1598 329 VII

16 378 231 428 ff‘ffssffffi
257 375 300 405 ut
316 367 527 416 probatum
548 375 603 404 est
622 367 660 404 in
680 369 730 404 ΙΙΙ
745 369 895 416 Physic.
906 368 927 390 '¹‘
943 376 978 405 et
991 370 1028 406 in
1045 371 1058 405 I
1075 370 1120 406 de
1145 370 1257 408 Caelo
1268 369 1320 420 *²¹2

19 422 48 459 sci
100 421 106 427 '
168 421 174 427 '
259 420 350 458 nihil
376 427 432 457 est
459 427 546 457 actu
573 420 764 457 infinitum
792 421 830 457 in
858 429 1002 458 natura.

316 474 349 510 5.
372 473 590 510 Secundam
612 473 873 510 obviationem
893 474 1001 522 ponit
1021 481 1056 510 et
1076 475 1237 513 excludit
1256 476 1323 514 ibi:

257 527 441 563 Potestate
467 532 592 563 autem
621 534 691 563 etc.
721 527 856 563 Posset
892 527 995 563 enim
1032 527 1166 576 aliquis
1199 529 1325 566 dicere

260 579 376 628 quod,
397 579 575 628 quamvis
602 591 682 616 non
714 579 760 616 sit
787 579 928 628 aliquid
955 579 1145 617 infinitum
1173 589 1258 619 actu
1286 582 1324 618 in

117 651 131 677 ρ
260 640 404 679 natura,
435 640 491 669 est
508 640 636 669 tamen
656 632 800 680 aliquid
828 632 1018 669 infinitum
1047 633 1085 669 in
1104 634 1272 681 potentia
1287 641 1302 664 Ρ
1314 664 1322 679 ,

259 685 356 723 sieut
380 692 485 734 patet
517 685 557 722 in
594 685 782 725 divisione
821 682 1001 723 continui.
1040 686 1090 723 Et
1117 686 1168 722 ita
1195 694 1325 734 posset

259 737 393 786 aliquis
422 738 547 775 dicere
576 739 702 786 quod,
733 738 836 776 >sicut
863 751 886 776 a
915 738 1095 776 continuo
1108 768 1117 785 ,
1147 739 1325 787 quamvis

117 805 133 822 σ
259 803 338 827 non
366 790 412 827 sit
440 791 629 828 infinitum
650 797 664 812 ⁶
693 799 790 839 actu,
812 792 850 828 in
870 791 1060 828 infinitum
1090 791 1230 840 aliquid
1256 805 1326 840 per

260 843 487 881 divisionem
516 844 757 891 subtrahitur,
779 852 816 881 et
844 852 974 882 tamen
994 857 1072 882 non
1091 852 1215 882 toturn
1236 857 1325 882 con-

260 894 437 943 sumitur3
458 897 508 934 ita
527 909 550 934 a
569 909 730 953 corpore
754 898 915 935 naturali
944 909 989 935 ex
1009 910 1086 947 quo
1116 898 1244 935 omnia
1263 910 1325 946 ge-

260 955 464 998 nerantur,
507 950 684 998 quamvis
721 963 801 988 non
838 951 884 988 sit
923 951 1134 999 infinitum,
1173 963 1327 1000 semper

117 1018 132 1035 τ
260 1002 488 1041 abstrahitur
502 1003 642 1052 aliquid
658 1004 761 1052 quod
776 1017 845 1054 per
860 1004 1144 1053 corruptionem
1161 1004 1327 1043 secedit'

86 1070 88 1073 ’
259 1053 298 1098 ‚in
326 1067 407 1094 non
424 1069 504 1104 ens,
525 1069 725 1106 nunquam
744 1064 873 1095 tamen
897 1058 1060 1095 totaliter
1077 1058 1325 1096 consumitur.

314 1108 393 1146 Sed
421 1109 496 1147 hoc
523 1110 744 1148 excluditur.
774 1111 875 1157 Quia
904 1112 935 1148 si
954 1124 976 1148 a
997 1111 1177 1148 continuo
1206 1112 1326 1160 finito,

96 1189 106 1223 ’.
117 1179 189 1223 33⁶2.
201 1179 232 1222 (ᾖ
260 1168 303 1198 ut
329 1161 464 1199 dicitur
491 1162 530 1200 in
549 1164 599 1200 111
619 1164 769 1212 Physic.
785 1163 816 1211 ²¹⁶,
838 1176 991 1214 semper
1019 1165 1260 1202 subtrahatur
1276 1164 1318 1187 *²¹⁸

18 460 43 507 's'
59 457 117 506 effi.
131 463 231 506 ἴεέἔῗἫέ

19 516 72 539 sqq-

0 1200 79 1268 {9-
220 1213 639 1275 gjaji‘emcquanffffis,
673 1224 1027 1267 quantumcumque
1056 1217 1103 1255 sit
1129 1230 1325 1266 magnum,

20 1280 59 1304 a.
260 1265 416 1307 tandem
454 1277 700 1307 consumetur
720 1276 749 1316 ”3
778 1277 871 1319 puta
905 1271 936 1308 si
963 1283 987 1308 a
1014 1270 1200 1308 diametro
1234 1271 1327 1308 caeli

0 1294 3 1321 ἰ
260 1316 347 1369 quis
370 1334 525 1372 semper
552 1323 748 1360 subtrahat
773 1324 960 1373 palmum.
982 1324 1059 1361 Sed
1078 1324 1117 1361 in
1136 1324 1326 1361 infinitum

0 1366 5 1390 ⁸
117 1391 136 1416 φ
261 1373 485 1413 continuum
514 1375 694 1414 dividitur
719 1382 756 1424 ⁷,
786 1377 816 1414 si
845 1389 998 1426 semper
1024 1377 1091 1414 fiat
1123 1377 1326 1414 subtractio

0 1433 5 1498 ἱ
261 1428 476 1466 secundum
505 1429 668 1467 eandem
692 1430 1000 1479 proportionem;
1029 1437 1122 1480 puta
1149 1430 1180 1467 si
1209 1430 1326 1468 conti-

0 1512 6 1533 ι
261 1487 383 1519 nuum
418 1481 610 1520 dividatur
644 1495 715 1532 per
749 1483 948 1532 medium,
984 1490 1022 1521 et
1057 1483 1231 1521 medium
1257 1496 1327 1533 per

42 1579 43 1582 Ἴ
261 1533 448 1583 medium,
474 1543 512 1573 et
533 1535 587 1573 sic
613 1535 653 1573 in
679 1535 892 1583 infinitum3
923 1544 959 1574 et
982 1537 1119 1574 eadem
1147 1537 1242 1574 ratio
1271 1545 1327 1574 est

36 1584 39 1589 ’
64 1618 75 1629 .,
117 1601 136 1630 χ
262 1586 311 1629 de
338 1591 584 1637 quacumque
606 1588 679 1626 alia
702 1589 962 1638 proportione.
993 1590 1056 1627 Sic
1084 1598 1211 1627 autem
1226 1595 1243 1617 κ
1272 1590 1326 1628 di-

260 1639 409 1678 visione
437 1641 546 1688 facta,
575 1642 819 1680 manifestum
849 1650 904 1680 est
931 1643 1037 1691 quod
1057 1643 1097 1680 id
1115 1643 1225 1692 quod·
1240 1651 1328 1693 post

260 1693 432 1745 medium
468 1694 673 1745 accipitur,
707 1707 861 1745 semper
888 1696 956 1734 erit
983 1696 1110 1734 minus
1139 1709 1186 1734 eo
1221 1697 1327 1746 quod

257 1743 364 1798 prius
381 1747 654 1797 accipiebatur:
675 1761 766 1786 nam
786 1748 988 1787 dimidium
1005 1749 1152 1787 dimidii
1174 1762 1328 1799 semper

259 1798 387 1850 mitius
416 1808 472 1839 est
499 1814 617 1850 quam
637 1801 838 1840 dimidium
858 1802 982 1840 totius.
1004 1803 1116 1841 Unde
1134 1802 1155 1825 '¹‘
1182 1803 1326 1841 Aristo-

258 1853 352 1894 telos
380 1854 571 1893 concludit
598 1856 717 1903 quod,
737 1855 768 1892 si
796 1856 870 1893 hac
897 1857 1042 1893 ratione
1069 1856 1262 1904 generatio
1292 1864 1328 1894 et

113 1914 132 1950 ψ
259 1907 451 1957 corruptio
478 1907 518 1945 in
537 1908 728 1946 infinitum
749 1909 900 1946 duraret
918 1908 946 1957 Ψ,
976 1921 1053 1958 qua
1072 1909 1216 1947 ratione
1236 1922 1326 1947 con-

257 1959 407 1999 tinuum
435 1961 475 1999 in
503 1960 694 1999 infinitum
723 1962 912 2010 dividitur,
943 1962 1135 2012 oportebit
1152 1962 1259 2012 quod
1286 1963 1325 2000 id

258 2011 364 2063 quod
382 2021 516 2063 postea
534 2022 744 2063 generatur,
765 2028 919 2065 semper
937 2016 983 2053 sit
1002 2016 1130 2054 minus
1148 2016 1188 2054 in
1207 2028 1325 2065 quan-

257 2066 373 2114 titate,
387 2074 430 2104 ut
446 2066 514 2115 sic,
529 2079 684 2117 semper
697 2068 838 2106 minori
853 2069 1032 2106 existente
1049 2082 1096 2106 eo
1117 2069 1223 2118 quod
1237 2070 1326 2107 sub-

230 2130 240 2139 ·
257 2119 415 2159 trahitur
442 2133 465 2158 a
493 2131 654 2170 corpore
681 2122 862 2169 naturali,
890 2135 971 2160 non
998 2123 1161 2160 totaliter
1188 2135 1326 2160 consu-

257 2180 395 2223 φεῖ-υτ.
434 2173 522 2210 Hoc
553 2181 683 2211 autem
711 2187 791 2212 non
827 2175 1006 2213 videmus
1042 2176 1093 2212 ita
1130 2176 1324 2224 accidere,

111 2244 134 2260 ω
257 2225 364 2277 quod
396 2238 550 2276 semper
581 2227 627 2265 sit
654 2228 782 2266 minus
820 2229 926 2278 quod
957 2236 1159 2277 generatur
1176 2235 1206 2266 ⁶⁸.
1237 2230 1325 2266 Hoc

256 2277 364 2328 igitur
400 2278 506 2328 quod
545 2281 735 2329 generatio
768 2289 805 2318 et
843 2282 1034 2331 corruptio
1071 2282 1110 2319 in
1137 2282 1326 2320 infinitum

310 2437 337 2471 ρ)
351 2437 490 2470 ,infinitum
508 2441 604 2463 actu...
617 2438 750 2470 potentia.
761 2451 781 2458 -
794 2439 927 2472 infinitum
942 2439 969 2464 in
982 2442 1054 2469 actu,
1071 2442 1112 2464 est
1124 2441 1212 2464 tamen
1231 2438 1258 2463 in
1273 2445 1325 2470 po-

258 2473 343 2500 tentia
361 2473 390 2504 P,
410 2473 471 2506 quia
489 2473 504 2498 b
522 2481 576 2499 om.
595 2473 793 2499 homoteleuton
810 2477 906 2500 actu...
925 2474 1066 2508 infinitum.

311 2508 338 2541 σ)
358 2515 410 2534 non
429 2508 465 2534 sit
483 2508 627 2542 infinitum.
645 2523 664 2528 -
680 2509 717 2534 sit
727 2509 839 2542 finitum
858 2511 881 2534 A
899 2509 942 2535 hic
960 2515 986 2535 et
1008 2515 1108 2543 postea.
1125 2524 1144 2529 -
1161 2510 1213 2534 Pro
1231 2517 1249 2534 a
1266 2517 1325 2535 cor-

252 2542 330 2578 pore,
350 2543 378 2569 in
396 2542 510 2576 corpore
527 2543 612 2569 PCab.

262 2600 266 2601 .
283 2593 290 2598 ·
310 2579 339 2612 τ)
355 2578 460 2612 aliquid
478 2579 550 2612 quod
564 2586 617 2612 per
629 2580 828 2612 corruptionem
839 2580 950 2606 secedit.
963 2595 984 2600 —
995 2580 1100 2613 aliquid
1115 2580 1159 2614 (ab
1172 2588 1203 2606 eo
1217 2581 1276 2606 add.
1293 2582 1324 2613 C)

252 2622 306 2648 per
323 2615 524 2647 corruptionem
542 2615 615 2648 quod
632 2615 704 2640 cedit
721 2616 807 2640 PCab.

295 2649 337 2684 ,υ)
356 2649 465 2677 tandem
484 2654 663 2676 consumetur.
680 2665 700 2670 —
717 2651 830 2676 eandem
851 2659 1006 2677 consumere
1024 2652 1072 2677 Ca.
1089 2666 1110 2671 —
1127 2652 1179 2677 Pro
1193 2652 1325 2684 palmum,

253 2685 395 2718 paululum
415 2685 462 2715 Ca,
477 2686 598 2719 palmam
617 2686 648 2710 Α.

311 2720 340 2754 φ)
360 2720 447 2746 Sed...
457 2721 599 2747 dividitur.
616 2735 636 2741 -
655 2721 686 2746 Si
703 2725 793 2747 autem
809 2722 835 2747 in
850 2722 983 2756 infinitum
997 2723 1152 2748 continuum
1159 2723 1271 2756 finitum
1284 2723 1324 2747 di-

258 2755 361 2781 viditur
377 2756 412 2788 A?
433 2756 472 2781 Q
489 2760 520 2781 ut
538 2757 571 2787 P,
593 2757 694 2787 omisso
713 2757 749 2782 ιἠ.
766 2771 786 2776 -
805 2758 856 2782 Ρι·ο
880 2758 1043 2787 subtractio,
1068 2759 1214 2783 abstractio
1234 2758 1326 2787 PCab;

258 2791 368 2816 alterum
377 2798 430 2823 per
447 2790 564 2816 medium
582 2800 637 2818 om.
650 2793 686 2823 Α;
705 2800 753 2825 pro
771 2796 798 2818 et
815 2793 853 2818 sic
867 2794 894 2818 in
910 2794 1050 2826 infinitum,
1065 2797 1092 2818 et
1104 2794 1143 2819 sic
1157 2794 1262 2826 infinita
1278 2794 1326 2818 Ca.

311 2827 341 2863 χ)
361 2826 407 2853 Sic
423 2830 522 2852 autem.
541 2841 559 2846 -
577 2827 610 2853 Si
627 2831 717 2853 autem
731 2829 762 2858 A.
777 2828 824 2853 Sic
838 2829 885 2854 Ca.
897 2843 915 2847 —
928 2830 980 2854 Pro
993 2832 1057 2862 post
1070 2829 1195 2860 medium,
1203 2837 1257 2862 per
1270 2836 1328 2854 mo-

258 2861 322 2887 dum
340 2862 379 2893 A;
397 2869 502 2895 semper
519 2867 581 2896 post
598 2863 707 2888 dimidii
723 2871 777 2888 om.
791 2864 876 2889 PCab.

311 2895 340 2931 ψ)
360 2897 482 2923 duraret.
498 2911 518 2917 —
536 2898 669 2924 durarent
679 2899 717 2930 A3
737 2898 769 2924 cf.
781 2899 841 2924 Vol.-
854 2899 888 2931 n,
908 2899 992 2925 Praef.
1004 2907 1073 2929 xvm,
1093 2904 1119 2925 et
1134 2907 1228 2924 versus
1246 2899 1326 2925 finem

257 2932 342 2958 huius.
354 2940 428 2958 num.
447 2933 538 2958 durat.
555 2947 575 2953 —
593 2933 644 2959 Pro
662 2941 716 2967 qua
733 2934 839 2960 ratione
858 2934 906 2967 (cf.
921 2935 966 2960 lin.
985 2935 1103 2968 praeced.
1122 2935 1172 2960 hac
1195 2934 1326 2967 ratione),

257 2971 354 3030 wa
371 2969 504 2994 rationem
523 2969 562 2994 Ca
566 2978 577 3000 ,-
595 2969 646 2995 hoc
665 2970 680 2995 b
699 2970 803 3003 corrigit
820 2970 847 2995 in
865 2971 984 3001 ratione,
1008 2976 1034 2997 et
1050 2971 1121 2996 istud
1139 2971 1159 2996 P
1177 2971 1204 2995 in
1222 2971 1328 2996 ratione

311 3039 344 3072 ω)
364 3042 394 3064 ut
411 3039 457 3070 sic,
476 3047 612 3072 semper...
623 3043 780 3074 generatur.
797 3055 816 3060 -
834 3041 882 3066 Ed.
896 3049 914 3066 a
933 3041 970 3074 (et
988 3041 1019 3075 C)
1039 3041 1180 3075 corrumpit
1194 3045 1224 3067 ut
1242 3043 1280 3068 sic
1299 3042 1325 3067 in

259 3073 330 3099 unde
347 3074 379 3103 si,
393 3079 419 3099 et
429 3075 551 3100 naturali
568 3083 620 3100 non
635 3076 663 3100 in
681 3083 816 3109 nunquam
835 3079 932 3107 autem,
947 3082 973 3102 et
985 3085 1039 3102 om.
1053 3078 1113 3103 Hoc
1130 3080 1219 3102 autem
1239 3086 1326 3113 nonu...

258 3113 414 3143 generatur.
432 3110 468 3135 Pb
485 3115 568 3136 nomm
587 3111 730 3136 reformant
746 3111 796 3137 hoc
815 3113 909 3137 modo:
929 3115 959 3138 ut
976 3113 1014 3138 sic
1031 3120 1135 3145 semper
1153 3113 1252 3138 minori
1267 3114 1326 3139 exi-

405 3682 474 3714 Opp.
494 3682 524 3707 D.
540 3682 654 3707 Taomr.
673 3683 704 3707 T.
725 3683 765 3707 111.

2365 297 2439 344 289

1379 370 1488 407 durat
1506 376 1553 417 αα,
1583 383 1663 408 non
1690 378 1815 420 potest
1843 378 1925 408 esse
1954 371 2075 409 simile
2096 371 2271 410 divisioni
2298 374 2441 422 magni-

1378 423 1518 460 tudinis
1546 424 1584 460 in
1612 424 1815 461 infinitum.

1433 476 1626 513 6.Deinde
1643 489 1730 514 curn
1747 477 1852 514 dicit:
1873 478 2059 520 Quocirca
2067 484 2226 526 propter
2239 479 2347 516 huius
2359 487 2441 526 etc.,

1379 529 1538 566 exclusis
1574 530 1675 568 falsis
1712 530 1983 578 solutionibus,
2018 531 2208 568 concludit
2238 544 2372 568 veram
2400 532 2442 568 *ε

1379 581 1519 618 scilicet
1546 583 1651 631 'quod
1677 583 1765 620 ideo
1794 596 1950 620 necesse
1979 591 2036 620 est
2055 596 2136 621 esse
2165 584 2443 621 transmutatio-

1380 646 1471 670 nem
1491 635 1741 682 generationis
1771 643 1807 673 et
1839 636 2092 685 corruptionis
2120 637 2404 674 indeficientem
2423 637 2443 659 ’³‘

1378 687 1441 722 vel
1456 687 1671 734 inquietam,
1691 689 1788 726 idest
1807 701 1886 726 non
1906 697 2131 737 cessantem,
2147 690 2237 739 quia
2252 690 2442 738 corruptio

1380 738 1491 775 huius
1511 747 1567 776 est
1589 741 1780 787 generatio
1809 742 1981 790 alterius,‘
2001 750 2039 780 et
2066 755 2087 780 e
2116 755 2317 780 converSO.
2338 744 2442 779 Nam

1379 792 1573 838 generatio
1600 805 1670 840 per
1689 806 1729 830 se
1758 795 1912 842 quidem
1933 803 1989 832 est
2017 805 2062 832 ex
2082 803 2168 833 ente
2196 796 2235 833 in
2262 796 2442 845 potentia,

1379 843 1475 880 idest
1495 856 1540 879 ex
1559 846 1727 892 materia,
1749 859 1846 895 quae
1868 855 1922 884 est
1950 848 2046 885 sicut
2073 849 2287 886 subiectum
2316 861 2443 885 rerum

1380 896 1628 934 naturalium:
1658 898 1792 935 accidit
1821 900 1922 937 enirn
1941 901 1961 922 ’¹‘
1989 902 2170 939 materiae
2200 914 2245 938 ex
2273 913 2350 951 qua
2377 901 2441 938 ali-

1380 948 1472 999 quid
1491 957 1702 998 generatur,
1724 952 1828 999 quod
1847 952 1892 989 sit
1911 954 2078 991 subiecta
2097 954 2202 991 alteri
2229 955 2375 992 formae
2395 953 2442 1001 ββ,

1381 1002 1596 1040 secundum
1624 1015 1741 1051 quarn
1771 1011 1825 1041 est
1852 1018 1919 1042 ens
1947 1015 2050 1054 actu,
2077 1015 2114 1044 et
2139 1007 2342 1056 privationi
2370 1007 2444 1044 for-

1382 1067 1470 1093 mae
1497 1054 1757 1103 inducendae,
1797 1059 2007 1095 secundum
2036 1072 2153 1108 quam
2187 1068 2242 1097 est
2269 1073 2348 1097 non
2377 1073 2453 1097 ens·

1382 1116 1486 1146 actu:
1516 1116 1552 1145 et
1578 1108 1664 1146 ideo
1694 1109 1913 1147 Aristoteles
1942 1112 2029 1148 dicit
2056 1113 2095 1149 in
2122 1115 2134 1149 1
2160 1114 2308 1162 fflysic.
2329 1113 2365 1160 ²¹²,
2397 1125 2441 1150 ex

1383 1169 1469 1199 ente
1493 1161 1650 1212 quidem
1670 1169 1756 1199 actu
1774 1174 1844 1211 per
1871 1164 2057 1213 accidens,
2079 1178 2124 1202 ex
2144 1173 2229 1203 ente
2249 1174 2377 1203 autem
2406 1166 2443 1203 in

1380 1214 1550 1264 potentia
1569 1227 1638 1264 per
1657 1226 1709 1252 se.
1739 1215 1789 1252 Et
1807 1215 1976 1253 similiter
1995 1218 2247 1267 corrumpitur
2261 1218 2282 1240 ’1‘
2300 1218 2439 1268 aliquid

1381 1281 1451 1317 per
1477 1280 1518 1304 se
1556 1267 1713 1317 quidem
1750 1268 1789 1304 in
1821 1281 1888 1305 ens
1922 1271 2111 1318 potentia:
2145 1271 2250 1319 quod
2287 1272 2442 1321 quidem

1381 1321 1577 1358 subiicitur
1605 1328 1642 1358 et
1661 1322 1680 1343 *
1709 1321 1814 1358 alteri
1834 1322 1992 1370 formae,
2014 1324 2225 1361 secundum
2250 1337 2368 1373 quam
2389 1332 2445 1361 est

1383 1386 1450 1412 ens
1478 1381 1577 1422 actu,
1598 1382 1635 1411 et
1661 1374 1865 1424 privationi
1893 1375 2028 1424 prioris
2052 1377 2210 1425 formae,
2231 1377 2443 1414 secundum

1381 1440 1500 1477 quam
1517 1435 1573 1464 est
1586 1439 1666 1464 non
1686 1439 1754 1464 ens
1775 1434 1872 1464 acm.
1894 1429 1943 1465 Et
1956 1428 2006 1465 ita
2021 1441 2099 1466 non
2118 1430 2285 1479 sequitur
2294 1435 2324 1457 ⁷⁷
2340 1430 2445 1479 quod

1381 1481 1420 1519 id
1434 1481 1541 1530 quod
1556 1480 1811 1530 corrumpitur
1839 1482 1990 1519 secedat
2009 1495 2032 1519 a
2049 1490 2128 1519 tota
2147 1495 2275 1520 rerum
2294 1490 2443 1520 natura:

1382 1534 1472 1584 quia
1499 1533 1678 1583 quamvis
1706 1534 1773 1570 fiat
1801 1546 1879 1570 non
1907 1547 1975 1571 ens
2003 1535 2077 1572 hoc
2100 1536 2206 1583 quod
2234 1543 2290 1572 est
2317 1549 2443 1573 corru-

1381 1595 1509 1637 ptum,
1534 1593 1707 1624 remanet
1734 1594 1866 1623 tamen
1894 1587 2035 1636 aliquid
2063 1588 2164 1625 aliud
2185 1586 2224 1635 ⁸⁶,
2254 1589 2359 1637 quod
2387 1597 2443 1626 est

1381 1647 1617 1689 generatum.
1651 1639 1763 1677 Unde
1797 1652 1876 1677 non
1907 1648 2031 1689 potest
2063 1641 2219 1678 materia
2247 1654 2445 1678 remanere

1382 1694 1474 1743 quin
1502 1693 1548 1731 sit
1576 1692 1745 1730 subiecta
1775 1692 1885 1730 alicui
1904 1694 2070 1730 formae:
2102 1702 2137 1731 et
2159 1694 2247 1732 inde
2268 1702 2322 1731 est
2341 1695 2445 1743 quod

1380 1760 1460 1785 uno
1489 1753 1668 1795 corrupto
1697 1745 1800 1783 aliud
1828 1753 2039 1794 generatur,
2070 1755 2106 1784 et
2132 1760 2209 1784 uno
2234 1747 2446 1797 generato*

1382 1801 1484 1838 aliud
1504 1798 1776 1849 corrumpitur:
1810 1807 1846 1836 et
1874 1799 1927 1836 sic
1961 1800 2219 1838 consideratur
2251 1801 2407 1849 quidam
2426 1800 2446 1822 '¹‘

1383 1853 1544 1891 circulus
1581 1853 1620 1890 in
1651 1852 1894 1901 generatione
1933 1861 1970 1890 et
2003 1853 2264 1902 corruptione,
2303 1854 2447 1891 ratione

1382 1907 1489 1944 euius
1517 1906 1634 1943 habet
1661 1905 1911 1955 aptitudinem
1936 1906 1984 1944 ad
2012 1907 2315 1958 perpetuitatem.

1435 1960 1579 1998 Ultimo
1600 1966 1729 1996 autem
1745 1959 1972 2008 epilogando
1995 1960 2185 1996 concludit
2208 1959 2314 2007 quod
2329 1959 2449 1997 existi-

1382 2013 1569 2051 mandum
1591 2021 1647 2049 est
1664 2012 1900 2061 praedictam
1921 2025 2077 2049 causam
2098 2025 2179 2049 esse
2199 2013 2448 2049 sufficientem

1382 2067 1430 2104 de
1457 2067 1533 2104 hoc
1561 2065 1668 2115 quod
1696 2065 1889 2114 generatio
1918 2073 1953 2102 et
1973 2066 2162 2114 corruptio
2192 2065 2408 2114 simpliciter·
2426 2071 2448 2086 ‘¹

1382 2118 1429 2158 sit
1456 2119 1555 2156 circa
1582 2119 1893 2167 unumquodque
1922 2119 2064 2156 entium
2093 2119 2130 2156 in
2160 2119 2446 2168 sempiternum.

1383 2173 1500 2220 Quod
1529 2172 1687 2221 quidem
1716 2179 1867 2221 oportet
1887 2172 2024 2220 dicere,
2046 2172 2242 2221 supposita
2261 2171 2448 2221 perpetui-

1381 2234 1456 2263 tate
1484 2225 1618 2263 mundi
1647 2233 1683 2262 et
1709 2233 1855 2262 motus:
1877 2226 1982 2273 quod
2002 2233 2130 2262 tamen
2150 2225 2246 2262 fides
2267 2224 2449 2262 catholica

1382 2292 1462 2317 non
1490 2278 1681 2328 supponit,
1701 2286 1743 2315 ut
1772 2278 1859 2315 alibi
1887 2278 1908 2299 ’¹‘
1936 2278 2079 2316 dictum
2109 2286 2173 2315 est.

1379 2439 1466 2462 stente
1483 2443 1515 2461 eo
1534 2436 1634 2468 (minus
1651 2436 1755 2461 existat
1769 2436 1797 2461 id
1811 2436 1842 2469 P)
1861 2437 1934 2469 quod
1951 2437 2118 2462 abstrahitur
2129 2443 2147 2460 a
2160 2443 2285 2468 corpore5
2298 2436 2347 2462 hoc
2360 2440 2448 2462 autem

1382 2479 1434 2498 non
1449 2471 1568 2497 videmus
1583 2471 1623 2496 ita
1636 2471 1758 2496 accidere
1775 2472 1848 2505 quod
1865 2479 1970 2504 semper
1983 2473 2020 2497 sit
2032 2473 2118 2497 minus
2132 2472 2204 2504 quod
2215 2476 2368 2505 generatur,
2382 2480 2449 2497 nun-

1381 2515 1461 2540 quam
1475 2510 1564 2532 autem
1579 2507 1701 2532 totaliter
1714 2511 1902 2537 consumatur;
1915 2507 1974 2532 huic
1989 2508 2090 2532 lectioni
2105 2507 2190 2531 obstat
2204 2508 2274 2540 quod
2290 2517 2302 2530 ‹
2315 2515 2449 2540 nunquam

1381 2543 1493 2568 totaliter
1511 2543 1631 2567 consumi
1646 2552 1659 2565 »
1675 2550 1727 2567 non
1742 2542 1818 2567 debet
1836 2543 1885 2568 dici
1899 2543 1930 2568 de
1944 2551 1975 2568 eo
1988 2543 2058 2576 quod
2073 2548 2217 2575 generatur.
2233 2543 2278 2567 sed
2294 2543 2326 2567 de
2341 2551 2448 2575 corpore

1381 2578 1490 2603 naturali
1509 2586 1524 2602 a
1542 2585 1596 2610 quo
1616 2577 1775 2603 subtrahitur
1793 2579 1818 2603 id
1837 2586 1867 2603 ex
1886 2586 1940 2611 quo
1959 2584 2097 2611 generatur
2112 2579 2318 2610 unumquodque
2337 2579 2434 2603 entium
2440 2587 2447 2609 ;

1380 2622 1428 2639 nec
1447 2614 1525 2638 etiam
1545 2613 1609 2638 illud
1628 2618 1668 2638 est
1687 2614 1719 2638 de
1733 2621 1787 2646 quo
1803 2614 1863 2638 dicit
1877 2614 2045 2639 Aristoteles:
2065 2615 2107 2639 νῦν
2127 2611 2152 2637 δὲ
2173 2615 2251 2638 τοῦτο
2272 2610 2322 2648 οὐχ
2342 2612 2448 2647 ὁρῶμεν.

1434 2649 1480 2681 αα)
1495 2649 1556 2674 Hoc
1568 2649 1686 2682 igitur...
1700 2649 1791 2674 durat.
1803 2663 1822 2668 —
1835 2650 1895 2675 Hoc
1907 2657 1972 2683 ergo
1987 2650 2067 2682 (ergo
2081 2658 2135 2674 om.
2150 2649 2204 2680 Ca)
2223 2649 2294 2681 quod
2309 2649 2449 2682 generatio

1381 2685 1408 2710 in
1427 2684 1561 2716 infinitum
1580 2684 1660 2709 duret
1678 2687 1704 2709 et
1721 2685 1858 2717 corruptio
1877 2685 1961 2709 PCab.

1435 2718 1477 2752 ββ)
1497 2719 1576 2745 alteri
1588 2719 1706 2753 formae.
1724 2734 1742 2738 —
1760 2720 1872 2745 alterius
1884 2721 1994 2753 formae
2012 2721 2061 2744 Aa.
2072 2734 2091 2739 —
2104 2720 2154 2744 Pro
2174 2719 2345 2748 inducendae,
2364 2720 2447 2744 intro-

1382 2755 1520 2780 ducendae
1532 2756 1564 2780 Α.
1576 2769 1596 2774 -
1609 2755 1660 2780 Pro
1678 2762 1717 2780 ex
1734 2758 1794 2780 ente
1812 2755 1917 2788 quidem
1935 2759 2005 2786 actu,
2021 2763 2058 2780 ex
2073 2759 2133 2780 ente
2146 2755 2251 2787 quidem
2267 2755 2334 2780 nihil
2345 2762 2383 2779 ex
2395 2762 2447 2779 non

1381 2799 1441 2822 ente
1459 2799 1520 2822 actu
1539 2797 1571 2821 A.

1433 2832 1477 2866 γγ)
1497 2839 1549 2857 non
1564 2832 1694 2864 sequitur.
1705 2845 1724 2850 -
1738 2839 1790 2857 non
1810 2832 1910 2857 dicitur
1928 2832 2012 2857 PCab.
2025 2846 2044 2850 —
2057 2832 2109 2856 Pro
2121 2839 2138 2856 a
2153 2835 2210 2856 tota
2230 2838 2319 2856 rerum
2339 2834 2445 2860 natura,

1382 2867 1409 2892 in
1429 2875 1481 2892 non
1500 2874 1547 2892 ens
1564 2868 1596 2892 A.

1434 2901 1474 2935 ὃὸ)
1495 2905 1615 2927 remanet
1637 2906 1726 2927 tamen
1752 2902 1854 2935 aliquid
1871 2903 1955 2927 aliud.
1972 2916 1991 2921 -
2010 2901 2155 2927 remanebit
2173 2905 2260 2926 tamen
2280 2908 2325 2926 ens
2343 2900 2446 2932 aliquid

1381 2938 1458 2963 aliud
1480 2938 1564 2963 PCab.
1582 2952 1601 2956 -
1620 2938 1671 2963 Pro
1699 2938 1773 2962 Unde
1797 2945 1862 2966 non,
1886 2938 1947 2962 Non
1967 2938 2036 2962 enim
2055 2938 2092 2967 Α;
2118 2942 2143 2961 et
2161 2936 2223 2961 haec
2248 2936 2323 2960 lectio
2345 2935 2446 2959 videtur

1381 2973 1565 3006 praeferenda3
1585 2981 1645 2998 nam
1664 2974 1689 2998 in
1707 2973 1748 2997 his
1766 2973 1853 2998 verbis
1879 2980 1929 2997 non
1945 2976 2069 3004 potest...
2076 2973 2200 3005 formae,
2220 2972 2363 2996 continetur
2381 2970 2445 2995 ratio

1382 3016 1473 3034 eorum
1493 3017 1561 3041 quae
1579 3009 1604 3033 in
1623 3009 1674 3033 hoc
1692 3016 1763 3034 num.
1783 3008 1909 3032 dicuntur.
1929 3008 1967 3032 Cf.
1987 3008 2043 3032 lect.
2057 3015 2094 3037 xx,
2113 3015 2139 3031 n.
2155 3007 2178 3031 3.

1435 3044 1470 3077 εε)
1490 3044 1654 3076 simpliciter.
1672 3058 1691 3062 —
1710 3045 1766 3068 Hoc
1785 3051 1837 3067 om.
1851 3044 1887 3074 Α;
1907 3043 1938 3067 cf.
1958 3048 2017 3067 text.
2036 3042 2097 3074 (ubi
2116 3042 2197 3066 nostri
2223 3042 2297 3066 codd.
2315 3041 2442 3066 versionsi

1381 3087 1429 3112 pro
1448 3079 1612 3112 simpliciter,
1631 3078 1773 3112 similiter),
1789 3084 1814 3102 et
1828 3079 1885 3102 lect.
1899 3085 1932 3106 tx,
1946 3086 1972 3102 n.
1987 3077 2010 3102 3.
2023 3091 2041 3095 -
2055 3077 2104 3101 Pro
2119 3077 2145 3101 in
2164 3077 2360 3108 sempiternum,
2374 3084 2442 3101 com-

1382 3115 1498 3140 muniter
1517 3115 1568 3145 Ca,
1589 3115 1615 3139 in
1635 3114 1789 3146 sempiterni
1808 3114 1847 3138 ed.
1862 3113 1891 3142 b;
1910 3116 1996 3137 tamen
2016 3120 2069 3136 om.
2083 3112 2129 3136 Ca.

2558 390 2592 406 αα

2470 533 2622 580 ξ’ἕοίιιὶίοηετη
2628 533 2671 555 add
2676 549 2682 555 .

2471 638 2479 647 ⁶
2495 638 2661 660 indesinentem
2668 639 2683 660 5>

2469 671 2492 685 Α.

2471 911 2479 919 ·
2495 911 2572 931 autem
2587 916 2610 930 Α.

2560 951 2591 985 ββ

2471 1122 2481 1132 “
2503 1121 2539 1143 cf.
2559 1127 2610 1149 cap.
2626 1128 2682 1148 vm,

2471 1154 2494 1169 n.
2506 1148 2520 1169 6
2534 1154 2594 1176 sqq.;
2605 1148 2682 1170 S.Th.

2470 1175 2522 1196 lect.
2528 1180 2574 1201 ιιν,
2581 1181 2603 1196 n.
2611 1174 2624 1195 6
2630 1181 2683 1202 sqq.

2471 1224 2479 1232 '¹
2495 1224 2657 1269 cgzrrumpetur
2670 1229 2683 1243 P

2471 1254 2501 1270 ca
2517 1265 2523 1270 .

2472 1333 2481 1342 ·
2496 1334 2520 1353 et
2533 1338 2580 1354 om.
2596 1333 2662 1354 pcab.

2560 1443 2593 1468 ΥΥ

2560 1597 2589 1621 ὂδ

2474 1756 2482 1764 ·
2496 1755 2578 1782 genito
2593 1755 2658 1776 Pcab.

2474 1809 2483 1818 “
2499 1807 2590 1835 quidem
2604 1808 2638 1829 Pb.

2572 2072 2594 2087 ΕΞ

2476 2216 2486 2227 “
2494 2216 2545 2237 VIII
2554 2216 2686 2243 Phys.,lect.

2475 2249 2498 2267 ιι,
2509 2248 2531 2263 n.
2540 2243 2563 2264 16
2574 2249 2609 2269 sq.
2619 2243 2648 2263 -1
2659 2242 2688 2263 de

2477 2269 2557 2316 fingo,
2566 2269 2617 2290 lect.
2624 2275 2687 2295 xxtx,
