2690 4062
127 450 152 472 Ie
164 450 217 472 mh.

1078 235 1190 272 CAP.
1221 236 1289 282 IX,
1321 235 1472 273 LECT.
1502 236 1627 273 XXIII

254 310 462 354 Impossibile
486 319 535 343 est
554 322 633 354 ergo
657 311 747 355 quod
771 310 852 344 illud
875 311 938 343 tale
959 323 1078 355 corpus
1103 311 1194 356 quod
1218 321 1267 345 est
1286 313 1318 345 in

253 355 412 399 potentia,
429 355 471 387 sit
486 355 689 398 receptivum
705 355 842 388 alicuius
859 354 982 388 formae
1003 361 1067 388 tum
1089 356 1219 400 quidem,
1237 355 1321 389 idest

254 398 438 432 secundum
461 398 585 442 aliquas
605 407 722 442 partes,
740 405 804 431 tum
823 405 923 432 autem
941 411 1013 440 non,
1031 399 1115 432 idest
1137 400 1320 433 secundum

254 442 413 487 quasdam
429 453 509 482 non,
522 442 580 475 sed
597 451 728 486 oportet
741 442 832 487 quod
843 443 886 476 sit
899 444 1020 477 omnino
1032 443 1184 489 passibile
1196 444 1224 484 ²³,
1235 443 1321 477 idest

254 488 288 520 in
313 487 404 520 omni
427 495 530 531 parte,
549 487 746 531 inquantum
770 495 819 519 est
841 486 876 519 in
895 488 1052 531 potentia.
1073 488 1187 521 Potest
1210 497 1320 521 tamen

254 530 438 564 secundum
469 530 593 575 aliquas
624 539 732 574 partes
768 531 873 574 magis
897 532 1040 576 recipere
1068 533 1256 575 passionem
1280 531 1319 564 ab

254 575 381 619 agentis
403 575 524 608 virtute
548 583 724 615 causatam,
741 583 774 608 et
796 575 980 609 secundum
1003 576 1164 620 quasdam
1187 576 1320 616 minus;

255 619 332 658 quia
354 618 437 652 forte
485 619 629 652 assivum
653 619 758 662 magis
781 627 831 652 est
861 619 1060 664 dispositum
1082 621 1117 653 in
1140 631 1206 653 una
1229 628 1320 663 parte

255 674 355 708 quam
378 664 412 696 in
436 675 454 696 a
479 675 516 703 a,
540 663 581 696 ad
605 662 831 707 recipiendum
859 662 1001 697 formam
1025 675 1125 708 quam
1149 675 1248 708 agens
1272 664 1320 697 in-

254 706 359 741 tendit
381 707 546 741 inducere.
567 707 602 741 Si
625 716 735 740 autem
759 707 875 752 aliquis
892 707 978 741 dicat
1002 707 1092 752 quod
1116 708 1221 752 magis
1245 718 1320 751 pas-

254 752 323 785 siva
347 760 424 784 sunt
446 752 551 795 magis
574 762 707 795 porosa,
723 752 808 784 sicut
823 752 974 786 videmus
999 753 1032 785 in
1055 753 1148 786 venis
1173 752 1320 788 metallo-

253 807 328 829 rum
352 795 443 840 quod
467 807 551 840 quae
575 804 652 828 sunt
674 796 823 836 rariores,
847 796 951 840 magis
976 805 1054 830 sunt
1077 797 1126 831 dis
1153 798 1256 832 ositae
1279 796 1320 830 ad

253 839 478 884 recipiendum
493 839 634 874 formam
647 839 781 880 metalli,
793 849 826 874 et
844 841 890 874 sic
905 841 1036 874 videtur
1051 853 1119 886 quo
1155 843 1228 886 pori
1243 851 1322 876 sunt

254 895 352 919 causa
367 884 545 928 passionis:
562 883 637 919 dico
654 884 745 929 quod
767 884 833 918 hoc
848 896 918 919 non
937 894 988 919 est
1009 897 1143 920 verum:
1161 887 1252 931 quod
1268 887 1319 920 fo-

253 928 378 965 ramina
392 939 462 964 non
485 936 562 962 sunt
578 939 675 962 causa
698 930 872 972 passionis,
888 929 946 964 sed
961 931 1073 974 potius
1094 930 1320 975 dispositionis

253 973 418 1013 materiae,
438 984 522 1017 quae
541 984 559 1006 a
575 972 631 1007 tali
651 973 758 1007 activo
778 973 940 1018 passibilis
960 983 1010 1008 est
1038 983 1071 1008 et
1089 986 1158 1008 non
1176 975 1216 1009 ab
1233 976 1308 1010 alio.

296 1027 331 1060 3.
339 1016 494 1051 Secundo
507 1028 584 1051 cum
597 1016 689 1051 dicit:
710 1018 896 1052 Continuam
908 1019 1001 1065 igitur
1008 1020 1240 1065 unumquodque
1248 1029 1320 1061 etc.,

253 1061 349 1106 ponit
371 1060 551 1096 secundam
575 1061 812 1096 conditionem.
833 1063 876 1096 Et
898 1072 948 1096 est
971 1063 1061 1108 quod
1085 1075 1185 1108 agens
1209 1073 1242 1098 et
1264 1076 1320 1109 pa-

252 1105 338 1142 tiens
360 1104 481 1140 debent
503 1117 574 1139 esse
598 1105 703 1140 divisa
728 1115 761 1140 et
783 1118 852 1141 non
876 1108 1047 1142 continua:
1072 1109 1150 1152 quia
1173 1108 1206 1142 id
1229 1108 1320 1153 quod

253 1158 304 1185 nt
337 1150 534 1185 continuum
557 1161 627 1184 non
650 1159 700 1184 est
726 1150 890 1195 passibile.
921 1152 1052 1185 Veritas
1079 1161 1190 1186 autem
1220 1152 1319 1186 huius

253 1194 492 1239 propositionis
511 1194 639 1228 ahoe
657 1203 719 1236 est,
738 1196 815 1240 quia
830 1195 913 1229 nihil
927 1197 1051 1240 patitur
1066 1208 1085 1229 a
1100 1197 1226 1241 seipso:
1243 1198 1320 1242 quia

252 1248 328 1275 ω’
342 1241 396 1273 ‘est
418 1239 524 1283 magis
539 1240 623 1272 ratio
646 1251 746 1284 quare
765 1251 832 1273 una
848 1251 924 1284 pars
948 1241 1019 1274 eius
1037 1249 1113 1284 agat
1135 1249 1168 1274 et
1183 1241 1246 1274 alia
1264 1253 1320 1286 pa-

252 1282 362 1323 tim,
377 1293 479 1327 quam
501 1283 574 1324 alia,
591 1294 668 1317 cum
691 1292 800 1328 partes
823 1285 973 1318 continui
995 1285 1061 1318 sint
1083 1284 1199 1318 similis
1221 1294 1318 1319 natu-

252 1337 321 1363 m
332 1326 404 1363 Ista
419 1336 532 1361 autem
547 1329 677 1371 agentia
692 1336 726 1362 et
744 1329 900 1372 patientia
915 1328 992 1362 licet
1007 1329 1073 1362 sint
1091 1328 1205 1369 divisa,
1221 1341 1320 1374 opor-

252 1370 408 1416 mquod
430 1372 546 1406 sintin
570 1371 679 1406 debita
693 1373 950 1417 propinquitate.
967 1372 1095 1408 Omnia
1117 1374 1207 1407 enim
1223 1385 1320 1418 agen-

252 1415 298 1449 tia
319 1415 479 1450 naturalia
494 1415 615 1450 habent
638 1416 887 1450 determinatam
901 1417 1069 1458 virtutem,
1089 1429 1174 1462 quae
1192 1418 1220 1451 si
1235 1418 1320 1452 ultra

134 1466 140 1470 ·
153 1483 170 1486 ⁷-
183 1472 201 1491 :f
251 1467 332 1495 anne
353 1460 484 1495 virtutis
500 1461 752 1505 proportionem
767 1460 965 1505 elongentur
987 1473 1006 1495 a
1047 1462 1234 1503 atientibus,
1251 1462 1321 1496 nul-

229 1509 235 1512 '
251 1502 325 1539 lus
344 1503 501 1539 effectum
517 1516 649 1556 causare
668 1513 836 1550 poterunt,
850 1505 908 1539 sed
927 1517 1004 1539 cum
1047 1514 1108 1539 unt
1122 1507 1319 1558 propinqua,

251 1547 346 1584 '⁸¹oe
366 1548 421 1583 vel
443 1549 478 1582 in
501 1548 591 1590 aliis,
616 1557 695 1582 tunc
718 1561 819 1593 agens
842 1558 934 1602 aget,
959 1558 992 1584 et
1038 1550 1143 1584 atiens
1166 1560 1318 1595 patietur.

251 1591 340 1629 Dico
347 1601 458 1627 autem
466 1593 732 1638 appropinquare
744 1593 806 1627 sibi
814 1595 905 1638 ipsis,
915 1606 1002 1640 quan
1027 1606 1048 1628 ο
1060 1596 1207 1639 primum
1218 1607 1318 1640 agens

251 1644 287 1671 et
306 1635 463 1670 ultimum
481 1637 609 1682 patiens
633 1646 712 1672 sunt
726 1638 934 1680 immediata3
954 1640 1220 1684 appropinquare
1238 1651 1318 1674 vero

250 1680 381 1717 baffi
403 1689 466 1723 est,
481 1681 616 1726 quando
639 1682 724 1716 inter
747 1683 893 1727 primum
916 1695 1017 1728 agens
1032 1692 1066 1717 et
1088 1683 1243 1718 ultimum
1267 1696 1321 1729 pa-

250 1725 339 1769 thus
359 1733 412 1761 est
433 1725 475 1760 ali
498 1725 556 1760 uid
573 1726 664 1771 quod
687 1728 755 1772 agit
773 1735 807 1761 et
829 1728 969 1772 patitur,
986 1729 1053 1772 agit
1069 1738 1179 1762 autem
1203 1729 1238 1762 in
1253 1729 1318 1763 vir-

251 1777 328 1807 tute*
368 1770 453 1805 rimi.
476 1737 579 1805 ilerbi
601 1771 716 1815 gratia,
739 1772 826 1816 ignis
857 1783 926 1806 non
948 1771 1059 1806 solum
1087 1772 1234 1808 calefacit
1255 1785 1319 1807 nos

251 1825 273 1860 q
363 1825 385 1848 ο
401 1815 516 1859 tangit,
528 1815 586 1849 sed
603 1816 702 1849 etiam
740 1815 852 1850 uando
867 1825 917 1850 est
932 1816 1048 1861 longe:
1069 1817 1216 1851 calefacit
1230 1819 1320 1852 enim

250 1868 374 1894 auam
387 1859 444 1903 qui
466 1867 564 1893 natus
587 1868 637 1893 est
661 1859 729 1894 cale
753 1861 800 1894 eri
823 1860 862 1894 ab
887 1861 974 1906 igne,
991 1873 1046 1895 aer
1069 1870 1180 1896 autem
1204 1862 1320 1896 calefa-

250 1901 493 1940 umcalefacit
515 1915 636 1948 corpus
659 1914 822 1938 nostrum.

275 1956 327 1990 »1⁴«
349 1947 482 1983 Deinde
510 1959 590 1982 cum
620 1948 716 1982 dicit:
747 1949 932 1984 Existimare
961 1956 1063 1984 autem
1092 1959 1152 1984 etc.
1166 1977 1176 1992 ,
1203 1951 1320 1995 probat

291 1991 300 1999 “
415 1991 651 2034 conditionem,
667 1993 780 2027 dicens
811 1993 902 2039 quod
925 1994 1109 2029 existimare
1132 1996 1219 2029 sicut
1248 1996 1319 2040 qui-

250 2001 547 2078 m,
563 2037 655 2082 quod
678 2049 730 2072 res
746 2049 830 2083 quae
854 2039 986 2083 patitur,
1004 2045 1079 2080 tum,
1097 2038 1181 2073 idest
1204 2051 1319 2073 secun-

250 2078 333 2116 dnm
350 2079 496 2126 aliquam
509 2090 637 2126 partem
659 2083 792 2126 patitur,
809 2091 843 2116 et
863 2089 928 2116 tum
945 2095 1018 2125 mm,
1035 2083 1120 2118 idest
1135 2084 1319 2118 secundum

249 2123 394 2170 aliquam
408 2135 479 2160 non
495 2126 628 2170 patitur,
647 2126 702 2160 hic
718 2126 1004 2162 determinandum
1020 2137 1080 2169 est,
1093 2137 1126 2162 et
1141 2128 1319 2163 dicendum

250 2167 342 2214 quod
365 2167 432 2204 hoc
446 2169 567 2204 falsum
589 2179 649 2204 est.
667 2171 703 2205 Si
722 2172 812 2205 enim
837 2171 1072 2206 concederetur
1087 2172 1178 2218 quod
1197 2184 1318 2218 corpus

249 2221 287 2249 et
409 2214 416 2221 '
457 2213 502 2248 do
525 2226 594 2249 non
618 2214 741 2260 ubique
763 2225 851 2250 esset
872 2216 1055 2258 divisibilis,
1078 2217 1137 2250 sed
1159 2217 1318 2251 dividitur

249 2257 286 2292 in
315 2257 350 2291 in
375 2258 526 2293 'visibilia
556 2270 596 2292 co
638 2271 696 2293 ora
728 2260 815 2294 sicut
843 2260 925 2294 dixit
946 2261 1181 2302 Democritus,
1207 2261 1260 2295 vel
1284 2263 1319 2295 in

249 2300 464 2336 indivisibiles
497 2314 579 2348 supe
621 2304 687 2337 cies
715 2305 802 2338 sicut
836 2304 917 2339 dixit
945 2305 1060 2346 Plato,
1092 2314 1171 2339 tunc
1202 2317 1318 2340 verum

125 2344 144 2387 ‘⁵'
199 2366 201 2368 ·
220 2366 225 2371 ’
249 2354 337 2385 met
358 2346 450 2392 quod
473 2359 595 2392 corpus
618 2359 688 2383 non
710 2348 831 2395 ubique,
855 2349 940 2384 idest
962 2350 997 2383 in
1017 2351 1110 2384 omni
1132 2359 1225 2394 parte
1248 2362 1318 2392 sua,

119 2715 145 2730 Α·
181 2699 221 2716 ”⁵

124 2796 192 2827 32*-
207 2800 222 2818 c

249 2399 337 2431 esset
359 2391 523 2436 passibile.
547 2392 603 2426 Sic
626 2393 726 2428 etiam
748 2402 835 2429 esset
863 2405 980 2429 venun
1025 2394 1094 2429 uod
1121 2394 1203 2429 nihil
1231 2403 1318 2429 esset

249 2435 464 2473 continuum:
485 2436 562 2471 licet
584 2438 796 2473 continuetur
824 2437 866 2472 ad
888 2437 1019 2473 indivisi
1042 2438 1100 2480 ile,
1116 2450 1185 2473 non
1208 2447 1319 2473 tamen

249 2481 462 2525 componitur
484 2493 525 2515 ex
553 2481 817 2517 indivisibilibus.
842 2482 877 2516 Si
901 2490 1012 2516 autem
1036 2491 1086 2517 est
1108 2483 1318 2518 mendacium

248 2522 316 2562 hoc
337 2524 430 2571 quod
451 2524 578 2568 dicunt,
594 2526 700 2560 immo
724 2527 800 2578 quia
816 2526 1026 2561 mendacium
1045 2536 1108 2561 est:
1125 2528 1202 2572 quia
1219 2539 1318 2562 omne

250 2579 372 2614 corpus
395 2578 446 2604 est
467 2569 647 2612 divisibile;
670 2570 754 2605 nih1l
777 2570 886 2605 differt
908 2571 1016 2605 dicere
1039 2571 1131 2617 quod
1155 2571 1319 2606 dividatur

247 2612 303 2647 vel
346 2613 416 2648 uod
439 2614 481 2648 sit
504 2614 676 2656 divisibile,
702 2615 756 2649 vel
786 2615 878 2660 quod
907 2624 1060 2660 tangatur
1082 2615 1136 2650 vel
1159 2617 1250 2661 quod
1274 2617 1317 2650 sit

248 2665 340 2702 tangi
361 2657 415 2692 ile.
431 2658 525 2693 Licet
547 2660 637 2693 enim
659 2660 694 2693 in
710 2659 726 2677 ⁴¹
741 2671 844 2704 poros
859 2659 1022 2694 dividatur
1045 2660 1228 2694 secundum
1250 2662 1318 2695 De-

249 2702 444 2744 meritum,
466 2711 578 2738 tamen
595 2703 612 2721 ²*
625 2704 725 2738 etiarn
747 2712 798 2738 est
820 2703 982 2738 divisibile
1004 2705 1040 2739 in
1062 2704 1209 2749 partibus
1255 2717 1317 2739 uae

249 2746 340 2791 poris
363 2746 637 2791 interponuntur,
659 2749 738 2793 quia
764 2748 845 2783 istae
874 2759 944 2782 non
973 2757 1052 2783 sunt
1080 2749 1244 2784 indivisib‘
1259 2759 1317 2791 es;

249 2801 334 2842 quae
357 2799 468 2824 tamen
490 2790 507 2809 *
530 2801 639 2836 partes
662 2792 871 2844 ponebantur
893 2792 1106 2827 indivisibiles
1131 2793 1170 2827 ab
1193 2794 1250 2827 eis.
1275 2794 1318 2828 Et

248 2834 399 2869 similiter
421 2844 471 2869 est
485 2836 641 2881 tangibile
665 2848 699 2870 m
716 2836 790 2870 illis.
807 2837 850 2871 Et
872 2837 917 2870 ita
935 2837 1118 2871 secundum
1142 2846 1251 2871 totum
1268 2847 1317 2872 est

391 3661 459 3693 Opp.
480 3661 511 3685 D.
526 3660 640 3685 ΤΗοιιιΑε
659 3660 691 3685 Τ.
711 3661 750 3685 111.
770 3662 912 3686 Arm-:surx-

2369 254 2442 279 XVII

1377 313 1531 357 tangibile
1555 322 1588 346 et
1611 313 1772 347 divisibile
1797 323 1828 347 et
1852 314 2013 358 passibile.
2033 316 2067 349 Si
2092 317 2179 349 enirn
2203 327 2313 361 potest
2336 331 2442 363 segre-

1375 359 1444 401 gari
1469 357 1652 391 secundum
1677 364 1783 398 tactus,
1801 358 1886 391 idest
1910 359 2092 393 secundum
2109 361 2297 405 superficies
2321 364 2354 396 in
2372 365 2441 408 qui-

1376 401 1436 434 bus
1461 411 1510 435 est
1525 410 1640 442 tactus,
1661 411 1697 435 ut
1713 401 1826 436 dicunt
1850 403 1983 447 quidam
2005 403 2181 445 Platonici,
2205 407 2266 439 etsi
2291 408 2441 441 nondum

1375 454 1426 479 est
1449 445 1604 486 divisum,
1623 455 1672 480 est
1687 455 1798 481 tamen
1817 446 1988 481 divisibile.
2006 448 2120 482 Posito
2137 460 2215 493 ergo
2232 451 2266 483 in
2283 463 2353 484 esse
2369 464 2442 495 pos-

1376 489 1472 530 sibili,
1488 502 1557 523 non
1581 490 1697 524 accidit
1711 490 1925 536 impossibile.
1944 492 2100 526 Similiter
2116 494 2213 526 etiam
2235 495 2262 527 si
2282 494 2441 529 divisibile

1376 534 1418 566 sit
1440 535 1474 567 in
1522 543 1616 575 artes,
1643 536 1752 579 posita
1775 535 1937 569 divisione
1962 537 1995 569 in
2019 546 2092 570 actu
2117 549 2185 570 non
2209 539 2356 583 sequitur
2379 540 2441 573 im-

1375 578 1499 621 possibi
1513 590 1541 612 e.
1560 579 1751 613 Secundum
1770 591 1805 613 er
1829 591 1850 613 o
1873 589 1982 614 totum
2005 589 2038 615 et
2053 581 2233 626 quamlibet
2248 584 2299 616 sui
2315 593 2442 627 partem

1375 630 1425 655 est
1449 621 1608 656 divisibile
1633 631 1666 656 et
1688 591 1851 668 passibiie.

1421 675 1450 707 5.
1468 666 1598 699 Deinde
1622 678 1698 700 cum
1722 667 1816 701 dicit:
1846 669 2065 704 Universaliter
2087 677 2187 704 autem
2210 679 2283 712 etc.,
2300 672 2443 705 ostendit

1376 709 1467 754 quod
1490 710 1655 753 praedicta
1679 712 1794 755 opinio
1818 724 1886 746 non
1910 722 1959 746 est
1975 713 2141 747 sufficiens
2165 714 2205 748 ad
2229 716 2393 749 actionem
2410 725 2443 749 et

1375 754 1574 797 passionem.
1592 755 1633 787 Et
1657 756 1741 789 circa
1764 756 1828 789 hoc
1845 757 1912 790 duo
1936 757 2026 791 facit:
2051 759 2160 802 primo
2185 759 2328 794 ostendit
2351 760 2442 805 quod

1375 809 1444 831 non
1469 807 1518 831 est
1534 797 1699 831 sufficiens
1724 799 1764 833 ad
1781 800 2017 843 alterationem,
2034 803 2139 836 immo
2163 803 2301 837 destruit
2320 804 2441 849 ipsam;

1376 842 1522 903 secundp
1547 842 1637 886 quod
1654 854 1714 876 nec
1733 844 1898 879 sufficiens
1917 846 1957 879 ad
1976 856 2202 890 augmentum,
2217 847 2279 882 ibi:
2298 849 2443 894 Amplius

1375 893 1476 920 autem
1537 895 1597 920 etc.

1419 931 1511 965 Dicit
1533 942 1613 983 ergo
1643 932 1770 976 prim0,
1795 933 1885 977 quod
1908 934 2134 969 universaliter
2157 937 2345 980 passionem
2377 938 2442 972 hoc

1375 975 1478 1009 modo
1501 975 1571 1008 fieri
1595 987 1630 1008 m
1653 975 1749 1010 rebus
1774 988 1841 1028 quo
1865 978 1998 1022 quidam
2023 979 2136 1014 dicunt
2160 981 2251 1026 quod
2273 983 2446 1026 generatio·

1374 1019 1421 1060 fit,
1445 1020 1554 1053 scissis
1585 1020 1655 1053 sive
1685 1030 1840 1065 separatis
1872 1022 2064 1066 corporibus
2096 1036 2155 1068 per
2177 1036 2296 1069 poros,
2320 1035 2369 1059 est
2391 1027 2441 1060 in-

1376 1065 1586 1098 conveniens.
1612 1065 1762 1098 Destruit
1785 1066 1873 1098 enim
1902 1066 1956 1099 hic
1986 1068 2106 1101 modus
2135 1068 2382 1112 alterationem,
2407 1072 2440 1104 in

1376 1119 1440 1153 qua
1463 1117 1573 1141 tamen
1597 1108 1740 1143 salvatur
1755 1111 1865 1153 passio
1889 1119 1921 1143 et
1937 1112 2032 1144 actio.
2053 1112 2214 1146 Videmus
2237 1115 2326 1147 enim
2350 1115 2441 1159 quod

1375 1152 1463 1186 idem
1487 1164 1608 1197 corpus
1628 1154 1825 1186 continuum
1848 1165 1996 1196 manens,
2013 1157 2211 1202 quandoque
2235 1158 2368 1202 quidem
2393 1168 2442 1192 est

1374 1196 1551 1233 humidum
1575 1205 1608 1230 et
1630 1196 1811 1242 liquidum,
1835 1207 1867 1232 et
1891 1199 2090 1245 quandoque
2114 1201 2334 1245 coagulatum,
2357 1203 2442 1237 s'icut

1374 1240 1496 1318 glacies
1519 1250 1552 1274 et
1574 1253 1659 1292 aqua
1689 1241 1807 1282 fluida,
1831 1251 1864 1276 et
1891 1252 2001 1277 tamen
2025 1244 2096 1278 talis
2127 1245 2274 1279 alteratio
2304 1246 2341 1280 fit
2371 1248 2440 1281 sine

1400 1285 1537 1319 'visione
1553 1286 1658 1330 ipsms
1674 1287 1822 1331 corporis
1839 1288 1998 1329 continui,
2011 1298 2044 1322 et
2059 1290 2129 1324 sine
2149 1289 2257 1335 aliqua
2273 1290 2335 1325 alia
2351 1303 2440 1325 com-

1375 1330 1552 1374 positione,
1568 1339 1602 1363 et
1619 1331 1690 1364 sine
1709 1332 1926 1365 conversione
1949 1344 2083 1366 suarum
2099 1335 2251 1378 partium,
2268 1344 2301 1368 et
2318 1335 2441 1380 absque

1375 1383 1462 1409 tactu
1494 1373 1624 1408 diverso
1659 1375 1694 1408 in
1730 1375 1845 1409 ordine
1876 1387 1951 1410 com
1978 1378 2150 1411 onentium
2182 1379 2325 1422 partium
2356 1380 2441 1413 sicut

1376 1418 1455 1452 dicit
1470 1419 1693 1452 Democritus.
1712 1419 1800 1453 Cum
1821 1420 1909 1453 enim
1933 1388 2067 1466 aliquod
2089 1421 2264 1456 humidum
2290 1424 2441 1468 coagula÷

1375 1471 1438 1503 tur,
1455 1474 1524 1496 non
1540 1462 1762 1497 transducitur
1777 1473 1866 1497 extra
1881 1473 2032 1499 naturam
2051 1477 2145 1499 suam
2161 1467 2205 1500 ita
2244 1467 2312 1501 uod
2335 1477 2442 1502 mutet

1375 1506 1603 1547 substantiam,
1619 1518 1680 1540 nec
1699 1510 1960 1552 transponuntur
1982 1518 2089 1554 partes
2105 1519 2220 1544 mutan
2245 1523 2266 1545 o
2290 1511 2440 1546 ordinem

1375 1551 1428 1584 vel
1451 1552 1562 1592 situm,
1581 1557 1690 1596 neque
1709 1553 1939 1586 transmittitur
1957 1565 2016 1598 per
2037 1553 2315 1599 liquefactionem,
2332 1568 2439 1601 neque

1375 1596 1472 1629 etiam
1492 1607 1584 1636 nunc,
1602 1595 1735 1640 quando
1758 1595 1881 1630 scilicet
1896 1597 2071 1631 humidum
2093 1599 2293 1643 coagulatur,
2310 1609 2441 1645 oportet

1398 1639 1467 1674 uod
1483 1640 1517 1673 in
1541 1652 1626 1685 aqua
1642 1652 1781 1685 corpora
1800 1641 2009 1675 indivisibilia
2026 1643 2204 1684 tumoribus,
2220 1643 2305 1678 idest
2327 1656 2441 1678 secun-

1375 1652 1456 1718 dum
1480 1685 1693 1730 quantitatem
1708 1711 1717 1725 ,
1745 1684 1929 1720 subintrent
1952 1685 1992 1720 ad
2017 1687 2214 1721 causandam
2238 1689 2439 1733 coagulatio-

1374 1740 1463 1770 nem,
1482 1729 1541 1762 sed
1563 1730 1674 1774 ipsum
1704 1728 1879 1763 humidum
1904 1730 1995 1775 quod
2025 1731 2235 1776 coagulatur,
2259 1741 2292 1766 et
2315 1744 2333 1766 e
2357 1733 2436 1766 con-

1374 1785 1482 1814 verso,
1498 1785 1629 1818 semper
1651 1773 1800 1807 similiter
1822 1785 1857 1808 se
1881 1773 1978 1808 habet
2001 1784 2162 1820 quantum
2185 1775 2226 1810 ad
2249 1776 2325 1818 hoc,
2372 1777 2440 1811 uod

1374 1825 1483 1863 neque
1507 1826 1755 1862 componuntur
1771 1827 1890 1863 partes,
1906 1830 1947 1852 ne
1973 1831 2014 1852 ue
2030 1819 2195 1854 adduntur
2217 1821 2270 1854 vel
2286 1789 2440 1855 dividun-

1375 1871 1438 1903 tur,
1463 1874 1572 1907 neque
1595 1871 1725 1896 mutant
1748 1862 1899 1896 ordinem
1921 1875 1962 1897 ve
1998 1865 2108 1898 situm.
2132 1865 2225 1898 Patet
2247 1876 2326 1909 ergo
2350 1866 2441 1910 quod

1374 1906 1540 1952 praedicta
1563 1907 1678 1951 opinio
1702 1906 1840 1940 destruit
1863 1907 2098 1942 alterationem.

1419 1953 1451 1985 6.
1467 1950 1597 1985 Deinde
1613 1962 1690 1984 cum
1706 1951 1801 1985 dicit:
1818 1952 1962 1997 Amplius
1977 1959 2078 1986 autem
2095 1964 2190 1998 neque
2203 1962 2279 1996 etc.,
2297 1953 2441 1988 ostendit

1375 1995 1466 2040 quod
1496 1995 1634 2029 destruit
1663 2004 1696 2029 et
1726 2005 1952 2040 augmentum.
1976 1997 2016 2032 In
2050 1998 2317 2041 augmentatione
2352 1999 2441 2031 enim

1374 2049 1508 2084 oportet
1523 2039 1614 2085 quod
1638 2049 1795 2084 augeatur
1816 2040 1980 2085 quaelibet
2002 2053 2076 2086 pars
2093 2042 2163 2075 eius
2205 2042 2274 2077 uod
2292 2051 2439 2086 augetur,

1373 2093 1412 2117 ut
1442 2095 1542 2129 supra
1565 2083 1691 2118 dictum
1721 2093 1780 2118 est.
1805 2084 1870 2118 Sed
1894 2086 1922 2118 si
1946 2094 2161 2130 augmentum
2209 2095 2242 2119 at
2264 2098 2323 2131 per
2349 2086 2440 2120 addi-

1373 2129 1500 2162 tionem
1523 2137 1713 2162 atomorum
1736 2137 1774 2162 ut
1795 2129 1859 2173 ipsi
1883 2128 2008 2171 dicunt,
2028 2141 2097 2163 non
2120 2131 2181 2164 erit
2204 2132 2439 2174 augmentatio,

1373 2172 1431 2206 sed
1455 2172 1617 2217 quaedam
1640 2173 1806 2218 appositio
1831 2174 1978 2218 corporis
2002 2174 2042 2208 ad
2066 2186 2196 2219 corpuS,
2220 2186 2289 2208 non
2313 2186 2352 2208 ex
2374 2175 2440 2208 hoc

1374 2217 1465 2262 quod
1489 2216 1654 2262 quaelibet
1675 2228 1750 2262 pars
1774 2218 1868 2250 istius
1892 2219 2069 2262 compositi
2093 2228 2332 2263 augmentatur.
2354 2219 2439 2253 Item

1373 2262 1408 2294 in
1420 2261 1688 2305 augmentatione
1701 2270 1833 2306 oportet
1849 2261 1940 2306 quod
1951 2272 2168 2307 augmentans
2181 2263 2250 2297 sive
2262 2263 2439 2297 adveniens

1373 2314 1587 2350 augmentato
1604 2314 1839 2339 transmutetur
1855 2307 1889 2339 in
1904 2315 2055 2342 naturam
2073 2308 2154 2348 eius,
2171 2316 2204 2341 et
2222 2307 2313 2352 quod
2328 2308 2439 2352 ipsum

1373 2359 1483 2384 totum
1529 2349 1597 2384 uod
1621 2359 1775 2395 augetur,
1799 2358 2034 2385 transmutetur
2057 2350 2096 2384 ab
2120 2363 2160 2385 eo
2185 2351 2275 2396 quod
2299 2351 2360 2385 sibi
2383 2351 2438 2386 ad-

1372 2395 1473 2436 venit,
1497 2362 1538 2428 dle
1554 2395 1676 2429 minori
1699 2395 1879 2440 quantitate
1894 2395 1929 2428 in
1951 2396 2111 2430 maiorem
2132 2396 2356 2440 quantitatem.
2373 2396 2439 2430 Sed

1372 2451 1432 2483 per
1454 2438 1659 2473 additionem
1681 2450 1860 2483 corporum
1883 2448 2071 2473 atomorum
2100 2441 2110 2473 i
2136 2451 2211 2474 sum
2233 2449 2342 2474 totum
2369 2451 2438 2473 non

1373 2484 1434 2517 erit
1467 2492 1705 2524 transmutans,
1733 2483 1818 2517 idest
1839 2495 1909 2517 non
1939 2492 2119 2518 transmuta
2142 2485 2208 2518 itur
2237 2485 2297 2518 alio
2319 2485 2437 2525 mixto,

1373 2527 1457 2561 idest
1473 2527 1584 2572 aliquo
1609 2539 1747 2572 corpore
1763 2527 1952 2562 indivisibili
1975 2528 2037 2562 sibi
2053 2528 2176 2570 addito,
2191 2540 2261 2562 non
2277 2538 2438 2562 transmu-

1373 2581 1461 2606 tante
1478 2573 1589 2616 ipsum
1606 2572 1646 2606 de
1662 2572 1784 2606 minori
1800 2573 1981 2617 quantitate
1994 2573 2028 2606 in
2050 2574 2210 2607 maiorem
2221 2573 2247 2606 *.
2264 2574 2307 2607 Et
2328 2573 2438 2617 ipsum

1373 2625 1483 2650 totum
1498 2628 1568 2650 non
1583 2617 1646 2650 erit
1661 2616 1844 2652 secundum
1861 2628 1896 2650 se
1911 2625 2143 2659 transmutans,
2155 2617 2241 2651 idest
2251 2629 2321 2652 non
2336 2626 2438 2651 trans-

1372 2661 1514 2694 mutabit
1537 2672 1676 2706 corpora
1698 2660 1920 2702 indivisibilia,
1940 2673 2023 2706 quae
2047 2661 2108 2695 sibi
2131 2661 2312 2696 adveniunt
2334 2671 2367 2695 et
2387 2673 2437 2695 re-

1372 2714 1508 2739 manent
1521 2706 1721 2750 incorrupta.
1739 2705 1838 2740 Unde
1861 2706 2026 2750 signanter
2042 2706 2123 2740 dixit
2146 2706 2206 2740 alio
2226 2707 2338 2740 mixto:
2361 2706 2439 2783 Ἑιέε,

1372 2749 1448 2783 talia
1471 2761 1611 2794 corpora
1633 2761 1703 2784 non
1725 2751 1906 2784 miscentur
1929 2749 2124 2791 adinvicem,
2140 2751 2225 2784 sicut
2246 2762 2346 2795 grana
2422 2769 2436 2776 -

1372 2794 1476 2827 menti
1499 2795 1534 2827 in
1556 2793 1681 2828 modio.

1418 2838 1547 2872 Ultimo
1571 2838 1726 2883 epilogat,
1751 2847 1782 2872 et
1805 2847 1894 2883 patet
1917 2839 1952 2872 in
1975 2838 2090 2872 littera.

2470 899 2480 910 ¹*
2495 899 2566 920 Num.
2582 905 2632 926 seq.

2467 2579 2585 2627 gaducpro
2595 2579 2679 2601 etadd.
