2782 4134
130 448 141 458 '
146 444 251 474 corporis
260 443 310 466 add.
316 448 338 463 r.

133 605 142 614 '¹
153 601 266 630 proponit
284 606 298 622 r
319 602 340 621 et

134 628 202 651 codd.
218 633 266 649 exc.
279 631 330 648 aen.

132 702 142 712 ³
155 700 224 722 Num.
239 705 260 727 7.

135 805 144 815 ·
157 803 226 825 Num.
236 801 339 831 praeced.

132 963 142 972 '
155 961 174 982 Α
188 966 234 982 om.
248 966 270 981 P.

133 1752 143 1762 ”
157 1751 219 1780 quod
230 1756 276 1773 om.
291 1757 312 1773 Ρ.

131 1857 140 1866 ”
155 1855 226 1877 habet
236 1861 257 1877 P.

208 2028 214 2034 .
228 2018 264 2039 vt,
279 2018 300 2034 n.
313 2012 338 2039 8;

210 2053 217 2060 .
236 2039 289 2061 lect.
302 2045 338 2066 xx,

131 2071 155 2087 n.
168 2071 188 2093 3.

134 2120 143 2129 ·
158 2119 266 2147 arguitur
278 2125 299 2140 r.

139 2698 149 2708 '
157 2698 263 2726 aequalis
269 2704 345 2721 nume-

139 2730 167 2747 ro
182 2730 228 2747 om.
238 2730 267 2747 ει.

364 327 592 377 gravitatem.
621 325 670 361 Et
697 321 829 359 eadem
857 318 948 355 ratio
978 324 1032 353 est
1060 315 1106 352 de
1135 324 1294 372 corpore
1317 310 1409 348 levi:

365 381 452 430 quia
470 379 499 416 si
516 377 659 416 infinita
678 382 731 412 est
745 372 904 422 gravitas
919 368 1085 418 corporis
1100 379 1234 415 graws,
1254 375 1410 401 necesse

366 441 421 471 est
439 431 542 480 quod
562 430 672 466 etiam
692 427 821 464 levitas
842 426 861 446 ²*
881 424 925 461 sit
943 421 1097 468 infinita,
1122 420 1152 456 si
1176 423 1411 477 supponatur

367 497 501 533 corpus
527 484 625 528 leve,
655 479 757 529 quod
785 489 933 515 sursum
953 476 1080 520 fertur,
1101 484 1183 509 esse
1206 471 1407 507 1nfin1tum.

419 538 454 573 6.
476 534 650 572 Secundo
669 533 737 570 ibi:
756 530 886 568 Palam
906 534 1028 566 autem
1049 534 1130 571 etc.,
1150 524 1287 573 probat
1305 521 1409 570 quod

367 595 629 638 supposuerat:
664 593 699 622 et
725 584 847 633 primo
874 581 979 631 ponit
1003 581 1022 602 ’³‘
1049 577 1333 628 probationem;
1354 586 1410 634 .⁵e.'

368 641 490 680 cundo
524 638 680 677 excludit
707 636 939 674 obviationes
972 631 1174 682 quasdam,
1207 629 1274 666 ibi:
1303 626 1412 687 Nihzl

366 700 488 732 autem
515 692 639 742 dg'ffert
661 689 861 740 gravitates
889 689 908 709 '¹‘
937 694 1004 723 etc.
1030 684 1141 721 Ponit
1169 694 1257 730 ergo
1284 692 1409 741 primo

367 747 548 784 rationem
576 744 771 781 ducentem
797 741 844 778 ad
863 738 1104 788 impossibile,
1126 748 1223 784 quae
1243 735 1324 772 talis
1345 741 1409 770 est.

367 799 406 837 Si
433 811 511 836 non
538 804 591 834 est
608 807 740 833 verum
766 793 869 841 quod
894 804 1007 841 supra
1026 793 1044 811 ⁴⁵
1075 790 1216 828 dictum
1236 795 1302 834 est,
1325 799 1411 846 sup-

365 859 526 901 ponatur
543 850 645 898 quod
673 847 836 896 corporis
863 845 997 883 infiniti
1025 844 1070 881 sit
1097 842 1256 891 gravitas
1283 841 1410 899 finita:

367 911 403 941 et
429 903 472 940 sit
501 914 634 950 corpus
660 899 846 937 infinitum
874 900 958 946 AB,
988 896 1149 945 gravitas
1176 901 1302 932 autem
1331 905 1411 952 eius

365 956 469 993 finita
496 955 540 992 sit
567 955 611 991 G.
640 955 674 990 A
694 954 713 974 '¹‘
733 964 890 1001 corpore
918 951 1028 999 igitur
1054 948 1198 986 infinito
1217 946 1409 1004 praedicto

366 1009 551 1046 auferatur
568 1007 690 1054 aliqua
706 1017 793 1054 pars
821 1005 900 1041 eius
927 1003 1032 1041 finita
1059 1014 1157 1051 quae
1185 1008 1240 1037 est
1267 1011 1410 1047 magm-

366 1061 455 1098 tudo
476 1061 554 1107 BD,
575 1071 686 1107 quam
712 1070 864 1095 necesse
894 1065 948 1094 est
976 1068 1057 1093 esse
1080 1055 1199 1092 multo
1220 1053 1410 1111 minorem

365 1121 442 1150 toto
464 1124 618 1161 corpore
645 1111 801 1148 infinito.
831 1110 989 1147 Minoris
1008 1116 1134 1146 autem
1154 1106 1322 1155 corporis
1341 1117 1410 1142 mi-

366 1178 435 1203 nor
462 1172 516 1201 est
544 1163 722 1212 gravitas:
757 1163 810 1200 sic
837 1175 925 1211 ergo
957 1162 1117 1210 gravitas
1146 1159 1313 1209 corporis
1341 1160 1408 1195 BD

367 1226 421 1255 est
445 1217 567 1254 minor
598 1229 713 1266 quam
741 1216 785 1253 sit
812 1216 971 1264 gravitas
999 1216 1034 1253 G
1061 1212 1091 1262 θ,
1121 1226 1219 1263 quae
1247 1220 1303 1249 est
1329 1224 1410 1260 gra-

364 1271 458 1309 vitas
484 1270 594 1307 totius
613 1269 779 1318 corporis
802 1269 955 1315 infiniti;
985 1276 1021 1305 et
1039 1268 1084 1304 sit
1102 1267 1170 1304 ista
1187 1266 1312 1303 minor
1330 1277 1410 1314 gra-

363 1323 457 1361 vitas
484 1323 528 1359 E.
558 1323 662 1359 Haec
689 1330 815 1359 autem
842 1321 966 1358 minor
993 1320 1165 1369 gravitas,
1194 1319 1332 1356 scilicet
1363 1319 1408 1365 E,

364 1382 553 1413 mensuret
571 1375 754 1412 maiorem
774 1375 993 1422 gravitatem
1011 1374 1156 1411 finitam
1175 1384 1271 1422 quae
1292 1379 1347 1409 est
1362 1372 1407 1418 G,

364 1429 667 1478 quotiescumque,
686 1428 781 1465 idest
803 1428 1012 1465 secundum
1041 1438 1323 1475 quemcumque
1342 1437 1410 1462 nu-

365 1494 532 1528 merum,
559 1488 650 1530 puta
678 1481 884 1518 secundum
904 1481 987 1528 tria,
1015 1487 1058 1517 ut
1085 1479 1222 1517 scilicet
1241 1479 1385 1516 dicatur
1402 1484 1411 1498 ²

366 1535 468 1584 quod
495 1535 527 1570 E
556 1542 610 1571 est
629 1534 733 1571 tertia
749 1547 835 1585 pars
853 1534 965 1571 totius
985 1535 1031 1571 G.
1051 1532 1266 1582 Accipiatur
1284 1539 1411 1569 autem

366 1600 388 1625 a
407 1599 562 1636 corpore
584 1587 728 1624 infinito
752 1588 875 1636 aliqua
897 1600 995 1636 pars,
1016 1599 1113 1635 quae
1140 1585 1412 1635 superaddatur

367 1640 513 1689 corpori
530 1639 636 1677 finito
655 1641 734 1688 BD,
755 1640 962 1678 secundum
980 1639 1266 1690 proportionem
1285 1651 1361 1688 qua
1375 1639 1409 1675 G

367 1693 507 1730 excedit
537 1694 591 1741 E,
625 1700 659 1730 et
691 1693 764 1730 hoc
797 1706 930 1743 corpus
964 1693 1148 1730 excedens
1176 1692 1222 1729 sit
1247 1693 1331 1738 BZ;
1361 1691 1411 1728 ita

365 1746 500 1783 scilicet
518 1746 620 1794 quod
639 1746 671 1794 *,
691 1747 784 1784 sicut
802 1746 962 1795 gravitas
981 1746 1107 1784 minor
1124 1758 1222 1795 quae
1243 1753 1298 1782 est
1316 1746 1348 1782 E
1369 1757 1410 1782 se

364 1801 476 1838 habet
493 1800 543 1837 ad
561 1799 742 1837 maiorem
760 1812 856 1848 quae
877 1808 931 1837 est
958 1800 1003 1847 G,
1033 1799 1080 1837 ita
1110 1811 1247 1848 corpus
1271 1799 1339 1836 BD
1368 1811 1409 1835 se

365 1856 500 1892 habeat
514 1855 534 1875 *
549 1854 596 1891 ad
616 1854 690 1891 BZ.
711 1854 758 1890 Et
786 1853 888 1902 quod
915 1854 988 1890 hoc
1006 1852 1088 1890 fieri
1106 1852 1243 1902 possit,
1273 1852 1412 1901 probat

366 1908 452 1958 quia
479 1920 501 1944 a
528 1919 684 1956 corpore
711 1906 855 1944 infinito
886 1913 1010 1956 potest
1041 1906 1175 1943 auferri
1209 1912 1410 1955 quantum-

367 1973 528 2010 cumque
556 1960 773 2009 oportuerit3
803 1972 849 1997 eo
877 1959 990 2011 quod,
1021 1959 1114 1996 sicut
1141 1959 1274 1997 dicitur
1300 1958 1339 1996 in
1359 1959 1409 1995 111

364 2014 509 2063 Physic.
531 2014 568 2061 ²¹²,
596 2013 781 2050 infinitum
817 2020 871 2050 est
902 2012 1007 2050 cuius
1043 2012 1287 2061 quantitatem
1314 2011 1411 2050 acci-

363 2067 550 2116 pientibus
577 2079 726 2115 semper
754 2074 808 2104 est
834 2066 974 2115 aliquid
1001 2073 1101 2103 extra
1127 2066 1308 2115 accipere.

418 2120 486 2157 His
504 2120 611 2168 igitur
628 2119 930 2169 praesuppositis,
950 2120 1260 2167 argumentatur*
1271 2119 1411 2157 ducen-

367 2172 416 2210 do
436 2174 482 2210 ad
501 2173 567 2210 tria
585 2172 900 2210 inconvenientia:
929 2172 1052 2222 primo
1072 2172 1225 2222 quidem
1245 2173 1309 2210 sic.
1335 2174 1411 2210 Ea-

368 2225 455 2263 dem
483 2233 536 2263 est
562 2226 753 2275 proportio
780 2225 1080 2274 magnitudinum
1107 2226 1291 2274 gravium,
1312 2239 1410 2276 quae

368 2286 422 2316 est
447 2278 613 2328 ipsarum
639 2279 877 2327 gravitatum:
897 2279 1072 2317 videmus
1092 2279 1193 2317 enim
1217 2280 1322 2329 quod
1341 2279 1411 2317 mi—

366 2343 436 2368 nor
462 2331 620 2380 gravitas
649 2340 702 2369 est
728 2332 882 2370 minoris
910 2332 1192 2381 magnitudinis,
1227 2341 1263 2371 et
1289 2334 1413 2371 maior

366 2383 528 2422 maioris.
549 2385 625 2422 Sed
645 2397 740 2434 quae
765 2393 819 2422 est
835 2385 1028 2435 proportio
1048 2387 1081 2423 E
1109 2387 1158 2424 ad
1187 2387 1233 2434 G,
1253 2387 1412 2424 minoris

367 2437 502 2474 scilicet
516 2438 700 2486 gravitatis
719 2439 768 2476 ad
786 2438 981 2486 maiorem,
999 2439 1133 2476 eadem
1150 2446 1205 2476 est
1218 2440 1412 2489 proportio

367 2491 434 2527 BD
454 2490 501 2527 ad
520 2492 603 2539 BZ,
623 2491 778 2528 minoris
806 2491 942 2528 scilicet
963 2492 1131 2541 corporis
1151 2493 1201 2530 ad
1218 2494 1353 2541 maius,
1372 2502 1414 2532 ut

369 2542 603 2591 suppositum
630 2551 701 2581 est:
727 2556 815 2581 cum
833 2543 941 2592 igitur
967 2545 1000 2582 E
1020 2545 1065 2582 sit
1092 2546 1252 2593 gravitas
1281 2559 1414 2596 corpo-

369 2595 418 2632 ris
445 2596 511 2632 BD
525 2625 534 2643 ,
562 2604 736 2645 sequetur
762 2597 866 2646 quod
901 2598 935 2635 G
967 2597 1012 2635 sit
1048 2598 1208 2647 gravitas
1245 2601 1415 2650 corporis

370 2648 445 2685 BZ.
474 2649 764 2697 Supponebatur
782 2658 907 2688 autem
937 2651 1042 2699 quod
1061 2659 1157 2690 esset
1180 2654 1341 2701 gravitas
1359 2662 1415 2692 to-

370 2700 443 2738 tius
470 2702 635 2750 corporis
661 2702 813 2740 infiniti:
843 2716 931 2752 ergo
955 2705 1118 2754 aequalis
1146 2718 1305 2744 numero
1321 2709 1340 2730 '¹‘
1355 2721 1416 2746 ea-

372 2754 460 2791 dem
488 2754 555 2791 erit
581 2756 740 2803 gravitas
768 2757 934 2806 corporis
957 2758 1051 2795 finiti
1071 2766 1107 2796 et
1124 2758 1268 2798 infiniti.
1298 2762 1414 2809 Quod

373 2814 427 2844 est
443 2807 729 2857 inconveniens,
755 2809 843 2859 quia
871 2818 1046 2858 sequetur
1063 2812 1168 2860 quod
1186 2821 1307 2851 totum
1327 2815 1416 2852 resi-

372 2860 490 2898 duum
510 2862 676 2911 corporis
694 2862 825 2900 infiniti
843 2862 932 2900 nihil
949 2864 1086 2902 habeat
1099 2866 1298 2914 gravitatis.
1314 2869 1416 2917 Ergo

372 2920 407 2950 et
432 2913 598 2962 primum
617 2922 671 2952 est
697 2915 940 2965 impossibile,
961 2917 1098 2955 scilicet
1116 2920 1221 2967 quod
1249 2922 1417 2971 corporis

371 2965 503 3004 infiniti
530 2967 575 3005 sit
601 2968 761 3016 gravitas
788 2969 905 3006 finita.

425 3019 598 3058 Secundo
617 3021 686 3058 ibi:
705 3022 837 3059 Adhuc
854 3028 978 3060 autem
996 3024 1031 3060 si
1046 3025 1199 3063 maioris
1214 3034 1296 3075 etc.,
1318 3027 1419 3066 ducit

374 3071 422 3108 ad
449 3072 547 3110 aliud
573 3073 852 3112 inconveniens.
874 3076 974 3123 Quia
1003 3077 1103 3114 enim
1128 3091 1151 3115 a
1179 3091 1337 3128 corpore
1365 3081 1418 3119 in-

374 3123 478 3160 finito
505 3133 627 3185 potest
653 3127 769 3177 accipi
797 3137 1146 3180 quantumcumque
1179 3132 1262 3180 quis
1289 3134 1420 3171 volue-

429 3262 453 3298 Θ)
472 3265 510 3291 sic
527 3272 590 3306 ergo
637 3267 671 3292 sit
687 3268 806 3300 gravitas
821 3271 853 3295 G.
865 3283 884 3289 -
895 3271 1017 3304 gravitas
1031 3277 1091 3305 post
1108 3272 1143 3298 sit
1160 3280 1214 3298 om.
1234 3274 1308 3300 codd.
1323 3282 1376 3300 exc.
1389 3276 1420 3301 Α.

378 3299 398 3323 Ρ
412 3298 497 3324 habet:
511 3304 550 3341 sit
567 3308 631 3334 ergo
648 3303 766 3335 gravitas
784 3305 901 3336 corporis
915 3306 973 3336 BD,
986 3307 1056 3339 quod
1073 3310 1112 3332 est
1125 3315 1192 3340 pars
1203 3308 1287 3341 finita
1300 3311 1390 3336 ablata
1404 3318 1421 3336 a

380 3341 488 3375 corpore
507 3335 615 3368 infinito,
633 3337 706 3362 cuius
717 3339 836 3370 gravitas
854 3343 892 3365 est
910 3341 998 3366 minor
1015 3350 1094 3375 quam
1107 3343 1142 3368 rit
1155 3345 1276 3377 gravitas
1297 3347 1336 3376 G,·
1354 3354 1421 3379 quae

380 3369 454 3394 lectio
471 3371 617 3402 interpolata
634 3372 740 3397 videtur.

413 3438 418 3444 .
433 3403 452 3438 ι)
467 3407 496 3429 ut
504 3405 599 3431 scilicet
611 3406 750 3432 dicatum·
759 3408 855 3434 scilicet
868 3417 921 3436 om.
933 3412 1006 3437 codd.
1018 3426 1038 3431 -
1046 3413 1101 3439 Lin.
1112 3421 1167 3447 seq.
1179 3422 1226 3447 pro
1239 3416 1422 3448 Accipiatur...

381 3438 470 3471 aliqua
479 3446 545 3471 pars
558 3448 623 3472 quae
636 3443 838 3474 superaddatur,
851 3446 1029 3477 Accipiatur...
1041 3450 1112 3480 quod
1130 3450 1328 3482 superaddatur
1346 3452 1421 3477 codd.

434 3474 459 3506 κ)
477 3475 581 3506 corpori
589 3476 651 3516 'BZ.
663 3490 682 3495 -
693 3478 845 3509 corporibus
864 3481 937 3506 codd.
951 3489 1002 3507 exc.
1015 3484 1071 3509 Asl.
1093 3485 1191 3510 Eodem
1210 3486 1288 3511 modo
1306 3487 1351 3512 lin.
1366 3494 1422 3520 eeq-

381 3509 806 3576 cozqseffssflntzzrgaioffussgpit
823 3514 843 3573 ξ)
860 3514 893 3574 ir:x
903 3522 997 3575 cq‘rpus
1015 3518 1039 3542 B
1057 3518 1195 3551 infinitum.
1239 3556 1244 3562 .
1359 3554 1362 3558 .
1406 3557 1411 3563 ⁸

383 3578 426 3603 B!
435 3576 499 3612 (AB
509 3551 651 3613 {3CF82'GpR
665 3563 740 3615 3⁰13)
759 3565 798 3607 est
815 3554 905 3610 ηιῑιῗίον,
917 3557 994 3618 quaerit
1004 3557 1424 3623 {rmau1525208r223iia3325r3313i3

1053 237 1123 273 DE
1153 233 1328 271 CAELO
1356 231 1427 268 ET
1456 225 1650 265 MUNDO
1680 225 1774 262 LIB.
1806 224 1820 259 Ι

1464 303 1521 350 rit,
1541 308 1582 338 ut
1610 300 1754 337 dictum
1784 307 1839 336 est
1859 300 1891 347 *,
1919 298 2125 347 accipiatur
2143 298 2271 336 adhuc
2294 300 2421 350 aliqua
2447 313 2537 351 pars
2563 313 2574 322 '

1464 353 1634 403 corporis
1653 352 1800 400 infiniti,
1830 364 1929 401 quae
1958 351 2237 400 superaddatur
2259 353 2412 403 corpori
2429 355 2494 392 BZ
2510 361 2536 403 ³²,

1465 415 1500 444 et
1536 407 1582 443 sit
1613 417 1736 442 unum
1775 417 1915 454 corpus
1942 405 1992 442 BI
2027 404 2179 442 finitum
2216 406 2342 444 maius
2374 419 2537 458 corpore

1463 459 1570 497 finito
1591 458 1697 507 quod
1717 465 1774 494 est
1795 458 1872 494 BZ.
1893 457 2052 495 Maioris
2075 466 2206 496 autem
2221 459 2394 509 corporis
2412 460 2538 498 maior

1464 520 1520 550 est
1547 511 1722 559 gravitas,
1742 517 1785 546 ut
1803 521 1918 559 supra
1939 511 1959 531 *
1980 510 2124 548 dictum
2153 519 2226 550 est:
2254 525 2344 561 ergo
2373 514 2538 562 gravitas
2565 523 2575 533 ·

1465 564 1634 614 corporis
1672 564 1719 599 Bl
1749 571 1805 600 est
1833 563 1958 601 maior
1994 577 2114 614 quam
2146 565 2312 614 gravitas
2341 567 2397 615 G,
2435 579 2536 616 quae

1466 616 1796 657 concludebatur*
1823 616 1989 664 gravitas
2009 630 2093 655 esse
2122 619 2293 669 corporis
2320 621 2384 658 BZ
2403 618 2428 657 λ.
2459 621 2537 659 Sed
2565 620 2575 630 '

1463 671 1589 721 primo
1618 670 1908 718 supponebatur
1935 671 2042 720 quod
2069 672 2104 709 G
2131 680 2212 710 erat
2239 673 2403 721 gravitas
2422 674 2538 712 totius

1466 723 1635 773 corporis
1662 722 1810 760 infiniti.
1837 723 1940 772 Ergo
1960 724 2126 772 gravitas
2147 726 2318 776 corporis
2346 727 2443 766 finiti
2470 727 2540 766 erit

1466 778 1588 814 maior
1620 788 1738 825 quam
1766 776 1931 824 gravitas
1960 778 2131 827 corporis
2158 779 2316 828 infiniti,
2345 781 2454 831 quod
2481 789 2543 819 est*

1465 829 1712 879 impossibile.
1733 830 1836 877 Ergo
1857 837 1895 867 et
1911 830 2080 879 primum
2097 833 2130 880 ³²,
2152 833 2293 871 scilicet
2319 835 2428 883 quod
2454 847 2538 884 gra-

1464 884 1561 922 vitas
1590 882 1760 932 corporis
1788 883 1926 921 infiniti
1953 884 2001 922 sit
2027 885 2147 923 finita.
2273 886 2277 893 '

1518 935 1649 973 Tertio
1677 935 1750 972 ibi:
1778 937 1831 973 Et
1856 938 2112 986 inaequalium
2142 947 2227 987 etc.,
2257 940 2361 978 ducit
2387 941 2438 980 ad
2465 949 2539 980 ter-

1465 990 1559 1027 tium
1579 989 1866 1039 inconveniens,
1887 990 2028 1029 scilicet
2050 994 2158 1041 quod
2177 993 2438 1042 inaequalium
2457 1008 2540 1034 ma-

1465 1042 1705 1092 gnitudinum
1733 1043 1780 1080 sit
1807 1043 1944 1082 eadem
1961 1046 2136 1093 gravitas.
2168 1047 2287 1094 Quod
2300 1048 2321 1069 *
2339 1048 2540 1087 manifeste

1465 1097 1634 1146 sequitur
1668 1108 1714 1134 ex
1741 1097 1982 1146 praemissis,
2012 1099 2103 1149 quia
2129 1099 2323 1138 infinitum
2353 1109 2408 1140 est
2436 1103 2540 1141 inae-

1464 1151 1577 1199 quale
1596 1149 1717 1199 finito,
1738 1162 1827 1187 cum
1845 1150 1892 1188 sit
1910 1151 2036 1190 maius
2055 1165 2114 1190 eo.
2135 1173 2160 1181 -
2180 1153 2304 1203 Unde,
2325 1167 2416 1194 curn
2443 1156 2542 1195 haec

1465 1204 1538 1240 sint
1564 1203 1826 1252 impossibilia,
1854 1203 2091 1254 impossibile
2120 1213 2176 1243 est
2203 1208 2375 1258 corporis
2402 1209 2541 1248 infiniti

1465 1269 1547 1294 esse
1576 1256 1800 1305 gravitatem
1828 1257 1990 1296 finitam.

1518 1322 1554 1358 7.
1575 1309 1726 1347 Deinde
1755 1323 1846 1348 cum
1875 1310 1981 1349 dicit:
2009 1312 2120 1350 Nihil
2145 1319 2273 1351 autem
2299 1314 2430 1365 differt
2454 1322 2539 1364 etc.,

1465 1363 1626 1400 excludit
1653 1363 1749 1401 duas
1776 1363 2018 1403 obviationes
2046 1373 2179 1404 contra
2201 1367 2456 1417 praemissam
2480 1380 2540 1408 ra-

1464 1417 1627 1454 tionem:
1654 1417 1783 1466 primo
1810 1417 1996 1467 primam3
2022 1419 2192 1458 secundo
2221 1421 2446 1472 secundam,
2466 1422 2539 1462 ibi:

1463 1470 1549 1508 Nec
1569 1470 1694 1519 utique
1711 1471 2013 1522 magnitudinem
2029 1475 2048 1492 ⁴·
2069 1481 2139 1511 etc.
2161 1473 2290 1512 Prima
2309 1482 2441 1514 autem
2469 1475 2539 1515 ob·
2566 1485 2580 1497 ⁸

1463 1523 1580 1561 viatio
1601 1531 1669 1573 est,
1689 1524 1780 1573 quia
1802 1533 2058 1575 supposuerat
2074 1526 2115 1565 in
2131 1528 2376 1577 praecedenti
2394 1528 2541 1568 ratione

1465 1578 1571 1626 quod
1598 1578 1763 1626 gravitas
1782 1578 1911 1616 minor
1929 1591 2028 1629 quae
2047 1588 2104 1618 est
2123 1581 2169 1630 E,
2190 1590 2386 1621 mensuret
2405 1595 2541 1622 secun-

1465 1631 1560 1668 dum
1579 1630 1746 1680 aliquem
1765 1644 1971 1670 numerum
1985 1634 2212 1682 gravitatem
2231 1636 2422 1675 maiorem
2439 1648 2543 1686 quae

1465 1692 1521 1721 est
1549 1684 1603 1722 G:
1632 1684 1739 1734 quod
1766 1685 1926 1734 quidem
1953 1687 2089 1738 aliquis
2115 1697 2247 1738 posset
2273 1702 2431 1739 negare:
2459 1701 2543 1729 non

1465 1737 1569 1775 enim
1589 1749 1706 1776 omne
1722 1739 1847 1776 maius
1864 1748 2108 1778 mensuratur
2126 1754 2150 1779 a
2163 1742 2316 1792 minori,
2331 1742 2423 1792 quia
2439 1742 2543 1783 linea

1464 1791 1578 1828 trium
1604 1792 1823 1840 palmarum
1851 1806 1933 1831 non
1959 1802 2157 1833 mensurat
2175 1796 2317 1835 lineam
2344 1803 2433 1835 octo
2459 1796 2542 1847 pal-

1462 1856 1628 1882 marum.
2382 1887 2384 1893 y

1518 1898 1631 1935 Hanc
1658 1905 1788 1936 autem
1808 1899 2071 1941 obviationem
2095 1903 2259 1942 excludit
2282 1902 2542 1954 Philosophus

1464 1950 1673 2002 dupliciter.
1712 1952 1844 1991 Primo
1884 1954 2043 2003 quidem
2077 1956 2167 2007 quia
2199 1956 2291 1995 nihil
2325 1956 2452 1995 differt
2489 1956 2542 1996 ad

1462 2004 1707 2055 propositum
1726 2013 1855 2044 utrum
1875 2007 1975 2046 duae
1999 2010 2216 2058 praedictae
2235 2009 2451 2059 gravitates,
2471 2009 2542 2049 sci-

1463 2058 1550 2096 licet
1567 2058 1693 2096 maior
1715 2067 1753 2097 et
1776 2060 1916 2109 minor,
1942 2062 2016 2100 sint
2037 2071 2381 2112 commensuratae,
2400 2062 2453 2103 ita
2470 2063 2542 2103 sei-

1463 2112 1550 2149 licet
1568 2112 1673 2162 quod
1697 2113 1826 2151 minor
1853 2124 2050 2154 mensuret
2077 2117 2284 2164 maiorem;
2312 2117 2376 2155 vel
2395 2116 2542 2156 incom-

1463 2173 1724 2215 mensuratae,
1753 2167 1895 2205 scilicet
1912 2175 1932 2196 μ
1951 2170 2057 2219 quod
2085 2171 2214 2209 minor
2241 2170 2432 2209 maiorem
2459 2182 2542 2210 non

1463 2226 1674 2257 mensuret:
1711 2220 1849 2259 eadem
1869 2222 1973 2260 enirn
2002 2224 2097 2262 ratio
2126 2224 2297 2274 sequitur
2322 2223 2540 2274 utrobique.

1465 2273 1634 2311 Necesse
1667 2280 1726 2311 est
1761 2274 1865 2312 enim
1901 2276 2008 2326 quod
2041 2277 2169 2316 minus
2206 2277 2404 2327 aliquoties
2435 2289 2541 2316 sum-

1463 2334 1574 2376 ptum
1611 2334 1677 2364 aut
1713 2337 1910 2367 mensuret
1946 2330 2072 2369 maius
2109 2339 2174 2369 aut
2206 2330 2365 2369 excedat
2391 2330 2541 2380 ipsum;

1465 2380 1561 2418 sieut
1593 2379 1760 2418 binarius
1801 2389 1858 2420 ter
1899 2391 2074 2434 sumptus
2115 2392 2313 2423 mensurat
2349 2383 2542 2423 senarium

1465 2437 1541 2482 (ter
1568 2433 1673 2472 enim
1707 2434 1786 2472 duo
1813 2444 1903 2474 sunt
1929 2440 2032 2486 sex),
2063 2438 2282 2488 quinarium
2302 2445 2433 2476 autem
2459 2449 2543 2476 non

1464 2495 1660 2525 mensurat
1695 2487 1765 2526 sed
1800 2490 1959 2529 excedit.
1995 2491 2059 2530 Sic
2086 2491 2217 2541 igitur,
2252 2491 2284 2529 si
2315 2490 2480 2540 gravitas
2506 2490 2543 2529 E

1466 2555 1546 2580 non
1572 2549 1769 2580 mensuret
1795 2543 2020 2593 gravitatem
2053 2545 2108 2594 G,
2142 2545 2189 2583 sit
2217 2545 2268 2583 ita
2301 2544 2409 2595 quod
2435 2549 2493 2584 ter
2522 2543 2544 2566 *
2570 2550 2581 2561 ·

1466 2602 1620 2644 sumpta
1637 2605 1834 2636 mensuret
1860 2598 2060 2647 quandam
2086 2598 2275 2637 maiorem
2302 2598 2542 2648 gravitatem,

1467 2662 1567 2700 quae
1596 2650 1743 2688 excedit
1770 2651 1996 2700 gravitatem
2024 2653 2071 2691 G.
2089 2653 2140 2691 Et
2158 2664 2206 2690 ex
2232 2653 2308 2691 hoc
2335 2651 2542 2702 sequitur‘

1467 2703 1741 2742 inconveniens
1768 2705 1866 2743 sicut
1882 2705 2000 2755 prius.
2027 2706 2130 2754 Quia
2157 2705 2188 2744 si
2221 2705 2544 2756 assumpserimus

1469 2770 1514 2796 ex
1543 2770 1705 2808 corpore
1737 2758 1886 2798 infinito
1915 2766 1990 2797 tres
2018 2759 2301 2809 magnitudines
2329 2757 2544 2798 secundum

1469 2811 1717 2862 quantitatem
1747 2813 1829 2862 BD,
1858 2812 2129 2861 magnitudinis
2149 2825 2196 2851 ex
2222 2813 2282 2851 his
2300 2812 2420 2851 tribus
2439 2823 2544 2851 com-

1468 2865 1615 2915 positae
1643 2865 1714 2904 erit
1741 2866 1852 2916 tripla
1879 2867 2044 2916 gravitas
2067 2866 2260 2916 gravitatis
2287 2867 2334 2915 E,
2355 2877 2455 2916 quae
2473 2877 2545 2916 po-

1470 2919 1569 2956 nitur
1597 2931 1679 2957 esse
1707 2919 1871 2969 gravitas
1900 2919 2071 2971 corporis
2098 2920 2182 2958 BD.
2211 2919 2390 2959 Gravitas
2413 2926 2545 2958 autem

1470 2972 1579 3022 tripla
1597 2974 1646 3011 ad
1674 2974 1708 3011 E
1738 2981 1795 3012 est
1812 2973 1938 3012 maior
1964 2973 2180 3012 secundum
2202 2972 2398 3023 praedicta
2425 2984 2545 3023 quam

1471 3025 1634 3074 gravitas
1645 3027 1692 3075 G,
1703 3039 1804 3076 quae
1815 3034 1871 3065 est
1885 3027 2051 3076 gravitas
2066 3027 2238 3077 corporis
2252 3026 2400 3065 infiniti.
2412 3026 2544 3074 Quare

1472 3079 1640 3128 sequitur
1653 3080 1758 3118 idem
1774 3080 2010 3130 impossibile
2030 3081 2137 3130 quod
2150 3080 2268 3130 prius,
2280 3080 2422 3118 scilicet
2437 3077 2547 3129 quod

1472 3133 1595 3170 maior
1614 3133 1661 3171 sit
1687 3134 1853 3183 gravitas
1881 3134 2052 3185 eorporis
2071 3134 2167 3172 finiti
2186 3146 2305 3184 quam
2323 3131 2472 3171 infiniti.

1473 3281 1530 3302 tunt
1548 3285 1643 3310 nempe
1664 3279 1690 3302 G
1707 3284 1776 3311 quae
1793 3276 2003 3303 concIudebatur
2023 3276 2148 3310 gravitas
2165 3282 2230 3305 esee,
2244 3274 2315 3309 quod
2334 3273 2480 3308 aequivalet
2497 3272 2546 3299 ho-

1475 3313 1625 3338 moteleuto.
1636 3327 1655 3332 -
1669 3313 1732 3338 Post
1750 3320 1829 3338 unam
1849 3313 1894 3338 lin.
1915 3313 1990 3346 Ergo
2012 3312 2136 3347 gravitas
2159 3315 2216 3341 etc..
2234 3311 2258 3336 A
2276 3309 2367 3335 habet:
2388 3309 2464 3343 Ergo
2481 3315 2548 3343 gm-

1474 3347 1543 3372 vitas
1556 3349 1677 3381 corporis
1683 3348 1761 3382 finiti
1773 3351 1800 3374 et
1819 3348 1916 3382 infiniti
1934 3351 1974 3374 ese
1985 3347 2119 3381 aequalis,
2138 3346 2212 3380 quod
2222 3349 2263 3372 est
2277 3344 2450 3378 n'mpossibim
2469 3344 2547 3376 male,

1475 3390 1535 3407 nam
1554 3383 1603 3408 hoc
1622 3389 1676 3409 erat
1694 3385 1809 3417 primum
1829 3391 1859 3409 ex
1878 3383 1960 3409 tribus
1973 3381 2223 3413 inconvenientibus,
2236 3388 2304 3415 quae
2322 3381 2348 3406 in
2367 3380 2417 3406 hoc
2435 3386 2548 3406 numero

1475 3418 1684 3478 gemonstrantur
1698 3419 1822 3453 consequi
1837 3419 1869 3445 ad
1883 3419 2041 3452 positionem
2059 3418 2131 3452 quod
2150 3417 2266 3451 eorporis
2279 3415 2369 3442 infiniti
2382 3416 2416 3442 eit
2433 3415 2547 3450 gravitas

1494 3453 1554 3478 nita.
1567 3454 1606 3480 Cf.
1625 3462 1656 3479 su
1676 3462 1713 3480 ra.

1529 3489 1557 3523 μ)
1576 3463 1676 3515 sciliceFi
1694 3490 1781 3515 maior
1794 3493 1821 3516 et
1834 3490 1955 3516 minor...
1968 3489 2074 3516 scilicet.
2084 3501 2103 3510 -
2114 3488 2135 3514 P
2150 3487 2241 3514 habet:
2260 3487 2360 3514 scilicet
2371 3486 2445 3521 quod
2457 3485 2546 3512 mato·-

1476 3527 1502 3549 et
1520 3524 1608 3550 minor
1625 3525 1680 3550 sint
1697 3529 1935 3555 commensuratae,
1952 3525 1991 3551 sic
2008 3524 2108 3551 remeet
2125 3523 2199 3557 quod
2217 3523 2305 3549 minor
2324 3523 2453 3549 marom
2471 3528 2545 3548 men-

1477 3562 1557 3590 suret,
1571 3561 1612 3585 vel
1629 3561 1701 3593 quod
1718 3561 1773 3586 sint
1791 3562 2057 3590 incommensuratae,
2071 3559 2111 3585 εἰσ
2128 3558 2240 3590 stilicen
2259 3566 2326 3592 quae
2345 3558 2420 3584 lectio
2438 3557 2465 3583 ia
2483 3564 2550 3583 eon-

1478 3598 1546 3619 textu
1564 3595 1666 3620 videtur
1684 3596 1770 3622 minus
1789 3597 1907 3630 expedita
1925 3603 2006 3630 quern
2024 3596 2058 3621 eit
2075 3595 2152 3621 lectio
2170 3602 2201 3620 ex
2219 3595 2295 3620 codd.
2309 3594 2438 3628 adoptata.

2566 848 2576 857 '¹
2591 847 2667 876 ἰριαιι
2679 852 2704 870 r.

2566 1053 2668 1105 {affl}
2685 1052 2782 1114 *Ὺ

2591 1483 2707 1514 καφ,

2570 2655 2741 2680 ·mr..
2780 2663 2782 2666 ·
