<?xml version="1.0" encoding="UTF-8"?>
<!DOCTYPE html PUBLIC "-//W3C//DTD XHTML 1.0 Transitional//EN"
    "http://www.w3.org/TR/xhtml1/DTD/xhtml1-transitional.dtd">
<html xmlns="http://www.w3.org/1999/xhtml" xml:lang="en" lang="en">
 <head>
  <title>
</title>
<meta http-equiv="Content-Type" content="text/html;charset=utf-8" />
  <meta name='ocr-system' content='tesseract 3.04.00' />
  <meta name='ocr-capabilities' content='ocr_page ocr_carea ocr_par ocr_line ocrx_word'/>
</head>
<body>
  <div class='ocr_page' id='page_1' title='image "./operaomniaiussui03thom/operaomniaiussui03thom_0345.png"; bbox 0 0 2782 4134; ppageno 0'>
   <div class='ocr_carea' id='block_1_1' title="bbox 17 919 230 947">
    <p class='ocr_par' dir='ltr' id='par_1_1' title="bbox 17 919 230 947">
     <span class='ocr_line' id='line_1_1' title="bbox 17 919 230 947; baseline -0.014 -4"><span class='ocrx_word' id='word_1_1' title='bbox 17 919 230 947; x_wconf 55' lang='lat' dir='ltr'>’Quintus-</span> 
     </span>
    </p>
   </div>
   <div class='ocr_carea' id='block_1_2' title="bbox 0 1384 33 1504">
    <p class='ocr_par' dir='ltr' id='par_1_2' title="bbox 0 1384 33 1504">
     <span class='ocr_line' id='line_1_2' title="bbox 0 1384 33 1504; baseline 0 -88"><span class='ocrx_word' id='word_1_2' title='bbox 0 1384 33 1504; x_wconf 95' lang='lat' dir='ltr'>   </span> 
     </span>
    </p>
   </div>
   <div class='ocr_carea' id='block_1_3' title="bbox 6 1378 208 1482">
    <p class='ocr_par' dir='ltr' id='par_1_3' title="bbox 6 1378 208 1482">
     <span class='ocr_line' id='line_1_3' title="bbox 6 1378 208 1426; baseline -0.005 -6"><span class='ocrx_word' id='word_1_3' title='bbox 6 1378 10 1390; x_wconf 51' lang='lat'><em>&#39;</em></span> <span class='ocrx_word' id='word_1_4' title='bbox 35 1397 144 1426; x_wconf 58' lang='lat' dir='ltr'>,estet</span> <span class='ocrx_word' id='word_1_5' title='bbox 153 1402 208 1420; x_wconf 71' lang='grc' dir='ltr'>ιω.</span> 
     </span>
     <span class='ocr_line' id='line_1_4' title="bbox 11 1448 149 1482; baseline 0 0"><span class='ocrx_word' id='word_1_6' title='bbox 11 1448 114 1482; x_wconf 42' lang='lat' dir='ltr'>&amp;pm</span> <span class='ocrx_word' id='word_1_7' title='bbox 125 1455 149 1473; x_wconf 66' lang='grc' dir='ltr'>Α·</span> 
     </span>
    </p>
   </div>
   <div class='ocr_carea' id='block_1_4' title="bbox 1125 277 1583 355">
    <p class='ocr_par' dir='ltr' id='par_1_4' title="bbox 1125 277 1583 355">
     <span class='ocr_line' id='line_1_5' title="bbox 1125 277 1583 355; baseline 0 -12"><span class='ocrx_word' id='word_1_8' title='bbox 1125 306 1237 343; x_wconf 85' lang='lat' dir='ltr'>CAP.</span> <span class='ocrx_word' id='word_1_9' title='bbox 1268 306 1336 355; x_wconf 85' lang='lat' dir='ltr'>1v,</span> <span class='ocrx_word' id='word_1_10' title='bbox 1367 277 1527 344; x_wconf 56' lang='lat' dir='ltr'>LECT.</span> <span class='ocrx_word' id='word_1_11' title='bbox 1547 307 1583 343; x_wconf 88' lang='lat' dir='ltr'><strong>x</strong></span> 
     </span>
    </p>
   </div>
   <div class='ocr_carea' id='block_1_5' title="bbox 256 383 1325 1227">
    <p class='ocr_par' dir='ltr' id='par_1_5' title="bbox 256 383 1325 1227">
     <span class='ocr_line' id='line_1_6' title="bbox 259 383 1323 432; baseline 0.002 -12"><span class='ocrx_word' id='word_1_12' title='bbox 259 389 295 420; x_wconf 91' lang='lat' dir='ltr'>et</span> <span class='ocrx_word' id='word_1_13' title='bbox 312 390 447 432; x_wconf 90' lang='lat' dir='ltr'>postea</span> <span class='ocrx_word' id='word_1_14' title='bbox 465 383 538 420; x_wconf 89' lang='lat' dir='ltr'>alia</span> <span class='ocrx_word' id='word_1_15' title='bbox 566 383 778 420; x_wconf 91' lang='lat' dir='ltr'>secundum</span> <span class='ocrx_word' id='word_1_16' title='bbox 799 395 916 431; x_wconf 88' lang='lat' dir='ltr'>quarn</span> <span class='ocrx_word' id='word_1_17' title='bbox 937 391 991 420; x_wconf 94' lang='lat' dir='ltr'>est</span> <span class='ocrx_word' id='word_1_18' title='bbox 1011 384 1221 422; x_wconf 87' lang='lat' dir='ltr'>animatum</span> <span class='ocrx_word' id='word_1_19' title='bbox 1243 398 1323 422; x_wconf 93' lang='lat' dir='ltr'>cor-</span> 
     </span>
     <span class='ocr_line' id='line_1_7' title="bbox 257 435 1324 484; baseline 0.003 -12"><span class='ocrx_word' id='word_1_20' title='bbox 257 448 351 484; x_wconf 93' lang='lat' dir='ltr'>pus,</span> <span class='ocrx_word' id='word_1_21' title='bbox 382 443 418 472; x_wconf 92' lang='lat' dir='ltr'>et</span> <span class='ocrx_word' id='word_1_22' title='bbox 445 435 498 472; x_wconf 88' lang='lat' dir='ltr'>sic</span> <span class='ocrx_word' id='word_1_23' title='bbox 526 436 573 473; x_wconf 90' lang='lat' dir='ltr'>de</span> <span class='ocrx_word' id='word_1_24' title='bbox 602 435 692 473; x_wconf 85' lang='lat' dir='ltr'>aliis.</span> <span class='ocrx_word' id='word_1_25' title='bbox 729 436 829 472; x_wconf 93' lang='lat' dir='ltr'>Cum</span> <span class='ocrx_word' id='word_1_26' title='bbox 860 436 960 472; x_wconf 92' lang='lat' dir='ltr'>enim</span> <span class='ocrx_word' id='word_1_27' title='bbox 979 441 996 463; x_wconf 63' lang='grc' dir='ltr'><strong><em>χ</em></strong></span> <span class='ocrx_word' id='word_1_28' title='bbox 1024 437 1126 474; x_wconf 90' lang='lat' dir='ltr'>idem</span> <span class='ocrx_word' id='word_1_29' title='bbox 1157 438 1202 474; x_wconf 89' lang='lat' dir='ltr'>sit</span> <span class='ocrx_word' id='word_1_30' title='bbox 1235 451 1324 475; x_wconf 93' lang='lat' dir='ltr'>con-</span> 
     </span>
     <span class='ocr_line' id='line_1_8' title="bbox 259 488 1324 539; baseline 0.003 -14"><span class='ocrx_word' id='word_1_31' title='bbox 259 488 410 525; x_wconf 90' lang='lat' dir='ltr'>stituere</span> <span class='ocrx_word' id='word_1_32' title='bbox 439 488 688 525; x_wconf 82' lang='lat' dir='ltr'>substantiam</span> <span class='ocrx_word' id='word_1_33' title='bbox 719 496 754 525; x_wconf 92' lang='lat' dir='ltr'>et</span> <span class='ocrx_word' id='word_1_34' title='bbox 781 489 904 525; x_wconf 87' lang='lat' dir='ltr'>facere</span> <span class='ocrx_word' id='word_1_35' title='bbox 933 489 1008 526; x_wconf 89' lang='lat' dir='ltr'>hoc</span> <span class='ocrx_word' id='word_1_36' title='bbox 1035 490 1189 538; x_wconf 92' lang='lat' dir='ltr'>aliquid,</span> <span class='ocrx_word' id='word_1_37' title='bbox 1219 491 1324 539; x_wconf 92' lang='lat' dir='ltr'>quod</span> 
     </span>
     <span class='ocr_line' id='line_1_9' title="bbox 256 541 1325 591; baseline 0.002 -13"><span class='ocrx_word' id='word_1_38' title='bbox 256 541 419 590; x_wconf 89' lang='lat' dir='ltr'>pertinet</span> <span class='ocrx_word' id='word_1_39' title='bbox 441 541 494 579; x_wconf 87' lang='lat' dir='ltr'>ad</span> <span class='ocrx_word' id='word_1_40' title='bbox 518 541 767 578; x_wconf 88' lang='lat' dir='ltr'>substantiam</span> <span class='ocrx_word' id='word_1_41' title='bbox 794 541 1075 590; x_wconf 87' lang='lat' dir='ltr'>particularem,</span> <span class='ocrx_word' id='word_1_42' title='bbox 1104 550 1325 591; x_wconf 86' lang='lat' dir='ltr'>sequeretur</span> 
     </span>
     <span class='ocr_line' id='line_1_10' title="bbox 259 594 1322 644; baseline 0.001 -13"><span class='ocrx_word' id='word_1_43' title='bbox 259 594 365 642; x_wconf 93' lang='lat' dir='ltr'>quod</span> <span class='ocrx_word' id='word_1_44' title='bbox 392 594 517 644; x_wconf 91' lang='lat' dir='ltr'>prima</span> <span class='ocrx_word' id='word_1_45' title='bbox 544 594 686 642; x_wconf 91' lang='lat' dir='ltr'>forma,</span> <span class='ocrx_word' id='word_1_46' title='bbox 717 606 815 643; x_wconf 89' lang='lat' dir='ltr'>quae</span> <span class='ocrx_word' id='word_1_47' title='bbox 845 594 1034 631; x_wconf 91' lang='lat' dir='ltr'>constituit</span> <span class='ocrx_word' id='word_1_48' title='bbox 1062 596 1322 643; x_wconf 85' lang='lat' dir='ltr'>substantiam,</span> 
     </span>
     <span class='ocr_line' id='line_1_11' title="bbox 258 647 1323 697; baseline 0 -13"><span class='ocrx_word' id='word_1_49' title='bbox 258 648 398 684; x_wconf 84' lang='lat' dir='ltr'>faceret</span> <span class='ocrx_word' id='word_1_50' title='bbox 414 648 491 684; x_wconf 90' lang='lat' dir='ltr'>hoc</span> <span class='ocrx_word' id='word_1_51' title='bbox 510 647 662 696; x_wconf 90' lang='lat' dir='ltr'>aliquid,</span> <span class='ocrx_word' id='word_1_52' title='bbox 683 647 789 697; x_wconf 92' lang='lat' dir='ltr'>quod</span> <span class='ocrx_word' id='word_1_53' title='bbox 818 654 873 684; x_wconf 90' lang='lat' dir='ltr'>est</span> <span class='ocrx_word' id='word_1_54' title='bbox 900 647 1114 684; x_wconf 90' lang='lat' dir='ltr'>subiectum</span> <span class='ocrx_word' id='word_1_55' title='bbox 1134 655 1221 684; x_wconf 87' lang='lat' dir='ltr'>actu</span> <span class='ocrx_word' id='word_1_56' title='bbox 1249 649 1323 684; x_wconf 86' lang='lat' dir='ltr'>exi-</span> 
     </span>
     <span class='ocr_line' id='line_1_12' title="bbox 259 699 1324 749; baseline 0.001 -13"><span class='ocrx_word' id='word_1_57' title='bbox 259 707 381 737; x_wconf 88' lang='lat' dir='ltr'>stens:</span> <span class='ocrx_word' id='word_1_58' title='bbox 413 707 449 737; x_wconf 91' lang='lat' dir='ltr'>et</span> <span class='ocrx_word' id='word_1_59' title='bbox 466 700 518 737; x_wconf 89' lang='lat' dir='ltr'>ita</span> <span class='ocrx_word' id='word_1_60' title='bbox 536 701 683 738; x_wconf 83' lang='lat' dir='ltr'>formae</span> <span class='ocrx_word' id='word_1_61' title='bbox 706 699 936 749; x_wconf 87' lang='lat' dir='ltr'>posteriores</span> <span class='ocrx_word' id='word_1_62' title='bbox 955 700 1181 738; x_wconf 85' lang='lat' dir='ltr'>advenirent</span> <span class='ocrx_word' id='word_1_63' title='bbox 1199 701 1324 737; x_wconf 91' lang='lat' dir='ltr'>subie-</span> 
     </span>
     <span class='ocr_line' id='line_1_13' title="bbox 258 753 1324 801; baseline 0.001 -12"><span class='ocrx_word' id='word_1_64' title='bbox 258 759 318 789; x_wconf 92' lang='lat' dir='ltr'>cto</span> <span class='ocrx_word' id='word_1_65' title='bbox 333 753 588 801; x_wconf 74' lang='lat' dir='ltr'>permanenti,</span> <span class='ocrx_word' id='word_1_66' title='bbox 610 761 646 790; x_wconf 90' lang='lat' dir='ltr'>et</span> <span class='ocrx_word' id='word_1_67' title='bbox 664 753 876 790; x_wconf 85' lang='lat' dir='ltr'>secundum</span> <span class='ocrx_word' id='word_1_68' title='bbox 896 765 960 790; x_wconf 92' lang='lat' dir='ltr'>eas</span> <span class='ocrx_word' id='word_1_69' title='bbox 981 760 1079 790; x_wconf 91' lang='lat' dir='ltr'>esset</span> <span class='ocrx_word' id='word_1_70' title='bbox 1097 753 1216 801; x_wconf 88' lang='lat' dir='ltr'>magis</span> <span class='ocrx_word' id='word_1_71' title='bbox 1236 754 1324 790; x_wconf 89' lang='lat' dir='ltr'>alte-</span> 
     </span>
     <span class='ocr_line' id='line_1_14' title="bbox 258 805 1324 855; baseline 0 -13"><span class='ocrx_word' id='word_1_72' title='bbox 258 805 352 842; x_wconf 85' lang='lat' dir='ltr'>ratio</span> <span class='ocrx_word' id='word_1_73' title='bbox 381 818 499 854; x_wconf 91' lang='lat' dir='ltr'>quam</span> <span class='ocrx_word' id='word_1_74' title='bbox 518 807 723 854; x_wconf 90' lang='lat' dir='ltr'>generatio,</span> <span class='ocrx_word' id='word_1_75' title='bbox 741 806 953 843; x_wconf 89' lang='lat' dir='ltr'>secundum</span> <span class='ocrx_word' id='word_1_76' title='bbox 975 805 1186 843; x_wconf 87' lang='lat' dir='ltr'>doctrinam</span> <span class='ocrx_word' id='word_1_77' title='bbox 1207 818 1324 855; x_wconf 86' lang='lat' dir='ltr'>quam</span> 
     </span>
     <span class='ocr_line' id='line_1_15' title="bbox 257 858 1322 908; baseline 0 -13"><span class='ocrx_word' id='word_1_78' title='bbox 257 858 319 895; x_wconf 91' lang='lat' dir='ltr'>hic</span> <span class='ocrx_word' id='word_1_79' title='bbox 341 858 563 896; x_wconf 92' lang='lat' dir='ltr'>Aristoteles</span> <span class='ocrx_word' id='word_1_80' title='bbox 590 859 713 897; x_wconf 91' lang='lat' dir='ltr'>tradit.</span> <span class='ocrx_word' id='word_1_81' title='bbox 732 880 752 887; x_wconf 95' lang='lat'>—</span> <span class='ocrx_word' id='word_1_82' title='bbox 773 860 842 895; x_wconf 92' lang='lat' dir='ltr'>Est</span> <span class='ocrx_word' id='word_1_83' title='bbox 865 871 954 907; x_wconf 88' lang='lat' dir='ltr'>ergo</span> <span class='ocrx_word' id='word_1_84' title='bbox 975 858 1181 896; x_wconf 90' lang='lat' dir='ltr'>dicendum</span> <span class='ocrx_word' id='word_1_85' title='bbox 1206 859 1322 908; x_wconf 93' lang='lat' dir='ltr'>quod,</span> 
     </span>
     <span class='ocr_line' id='line_1_16' title="bbox 258 911 1325 960; baseline 0.001 -12"><span class='ocrx_word' id='word_1_86' title='bbox 258 911 355 948; x_wconf 88' lang='lat' dir='ltr'>sicut</span> <span class='ocrx_word' id='word_1_87' title='bbox 368 911 514 960; x_wconf 81' lang='lat' dir='ltr'>supra*</span> <span class='ocrx_word' id='word_1_88' title='bbox 528 911 671 949; x_wconf 91' lang='lat' dir='ltr'>dietum</span> <span class='ocrx_word' id='word_1_89' title='bbox 693 919 760 960; x_wconf 92' lang='lat' dir='ltr'>est,</span> <span class='ocrx_word' id='word_1_90' title='bbox 776 912 924 949; x_wconf 88' lang='lat' dir='ltr'>formae</span> <span class='ocrx_word' id='word_1_91' title='bbox 939 912 1202 949; x_wconf 83' lang='lat' dir='ltr'>substantiales</span> <span class='ocrx_word' id='word_1_92' title='bbox 1218 911 1325 949; x_wconf 87' lang='lat' dir='ltr'>diffe-</span> 
     </span>
     <span class='ocr_line' id='line_1_17' title="bbox 259 964 1325 1016; baseline 0 -14"><span class='ocrx_word' id='word_1_93' title='bbox 259 972 346 1002; x_wconf 91' lang='lat' dir='ltr'>runt</span> <span class='ocrx_word' id='word_1_94' title='bbox 373 965 586 1002; x_wconf 86' lang='lat' dir='ltr'>secundum</span> <span class='ocrx_word' id='word_1_95' title='bbox 614 965 815 1016; x_wconf 85' lang='lat' dir='ltr'>perfectius</span> <span class='ocrx_word' id='word_1_96' title='bbox 845 972 882 1002; x_wconf 91' lang='lat' dir='ltr'>et</span> <span class='ocrx_word' id='word_1_97' title='bbox 908 964 1175 1014; x_wconf 85' lang='lat' dir='ltr'>imperfectius.</span> <span class='ocrx_word' id='word_1_98' title='bbox 1207 965 1325 1012; x_wconf 90' lang='lat' dir='ltr'>Quod</span> 
     </span>
     <span class='ocr_line' id='line_1_18' title="bbox 258 1018 1325 1068; baseline 0 -14"><span class='ocrx_word' id='word_1_99' title='bbox 258 1024 387 1055; x_wconf 89' lang='lat' dir='ltr'>autem</span> <span class='ocrx_word' id='word_1_100' title='bbox 417 1025 473 1054; x_wconf 92' lang='lat' dir='ltr'>est</span> <span class='ocrx_word' id='word_1_101' title='bbox 499 1018 713 1067; x_wconf 91' lang='lat' dir='ltr'>perfectius,</span> <span class='ocrx_word' id='word_1_102' title='bbox 738 1025 864 1068; x_wconf 88' lang='lat' dir='ltr'>potest</span> <span class='ocrx_word' id='word_1_103' title='bbox 891 1018 1076 1068; x_wconf 91' lang='lat' dir='ltr'>quidquid</span> <span class='ocrx_word' id='word_1_104' title='bbox 1101 1025 1228 1067; x_wconf 92' lang='lat' dir='ltr'>potest</span> <span class='ocrx_word' id='word_1_105' title='bbox 1255 1018 1325 1054; x_wconf 91' lang='lat' dir='ltr'>im-</span> 
     </span>
     <span class='ocr_line' id='line_1_19' title="bbox 256 1069 1324 1121; baseline 0 -13"><span class='ocrx_word' id='word_1_106' title='bbox 256 1070 458 1121; x_wconf 86' lang='lat' dir='ltr'>perfectius</span> <span class='ocrx_word' id='word_1_107' title='bbox 477 1069 505 1119; x_wconf 68' lang='grc' dir='ltr'>Ψ,</span> <span class='ocrx_word' id='word_1_108' title='bbox 537 1079 573 1108; x_wconf 91' lang='lat' dir='ltr'>et</span> <span class='ocrx_word' id='word_1_109' title='bbox 599 1071 725 1109; x_wconf 88' lang='lat' dir='ltr'>adhuc</span> <span class='ocrx_word' id='word_1_110' title='bbox 753 1071 937 1120; x_wconf 83' lang='lat' dir='ltr'>amplius:</span> <span class='ocrx_word' id='word_1_111' title='bbox 965 1071 1068 1109; x_wconf 92' lang='lat' dir='ltr'>unde</span> <span class='ocrx_word' id='word_1_112' title='bbox 1097 1071 1221 1108; x_wconf 90' lang='lat' dir='ltr'>forma</span> <span class='ocrx_word' id='word_1_113' title='bbox 1239 1083 1324 1120; x_wconf 90' lang='lat' dir='ltr'>per-</span> 
     </span>
     <span class='ocr_line' id='line_1_20' title="bbox 257 1123 1324 1174; baseline 0 -14"><span class='ocrx_word' id='word_1_114' title='bbox 257 1123 390 1161; x_wconf 87' lang='lat' dir='ltr'>fectior</span> <span class='ocrx_word' id='word_1_115' title='bbox 408 1136 508 1174; x_wconf 87' lang='lat' dir='ltr'>quae</span> <span class='ocrx_word' id='word_1_116' title='bbox 536 1124 623 1162; x_wconf 89' lang='lat' dir='ltr'>facit</span> <span class='ocrx_word' id='word_1_117' title='bbox 652 1124 876 1173; x_wconf 88' lang='lat' dir='ltr'>animatum,</span> <span class='ocrx_word' id='word_1_118' title='bbox 904 1131 1030 1174; x_wconf 86' lang='lat' dir='ltr'>potest</span> <span class='ocrx_word' id='word_1_119' title='bbox 1058 1124 1172 1161; x_wconf 91' lang='lat' dir='ltr'>etiam</span> <span class='ocrx_word' id='word_1_120' title='bbox 1200 1123 1324 1160; x_wconf 89' lang='lat' dir='ltr'>facere</span> 
     </span>
     <span class='ocr_line' id='line_1_21' title="bbox 259 1176 1324 1227; baseline -0.001 -13"><span class='ocrx_word' id='word_1_121' title='bbox 259 1187 414 1226; x_wconf 91' lang='lat' dir='ltr'>corpus,</span> <span class='ocrx_word' id='word_1_122' title='bbox 444 1178 550 1226; x_wconf 92' lang='lat' dir='ltr'>quod</span> <span class='ocrx_word' id='word_1_123' title='bbox 578 1177 666 1215; x_wconf 87' lang='lat' dir='ltr'>facit</span> <span class='ocrx_word' id='word_1_124' title='bbox 692 1178 817 1215; x_wconf 87' lang='lat' dir='ltr'>forma</span> <span class='ocrx_word' id='word_1_125' title='bbox 845 1177 1101 1227; x_wconf 89' lang='lat' dir='ltr'>imperfectior</span> <span class='ocrx_word' id='word_1_126' title='bbox 1127 1176 1324 1214; x_wconf 86' lang='lat' dir='ltr'>inanimati</span> 
     </span>
    </p>
   </div>
   <div class='ocr_carea' id='block_1_6' title="bbox 178 1229 1325 1333">
    <p class='ocr_par' dir='ltr' id='par_1_6' title="bbox 178 1229 1325 1333">
     <span class='ocr_line' id='line_1_22' title="bbox 178 1229 1325 1280; baseline 0 -14"><span class='ocrx_word' id='word_1_127' title='bbox 178 1254 186 1261; x_wconf 89' lang='lat'><strong>·</strong></span> <span class='ocrx_word' id='word_1_128' title='bbox 222 1254 229 1260; x_wconf 91' lang='lat'>-</span> <span class='ocrx_word' id='word_1_129' title='bbox 259 1229 442 1280; x_wconf 62' lang='lat' dir='ltr'>corporis.</span> <span class='ocrx_word' id='word_1_130' title='bbox 454 1231 512 1267; x_wconf 78' lang='lat' dir='ltr'>Et</span> <span class='ocrx_word' id='word_1_131' title='bbox 523 1230 584 1267; x_wconf 74' lang='lat' dir='ltr'>sic</span> <span class='ocrx_word' id='word_1_132' title='bbox 603 1231 706 1268; x_wconf 91' lang='lat' dir='ltr'>nulla</span> <span class='ocrx_word' id='word_1_133' title='bbox 725 1231 849 1268; x_wconf 86' lang='lat' dir='ltr'>forma</span> <span class='ocrx_word' id='word_1_134' title='bbox 868 1230 1121 1268; x_wconf 89' lang='lat' dir='ltr'>substantialis</span> <span class='ocrx_word' id='word_1_135' title='bbox 1141 1229 1325 1267; x_wconf 78' lang='lat' dir='ltr'>advenit*</span> 
     </span>
     <span class='ocr_line' id='line_1_23' title="bbox 209 1279 1324 1333; baseline -0.001 -13"><span class='ocrx_word' id='word_1_136' title='bbox 209 1306 215 1313; x_wconf 93' lang='lat'>·</span> <span class='ocrx_word' id='word_1_137' title='bbox 249 1279 428 1320; x_wconf 61' lang='lat' dir='ltr'>‘subiecto</span> <span class='ocrx_word' id='word_1_138' title='bbox 466 1282 506 1320; x_wconf 90' lang='lat' dir='ltr'>in</span> <span class='ocrx_word' id='word_1_139' title='bbox 540 1291 627 1321; x_wconf 85' lang='lat' dir='ltr'>actu</span> <span class='ocrx_word' id='word_1_140' title='bbox 664 1283 858 1322; x_wconf 86' lang='lat' dir='ltr'>existenti:</span> <span class='ocrx_word' id='word_1_141' title='bbox 896 1295 968 1321; x_wconf 92' lang='lat' dir='ltr'>nec</span> <span class='ocrx_word' id='word_1_142' title='bbox 1002 1282 1278 1333; x_wconf 85' lang='lat' dir='ltr'>praesupponit</span> <span class='ocrx_word' id='word_1_143' title='bbox 1304 1283 1324 1304; x_wconf 73' lang='lat'>’¹‘</span> 
     </span>
    </p>
   </div>
   <div class='ocr_carea' id='block_1_7' title="bbox 257 1335 1323 1544">
    <p class='ocr_par' dir='ltr' id='par_1_7' title="bbox 257 1335 1323 1544">
     <span class='ocr_line' id='line_1_24' title="bbox 257 1335 1322 1383; baseline -0.001 -9"><span class='ocrx_word' id='word_1_144' title='bbox 257 1336 371 1375; x_wconf 88' lang='lat' dir='ltr'>aliam</span> <span class='ocrx_word' id='word_1_145' title='bbox 397 1337 562 1375; x_wconf 88' lang='lat' dir='ltr'>formam</span> <span class='ocrx_word' id='word_1_146' title='bbox 593 1337 901 1374; x_wconf 89' lang='lat' dir='ltr'>communiorem</span> <span class='ocrx_word' id='word_1_147' title='bbox 934 1336 1082 1374; x_wconf 90' lang='lat' dir='ltr'>realiter</span> <span class='ocrx_word' id='word_1_148' title='bbox 1118 1335 1322 1383; x_wconf 88' lang='lat' dir='ltr'>diversam,</span> 
     </span>
     <span class='ocr_line' id='line_1_25' title="bbox 258 1388 1323 1440; baseline -0.002 -13"><span class='ocrx_word' id='word_1_149' title='bbox 258 1401 356 1440; x_wconf 87' lang='lat' dir='ltr'>quae</span> <span class='ocrx_word' id='word_1_150' title='bbox 371 1389 586 1439; x_wconf 77' lang='lat' dir='ltr'>pertineat*</span> <span class='ocrx_word' id='word_1_151' title='bbox 604 1390 655 1428; x_wconf 92' lang='lat' dir='ltr'>ad</span> <span class='ocrx_word' id='word_1_152' title='bbox 669 1389 1014 1428; x_wconf 87' lang='lat' dir='ltr'>considerationem</span> <span class='ocrx_word' id='word_1_153' title='bbox 1028 1388 1235 1435; x_wconf 81' lang='lat' dir='ltr'>Naturalis3</span> <span class='ocrx_word' id='word_1_154' title='bbox 1256 1388 1323 1426; x_wconf 92' lang='lat' dir='ltr'>sed</span> 
     </span>
     <span class='ocr_line' id='line_1_26' title="bbox 258 1441 1323 1492; baseline -0.002 -12"><span class='ocrx_word' id='word_1_155' title='bbox 258 1443 383 1480; x_wconf 86' lang='lat' dir='ltr'>solum</span> <span class='ocrx_word' id='word_1_156' title='bbox 418 1443 632 1481; x_wconf 90' lang='lat' dir='ltr'>secundum</span> <span class='ocrx_word' id='word_1_157' title='bbox 669 1443 876 1490; x_wconf 89' lang='lat' dir='ltr'>rationem,</span> <span class='ocrx_word' id='word_1_158' title='bbox 906 1442 1012 1492; x_wconf 88' lang='lat' dir='ltr'>quod</span> <span class='ocrx_word' id='word_1_159' title='bbox 1038 1441 1059 1464; x_wconf 65' lang='lat'>&#39;⁸</span> <span class='ocrx_word' id='word_1_160' title='bbox 1085 1441 1246 1491; x_wconf 89' lang='lat' dir='ltr'>pertinet</span> <span class='ocrx_word' id='word_1_161' title='bbox 1274 1441 1323 1478; x_wconf 88' lang='lat' dir='ltr'>ad</span> 
     </span>
     <span class='ocr_line' id='line_1_27' title="bbox 259 1496 808 1544; baseline 0 -11"><span class='ocrx_word' id='word_1_162' title='bbox 259 1496 605 1534; x_wconf 87' lang='lat' dir='ltr'>considerationem</span> <span class='ocrx_word' id='word_1_163' title='bbox 633 1496 808 1544; x_wconf 84' lang='lat' dir='ltr'>logicam.</span> 
     </span>
    </p>
   </div>
   <div class='ocr_carea' id='block_1_8' title="bbox 257 1651 1324 1793">
    <p class='ocr_par' dir='ltr' id='par_1_8' title="bbox 257 1651 1324 1793">
     <span class='ocr_line' id='line_1_28' title="bbox 288 1651 1323 1691; baseline -0.004 -11"><span class='ocrx_word' id='word_1_164' title='bbox 288 1684 289 1687; x_wconf 14' lang='grc' dir='ltr'><strong>Ἴ</strong></span> <span class='ocrx_word' id='word_1_165' title='bbox 309 1654 340 1691; x_wconf 81' lang='grc' dir='ltr'>χ)</span> <span class='ocrx_word' id='word_1_166' title='bbox 361 1653 427 1680; x_wconf 81' lang='lat' dir='ltr'>Cum</span> <span class='ocrx_word' id='word_1_167' title='bbox 453 1653 532 1679; x_wconf 79' lang='lat' dir='ltr'>em&#39;m.</span> <span class='ocrx_word' id='word_1_168' title='bbox 549 1667 568 1673; x_wconf 93' lang='lat'>-</span> <span class='ocrx_word' id='word_1_169' title='bbox 589 1653 655 1679; x_wconf 87' lang='lat' dir='ltr'>Cum</span> <span class='ocrx_word' id='word_1_170' title='bbox 678 1656 767 1678; x_wconf 86' lang='lat' dir='ltr'>autem</span> <span class='ocrx_word' id='word_1_171' title='bbox 792 1652 877 1678; x_wconf 79' lang='lat' dir='ltr'>Pcab.</span> <span class='ocrx_word' id='word_1_172' title='bbox 895 1666 916 1671; x_wconf 97' lang='lat'>-</span> <span class='ocrx_word' id='word_1_173' title='bbox 932 1651 1042 1678; x_wconf 79' lang='lat' dir='ltr'>Inferius</span> <span class='ocrx_word' id='word_1_174' title='bbox 1064 1660 1113 1685; x_wconf 84' lang='lat' dir='ltr'>pro</span> <span class='ocrx_word' id='word_1_175' title='bbox 1136 1654 1323 1686; x_wconf 75' lang='lat' dir='ltr'>sequeretur...</span> 
     </span>
     <span class='ocr_line' id='line_1_29' title="bbox 403 1687 1287 1722; baseline -0.002 -8.087"><span class='ocrx_word' id='word_1_176' title='bbox 403 1689 594 1715; x_wconf 79' lang='lat' dir='ltr'>advenirent...</span> <span class='ocrx_word' id='word_1_177' title='bbox 608 1692 684 1719; x_wconf 79' lang='lat' dir='ltr'>esset,</span> <span class='ocrx_word' id='word_1_178' title='bbox 703 1691 860 1722; x_wconf 79' lang='lat' dir='ltr'>sequetur...</span> <span class='ocrx_word' id='word_1_179' title='bbox 869 1687 988 1722; x_wconf 80' lang='lat' dir='ltr'>saciet...</span> <span class='ocrx_word' id='word_1_180' title='bbox 1000 1687 1175 1713; x_wconf 76' lang='lat' dir='ltr'>advenient...</span> <span class='ocrx_word' id='word_1_181' title='bbox 1188 1687 1240 1712; x_wconf 81' lang='lat' dir='ltr'>erit</span> <span class='ocrx_word' id='word_1_182' title='bbox 1258 1687 1287 1712; x_wconf 86' lang='lat' dir='ltr'>P.</span> 
     </span>
     <span class='ocr_line' id='line_1_30' title="bbox 311 1722 1324 1759; baseline -0.003 -9"><span class='ocrx_word' id='word_1_183' title='bbox 311 1723 341 1759; x_wconf 77' lang='grc' dir='ltr'>ψ)</span> <span class='ocrx_word' id='word_1_184' title='bbox 355 1727 447 1757; x_wconf 78' lang='lat' dir='ltr'>potest</span> <span class='ocrx_word' id='word_1_185' title='bbox 464 1724 653 1758; x_wconf 62' lang='lat' dir='ltr'>imperfectius.</span> <span class='ocrx_word' id='word_1_186' title='bbox 665 1737 685 1743; x_wconf 94' lang='lat'><em>—</em></span> <span class='ocrx_word' id='word_1_187' title='bbox 697 1727 738 1749; x_wconf 83' lang='lat' dir='ltr'>est</span> <span class='ocrx_word' id='word_1_188' title='bbox 757 1723 936 1757; x_wconf 65' lang='lat' dir='ltr'>imperfectius</span> <span class='ocrx_word' id='word_1_189' title='bbox 950 1723 982 1748; x_wconf 89' lang='grc' dir='ltr'>Α.</span> <span class='ocrx_word' id='word_1_190' title='bbox 1001 1737 1020 1742; x_wconf 99' lang='grc'>-</span> <span class='ocrx_word' id='word_1_191' title='bbox 1039 1723 1128 1749; x_wconf 84' lang='lat' dir='ltr'>adhuc</span> <span class='ocrx_word' id='word_1_192' title='bbox 1141 1722 1258 1755; x_wconf 78' lang='lat' dir='ltr'>amplius</span> <span class='ocrx_word' id='word_1_193' title='bbox 1271 1730 1324 1747; x_wconf 90' lang='lat' dir='ltr'>om.</span> 
     </span>
     <span class='ocr_line' id='line_1_31' title="bbox 257 1758 1003 1793; baseline -0.004 -6"><span class='ocrx_word' id='word_1_194' title='bbox 257 1758 309 1790; x_wconf 64' lang='lat' dir='ltr'>cd,</span> <span class='ocrx_word' id='word_1_195' title='bbox 324 1759 383 1791; x_wconf 63' lang='lat' dir='ltr'>iod,</span> <span class='ocrx_word' id='word_1_196' title='bbox 401 1759 432 1786; x_wconf 69' lang='lat' dir='ltr'>u‘t</span> <span class='ocrx_word' id='word_1_197' title='bbox 449 1760 566 1793; x_wconf 77' lang='lat' dir='ltr'>corrigat,</span> <span class='ocrx_word' id='word_1_198' title='bbox 585 1760 606 1785; x_wconf 95' lang='lat' dir='ltr'>C</span> <span class='ocrx_word' id='word_1_199' title='bbox 623 1767 678 1785; x_wconf 90' lang='lat' dir='ltr'>om.</span> <span class='ocrx_word' id='word_1_200' title='bbox 697 1760 775 1784; x_wconf 79' lang='lat' dir='ltr'>etiam</span> <span class='ocrx_word' id='word_1_201' title='bbox 793 1759 950 1793; x_wconf 81' lang='lat' dir='ltr'>praecedens</span> <span class='ocrx_word' id='word_1_202' title='bbox 968 1761 1003 1784; x_wconf 87' lang='lat' dir='ltr'>et.</span> 
     </span>
    </p>
   </div>
   <div class='ocr_carea' id='block_1_9' title="bbox 2366 306 2436 343">
    <p class='ocr_par' dir='ltr' id='par_1_9' title="bbox 2366 306 2436 343">
     <span class='ocr_line' id='line_1_32' title="bbox 2366 306 2436 343; baseline 0 -1"><span class='ocrx_word' id='word_1_203' title='bbox 2366 306 2436 343; x_wconf 87' lang='lat'>301</span> 
     </span>
    </p>
   </div>
   <div class='ocr_carea' id='block_1_10' title="bbox 1377 384 2443 1540">
    <p class='ocr_par' dir='ltr' id='par_1_10' title="bbox 1377 384 2443 1330">
     <span class='ocr_line' id='line_1_33' title="bbox 1434 384 2439 433; baseline -0.001 -11"><span class='ocrx_word' id='word_1_204' title='bbox 1434 398 1469 433; x_wconf 90' lang='lat'>9.</span> <span class='ocrx_word' id='word_1_205' title='bbox 1504 385 1653 422; x_wconf 91' lang='lat' dir='ltr'>Deinde</span> <span class='ocrx_word' id='word_1_206' title='bbox 1691 397 1779 422; x_wconf 90' lang='lat' dir='ltr'>curn</span> <span class='ocrx_word' id='word_1_207' title='bbox 1817 384 1926 422; x_wconf 89' lang='lat' dir='ltr'>dicit:</span> <span class='ocrx_word' id='word_1_208' title='bbox 1963 386 2033 421; x_wconf 85' lang='lat' dir='ltr'>Est</span> <span class='ocrx_word' id='word_1_209' title='bbox 2066 390 2191 421; x_wconf 88' lang='lat' dir='ltr'>autem</span> <span class='ocrx_word' id='word_1_210' title='bbox 2228 385 2316 433; x_wconf 84' lang='lat' dir='ltr'>hyle</span> <span class='ocrx_word' id='word_1_211' title='bbox 2351 392 2439 433; x_wconf 89' lang='lat' dir='ltr'>etc.,</span> 
     </span>
     <span class='ocr_line' id='line_1_34' title="bbox 1380 437 2440 487; baseline 0 -13"><span class='ocrx_word' id='word_1_212' title='bbox 1380 445 1576 487; x_wconf 91' lang='lat' dir='ltr'>comparat</span> <span class='ocrx_word' id='word_1_213' title='bbox 1610 438 1821 487; x_wconf 89' lang='lat' dir='ltr'>praedictas</span> <span class='ocrx_word' id='word_1_214' title='bbox 1858 437 2192 474; x_wconf 88' lang='lat' dir='ltr'>transmutationes</span> <span class='ocrx_word' id='word_1_215' title='bbox 2229 438 2440 475; x_wconf 91' lang='lat' dir='ltr'>secundum</span> 
     </span>
     <span class='ocr_line' id='line_1_35' title="bbox 1379 490 2443 539; baseline 0 -12"><span class='ocrx_word' id='word_1_216' title='bbox 1379 491 1592 528; x_wconf 89' lang='lat' dir='ltr'>subiectum</span> <span class='ocrx_word' id='word_1_217' title='bbox 1621 491 1727 539; x_wconf 92' lang='lat' dir='ltr'>quod</span> <span class='ocrx_word' id='word_1_218' title='bbox 1755 498 1811 527; x_wconf 91' lang='lat' dir='ltr'>est</span> <span class='ocrx_word' id='word_1_219' title='bbox 1837 498 1986 527; x_wconf 88' lang='lat' dir='ltr'>tantum</span> <span class='ocrx_word' id='word_1_220' title='bbox 2015 503 2082 527; x_wconf 92' lang='lat' dir='ltr'>ens</span> <span class='ocrx_word' id='word_1_221' title='bbox 2110 490 2148 527; x_wconf 95' lang='lat' dir='ltr'>in</span> <span class='ocrx_word' id='word_1_222' title='bbox 2176 491 2354 539; x_wconf 90' lang='lat' dir='ltr'>potentia.</span> <span class='ocrx_word' id='word_1_223' title='bbox 2394 491 2443 527; x_wconf 91' lang='lat' dir='ltr'>Et</span> 
     </span>
     <span class='ocr_line' id='line_1_36' title="bbox 1379 543 2440 592; baseline -0.001 -12"><span class='ocrx_word' id='word_1_224' title='bbox 1379 543 1467 580; x_wconf 91' lang='lat' dir='ltr'>dicit</span> <span class='ocrx_word' id='word_1_225' title='bbox 1487 544 1591 592; x_wconf 89' lang='lat' dir='ltr'>quod</span> <span class='ocrx_word' id='word_1_226' title='bbox 1609 544 1709 592; x_wconf 81' lang='lat' dir='ltr'>hyle,</span> <span class='ocrx_word' id='word_1_227' title='bbox 1729 543 1810 580; x_wconf 89' lang='lat' dir='ltr'>sive</span> <span class='ocrx_word' id='word_1_228' title='bbox 1830 543 1988 580; x_wconf 86' lang='lat' dir='ltr'>materia</span> <span class='ocrx_word' id='word_1_229' title='bbox 2002 543 2125 591; x_wconf 90' lang='lat' dir='ltr'>prima</span> <span class='ocrx_word' id='word_1_230' title='bbox 2140 549 2170 591; x_wconf 69' lang='lat'>⁰,</span> <span class='ocrx_word' id='word_1_231' title='bbox 2192 551 2247 580; x_wconf 90' lang='lat' dir='ltr'>est</span> <span class='ocrx_word' id='word_1_232' title='bbox 2274 543 2440 580; x_wconf 84' lang='lat' dir='ltr'>maxime</span> 
     </span>
     <span class='ocr_line' id='line_1_37' title="bbox 1377 596 2443 645; baseline -0.001 -12"><span class='ocrx_word' id='word_1_233' title='bbox 1377 596 1576 644; x_wconf 87' lang='lat' dir='ltr'>proprium</span> <span class='ocrx_word' id='word_1_234' title='bbox 1614 597 1825 633; x_wconf 91' lang='lat' dir='ltr'>subiectum</span> <span class='ocrx_word' id='word_1_235' title='bbox 1860 596 2098 645; x_wconf 90' lang='lat' dir='ltr'>susceptibile</span> <span class='ocrx_word' id='word_1_236' title='bbox 2127 596 2378 644; x_wconf 88' lang='lat' dir='ltr'>generationis</span> <span class='ocrx_word' id='word_1_237' title='bbox 2408 603 2443 632; x_wconf 91' lang='lat' dir='ltr'>et</span> 
     </span>
     <span class='ocr_line' id='line_1_38' title="bbox 1380 649 2439 698; baseline 0.001 -14"><span class='ocrx_word' id='word_1_238' title='bbox 1380 649 1651 697; x_wconf 91' lang='lat' dir='ltr'>corruptionis:</span> <span class='ocrx_word' id='word_1_239' title='bbox 1681 649 1781 698; x_wconf 86' lang='lat' dir='ltr'>quia,</span> <span class='ocrx_word' id='word_1_240' title='bbox 1803 649 1898 686; x_wconf 91' lang='lat' dir='ltr'>sicut</span> <span class='ocrx_word' id='word_1_241' title='bbox 1925 649 2067 686; x_wconf 90' lang='lat' dir='ltr'>dictum</span> <span class='ocrx_word' id='word_1_242' title='bbox 2098 656 2153 685; x_wconf 90' lang='lat' dir='ltr'>est</span> <span class='ocrx_word' id='word_1_243' title='bbox 2165 649 2197 696; x_wconf 71' lang='lat'>²¹⁶,</span> <span class='ocrx_word' id='word_1_244' title='bbox 2218 649 2439 685; x_wconf 90' lang='lat' dir='ltr'>immediate</span> 
     </span>
     <span class='ocr_line' id='line_1_39' title="bbox 1379 701 2442 751; baseline 0.001 -14"><span class='ocrx_word' id='word_1_245' title='bbox 1379 701 1524 738; x_wconf 90' lang='lat' dir='ltr'>substat</span> <span class='ocrx_word' id='word_1_246' title='bbox 1551 701 1682 738; x_wconf 88' lang='lat' dir='ltr'>formis</span> <span class='ocrx_word' id='word_1_247' title='bbox 1710 702 2036 750; x_wconf 85' lang='lat' dir='ltr'>substantialibus,</span> <span class='ocrx_word' id='word_1_248' title='bbox 2066 713 2165 750; x_wconf 89' lang='lat' dir='ltr'>quae</span> <span class='ocrx_word' id='word_1_249' title='bbox 2191 714 2261 751; x_wconf 90' lang='lat' dir='ltr'>per</span> <span class='ocrx_word' id='word_1_250' title='bbox 2288 714 2442 749; x_wconf 91' lang='lat' dir='ltr'>genera-</span> 
     </span>
     <span class='ocr_line' id='line_1_40' title="bbox 1379 753 2440 803; baseline 0.002 -14"><span class='ocrx_word' id='word_1_251' title='bbox 1379 753 1523 790; x_wconf 92' lang='lat' dir='ltr'>tionem</span> <span class='ocrx_word' id='word_1_252' title='bbox 1562 761 1597 790; x_wconf 90' lang='lat' dir='ltr'>et</span> <span class='ocrx_word' id='word_1_253' title='bbox 1632 755 1914 803; x_wconf 90' lang='lat' dir='ltr'>corruptionem</span> <span class='ocrx_word' id='word_1_254' title='bbox 1947 754 2157 792; x_wconf 88' lang='lat' dir='ltr'>adveniunt</span> <span class='ocrx_word' id='word_1_255' title='bbox 2185 762 2221 791; x_wconf 91' lang='lat' dir='ltr'>et</span> <span class='ocrx_word' id='word_1_256' title='bbox 2248 754 2440 791; x_wconf 89' lang='lat' dir='ltr'>recedunt.</span> 
     </span>
     <span class='ocr_line' id='line_1_41' title="bbox 1381 806 2443 856; baseline 0.001 -14"><span class='ocrx_word' id='word_1_257' title='bbox 1381 806 1458 842; x_wconf 89' lang='lat' dir='ltr'>Sed</span> <span class='ocrx_word' id='word_1_258' title='bbox 1501 807 1816 854; x_wconf 80' lang='lat' dir='ltr'>quodammodo,</span> <span class='ocrx_word' id='word_1_259' title='bbox 1859 808 1998 844; x_wconf 90' lang='lat' dir='ltr'>scilicet</span> <span class='ocrx_word' id='word_1_260' title='bbox 2039 820 2085 844; x_wconf 88' lang='lat' dir='ltr'>ex</span> <span class='ocrx_word' id='word_1_261' title='bbox 2122 807 2369 856; x_wconf 89' lang='lat' dir='ltr'>consequenti</span> <span class='ocrx_word' id='word_1_262' title='bbox 2406 814 2443 843; x_wconf 92' lang='lat' dir='ltr'>et</span> 
     </span>
     <span class='ocr_line' id='line_1_42' title="bbox 1380 858 2442 906; baseline 0.002 -12"><span class='ocrx_word' id='word_1_263' title='bbox 1380 858 1556 906; x_wconf 89' lang='lat' dir='ltr'>mediate,</span> <span class='ocrx_word' id='word_1_264' title='bbox 1587 859 1780 896; x_wconf 92' lang='lat' dir='ltr'>subiicitur</span> <span class='ocrx_word' id='word_1_265' title='bbox 1807 861 1986 897; x_wconf 91' lang='lat' dir='ltr'>omnibus</span> <span class='ocrx_word' id='word_1_266' title='bbox 2014 861 2094 897; x_wconf 89' lang='lat' dir='ltr'>aliis</span> <span class='ocrx_word' id='word_1_267' title='bbox 2122 860 2442 898; x_wconf 89' lang='lat' dir='ltr'>transmutationi-</span> 
     </span>
     <span class='ocr_line' id='line_1_43' title="bbox 1380 911 2441 959; baseline 0.002 -11"><span class='ocrx_word' id='word_1_268' title='bbox 1380 912 1468 948; x_wconf 90' lang='lat' dir='ltr'>bus:</span> <span class='ocrx_word' id='word_1_269' title='bbox 1498 911 1586 959; x_wconf 89' lang='lat' dir='ltr'>quia</span> <span class='ocrx_word' id='word_1_270' title='bbox 1616 912 1745 948; x_wconf 92' lang='lat' dir='ltr'>omnia</span> <span class='ocrx_word' id='word_1_271' title='bbox 1759 912 1966 950; x_wconf 78' lang='lat' dir='ltr'>*subiecta</span> <span class='ocrx_word' id='word_1_272' title='bbox 1985 913 2143 950; x_wconf 88' lang='lat' dir='ltr'>aliarum</span> <span class='ocrx_word' id='word_1_273' title='bbox 2161 913 2441 950; x_wconf 89' lang='lat' dir='ltr'>transmutatio-</span> 
     </span>
     <span class='ocr_line' id='line_1_44' title="bbox 1379 965 2438 1014; baseline 0.003 -14"><span class='ocrx_word' id='word_1_274' title='bbox 1379 976 1474 1000; x_wconf 91' lang='lat' dir='ltr'>num</span> <span class='ocrx_word' id='word_1_275' title='bbox 1489 971 1575 1001; x_wconf 90' lang='lat' dir='ltr'>sunt</span> <span class='ocrx_word' id='word_1_276' title='bbox 1590 965 1842 1013; x_wconf 87' lang='lat' dir='ltr'>susceptibilia</span> <span class='ocrx_word' id='word_1_277' title='bbox 1857 966 2067 1014; x_wconf 87' lang='lat' dir='ltr'>aliquarum</span> <span class='ocrx_word' id='word_1_278' title='bbox 2080 966 2101 988; x_wconf 73' lang='lat'>’¹‘</span> <span class='ocrx_word' id='word_1_279' title='bbox 2120 966 2438 1014; x_wconf 85' lang='lat' dir='ltr'>contrarietatum,</span> 
     </span>
     <span class='ocr_line' id='line_1_45' title="bbox 1380 1017 2441 1068; baseline 0.003 -15"><span class='ocrx_word' id='word_1_280' title='bbox 1380 1029 1478 1066; x_wconf 90' lang='lat' dir='ltr'>quae</span> <span class='ocrx_word' id='word_1_281' title='bbox 1499 1017 1730 1054; x_wconf 90' lang='lat' dir='ltr'>reducuntur</span> <span class='ocrx_word' id='word_1_282' title='bbox 1748 1017 1787 1054; x_wconf 93' lang='lat' dir='ltr'>in</span> <span class='ocrx_word' id='word_1_283' title='bbox 1814 1018 1978 1066; x_wconf 92' lang='lat' dir='ltr'>primam</span> <span class='ocrx_word' id='word_1_284' title='bbox 2008 1019 2322 1066; x_wconf 89' lang='lat' dir='ltr'>contrarietatem,</span> <span class='ocrx_word' id='word_1_285' title='bbox 2343 1030 2441 1068; x_wconf 84' lang='lat' dir='ltr'>quae</span> 
     </span>
     <span class='ocr_line' id='line_1_46' title="bbox 1380 1070 2442 1119; baseline 0.003 -13"><span class='ocrx_word' id='word_1_286' title='bbox 1380 1077 1436 1107; x_wconf 92' lang='lat' dir='ltr'>est</span> <span class='ocrx_word' id='word_1_287' title='bbox 1463 1070 1610 1106; x_wconf 88' lang='lat' dir='ltr'>formae</span> <span class='ocrx_word' id='word_1_288' title='bbox 1644 1077 1680 1107; x_wconf 92' lang='lat' dir='ltr'>et</span> <span class='ocrx_word' id='word_1_289' title='bbox 1714 1070 1955 1119; x_wconf 89' lang='lat' dir='ltr'>privationis,</span> <span class='ocrx_word' id='word_1_290' title='bbox 1996 1072 2101 1108; x_wconf 90' lang='lat' dir='ltr'>cuius</span> <span class='ocrx_word' id='word_1_291' title='bbox 2138 1072 2350 1109; x_wconf 89' lang='lat' dir='ltr'>subiectum</span> <span class='ocrx_word' id='word_1_292' title='bbox 2386 1079 2442 1109; x_wconf 90' lang='lat' dir='ltr'>est</span> 
     </span>
     <span class='ocr_line' id='line_1_47' title="bbox 1378 1122 2440 1173; baseline 0.003 -14"><span class='ocrx_word' id='word_1_293' title='bbox 1378 1122 1504 1172; x_wconf 89' lang='lat' dir='ltr'>prima</span> <span class='ocrx_word' id='word_1_294' title='bbox 1531 1122 1701 1170; x_wconf 88' lang='lat' dir='ltr'>materia,</span> <span class='ocrx_word' id='word_1_295' title='bbox 1729 1130 1771 1160; x_wconf 92' lang='lat' dir='ltr'>ut</span> <span class='ocrx_word' id='word_1_296' title='bbox 1799 1123 1932 1160; x_wconf 89' lang='lat' dir='ltr'>dicitur</span> <span class='ocrx_word' id='word_1_297' title='bbox 1959 1124 1998 1161; x_wconf 91' lang='lat' dir='ltr'>in</span> <span class='ocrx_word' id='word_1_298' title='bbox 2027 1126 2040 1161; x_wconf 95' lang='grc' dir='ltr'>Ι</span> <span class='ocrx_word' id='word_1_299' title='bbox 2065 1125 2214 1173; x_wconf 81' lang='lat' dir='ltr'>Physic.</span> <span class='ocrx_word' id='word_1_300' title='bbox 2230 1125 2250 1147; x_wconf 78' lang='lat'>&#39;¹‘</span> <span class='ocrx_word' id='word_1_301' title='bbox 2278 1126 2327 1162; x_wconf 94' lang='lat' dir='ltr'>Et</span> <span class='ocrx_word' id='word_1_302' title='bbox 2354 1124 2440 1162; x_wconf 91' lang='lat' dir='ltr'>ideo</span> 
     </span>
     <span class='ocr_line' id='line_1_48' title="bbox 1380 1175 2441 1226; baseline 0.003 -14"><span class='ocrx_word' id='word_1_303' title='bbox 1380 1176 1510 1212; x_wconf 89' lang='lat' dir='ltr'>omnia</span> <span class='ocrx_word' id='word_1_304' title='bbox 1529 1175 1600 1212; x_wconf 89' lang='lat' dir='ltr'>alia</span> <span class='ocrx_word' id='word_1_305' title='bbox 1620 1176 1789 1213; x_wconf 91' lang='lat' dir='ltr'>subiecta</span> <span class='ocrx_word' id='word_1_306' title='bbox 1807 1176 2031 1225; x_wconf 88' lang='lat' dir='ltr'>participant</span> <span class='ocrx_word' id='word_1_307' title='bbox 2049 1178 2340 1226; x_wconf 88' lang='lat' dir='ltr'>quodammodo</span> <span class='ocrx_word' id='word_1_308' title='bbox 2361 1189 2441 1214; x_wconf 89' lang='lat' dir='ltr'>ma-</span> 
     </span>
     <span class='ocr_line' id='line_1_49' title="bbox 1379 1228 2442 1278; baseline 0.001 -12"><span class='ocrx_word' id='word_1_309' title='bbox 1379 1228 1514 1266; x_wconf 89' lang='lat' dir='ltr'>teriam</span> <span class='ocrx_word' id='word_1_310' title='bbox 1541 1228 1724 1277; x_wconf 91' lang='lat' dir='ltr'>primam,</span> <span class='ocrx_word' id='word_1_311' title='bbox 1756 1229 1982 1278; x_wconf 91' lang='lat' dir='ltr'>inquantum</span> <span class='ocrx_word' id='word_1_312' title='bbox 2003 1242 2048 1267; x_wconf 86' lang='lat' dir='ltr'>ex</span> <span class='ocrx_word' id='word_1_313' title='bbox 2068 1231 2227 1268; x_wconf 86' lang='lat' dir='ltr'>materia</span> <span class='ocrx_word' id='word_1_314' title='bbox 2256 1238 2291 1267; x_wconf 89' lang='lat' dir='ltr'>et</span> <span class='ocrx_word' id='word_1_315' title='bbox 2319 1231 2442 1267; x_wconf 87' lang='lat' dir='ltr'>forma</span> 
     </span>
     <span class='ocr_line' id='line_1_50' title="bbox 1381 1289 1676 1330; baseline 0 -12"><span class='ocrx_word' id='word_1_316' title='bbox 1381 1289 1676 1330; x_wconf 89' lang='lat' dir='ltr'>componuntur.</span> 
     </span>
    </p>

    <p class='ocr_par' dir='ltr' id='par_1_11' title="bbox 1378 1335 2443 1540">
     <span class='ocr_line' id='line_1_51' title="bbox 1433 1335 2442 1385; baseline 0.001 -14"><span class='ocrx_word' id='word_1_317' title='bbox 1433 1335 1575 1372; x_wconf 92' lang='lat' dir='ltr'>Ultimo</span> <span class='ocrx_word' id='word_1_318' title='bbox 1604 1342 1730 1371; x_wconf 89' lang='lat' dir='ltr'>autem</span> <span class='ocrx_word' id='word_1_319' title='bbox 1761 1335 1988 1384; x_wconf 86' lang='lat' dir='ltr'>epilogando</span> <span class='ocrx_word' id='word_1_320' title='bbox 2018 1335 2217 1384; x_wconf 91' lang='lat' dir='ltr'>concludit,</span> <span class='ocrx_word' id='word_1_321' title='bbox 2248 1335 2353 1385; x_wconf 91' lang='lat' dir='ltr'>quod</span> <span class='ocrx_word' id='word_1_322' title='bbox 2377 1335 2442 1372; x_wconf 91' lang='lat' dir='ltr'>de-</span> 
     </span>
     <span class='ocr_line' id='line_1_52' title="bbox 1378 1387 2443 1437; baseline 0 -13"><span class='ocrx_word' id='word_1_323' title='bbox 1378 1387 1623 1424; x_wconf 90' lang='lat' dir='ltr'>terminatum</span> <span class='ocrx_word' id='word_1_324' title='bbox 1651 1387 1697 1424; x_wconf 92' lang='lat' dir='ltr'>sit</span> <span class='ocrx_word' id='word_1_325' title='bbox 1722 1388 1797 1425; x_wconf 93' lang='lat' dir='ltr'>hoc</span> <span class='ocrx_word' id='word_1_326' title='bbox 1825 1388 1944 1425; x_wconf 89' lang='lat' dir='ltr'>modo</span> <span class='ocrx_word' id='word_1_327' title='bbox 1965 1388 2013 1425; x_wconf 91' lang='lat' dir='ltr'>de</span> <span class='ocrx_word' id='word_1_328' title='bbox 2032 1389 2272 1436; x_wconf 90' lang='lat' dir='ltr'>generatione</span> <span class='ocrx_word' id='word_1_329' title='bbox 2301 1388 2443 1437; x_wconf 90' lang='lat' dir='ltr'>simpli-</span> 
     </span>
     <span class='ocr_line' id='line_1_53' title="bbox 1379 1441 2441 1490; baseline 0.001 -13"><span class='ocrx_word' id='word_1_330' title='bbox 1379 1441 1480 1488; x_wconf 91' lang='lat' dir='ltr'>citer,</span> <span class='ocrx_word' id='word_1_331' title='bbox 1509 1448 1637 1477; x_wconf 90' lang='lat' dir='ltr'>utrum</span> <span class='ocrx_word' id='word_1_332' title='bbox 1665 1441 1711 1478; x_wconf 93' lang='lat' dir='ltr'>sit</span> <span class='ocrx_word' id='word_1_333' title='bbox 1737 1442 1799 1478; x_wconf 90' lang='lat' dir='ltr'>vel</span> <span class='ocrx_word' id='word_1_334' title='bbox 1827 1453 1906 1478; x_wconf 91' lang='lat' dir='ltr'>non</span> <span class='ocrx_word' id='word_1_335' title='bbox 1934 1441 1996 1487; x_wconf 84' lang='lat' dir='ltr'>sit3</span> <span class='ocrx_word' id='word_1_336' title='bbox 2027 1447 2062 1478; x_wconf 86' lang='lat' dir='ltr'>et</span> <span class='ocrx_word' id='word_1_337' title='bbox 2091 1441 2122 1478; x_wconf 93' lang='lat' dir='ltr'>si</span> <span class='ocrx_word' id='word_1_338' title='bbox 2150 1449 2215 1489; x_wconf 91' lang='lat' dir='ltr'>est,</span> <span class='ocrx_word' id='word_1_339' title='bbox 2242 1441 2441 1490; x_wconf 91' lang='lat' dir='ltr'>quomodo</span> 
     </span>
     <span class='ocr_line' id='line_1_54' title="bbox 1381 1493 2237 1540; baseline 0.001 -10"><span class='ocrx_word' id='word_1_340' title='bbox 1381 1501 1456 1540; x_wconf 82' lang='lat' dir='ltr'>est3</span> <span class='ocrx_word' id='word_1_341' title='bbox 1486 1501 1522 1530; x_wconf 88' lang='lat' dir='ltr'>et</span> <span class='ocrx_word' id='word_1_342' title='bbox 1550 1493 1719 1531; x_wconf 90' lang='lat' dir='ltr'>similiter</span> <span class='ocrx_word' id='word_1_343' title='bbox 1747 1494 1861 1531; x_wconf 89' lang='lat' dir='ltr'>etiam</span> <span class='ocrx_word' id='word_1_344' title='bbox 1879 1494 1900 1516; x_wconf 76' lang='lat'>’¹‘</span> <span class='ocrx_word' id='word_1_345' title='bbox 1927 1494 1975 1531; x_wconf 92' lang='lat' dir='ltr'>de</span> <span class='ocrx_word' id='word_1_346' title='bbox 2003 1494 2237 1531; x_wconf 87' lang='lat' dir='ltr'>alteratione.</span> 
     </span>
    </p>
   </div>
   <div class='ocr_carea' id='block_1_11' title="bbox 1378 1650 2446 1787">
    <p class='ocr_par' dir='ltr' id='par_1_12' title="bbox 1378 1650 2446 1787">
     <span class='ocr_line' id='line_1_55' title="bbox 1429 1650 2443 1684; baseline -0.002 -8"><span class='ocrx_word' id='word_1_347' title='bbox 1429 1651 1461 1684; x_wconf 84' lang='grc' dir='ltr'>ω)</span> <span class='ocrx_word' id='word_1_348' title='bbox 1481 1651 1550 1684; x_wconf 77' lang='lat' dir='ltr'>hyle,</span> <span class='ocrx_word' id='word_1_349' title='bbox 1569 1651 1625 1676; x_wconf 82' lang='lat' dir='ltr'>sive</span> <span class='ocrx_word' id='word_1_350' title='bbox 1639 1651 1753 1676; x_wconf 82' lang='lat' dir='ltr'>materia</span> <span class='ocrx_word' id='word_1_351' title='bbox 1762 1651 1864 1683; x_wconf 80' lang='lat' dir='ltr'>prima.</span> <span class='ocrx_word' id='word_1_352' title='bbox 1882 1665 1900 1669; x_wconf 98' lang='lat'><em>-</em></span> <span class='ocrx_word' id='word_1_353' title='bbox 1919 1650 1962 1676; x_wconf 85' lang='lat' dir='ltr'>ille</span> <span class='ocrx_word' id='word_1_354' title='bbox 1979 1650 2058 1684; x_wconf 78' lang='lat' dir='ltr'>(hyle</span> <span class='ocrx_word' id='word_1_355' title='bbox 2072 1650 2125 1682; x_wconf 86' lang='lat' dir='ltr'>Cb)</span> <span class='ocrx_word' id='word_1_356' title='bbox 2145 1650 2213 1675; x_wconf 82' lang='lat' dir='ltr'>idest</span> <span class='ocrx_word' id='word_1_357' title='bbox 2226 1650 2340 1675; x_wconf 80' lang='lat' dir='ltr'>materia</span> <span class='ocrx_word' id='word_1_358' title='bbox 2350 1650 2443 1682; x_wconf 79' lang='lat' dir='ltr'>prima</span> 
     </span>
     <span class='ocr_line' id='line_1_56' title="bbox 1378 1684 2446 1719; baseline -0.002 -8"><span class='ocrx_word' id='word_1_359' title='bbox 1378 1686 1441 1716; x_wconf 83' lang='lat' dir='ltr'>Cab,</span> <span class='ocrx_word' id='word_1_360' title='bbox 1456 1686 1571 1711; x_wconf 79' lang='lat' dir='ltr'>materia</span> <span class='ocrx_word' id='word_1_361' title='bbox 1584 1686 1677 1718; x_wconf 81' lang='lat' dir='ltr'>prima</span> <span class='ocrx_word' id='word_1_362' title='bbox 1692 1687 1712 1711; x_wconf 86' lang='lat' dir='ltr'>P</span> <span class='ocrx_word' id='word_1_363' title='bbox 1731 1686 1822 1719; x_wconf 78' lang='lat' dir='ltr'>(supra</span> <span class='ocrx_word' id='word_1_364' title='bbox 1840 1686 1866 1710; x_wconf 86' lang='lat' dir='ltr'>in</span> <span class='ocrx_word' id='word_1_365' title='bbox 1883 1691 1968 1711; x_wconf 82' lang='lat' dir='ltr'>textus</span> <span class='ocrx_word' id='word_1_366' title='bbox 1987 1686 2105 1710; x_wconf 78' lang='lat' dir='ltr'>citatione</span> <span class='ocrx_word' id='word_1_367' title='bbox 2120 1693 2168 1719; x_wconf 91' lang='lat' dir='ltr'>pro</span> <span class='ocrx_word' id='word_1_368' title='bbox 2180 1686 2250 1719; x_wconf 82' lang='lat' dir='ltr'>hyle,</span> <span class='ocrx_word' id='word_1_369' title='bbox 2270 1686 2314 1710; x_wconf 78' lang='lat' dir='ltr'>ille</span> <span class='ocrx_word' id='word_1_370' title='bbox 2327 1685 2367 1710; x_wconf 83' lang='lat' dir='ltr'>ed.</span> <span class='ocrx_word' id='word_1_371' title='bbox 2379 1684 2446 1717; x_wconf 90' lang='grc' dir='ltr'>α).-</span> 
     </span>
     <span class='ocr_line' id='line_1_57' title="bbox 1379 1721 2445 1755; baseline -0.001 -9"><span class='ocrx_word' id='word_1_372' title='bbox 1379 1730 1427 1755; x_wconf 89' lang='lat' dir='ltr'>pro</span> <span class='ocrx_word' id='word_1_373' title='bbox 1445 1722 1562 1752; x_wconf 80' lang='lat' dir='ltr'>substat,</span> <span class='ocrx_word' id='word_1_374' title='bbox 1581 1722 1745 1747; x_wconf 82' lang='lat' dir='ltr'>substantiae</span> <span class='ocrx_word' id='word_1_375' title='bbox 1763 1722 1804 1746; x_wconf 91' lang='lat' dir='ltr'>ed.</span> <span class='ocrx_word' id='word_1_376' title='bbox 1822 1729 1852 1751; x_wconf 87' lang='lat' dir='ltr'>a,</span> <span class='ocrx_word' id='word_1_377' title='bbox 1872 1721 2012 1746; x_wconf 79' lang='lat' dir='ltr'>subiicitur</span> <span class='ocrx_word' id='word_1_378' title='bbox 2030 1721 2088 1747; x_wconf 73' lang='grc'><strong>(3.-</strong></span> <span class='ocrx_word' id='word_1_379' title='bbox 2106 1721 2170 1746; x_wconf 88' lang='lat' dir='ltr'>Post</span> <span class='ocrx_word' id='word_1_380' title='bbox 2189 1729 2266 1746; x_wconf 83' lang='lat' dir='ltr'>unam</span> <span class='ocrx_word' id='word_1_381' title='bbox 2285 1722 2379 1746; x_wconf 77' lang='lat' dir='ltr'>lineam</span> <span class='ocrx_word' id='word_1_382' title='bbox 2397 1727 2445 1753; x_wconf 87' lang='lat' dir='ltr'>pro</span> 
     </span>
     <span class='ocr_line' id='line_1_58' title="bbox 1379 1757 1678 1787; baseline 0 -5"><span class='ocrx_word' id='word_1_383' title='bbox 1379 1757 1486 1787; x_wconf 78' lang='lat' dir='ltr'>scilicet,</span> <span class='ocrx_word' id='word_1_384' title='bbox 1506 1757 1576 1782; x_wconf 74' lang='lat' dir='ltr'>idest</span> <span class='ocrx_word' id='word_1_385' title='bbox 1593 1757 1678 1782; x_wconf 84' lang='lat' dir='ltr'>PCab.</span> 
     </span>
    </p>
   </div>
   <div class='ocr_carea' id='block_1_12' title="bbox 968 2469 1758 2837">
    <p class='ocr_par' dir='ltr' id='par_1_13' title="bbox 968 2469 1758 2837">
     <span class='ocr_line' id='line_1_59' title="bbox 968 2469 1758 2837; baseline 0 1297"><span class='ocrx_word' id='word_1_386' title='bbox 968 2469 1758 2837; x_wconf 95' lang='lat' dir='ltr'> </span> 
     </span>
    </p>
   </div>
   <div class='ocr_carea' id='block_1_13' title="bbox 2564 559 2585 573">
    <p class='ocr_par' dir='ltr' id='par_1_14' title="bbox 2564 559 2585 573">
     <span class='ocr_line' id='line_1_60' title="bbox 2564 559 2585 573; baseline 0 0"><span class='ocrx_word' id='word_1_387' title='bbox 2564 559 2585 573; x_wconf 84' lang='grc' dir='ltr'>ω</span> 
     </span>
    </p>
   </div>
   <div class='ocr_carea' id='block_1_14' title="bbox 2469 657 2657 685">
    <p class='ocr_par' dir='ltr' id='par_1_15' title="bbox 2469 657 2657 685">
     <span class='ocr_line' id='line_1_61' title="bbox 2469 657 2657 685; baseline 0 -6"><span class='ocrx_word' id='word_1_388' title='bbox 2469 659 2478 667; x_wconf 86' lang='grc'>·</span> <span class='ocrx_word' id='word_1_389' title='bbox 2493 657 2563 679; x_wconf 86' lang='lat' dir='ltr'>Num.</span> <span class='ocrx_word' id='word_1_390' title='bbox 2579 663 2657 685; x_wconf 82' lang='lat' dir='ltr'>praec.</span> 
     </span>
    </p>
   </div>
   <div class='ocr_carea' id='block_1_15' title="bbox 2468 920 2680 1019">
    <p class='ocr_par' dir='ltr' id='par_1_16' title="bbox 2468 920 2680 1019">
     <span class='ocr_line' id='line_1_62' title="bbox 2468 920 2680 966; baseline 0 -26"><span class='ocrx_word' id='word_1_391' title='bbox 2468 920 2478 931; x_wconf 78' lang='grc'><em>“</em></span> <span class='ocrx_word' id='word_1_392' title='bbox 2491 920 2569 966; x_wconf 63' lang='lat' dir='ltr'>gmnia</span> <span class='ocrx_word' id='word_1_393' title='bbox 2589 925 2637 941; x_wconf 87' lang='lat' dir='ltr'>om.</span> <span class='ocrx_word' id='word_1_394' title='bbox 2652 925 2680 940; x_wconf 73' lang='lat' dir='ltr'>rc</span> 
     </span>
     <span class='ocr_line' id='line_1_63' title="bbox 2469 951 2679 993; baseline 0.005 -1"><span class='ocrx_word' id='word_1_395' title='bbox 2469 951 2484 982; x_wconf 55' lang='lat' dir='ltr'><em>q</em></span> <span class='ocrx_word' id='word_1_396' title='bbox 2500 962 2601 993; x_wconf 64' lang='lat' dir='ltr'>tiliarum</span> <span class='ocrx_word' id='word_1_397' title='bbox 2624 971 2679 993; x_wconf 76' lang='lat' dir='ltr'>add.</span> 
     </span>
     <span class='ocr_line' id='line_1_64' title="bbox 2468 999 2534 1019; baseline 0 0"><span class='ocrx_word' id='word_1_398' title='bbox 2468 999 2534 1019; x_wconf 67' lang='lat' dir='ltr'>reah.</span> 
     </span>
    </p>
   </div>
   <div class='ocr_carea' id='block_1_16' title="bbox 2468 1125 2681 1214">
    <p class='ocr_par' dir='ltr' id='par_1_17' title="bbox 2468 1125 2681 1214">
     <span class='ocr_line' id='line_1_65' title="bbox 2469 1125 2679 1152; baseline -0.01 -5"><span class='ocrx_word' id='word_1_399' title='bbox 2469 1127 2479 1136; x_wconf 85' lang='lat'>&#39;</span> <span class='ocrx_word' id='word_1_400' title='bbox 2494 1125 2551 1152; x_wconf 70' lang='lat' dir='ltr'>cap.</span> <span class='ocrx_word' id='word_1_401' title='bbox 2566 1131 2604 1149; x_wconf 83' lang='lat' dir='ltr'>vn,</span> <span class='ocrx_word' id='word_1_402' title='bbox 2619 1131 2643 1146; x_wconf 90' lang='lat' dir='ltr'>n.</span> <span class='ocrx_word' id='word_1_403' title='bbox 2658 1130 2679 1145; x_wconf 84' lang='lat'>12</span> 
     </span>
     <span class='ocr_line' id='line_1_66' title="bbox 2468 1151 2681 1179; baseline -0.009 -6"><span class='ocrx_word' id='word_1_404' title='bbox 2468 1158 2530 1179; x_wconf 78' lang='lat' dir='ltr'>sqq.;</span> <span class='ocrx_word' id='word_1_405' title='bbox 2540 1152 2564 1173; x_wconf 89' lang='lat' dir='ltr'>S.</span> <span class='ocrx_word' id='word_1_406' title='bbox 2573 1151 2618 1172; x_wconf 91' lang='lat' dir='ltr'>Th.</span> <span class='ocrx_word' id='word_1_407' title='bbox 2626 1152 2681 1172; x_wconf 80' lang='lat' dir='ltr'>lect.</span> 
     </span>
     <span class='ocr_line' id='line_1_67' title="bbox 2468 1183 2659 1214; baseline 0 -15"><span class='ocrx_word' id='word_1_408' title='bbox 2468 1184 2515 1205; x_wconf 82' lang='lat' dir='ltr'>xm,</span> <span class='ocrx_word' id='word_1_409' title='bbox 2530 1184 2554 1199; x_wconf 88' lang='lat' dir='ltr'>n.</span> <span class='ocrx_word' id='word_1_410' title='bbox 2564 1183 2576 1199; x_wconf 90' lang='lat'>2</span> <span class='ocrx_word' id='word_1_411' title='bbox 2590 1184 2644 1205; x_wconf 84' lang='lat' dir='ltr'>sqq.</span> <span class='ocrx_word' id='word_1_412' title='bbox 2653 1209 2659 1214; x_wconf 67' lang='lat'>,</span> 
     </span>
    </p>
   </div>
   <div class='ocr_carea' id='block_1_17' title="bbox 2470 1493 2666 1515">
    <p class='ocr_par' dir='ltr' id='par_1_18' title="bbox 2470 1493 2666 1515">
     <span class='ocr_line' id='line_1_68' title="bbox 2470 1493 2666 1515; baseline -0.005 0"><span class='ocrx_word' id='word_1_413' title='bbox 2470 1494 2480 1504; x_wconf 85' lang='grc'><em>·</em></span> <span class='ocrx_word' id='word_1_414' title='bbox 2495 1493 2565 1515; x_wconf 80' lang='lat' dir='ltr'>etiam</span> <span class='ocrx_word' id='word_1_415' title='bbox 2578 1499 2628 1515; x_wconf 86' lang='lat' dir='ltr'>om.</span> <span class='ocrx_word' id='word_1_416' title='bbox 2641 1498 2666 1514; x_wconf 73' lang='lat' dir='ltr'>A.</span> 
     </span>
    </p>
   </div>
  </div>
 </body>
</html>
