<?xml version="1.0" encoding="UTF-8"?>
<!DOCTYPE html PUBLIC "-//W3C//DTD XHTML 1.0 Transitional//EN"
    "http://www.w3.org/TR/xhtml1/DTD/xhtml1-transitional.dtd">
<html xmlns="http://www.w3.org/1999/xhtml" xml:lang="en" lang="en">
 <head>
  <title>
</title>
<meta http-equiv="Content-Type" content="text/html;charset=utf-8" />
  <meta name='ocr-system' content='tesseract 3.04.00' />
  <meta name='ocr-capabilities' content='ocr_page ocr_carea ocr_par ocr_line ocrx_word'/>
</head>
<body>
  <div class='ocr_page' id='page_1' title='image "./operaomniaiussui03thom/operaomniaiussui03thom_0271.png"; bbox 0 0 2782 4134; ppageno 0'>
   <div class='ocr_carea' id='block_1_1' title="bbox 50 751 257 780">
    <p class='ocr_par' dir='ltr' id='par_1_1' title="bbox 50 751 257 780">
     <span class='ocr_line' id='line_1_1' title="bbox 50 751 257 780; baseline 0 -7"><span class='ocrx_word' id='word_1_1' title='bbox 50 752 63 765; x_wconf 73' lang='lat'>⁸</span> <span class='ocrx_word' id='word_1_2' title='bbox 77 752 157 780; x_wconf 72' lang='lat' dir='ltr'>magis</span> <span class='ocrx_word' id='word_1_3' title='bbox 171 751 226 774; x_wconf 80' lang='lat' dir='ltr'>add.</span> <span class='ocrx_word' id='word_1_4' title='bbox 234 757 257 773; x_wconf 70' lang='grc' dir='ltr'>Α.</span> 
     </span>
    </p>
   </div>
   <div class='ocr_carea' id='block_1_2' title="bbox 0 887 267 956">
    <p class='ocr_par' dir='ltr' id='par_1_2' title="bbox 0 887 267 956">
     <span class='ocr_line' id='line_1_2' title="bbox 0 887 267 956; baseline 0.007 -30"><span class='ocrx_word' id='word_1_5' title='bbox 0 887 1 905; x_wconf 70' lang='lat'>³</span> <span class='ocrx_word' id='word_1_6' title='bbox 50 905 156 956; x_wconf 60' lang='lat' dir='ltr'>:mn-aga</span> <span class='ocrx_word' id='word_1_7' title='bbox 169 905 223 928; x_wconf 72' lang='lat' dir='ltr'>add.</span> <span class='ocrx_word' id='word_1_8' title='bbox 237 911 267 928; x_wconf 73' lang='lat' dir='ltr'>ac</span> 
     </span>
    </p>
   </div>
   <div class='ocr_carea' id='block_1_3' title="bbox 0 1303 6 1342">
    <p class='ocr_par' dir='ltr' id='par_1_3' title="bbox 0 1303 6 1342">
     <span class='ocr_line' id='line_1_3' title="bbox 0 1303 6 1342; baseline 0 -8"><span class='ocrx_word' id='word_1_9' title='bbox 0 1303 6 1342; x_wconf 77' lang='lat' dir='ltr'>l</span> 
     </span>
    </p>
   </div>
   <div class='ocr_carea' id='block_1_4' title="bbox 51 1173 284 1203">
    <p class='ocr_par' dir='ltr' id='par_1_4' title="bbox 51 1173 284 1203">
     <span class='ocr_line' id='line_1_4' title="bbox 51 1173 284 1203; baseline 0.004 -7"><span class='ocrx_word' id='word_1_10' title='bbox 51 1173 64 1187; x_wconf 75' lang='lat'>⁸</span> <span class='ocrx_word' id='word_1_11' title='bbox 72 1174 231 1203; x_wconf 59' lang='lat' dir='ltr'>tupiter-nae</span> <span class='ocrx_word' id='word_1_12' title='bbox 243 1180 266 1197; x_wconf 73' lang='lat' dir='ltr'>r.</span> <span class='ocrx_word' id='word_1_13' title='bbox 282 1188 284 1190; x_wconf 98' lang='lat'>-</span> 
     </span>
    </p>
   </div>
   <div class='ocr_carea' id='block_1_5' title="bbox 51 1231 268 1280">
    <p class='ocr_par' dir='ltr' id='par_1_5' title="bbox 51 1231 268 1280">
     <span class='ocr_line' id='line_1_5' title="bbox 51 1231 268 1260; baseline 0 -7"><span class='ocrx_word' id='word_1_14' title='bbox 51 1231 65 1244; x_wconf 71' lang='lat'>⁸</span> <span class='ocrx_word' id='word_1_15' title='bbox 73 1231 155 1260; x_wconf 63' lang='lat' dir='ltr'>meis</span> <span class='ocrx_word' id='word_1_16' title='bbox 164 1237 214 1253; x_wconf 82' lang='lat' dir='ltr'>om.</span> <span class='ocrx_word' id='word_1_17' title='bbox 225 1237 268 1253; x_wconf 86' lang='lat' dir='ltr'>eo-</span> 
     </span>
     <span class='ocr_line' id='line_1_6' title="bbox 51 1257 242 1280; baseline 0 0"><span class='ocrx_word' id='word_1_18' title='bbox 51 1257 117 1280; x_wconf 67' lang='grc' dir='ltr'>ἀίω·</span> <span class='ocrx_word' id='word_1_19' title='bbox 130 1263 181 1280; x_wconf 73' lang='lat' dir='ltr'>exe.</span> <span class='ocrx_word' id='word_1_20' title='bbox 195 1265 218 1280; x_wconf 76' lang='grc' dir='ltr'>Α.</span> <span class='ocrx_word' id='word_1_21' title='bbox 230 1268 242 1271; x_wconf 84' lang='lat'>-</span> 
     </span>
    </p>
   </div>
   <div class='ocr_carea' id='block_1_6' title="bbox 52 1284 266 1334">
    <p class='ocr_par' dir='ltr' id='par_1_6' title="bbox 52 1284 266 1334">
     <span class='ocr_line' id='line_1_7' title="bbox 52 1284 266 1334; baseline 0.005 -28"><span class='ocrx_word' id='word_1_22' title='bbox 52 1284 156 1334; x_wconf 40' lang='lat' dir='ltr'>hunsla</span> <span class='ocrx_word' id='word_1_23' title='bbox 172 1290 222 1307; x_wconf 81' lang='lat' dir='ltr'>om.</span> <span class='ocrx_word' id='word_1_24' title='bbox 235 1290 266 1307; x_wconf 77' lang='lat' dir='ltr'>nc</span> 
     </span>
    </p>
   </div>
   <div class='ocr_carea' id='block_1_7' title="bbox 0 1705 265 1735">
    <p class='ocr_par' dir='ltr' id='par_1_7' title="bbox 0 1705 265 1735">
     <span class='ocr_line' id='line_1_8' title="bbox 0 1705 265 1735; baseline 0 -7"><span class='ocrx_word' id='word_1_25' title='bbox 0 1706 2 1735; x_wconf 78' lang='grc' dir='ltr'>ξ</span> <span class='ocrx_word' id='word_1_26' title='bbox 50 1705 63 1717; x_wconf 78' lang='grc'><em>·</em></span> <span class='ocrx_word' id='word_1_27' title='bbox 75 1706 160 1728; x_wconf 77' lang='lat' dir='ltr'>terrae</span> <span class='ocrx_word' id='word_1_28' title='bbox 174 1705 229 1728; x_wconf 69' lang='lat' dir='ltr'>add.</span> <span class='ocrx_word' id='word_1_29' title='bbox 241 1711 265 1728; x_wconf 69' lang='grc' dir='ltr'>Α.</span> 
     </span>
    </p>
   </div>
   <div class='ocr_carea' id='block_1_8' title="bbox 49 2613 242 2638">
    <p class='ocr_par' dir='ltr' id='par_1_8' title="bbox 49 2613 242 2638">
     <span class='ocr_line' id='line_1_9' title="bbox 49 2613 242 2638; baseline 0.016 -3"><span class='ocrx_word' id='word_1_30' title='bbox 49 2613 62 2626; x_wconf 76' lang='lat'>¹·</span> <span class='ocrx_word' id='word_1_31' title='bbox 75 2615 143 2636; x_wconf 79' lang='lat' dir='ltr'>oerra</span> <span class='ocrx_word' id='word_1_32' title='bbox 157 2613 242 2638; x_wconf 65' lang='lat' dir='ltr'>odd-A.</span> 
     </span>
    </p>
   </div>
   <div class='ocr_carea' id='block_1_9' title="bbox 0 2768 262 2797">
    <p class='ocr_par' dir='ltr' id='par_1_9' title="bbox 0 2768 262 2797">
     <span class='ocr_line' id='line_1_10' title="bbox 0 2768 262 2797; baseline 0.004 -2"><span class='ocrx_word' id='word_1_33' title='bbox 0 2768 1 2774; x_wconf 60' lang='lat'>¹</span> <span class='ocrx_word' id='word_1_34' title='bbox 48 2773 188 2796; x_wconf 77' lang='lat' dir='ltr'>&#39;coarctare</span> <span class='ocrx_word' id='word_1_35' title='bbox 193 2774 262 2797; x_wconf 84' lang='lat' dir='ltr'>codd.</span> 
     </span>
    </p>
   </div>
   <div class='ocr_carea' id='block_1_10' title="bbox 1081 294 1701 347">
    <p class='ocr_par' dir='ltr' id='par_1_10' title="bbox 1081 294 1701 347">
     <span class='ocr_line' id='line_1_11' title="bbox 1081 294 1701 347; baseline 0 -16"><span class='ocrx_word' id='word_1_36' title='bbox 1081 295 1193 331; x_wconf 82' lang='lat' dir='ltr'>CAP.</span> <span class='ocrx_word' id='word_1_37' title='bbox 1223 295 1328 342; x_wconf 83' lang='lat' dir='ltr'>xiv,</span> <span class='ocrx_word' id='word_1_38' title='bbox 1358 294 1510 347; x_wconf 72' lang='lat' dir='ltr'>LECT.</span> <span class='ocrx_word' id='word_1_39' title='bbox 1541 294 1701 331; x_wconf 83' lang='lat' dir='ltr'>xxviu</span> 
     </span>
    </p>
   </div>
   <div class='ocr_carea' id='block_1_11' title="bbox 290 371 1367 2871">
    <p class='ocr_par' dir='ltr' id='par_1_11' title="bbox 290 371 1367 2485">
     <span class='ocr_line' id='line_1_12' title="bbox 293 371 1361 422; baseline 0.004 -15"><span class='ocrx_word' id='word_1_40' title='bbox 293 371 433 408; x_wconf 92' lang='lat' dir='ltr'>stellae.</span> <span class='ocrx_word' id='word_1_41' title='bbox 455 372 498 407; x_wconf 91' lang='lat' dir='ltr'>In</span> <span class='ocrx_word' id='word_1_42' title='bbox 516 371 574 408; x_wconf 92' lang='lat' dir='ltr'>his</span> <span class='ocrx_word' id='word_1_43' title='bbox 595 371 698 408; x_wconf 87' lang='lat' dir='ltr'>enim</span> <span class='ocrx_word' id='word_1_44' title='bbox 728 371 791 420; x_wconf 93' lang='lat' dir='ltr'>qui</span> <span class='ocrx_word' id='word_1_45' title='bbox 820 372 991 408; x_wconf 89' lang='lat' dir='ltr'>habitant</span> <span class='ocrx_word' id='word_1_46' title='bbox 1018 372 1056 409; x_wconf 94' lang='lat' dir='ltr'>in</span> <span class='ocrx_word' id='word_1_47' title='bbox 1086 374 1247 422; x_wconf 85' lang='lat' dir='ltr'>sphaera</span> <span class='ocrx_word' id='word_1_48' title='bbox 1267 374 1361 410; x_wconf 89' lang='lat' dir='ltr'>obli-</span> 
     </span>
     <span class='ocr_line' id='line_1_13' title="bbox 294 424 1362 474; baseline 0.005 -15"><span class='ocrx_word' id='word_1_49' title='bbox 294 436 381 472; x_wconf 92' lang='lat' dir='ltr'>qua,</span> <span class='ocrx_word' id='word_1_50' title='bbox 402 425 514 472; x_wconf 91' lang='lat' dir='ltr'>polus</span> <span class='ocrx_word' id='word_1_51' title='bbox 534 424 838 472; x_wconf 91' lang='lat' dir='ltr'>septentrionalis</span> <span class='ocrx_word' id='word_1_52' title='bbox 863 425 1034 461; x_wconf 90' lang='lat' dir='ltr'>elevatur</span> <span class='ocrx_word' id='word_1_53' title='bbox 1053 438 1167 474; x_wconf 90' lang='lat' dir='ltr'>supra</span> <span class='ocrx_word' id='word_1_54' title='bbox 1186 427 1362 464; x_wconf 88' lang='lat' dir='ltr'>horizon-</span> 
     </span>
     <span class='ocr_line' id='line_1_14' title="bbox 293 477 1363 525; baseline 0.003 -11"><span class='ocrx_word' id='word_1_55' title='bbox 293 484 372 514; x_wconf 89' lang='lat' dir='ltr'>tem</span> <span class='ocrx_word' id='word_1_56' title='bbox 398 477 583 525; x_wconf 91' lang='lat' dir='ltr'>ipsorum,</span> <span class='ocrx_word' id='word_1_57' title='bbox 607 484 644 513; x_wconf 92' lang='lat' dir='ltr'>et</span> <span class='ocrx_word' id='word_1_58' title='bbox 663 489 798 513; x_wconf 92' lang='lat' dir='ltr'>omnes</span> <span class='ocrx_word' id='word_1_59' title='bbox 818 478 946 513; x_wconf 91' lang='lat' dir='ltr'>stellae</span> <span class='ocrx_word' id='word_1_60' title='bbox 966 490 1064 525; x_wconf 89' lang='lat' dir='ltr'>quae</span> <span class='ocrx_word' id='word_1_61' title='bbox 1087 491 1165 516; x_wconf 92' lang='lat' dir='ltr'>non</span> <span class='ocrx_word' id='word_1_62' title='bbox 1186 480 1323 517; x_wconf 89' lang='lat' dir='ltr'>distant</span> <span class='ocrx_word' id='word_1_63' title='bbox 1341 493 1363 516; x_wconf 92' lang='lat' dir='ltr'>a</span> 
     </span>
     <span class='ocr_line' id='line_1_15' title="bbox 293 529 1364 580; baseline 0.003 -14"><span class='ocrx_word' id='word_1_64' title='bbox 293 530 384 580; x_wconf 92' lang='lat' dir='ltr'>polo</span> <span class='ocrx_word' id='word_1_65' title='bbox 404 531 501 566; x_wconf 87' lang='lat' dir='ltr'>ultra</span> <span class='ocrx_word' id='word_1_66' title='bbox 521 529 774 566; x_wconf 84' lang='lat' dir='ltr'>elevationem</span> <span class='ocrx_word' id='word_1_67' title='bbox 796 530 874 578; x_wconf 92' lang='lat' dir='ltr'>poli</span> <span class='ocrx_word' id='word_1_68' title='bbox 895 543 1009 579; x_wconf 89' lang='lat' dir='ltr'>supra</span> <span class='ocrx_word' id='word_1_69' title='bbox 1033 532 1256 579; x_wconf 89' lang='lat' dir='ltr'>orizontem,</span> <span class='ocrx_word' id='word_1_70' title='bbox 1278 541 1364 569; x_wconf 89' lang='lat' dir='ltr'>sunt</span> 
     </span>
     <span class='ocr_line' id='line_1_16' title="bbox 293 582 1365 632; baseline 0.002 -12"><span class='ocrx_word' id='word_1_71' title='bbox 293 591 500 632; x_wconf 88' lang='lat' dir='ltr'>perpetuae</span> <span class='ocrx_word' id='word_1_72' title='bbox 530 582 795 632; x_wconf 90' lang='lat' dir='ltr'>apparitionis;</span> <span class='ocrx_word' id='word_1_73' title='bbox 825 590 862 619; x_wconf 92' lang='lat' dir='ltr'>et</span> <span class='ocrx_word' id='word_1_74' title='bbox 880 582 919 619; x_wconf 91' lang='lat' dir='ltr'>in</span> <span class='ocrx_word' id='word_1_75' title='bbox 948 584 1096 631; x_wconf 90' lang='lat' dir='ltr'>aequali</span> <span class='ocrx_word' id='word_1_76' title='bbox 1120 585 1241 632; x_wconf 92' lang='lat' dir='ltr'>spatio</span> <span class='ocrx_word' id='word_1_77' title='bbox 1267 585 1365 622; x_wconf 87' lang='lat' dir='ltr'>circa</span> 
     </span>
     <span class='ocr_line' id='line_1_17' title="bbox 295 635 1364 685; baseline 0.001 -12"><span class='ocrx_word' id='word_1_78' title='bbox 295 636 412 673; x_wconf 88' lang='lat' dir='ltr'>aliurn</span> <span class='ocrx_word' id='word_1_79' title='bbox 433 637 567 685; x_wconf 87' lang='lat' dir='ltr'>polum</span> <span class='ocrx_word' id='word_1_80' title='bbox 587 636 714 674; x_wconf 90' lang='lat' dir='ltr'>stellae</span> <span class='ocrx_word' id='word_1_81' title='bbox 735 635 946 681; x_wconf 87' lang='lat' dir='ltr'>existentes,</span> <span class='ocrx_word' id='word_1_82' title='bbox 969 643 1056 672; x_wconf 90' lang='lat' dir='ltr'>sunt</span> <span class='ocrx_word' id='word_1_83' title='bbox 1075 645 1280 685; x_wconf 84' lang='lat' dir='ltr'>perpetuae</span> <span class='ocrx_word' id='word_1_84' title='bbox 1301 650 1364 674; x_wconf 93' lang='lat' dir='ltr'>oc-</span> 
     </span>
     <span class='ocr_line' id='line_1_18' title="bbox 296 688 1366 737; baseline 0 -11"><span class='ocrx_word' id='word_1_85' title='bbox 296 689 507 726; x_wconf 90' lang='lat' dir='ltr'>cultationis</span> <span class='ocrx_word' id='word_1_86' title='bbox 521 695 546 726; x_wconf 82' lang='lat'>’¹.</span> <span class='ocrx_word' id='word_1_87' title='bbox 565 689 666 736; x_wconf 88' lang='lat' dir='ltr'>Quia</span> <span class='ocrx_word' id='word_1_88' title='bbox 681 689 801 737; x_wconf 91' lang='lat' dir='ltr'>igitur,</span> <span class='ocrx_word' id='word_1_89' title='bbox 817 696 974 737; x_wconf 88' lang='lat' dir='ltr'>propter</span> <span class='ocrx_word' id='word_1_90' title='bbox 989 688 1245 726; x_wconf 85' lang='lat' dir='ltr'>diversitatem</span> <span class='ocrx_word' id='word_1_91' title='bbox 1264 691 1366 726; x_wconf 92' lang='lat' dir='ltr'>hori-</span> 
     </span>
     <span class='ocr_line' id='line_1_19' title="bbox 295 741 1365 791; baseline 0 -12"><span class='ocrx_word' id='word_1_92' title='bbox 295 743 501 789; x_wconf 56' lang='lat' dir='ltr'>zontis,‚in</span> <span class='ocrx_word' id='word_1_93' title='bbox 529 742 636 779; x_wconf 91' lang='lat' dir='ltr'>terris</span> <span class='ocrx_word' id='word_1_94' title='bbox 654 743 674 763; x_wconf 77' lang='lat'><em>*</em></span> <span class='ocrx_word' id='word_1_95' title='bbox 693 741 1049 791; x_wconf 85' lang='lat' dir='ltr'>septentrionalibus</span> <span class='ocrx_word' id='word_1_96' title='bbox 1077 743 1189 790; x_wconf 93' lang='lat' dir='ltr'>polus</span> <span class='ocrx_word' id='word_1_97' title='bbox 1218 751 1365 791; x_wconf 89' lang='lat' dir='ltr'>septen-</span> 
     </span>
     <span class='ocr_line' id='line_1_20' title="bbox 295 792 1366 843; baseline 0 -11"><span class='ocrx_word' id='word_1_98' title='bbox 295 795 463 832; x_wconf 90' lang='lat' dir='ltr'>trionalis</span> <span class='ocrx_word' id='word_1_99' title='bbox 483 796 604 843; x_wconf 89' lang='lat' dir='ltr'>magis</span> <span class='ocrx_word' id='word_1_100' title='bbox 624 796 805 842; x_wconf 89' lang='lat' dir='ltr'>elevatur,</span> <span class='ocrx_word' id='word_1_101' title='bbox 828 802 864 831; x_wconf 93' lang='lat' dir='ltr'>et</span> <span class='ocrx_word' id='word_1_102' title='bbox 890 795 1002 843; x_wconf 93' lang='lat' dir='ltr'>polus</span> <span class='ocrx_word' id='word_1_103' title='bbox 1027 792 1227 843; x_wconf 84' lang='lat' dir='ltr'>oppositus&#39;</span> <span class='ocrx_word' id='word_1_104' title='bbox 1245 796 1366 843; x_wconf 90' lang='lat' dir='ltr'>magis</span> 
     </span>
     <span class='ocr_line' id='line_1_21' title="bbox 295 848 1365 897; baseline -0.001 -12"><span class='ocrx_word' id='word_1_105' title='bbox 295 848 531 897; x_wconf 85' lang='lat' dir='ltr'>deprimitur,</span> <span class='ocrx_word' id='word_1_106' title='bbox 553 848 733 896; x_wconf 91' lang='lat' dir='ltr'>contingit</span> <span class='ocrx_word' id='word_1_107' title='bbox 760 848 866 896; x_wconf 93' lang='lat' dir='ltr'>quod</span> <span class='ocrx_word' id='word_1_108' title='bbox 894 848 1085 897; x_wconf 90' lang='lat' dir='ltr'>quaedam</span> <span class='ocrx_word' id='word_1_109' title='bbox 1110 849 1238 885; x_wconf 91' lang='lat' dir='ltr'>stellae</span> <span class='ocrx_word' id='word_1_110' title='bbox 1267 861 1365 897; x_wconf 89' lang='lat' dir='ltr'>quae</span> 
     </span>
     <span class='ocr_line' id='line_1_22' title="bbox 294 901 1365 951; baseline 0 -13"><span class='ocrx_word' id='word_1_111' title='bbox 294 910 382 939; x_wconf 89' lang='lat' dir='ltr'>sunt</span> <span class='ocrx_word' id='word_1_112' title='bbox 400 902 420 922; x_wconf 82' lang='grc'>*</span> <span class='ocrx_word' id='word_1_113' title='bbox 438 902 679 951; x_wconf 91' lang='lat' dir='ltr'>propinquae</span> <span class='ocrx_word' id='word_1_114' title='bbox 702 903 794 950; x_wconf 94' lang='lat' dir='ltr'>polo</span> <span class='ocrx_word' id='word_1_115' title='bbox 814 901 1038 948; x_wconf 85' lang='lat' dir='ltr'>antarctico,</span> <span class='ocrx_word' id='word_1_116' title='bbox 1059 914 1138 938; x_wconf 91' lang='lat' dir='ltr'>non</span> <span class='ocrx_word' id='word_1_117' title='bbox 1168 910 1254 938; x_wconf 92' lang='lat' dir='ltr'>sunt</span> <span class='ocrx_word' id='word_1_118' title='bbox 1281 913 1365 950; x_wconf 91' lang='lat' dir='ltr'>per-</span> 
     </span>
     <span class='ocr_line' id='line_1_23' title="bbox 292 955 1365 1004; baseline -0.001 -13"><span class='ocrx_word' id='word_1_119' title='bbox 292 962 431 1004; x_wconf 90' lang='lat' dir='ltr'>petuae</span> <span class='ocrx_word' id='word_1_120' title='bbox 475 955 735 991; x_wconf 85' lang='lat' dir='ltr'>occultationis</span> <span class='ocrx_word' id='word_1_121' title='bbox 751 984 760 1002; x_wconf 93' lang='lat'>,</span> <span class='ocrx_word' id='word_1_122' title='bbox 804 955 872 992; x_wconf 93' lang='lat' dir='ltr'>sed</span> <span class='ocrx_word' id='word_1_123' title='bbox 913 955 1092 992; x_wconf 92' lang='lat' dir='ltr'>videntur</span> <span class='ocrx_word' id='word_1_124' title='bbox 1133 956 1365 1004; x_wconf 87' lang='lat' dir='ltr'>quandoque</span> 
     </span>
     <span class='ocr_line' id='line_1_24' title="bbox 294 1008 1366 1057; baseline 0 -13"><span class='ocrx_word' id='word_1_125' title='bbox 294 1008 333 1045; x_wconf 92' lang='lat' dir='ltr'>in</span> <span class='ocrx_word' id='word_1_126' title='bbox 361 1008 468 1045; x_wconf 89' lang='lat' dir='ltr'>terris</span> <span class='ocrx_word' id='word_1_127' title='bbox 496 1008 617 1056; x_wconf 87' lang='lat' dir='ltr'>magis</span> <span class='ocrx_word' id='word_1_128' title='bbox 646 1008 976 1054; x_wconf 90' lang='lat' dir='ltr'>meridionalibus,</span> <span class='ocrx_word' id='word_1_129' title='bbox 1006 1015 1099 1057; x_wconf 90' lang='lat' dir='ltr'>puta</span> <span class='ocrx_word' id='word_1_130' title='bbox 1122 1008 1159 1045; x_wconf 89' lang='lat' dir='ltr'>in</span> <span class='ocrx_word' id='word_1_131' title='bbox 1189 1010 1366 1056; x_wconf 91' lang='lat' dir='ltr'>Aegypto</span> 
     </span>
     <span class='ocr_line' id='line_1_25' title="bbox 295 1061 1366 1110; baseline -0.001 -12"><span class='ocrx_word' id='word_1_132' title='bbox 295 1069 331 1098; x_wconf 93' lang='lat' dir='ltr'>et</span> <span class='ocrx_word' id='word_1_133' title='bbox 346 1061 445 1098; x_wconf 90' lang='lat' dir='ltr'>circa</span> <span class='ocrx_word' id='word_1_134' title='bbox 465 1061 649 1110; x_wconf 88' lang='lat' dir='ltr'>Cyprum,</span> <span class='ocrx_word' id='word_1_135' title='bbox 667 1074 765 1110; x_wconf 88' lang='lat' dir='ltr'>quae</span> <span class='ocrx_word' id='word_1_136' title='bbox 785 1073 983 1110; x_wconf 89' lang='lat' dir='ltr'>nunquam</span> <span class='ocrx_word' id='word_1_137' title='bbox 1003 1061 1182 1099; x_wconf 90' lang='lat' dir='ltr'>videntur</span> <span class='ocrx_word' id='word_1_138' title='bbox 1202 1062 1239 1098; x_wconf 92' lang='lat' dir='ltr'>in</span> <span class='ocrx_word' id='word_1_139' title='bbox 1259 1061 1366 1098; x_wconf 88' lang='lat' dir='ltr'>terris</span> 
     </span>
     <span class='ocr_line' id='line_1_26' title="bbox 293 1114 1365 1164; baseline 0 -13"><span class='ocrx_word' id='word_1_140' title='bbox 293 1114 415 1163; x_wconf 90' lang='lat' dir='ltr'>magis</span> <span class='ocrx_word' id='word_1_141' title='bbox 443 1115 822 1163; x_wconf 88' lang='lat' dir='ltr'>septentrionalibus:</span> <span class='ocrx_word' id='word_1_142' title='bbox 853 1123 889 1152; x_wconf 92' lang='lat' dir='ltr'>et</span> <span class='ocrx_word' id='word_1_143' title='bbox 914 1129 933 1152; x_wconf 89' lang='lat' dir='ltr'>e</span> <span class='ocrx_word' id='word_1_144' title='bbox 955 1127 1143 1152; x_wconf 90' lang='lat' dir='ltr'>converso</span> <span class='ocrx_word' id='word_1_145' title='bbox 1173 1115 1365 1164; x_wconf 86' lang='lat' dir='ltr'>quaedam</span> 
     </span>
     <span class='ocr_line' id='line_1_27' title="bbox 294 1168 1366 1217; baseline -0.001 -12"><span class='ocrx_word' id='word_1_146' title='bbox 294 1169 423 1207; x_wconf 89' lang='lat' dir='ltr'>stellae</span> <span class='ocrx_word' id='word_1_147' title='bbox 443 1176 531 1204; x_wconf 91' lang='lat' dir='ltr'>sunt</span> <span class='ocrx_word' id='word_1_148' title='bbox 549 1176 757 1217; x_wconf 90' lang='lat' dir='ltr'>perpetuae</span> <span class='ocrx_word' id='word_1_149' title='bbox 777 1168 797 1189; x_wconf 85' lang='lat'><strong>*</strong></span> <span class='ocrx_word' id='word_1_150' title='bbox 818 1168 1064 1217; x_wconf 88' lang='lat' dir='ltr'>apparitionis</span> <span class='ocrx_word' id='word_1_151' title='bbox 1090 1168 1128 1205; x_wconf 91' lang='lat' dir='ltr'>in</span> <span class='ocrx_word' id='word_1_152' title='bbox 1149 1168 1366 1216; x_wconf 87' lang='lat' dir='ltr'>regionibus</span> 
     </span>
     <span class='ocr_line' id='line_1_28' title="bbox 293 1221 1365 1271; baseline -0.002 -11"><span class='ocrx_word' id='word_1_153' title='bbox 293 1221 419 1270; x_wconf 78' lang='lat' dir='ltr'>magis</span> <span class='ocrx_word' id='word_1_154' title='bbox 439 1222 459 1243; x_wconf 69' lang='lat'>³¹²</span> <span class='ocrx_word' id='word_1_155' title='bbox 487 1221 861 1270; x_wconf 89' lang='lat' dir='ltr'>septentrionalibus,</span> <span class='ocrx_word' id='word_1_156' title='bbox 892 1234 990 1271; x_wconf 92' lang='lat' dir='ltr'>quae</span> <span class='ocrx_word' id='word_1_157' title='bbox 1019 1229 1148 1258; x_wconf 88' lang='lat' dir='ltr'>tamen</span> <span class='ocrx_word' id='word_1_158' title='bbox 1177 1221 1214 1258; x_wconf 89' lang='lat' dir='ltr'>in</span> <span class='ocrx_word' id='word_1_159' title='bbox 1245 1221 1365 1269; x_wconf 90' lang='lat' dir='ltr'>regio-</span> 
     </span>
     <span class='ocr_line' id='line_1_29' title="bbox 294 1274 1367 1323; baseline 0 -12"><span class='ocrx_word' id='word_1_160' title='bbox 294 1274 407 1312; x_wconf 90' lang='lat' dir='ltr'>nibus</span> <span class='ocrx_word' id='word_1_161' title='bbox 435 1275 557 1323; x_wconf 91' lang='lat' dir='ltr'>magis</span> <span class='ocrx_word' id='word_1_162' title='bbox 585 1275 899 1312; x_wconf 89' lang='lat' dir='ltr'>meridionalibus</span> <span class='ocrx_word' id='word_1_163' title='bbox 932 1274 1052 1323; x_wconf 89' lang='lat' dir='ltr'>magis</span> <span class='ocrx_word' id='word_1_164' title='bbox 1082 1276 1102 1296; x_wconf 48' lang='lat'>²²</span> <span class='ocrx_word' id='word_1_165' title='bbox 1130 1275 1367 1311; x_wconf 91' lang='lat' dir='ltr'>occultantur</span> 
     </span>
     <span class='ocr_line' id='line_1_30' title="bbox 292 1329 1367 1378; baseline -0.001 -13"><span class='ocrx_word' id='word_1_166' title='bbox 292 1340 363 1378; x_wconf 89' lang='lat' dir='ltr'>per</span> <span class='ocrx_word' id='word_1_167' title='bbox 390 1340 584 1365; x_wconf 88' lang='lat' dir='ltr'>occasum.</span> <span class='ocrx_word' id='word_1_168' title='bbox 614 1329 663 1364; x_wconf 93' lang='lat' dir='ltr'>Et</span> <span class='ocrx_word' id='word_1_169' title='bbox 691 1340 737 1365; x_wconf 85' lang='lat' dir='ltr'>ex</span> <span class='ocrx_word' id='word_1_170' title='bbox 764 1329 840 1365; x_wconf 90' lang='lat' dir='ltr'>hoc</span> <span class='ocrx_word' id='word_1_171' title='bbox 872 1335 1031 1378; x_wconf 90' lang='lat' dir='ltr'>apparet</span> <span class='ocrx_word' id='word_1_172' title='bbox 1058 1329 1164 1377; x_wconf 92' lang='lat' dir='ltr'>quod</span> <span class='ocrx_word' id='word_1_173' title='bbox 1187 1336 1286 1365; x_wconf 93' lang='lat' dir='ltr'>terra</span> <span class='ocrx_word' id='word_1_174' title='bbox 1311 1336 1367 1365; x_wconf 90' lang='lat' dir='ltr'>est</span> 
     </span>
     <span class='ocr_line' id='line_1_31' title="bbox 292 1381 1365 1431; baseline -0.001 -12"><span class='ocrx_word' id='word_1_175' title='bbox 292 1381 438 1430; x_wconf 89' lang='lat' dir='ltr'>figurae</span> <span class='ocrx_word' id='word_1_176' title='bbox 468 1381 667 1428; x_wconf 90' lang='lat' dir='ltr'>rotundae,</span> <span class='ocrx_word' id='word_1_177' title='bbox 692 1381 896 1431; x_wconf 90' lang='lat' dir='ltr'>praecipue</span> <span class='ocrx_word' id='word_1_178' title='bbox 925 1382 1138 1419; x_wconf 91' lang='lat' dir='ltr'>secundum</span> <span class='ocrx_word' id='word_1_179' title='bbox 1167 1389 1365 1430; x_wconf 90' lang='lat' dir='ltr'>aspectum</span> 
     </span>
     <span class='ocr_line' id='line_1_32' title="bbox 292 1434 1362 1484; baseline 0 -13"><span class='ocrx_word' id='word_1_180' title='bbox 292 1434 342 1471; x_wconf 89' lang='lat' dir='ltr'>ad</span> <span class='ocrx_word' id='word_1_181' title='bbox 371 1434 469 1473; x_wconf 91' lang='lat' dir='ltr'>duos</span> <span class='ocrx_word' id='word_1_182' title='bbox 497 1435 626 1483; x_wconf 92' lang='lat' dir='ltr'>polos:</span> <span class='ocrx_word' id='word_1_183' title='bbox 656 1434 687 1471; x_wconf 91' lang='lat' dir='ltr'>si</span> <span class='ocrx_word' id='word_1_184' title='bbox 712 1434 815 1471; x_wconf 91' lang='lat' dir='ltr'>enirn</span> <span class='ocrx_word' id='word_1_185' title='bbox 844 1443 943 1472; x_wconf 92' lang='lat' dir='ltr'>esset</span> <span class='ocrx_word' id='word_1_186' title='bbox 970 1434 1184 1483; x_wconf 91' lang='lat' dir='ltr'>superficiei</span> <span class='ocrx_word' id='word_1_187' title='bbox 1211 1435 1362 1484; x_wconf 89' lang='lat' dir='ltr'>planae,</span> 
     </span>
     <span class='ocr_line' id='line_1_33' title="bbox 293 1487 1364 1537; baseline -0.001 -12"><span class='ocrx_word' id='word_1_188' title='bbox 293 1500 431 1525; x_wconf 90' lang='lat' dir='ltr'>omnes</span> <span class='ocrx_word' id='word_1_189' title='bbox 449 1488 662 1525; x_wconf 85' lang='lat' dir='ltr'>habitantes</span> <span class='ocrx_word' id='word_1_190' title='bbox 683 1487 719 1524; x_wconf 92' lang='lat' dir='ltr'>in</span> <span class='ocrx_word' id='word_1_191' title='bbox 739 1495 817 1524; x_wconf 91' lang='lat' dir='ltr'>tota</span> <span class='ocrx_word' id='word_1_192' title='bbox 842 1495 964 1525; x_wconf 86' lang='lat' dir='ltr'>terrae</span> <span class='ocrx_word' id='word_1_193' title='bbox 993 1487 1194 1537; x_wconf 88' lang='lat' dir='ltr'>superficie</span> <span class='ocrx_word' id='word_1_194' title='bbox 1216 1489 1264 1525; x_wconf 89' lang='lat' dir='ltr'>ad</span> <span class='ocrx_word' id='word_1_195' title='bbox 1284 1501 1364 1525; x_wconf 91' lang='lat' dir='ltr'>me-</span> 
     </span>
     <span class='ocr_line' id='line_1_34' title="bbox 293 1541 1364 1590; baseline 0 -12"><span class='ocrx_word' id='word_1_196' title='bbox 293 1541 428 1578; x_wconf 91' lang='lat' dir='ltr'>ridiem</span> <span class='ocrx_word' id='word_1_197' title='bbox 458 1549 494 1578; x_wconf 93' lang='lat' dir='ltr'>et</span> <span class='ocrx_word' id='word_1_198' title='bbox 512 1541 823 1590; x_wconf 88' lang='lat' dir='ltr'>septentrionem,</span> <span class='ocrx_word' id='word_1_199' title='bbox 853 1542 1039 1578; x_wconf 89' lang='lat' dir='ltr'>haberent</span> <span class='ocrx_word' id='word_1_200' title='bbox 1066 1542 1234 1578; x_wconf 89' lang='lat' dir='ltr'>eundem</span> <span class='ocrx_word' id='word_1_201' title='bbox 1263 1542 1364 1578; x_wconf 92' lang='lat' dir='ltr'>hori-</span> 
     </span>
     <span class='ocr_line' id='line_1_35' title="bbox 293 1594 1365 1644; baseline -0.001 -12"><span class='ocrx_word' id='word_1_202' title='bbox 293 1602 458 1641; x_wconf 89' lang='lat' dir='ltr'>zontem,</span> <span class='ocrx_word' id='word_1_203' title='bbox 489 1602 526 1631; x_wconf 92' lang='lat' dir='ltr'>et</span> <span class='ocrx_word' id='word_1_204' title='bbox 555 1594 715 1631; x_wconf 90' lang='lat' dir='ltr'>eaedem</span> <span class='ocrx_word' id='word_1_205' title='bbox 744 1594 871 1631; x_wconf 85' lang='lat' dir='ltr'>stellae</span> <span class='ocrx_word' id='word_1_206' title='bbox 901 1595 954 1632; x_wconf 92' lang='lat' dir='ltr'>eis</span> <span class='ocrx_word' id='word_1_207' title='bbox 982 1602 1209 1644; x_wconf 87' lang='lat' dir='ltr'>apparerent</span> <span class='ocrx_word' id='word_1_208' title='bbox 1238 1603 1273 1632; x_wconf 92' lang='lat' dir='ltr'>et</span> <span class='ocrx_word' id='word_1_209' title='bbox 1302 1608 1365 1632; x_wconf 93' lang='lat' dir='ltr'>oc-</span> 
     </span>
     <span class='ocr_line' id='line_1_36' title="bbox 294 1647 1365 1696; baseline 0.001 -12"><span class='ocrx_word' id='word_1_210' title='bbox 294 1648 534 1695; x_wconf 88' lang='lat' dir='ltr'>cultarentur,</span> <span class='ocrx_word' id='word_1_211' title='bbox 564 1648 667 1684; x_wconf 89' lang='lat' dir='ltr'>nullo</span> <span class='ocrx_word' id='word_1_212' title='bbox 696 1647 974 1696; x_wconf 89' lang='lat' dir='ltr'>impedimento</span> <span class='ocrx_word' id='word_1_213' title='bbox 1004 1649 1103 1686; x_wconf 89' lang='lat' dir='ltr'>facto</span> <span class='ocrx_word' id='word_1_214' title='bbox 1124 1661 1169 1685; x_wconf 83' lang='lat' dir='ltr'>ex</span> <span class='ocrx_word' id='word_1_215' title='bbox 1195 1656 1365 1685; x_wconf 91' lang='lat' dir='ltr'>tumoro-</span> 
     </span>
     <span class='ocr_line' id='line_1_37' title="bbox 293 1700 1366 1751; baseline 0 -13"><span class='ocrx_word' id='word_1_216' title='bbox 293 1700 400 1739; x_wconf 90' lang='lat' dir='ltr'>sitate</span> <span class='ocrx_word' id='word_1_217' title='bbox 419 1701 450 1737; x_wconf 77' lang='grc'>*.</span> <span class='ocrx_word' id='word_1_218' title='bbox 472 1702 522 1738; x_wconf 93' lang='lat' dir='ltr'>Et</span> <span class='ocrx_word' id='word_1_219' title='bbox 549 1701 661 1738; x_wconf 89' lang='lat' dir='ltr'>simili</span> <span class='ocrx_word' id='word_1_220' title='bbox 691 1701 835 1738; x_wconf 87' lang='lat' dir='ltr'>ratione</span> <span class='ocrx_word' id='word_1_221' title='bbox 863 1703 1048 1750; x_wconf 90' lang='lat' dir='ltr'>probatur</span> <span class='ocrx_word' id='word_1_222' title='bbox 1075 1701 1181 1751; x_wconf 90' lang='lat' dir='ltr'>quod</span> <span class='ocrx_word' id='word_1_223' title='bbox 1200 1710 1299 1739; x_wconf 90' lang='lat' dir='ltr'>terra</span> <span class='ocrx_word' id='word_1_224' title='bbox 1319 1702 1366 1739; x_wconf 90' lang='lat' dir='ltr'>sit</span> 
     </span>
     <span class='ocr_line' id='line_1_38' title="bbox 292 1755 1366 1804; baseline 0.001 -13"><span class='ocrx_word' id='word_1_225' title='bbox 292 1755 458 1792; x_wconf 88' lang='lat' dir='ltr'>rotunda</span> <span class='ocrx_word' id='word_1_226' title='bbox 484 1766 618 1791; x_wconf 87' lang='lat' dir='ltr'>versus</span> <span class='ocrx_word' id='word_1_227' title='bbox 647 1762 774 1792; x_wconf 88' lang='lat' dir='ltr'>ortum</span> <span class='ocrx_word' id='word_1_228' title='bbox 804 1763 840 1792; x_wconf 89' lang='lat' dir='ltr'>et</span> <span class='ocrx_word' id='word_1_229' title='bbox 868 1767 1067 1792; x_wconf 90' lang='lat' dir='ltr'>occasum:</span> <span class='ocrx_word' id='word_1_230' title='bbox 1097 1755 1265 1804; x_wconf 89' lang='lat' dir='ltr'>alioquin</span> <span class='ocrx_word' id='word_1_231' title='bbox 1287 1768 1366 1793; x_wconf 90' lang='lat' dir='ltr'>non</span> 
     </span>
     <span class='ocr_line' id='line_1_39' title="bbox 290 1807 1366 1858; baseline 0.002 -14"><span class='ocrx_word' id='word_1_232' title='bbox 290 1807 395 1857; x_wconf 88' lang='lat' dir='ltr'>prius</span> <span class='ocrx_word' id='word_1_233' title='bbox 423 1808 584 1845; x_wconf 89' lang='lat' dir='ltr'>oriretur</span> <span class='ocrx_word' id='word_1_234' title='bbox 611 1815 755 1845; x_wconf 87' lang='lat' dir='ltr'>astrum</span> <span class='ocrx_word' id='word_1_235' title='bbox 785 1808 1060 1858; x_wconf 91' lang='lat' dir='ltr'>quodcumque</span> <span class='ocrx_word' id='word_1_236' title='bbox 1094 1809 1152 1845; x_wconf 88' lang='lat' dir='ltr'>his</span> <span class='ocrx_word' id='word_1_237' title='bbox 1185 1809 1250 1857; x_wconf 93' lang='lat' dir='ltr'>qui</span> <span class='ocrx_word' id='word_1_238' title='bbox 1278 1817 1366 1846; x_wconf 92' lang='lat' dir='ltr'>sunt</span> 
     </span>
     <span class='ocr_line' id='line_1_40' title="bbox 292 1860 1364 1911; baseline 0.001 -13"><span class='ocrx_word' id='word_1_239' title='bbox 292 1860 332 1898; x_wconf 91' lang='lat' dir='ltr'>in</span> <span class='ocrx_word' id='word_1_240' title='bbox 361 1861 524 1908; x_wconf 89' lang='lat' dir='ltr'>oriente,</span> <span class='ocrx_word' id='word_1_241' title='bbox 560 1873 676 1910; x_wconf 89' lang='lat' dir='ltr'>quarn</span> <span class='ocrx_word' id='word_1_242' title='bbox 710 1862 766 1898; x_wconf 91' lang='lat' dir='ltr'>his</span> <span class='ocrx_word' id='word_1_243' title='bbox 795 1862 860 1911; x_wconf 91' lang='lat' dir='ltr'>qui</span> <span class='ocrx_word' id='word_1_244' title='bbox 889 1870 975 1898; x_wconf 91' lang='lat' dir='ltr'>sunt</span> <span class='ocrx_word' id='word_1_245' title='bbox 1007 1862 1046 1899; x_wconf 91' lang='lat' dir='ltr'>in</span> <span class='ocrx_word' id='word_1_246' title='bbox 1079 1861 1288 1900; x_wconf 92' lang='lat' dir='ltr'>occidente.</span> <span class='ocrx_word' id='word_1_247' title='bbox 1325 1863 1364 1899; x_wconf 89' lang='lat' dir='ltr'>Si</span> 
     </span>
     <span class='ocr_line' id='line_1_41' title="bbox 293 1914 1364 1963; baseline 0.002 -12"><span class='ocrx_word' id='word_1_248' title='bbox 293 1914 396 1952; x_wconf 88' lang='lat' dir='ltr'>enim</span> <span class='ocrx_word' id='word_1_249' title='bbox 424 1922 522 1951; x_wconf 89' lang='lat' dir='ltr'>terra</span> <span class='ocrx_word' id='word_1_250' title='bbox 551 1922 650 1952; x_wconf 90' lang='lat' dir='ltr'>esset</span> <span class='ocrx_word' id='word_1_251' title='bbox 677 1914 821 1963; x_wconf 86' lang='lat' dir='ltr'>figurae</span> <span class='ocrx_word' id='word_1_252' title='bbox 852 1927 1064 1962; x_wconf 88' lang='lat' dir='ltr'>concavae,</span> <span class='ocrx_word' id='word_1_253' title='bbox 1103 1915 1207 1952; x_wconf 92' lang='lat' dir='ltr'>sidus</span> <span class='ocrx_word' id='word_1_254' title='bbox 1237 1916 1364 1953; x_wconf 88' lang='lat' dir='ltr'>oriens</span> 
     </span>
     <span class='ocr_line' id='line_1_42' title="bbox 290 1965 1363 2018; baseline 0.001 -13"><span class='ocrx_word' id='word_1_255' title='bbox 290 1967 397 2017; x_wconf 91' lang='lat' dir='ltr'>prius</span> <span class='ocrx_word' id='word_1_256' title='bbox 431 1965 633 2017; x_wconf 84' lang='lat' dir='ltr'>appareret</span> <span class='ocrx_word' id='word_1_257' title='bbox 665 1968 723 2005; x_wconf 89' lang='lat' dir='ltr'>his</span> <span class='ocrx_word' id='word_1_258' title='bbox 755 1968 820 2018; x_wconf 91' lang='lat' dir='ltr'>qui</span> <span class='ocrx_word' id='word_1_259' title='bbox 849 1977 936 2006; x_wconf 90' lang='lat' dir='ltr'>sunt</span> <span class='ocrx_word' id='word_1_260' title='bbox 970 1969 1008 2005; x_wconf 93' lang='lat' dir='ltr'>in</span> <span class='ocrx_word' id='word_1_261' title='bbox 1042 1969 1240 2006; x_wconf 88' lang='lat' dir='ltr'>occidente</span> <span class='ocrx_word' id='word_1_262' title='bbox 1268 1967 1302 2006; x_wconf 82' lang='lat'>⁰:</span> <span class='ocrx_word' id='word_1_263' title='bbox 1333 1969 1363 2006; x_wconf 90' lang='lat' dir='ltr'>si</span> 
     </span>
     <span class='ocr_line' id='line_1_43' title="bbox 290 2022 1364 2072; baseline 0.001 -14"><span class='ocrx_word' id='word_1_264' title='bbox 290 2033 386 2059; x_wconf 91' lang='lat' dir='ltr'>vero</span> <span class='ocrx_word' id='word_1_265' title='bbox 415 2029 514 2058; x_wconf 90' lang='lat' dir='ltr'>terra</span> <span class='ocrx_word' id='word_1_266' title='bbox 531 2022 690 2058; x_wconf 87' lang='lat' dir='ltr'>haberet</span> <span class='ocrx_word' id='word_1_267' title='bbox 708 2023 864 2070; x_wconf 87' lang='lat' dir='ltr'>planam</span> <span class='ocrx_word' id='word_1_268' title='bbox 885 2022 1141 2071; x_wconf 88' lang='lat' dir='ltr'>superficiem,</span> <span class='ocrx_word' id='word_1_269' title='bbox 1168 2023 1278 2059; x_wconf 90' lang='lat' dir='ltr'>simul</span> <span class='ocrx_word' id='word_1_270' title='bbox 1299 2035 1364 2072; x_wconf 88' lang='lat' dir='ltr'>ap-</span> 
     </span>
     <span class='ocr_line' id='line_1_44' title="bbox 291 2075 1364 2124; baseline 0.002 -13"><span class='ocrx_word' id='word_1_271' title='bbox 291 2082 443 2124; x_wconf 89' lang='lat' dir='ltr'>pareret</span> <span class='ocrx_word' id='word_1_272' title='bbox 461 2075 653 2112; x_wconf 85' lang='lat' dir='ltr'>omnibus.</span> <span class='ocrx_word' id='word_1_273' title='bbox 686 2075 931 2112; x_wconf 89' lang='lat' dir='ltr'>Manifestum</span> <span class='ocrx_word' id='word_1_274' title='bbox 962 2083 1018 2112; x_wconf 91' lang='lat' dir='ltr'>est</span> <span class='ocrx_word' id='word_1_275' title='bbox 1040 2084 1170 2113; x_wconf 90' lang='lat' dir='ltr'>autem</span> <span class='ocrx_word' id='word_1_276' title='bbox 1191 2077 1297 2124; x_wconf 92' lang='lat' dir='ltr'>quod</span> <span class='ocrx_word' id='word_1_277' title='bbox 1317 2076 1364 2113; x_wconf 91' lang='lat' dir='ltr'>si-</span> 
     </span>
     <span class='ocr_line' id='line_1_45' title="bbox 293 2127 1362 2177; baseline 0.002 -13"><span class='ocrx_word' id='word_1_278' title='bbox 293 2127 365 2165; x_wconf 94' lang='lat' dir='ltr'>dus</span> <span class='ocrx_word' id='word_1_279' title='bbox 389 2127 515 2164; x_wconf 88' lang='lat' dir='ltr'>oriens</span> <span class='ocrx_word' id='word_1_280' title='bbox 544 2128 648 2177; x_wconf 90' lang='lat' dir='ltr'>prius</span> <span class='ocrx_word' id='word_1_281' title='bbox 677 2136 836 2177; x_wconf 89' lang='lat' dir='ltr'>apparet</span> <span class='ocrx_word' id='word_1_282' title='bbox 862 2129 921 2166; x_wconf 91' lang='lat' dir='ltr'>his</span> <span class='ocrx_word' id='word_1_283' title='bbox 950 2129 1015 2177; x_wconf 94' lang='lat' dir='ltr'>qui</span> <span class='ocrx_word' id='word_1_284' title='bbox 1041 2137 1128 2166; x_wconf 89' lang='lat' dir='ltr'>sunt</span> <span class='ocrx_word' id='word_1_285' title='bbox 1148 2129 1185 2166; x_wconf 90' lang='lat' dir='ltr'>in</span> <span class='ocrx_word' id='word_1_286' title='bbox 1206 2130 1362 2176; x_wconf 90' lang='lat' dir='ltr'>oriente,</span> 
     </span>
     <span class='ocr_line' id='line_1_46' title="bbox 290 2181 1364 2231; baseline 0.001 -12"><span class='ocrx_word' id='word_1_287' title='bbox 290 2193 362 2231; x_wconf 87' lang='lat' dir='ltr'>per</span> <span class='ocrx_word' id='word_1_288' title='bbox 390 2181 560 2231; x_wconf 90' lang='lat' dir='ltr'>eclipsim</span> <span class='ocrx_word' id='word_1_289' title='bbox 589 2182 718 2228; x_wconf 87' lang='lat' dir='ltr'>lunae;</span> <span class='ocrx_word' id='word_1_290' title='bbox 749 2194 846 2231; x_wconf 90' lang='lat' dir='ltr'>quae</span> <span class='ocrx_word' id='word_1_291' title='bbox 875 2182 906 2219; x_wconf 94' lang='lat' dir='ltr'>si</span> <span class='ocrx_word' id='word_1_292' title='bbox 935 2190 1116 2231; x_wconf 88' lang='lat' dir='ltr'>appareat</span> <span class='ocrx_word' id='word_1_293' title='bbox 1144 2183 1182 2220; x_wconf 90' lang='lat' dir='ltr'>in</span> <span class='ocrx_word' id='word_1_294' title='bbox 1211 2184 1364 2231; x_wconf 89' lang='lat' dir='ltr'>regione</span> 
     </span>
     <span class='ocr_line' id='line_1_47' title="bbox 291 2234 1365 2284; baseline 0.001 -12"><span class='ocrx_word' id='word_1_295' title='bbox 291 2234 414 2282; x_wconf 84' lang='lat' dir='ltr'>magis</span> <span class='ocrx_word' id='word_1_296' title='bbox 434 2234 604 2272; x_wconf 88' lang='lat' dir='ltr'>orientali</span> <span class='ocrx_word' id='word_1_297' title='bbox 624 2235 722 2272; x_wconf 90' lang='lat' dir='ltr'>circa</span> <span class='ocrx_word' id='word_1_298' title='bbox 751 2235 919 2272; x_wconf 87' lang='lat' dir='ltr'>mediam</span> <span class='ocrx_word' id='word_1_299' title='bbox 948 2244 1114 2282; x_wconf 90' lang='lat' dir='ltr'>noctem,</span> <span class='ocrx_word' id='word_1_300' title='bbox 1140 2236 1178 2273; x_wconf 90' lang='lat' dir='ltr'>in</span> <span class='ocrx_word' id='word_1_301' title='bbox 1211 2237 1365 2284; x_wconf 89' lang='lat' dir='ltr'>regione</span> 
     </span>
     <span class='ocr_line' id='line_1_48' title="bbox 292 2287 1362 2337; baseline 0.002 -13"><span class='ocrx_word' id='word_1_302' title='bbox 292 2287 414 2335; x_wconf 89' lang='lat' dir='ltr'>magis</span> <span class='ocrx_word' id='word_1_303' title='bbox 439 2288 664 2325; x_wconf 92' lang='lat' dir='ltr'>occidentali</span> <span class='ocrx_word' id='word_1_304' title='bbox 685 2289 882 2337; x_wconf 87' lang='lat' dir='ltr'>apparebit</span> <span class='ocrx_word' id='word_1_305' title='bbox 901 2296 987 2326; x_wconf 90' lang='lat' dir='ltr'>ante</span> <span class='ocrx_word' id='word_1_306' title='bbox 1007 2289 1176 2326; x_wconf 87' lang='lat' dir='ltr'>mediam</span> <span class='ocrx_word' id='word_1_307' title='bbox 1196 2298 1362 2336; x_wconf 87' lang='lat' dir='ltr'>noctem,</span> 
     </span>
     <span class='ocr_line' id='line_1_49' title="bbox 292 2341 1363 2392; baseline 0.003 -15"><span class='ocrx_word' id='word_1_308' title='bbox 292 2341 507 2378; x_wconf 90' lang='lat' dir='ltr'>secundum</span> <span class='ocrx_word' id='word_1_309' title='bbox 536 2342 785 2390; x_wconf 89' lang='lat' dir='ltr'>quantitatem</span> <span class='ocrx_word' id='word_1_310' title='bbox 810 2341 1028 2387; x_wconf 87' lang='lat' dir='ltr'>distantiae;</span> <span class='ocrx_word' id='word_1_311' title='bbox 1060 2355 1104 2379; x_wconf 86' lang='lat' dir='ltr'>ex</span> <span class='ocrx_word' id='word_1_312' title='bbox 1125 2355 1203 2391; x_wconf 92' lang='lat' dir='ltr'>quo</span> <span class='ocrx_word' id='word_1_313' title='bbox 1224 2351 1327 2392; x_wconf 90' lang='lat' dir='ltr'>patet</span> <span class='ocrx_word' id='word_1_314' title='bbox 1344 2345 1363 2364; x_wconf 56' lang='lat'>‘¹³</span> 
     </span>
     <span class='ocr_line' id='line_1_50' title="bbox 292 2394 1364 2445; baseline 0.003 -14"><span class='ocrx_word' id='word_1_315' title='bbox 292 2394 399 2443; x_wconf 91' lang='lat' dir='ltr'>quod</span> <span class='ocrx_word' id='word_1_316' title='bbox 427 2395 484 2431; x_wconf 90' lang='lat' dir='ltr'>sol</span> <span class='ocrx_word' id='word_1_317' title='bbox 512 2395 616 2443; x_wconf 91' lang='lat' dir='ltr'>prius</span> <span class='ocrx_word' id='word_1_318' title='bbox 643 2395 763 2432; x_wconf 90' lang='lat' dir='ltr'>oritur</span> <span class='ocrx_word' id='word_1_319' title='bbox 791 2403 828 2432; x_wconf 93' lang='lat' dir='ltr'>et</span> <span class='ocrx_word' id='word_1_320' title='bbox 852 2395 990 2433; x_wconf 93' lang='lat' dir='ltr'>occidit</span> <span class='ocrx_word' id='word_1_321' title='bbox 1008 2395 1046 2433; x_wconf 93' lang='lat' dir='ltr'>in</span> <span class='ocrx_word' id='word_1_322' title='bbox 1066 2396 1221 2444; x_wconf 89' lang='lat' dir='ltr'>regione</span> <span class='ocrx_word' id='word_1_323' title='bbox 1243 2397 1364 2445; x_wconf 90' lang='lat' dir='ltr'>magis</span> 
     </span>
     <span class='ocr_line' id='line_1_51' title="bbox 293 2447 574 2485; baseline 0 -1"><span class='ocrx_word' id='word_1_324' title='bbox 293 2447 476 2485; x_wconf 87' lang='lat' dir='ltr'>orientali.</span> <span class='ocrx_word' id='word_1_325' title='bbox 571 2450 574 2452; x_wconf 89' lang='grc'><strong><em>’</em></strong></span> 
     </span>
    </p>

    <p class='ocr_par' dir='ltr' id='par_1_12' title="bbox 290 2501 1365 2871">
     <span class='ocr_line' id='line_1_52' title="bbox 354 2501 1365 2553; baseline 0.003 -15"><span class='ocrx_word' id='word_1_326' title='bbox 354 2501 429 2538; x_wconf 91' lang='lat' dir='ltr'>Per</span> <span class='ocrx_word' id='word_1_327' title='bbox 456 2502 532 2538; x_wconf 92' lang='lat' dir='ltr'>hoc</span> <span class='ocrx_word' id='word_1_328' title='bbox 560 2509 711 2548; x_wconf 89' lang='lat' dir='ltr'>autem,</span> <span class='ocrx_word' id='word_1_329' title='bbox 741 2509 782 2539; x_wconf 89' lang='lat' dir='ltr'>ut</span> <span class='ocrx_word' id='word_1_330' title='bbox 814 2502 1035 2539; x_wconf 92' lang='lat' dir='ltr'>Aristoteles</span> <span class='ocrx_word' id='word_1_331' title='bbox 1069 2503 1176 2549; x_wconf 92' lang='lat' dir='ltr'>dicit,</span> <span class='ocrx_word' id='word_1_332' title='bbox 1207 2513 1365 2553; x_wconf 89' lang='lat' dir='ltr'>apparet</span> 
     </span>
     <span class='ocr_line' id='line_1_53' title="bbox 291 2554 1362 2605; baseline 0.003 -14"><span class='ocrx_word' id='word_1_333' title='bbox 291 2554 398 2602; x_wconf 92' lang='lat' dir='ltr'>quod</span> <span class='ocrx_word' id='word_1_334' title='bbox 426 2567 505 2591; x_wconf 91' lang='lat' dir='ltr'>non</span> <span class='ocrx_word' id='word_1_335' title='bbox 524 2555 571 2592; x_wconf 94' lang='lat' dir='ltr'>sit</span> <span class='ocrx_word' id='word_1_336' title='bbox 589 2568 729 2603; x_wconf 90' lang='lat' dir='ltr'>magna</span> <span class='ocrx_word' id='word_1_337' title='bbox 757 2556 945 2605; x_wconf 91' lang='lat' dir='ltr'>quantitas</span> <span class='ocrx_word' id='word_1_338' title='bbox 972 2557 1209 2593; x_wconf 89' lang='lat' dir='ltr'>rotunditatis</span> <span class='ocrx_word' id='word_1_339' title='bbox 1229 2565 1362 2594; x_wconf 90' lang='lat' dir='ltr'>terrae.</span> 
     </span>
     <span class='ocr_line' id='line_1_54' title="bbox 292 2607 1362 2658; baseline 0.004 -14"><span class='ocrx_word' id='word_1_340' title='bbox 292 2608 332 2644; x_wconf 91' lang='lat' dir='ltr'>Si</span> <span class='ocrx_word' id='word_1_341' title='bbox 362 2607 464 2645; x_wconf 91' lang='lat' dir='ltr'>enim</span> <span class='ocrx_word' id='word_1_342' title='bbox 494 2616 593 2645; x_wconf 91' lang='lat' dir='ltr'>esset</span> <span class='ocrx_word' id='word_1_343' title='bbox 621 2621 784 2657; x_wconf 90' lang='lat' dir='ltr'>magnae</span> <span class='ocrx_word' id='word_1_344' title='bbox 812 2609 1027 2658; x_wconf 88' lang='lat' dir='ltr'>quantitatis</span> <span class='ocrx_word' id='word_1_345' title='bbox 1048 2610 1079 2656; x_wconf 82' lang='lat'>*,</span> <span class='ocrx_word' id='word_1_346' title='bbox 1111 2623 1188 2647; x_wconf 88' lang='lat' dir='ltr'>non</span> <span class='ocrx_word' id='word_1_347' title='bbox 1219 2610 1255 2647; x_wconf 90' lang='lat' dir='ltr'>in</span> <span class='ocrx_word' id='word_1_348' title='bbox 1285 2619 1362 2648; x_wconf 89' lang='lat' dir='ltr'>tarn</span> 
     </span>
     <span class='ocr_line' id='line_1_55' title="bbox 290 2662 1363 2713; baseline 0.003 -15"><span class='ocrx_word' id='word_1_349' title='bbox 290 2673 411 2710; x_wconf 90' lang='lat' dir='ltr'>parva</span> <span class='ocrx_word' id='word_1_350' title='bbox 427 2662 602 2699; x_wconf 88' lang='lat' dir='ltr'>distantia</span> <span class='ocrx_word' id='word_1_351' title='bbox 616 2663 725 2699; x_wconf 90' lang='lat' dir='ltr'>fieret</span> <span class='ocrx_word' id='word_1_352' title='bbox 743 2662 794 2699; x_wconf 87' lang='lat' dir='ltr'>ita</span> <span class='ocrx_word' id='word_1_353' title='bbox 814 2663 887 2699; x_wconf 91' lang='lat' dir='ltr'>cito</span> <span class='ocrx_word' id='word_1_354' title='bbox 909 2662 1107 2700; x_wconf 88' lang='lat' dir='ltr'>diversitas</span> <span class='ocrx_word' id='word_1_355' title='bbox 1129 2665 1226 2701; x_wconf 90' lang='lat' dir='ltr'>circa</span> <span class='ocrx_word' id='word_1_356' title='bbox 1246 2677 1363 2713; x_wconf 88' lang='lat' dir='ltr'>appa-</span> 
     </span>
     <span class='ocr_line' id='line_1_56' title="bbox 292 2714 1364 2755; baseline 0.004 -4"><span class='ocrx_word' id='word_1_357' title='bbox 292 2714 452 2751; x_wconf 90' lang='lat' dir='ltr'>rentiam</span> <span class='ocrx_word' id='word_1_358' title='bbox 472 2716 678 2753; x_wconf 90' lang='lat' dir='ltr'>stellarum.</span> <span class='ocrx_word' id='word_1_359' title='bbox 707 2716 756 2752; x_wconf 92' lang='lat' dir='ltr'>Et</span> <span class='ocrx_word' id='word_1_360' title='bbox 774 2716 861 2753; x_wconf 87' lang='lat' dir='ltr'>ideo</span> <span class='ocrx_word' id='word_1_361' title='bbox 882 2729 960 2753; x_wconf 92' lang='lat' dir='ltr'>non</span> <span class='ocrx_word' id='word_1_362' title='bbox 980 2717 1158 2754; x_wconf 90' lang='lat' dir='ltr'>videntur</span> <span class='ocrx_word' id='word_1_363' title='bbox 1176 2719 1260 2754; x_wconf 70' lang='lat' dir='ltr'>vale</span> <span class='ocrx_word' id='word_1_364' title='bbox 1268 2731 1288 2754; x_wconf 93' lang='lat' dir='ltr'>e</span> <span class='ocrx_word' id='word_1_365' title='bbox 1309 2718 1364 2755; x_wconf 92' lang='lat' dir='ltr'>in-</span> 
     </span>
     <span class='ocr_line' id='line_1_57' title="bbox 292 2767 1361 2819; baseline 0.004 -15"><span class='ocrx_word' id='word_1_366' title='bbox 292 2767 484 2805; x_wconf 89' lang='lat' dir='ltr'>credibilia</span> <span class='ocrx_word' id='word_1_367' title='bbox 499 2769 657 2817; x_wconf 88' lang='lat' dir='ltr'>opinari,</span> <span class='ocrx_word' id='word_1_368' title='bbox 671 2769 734 2818; x_wconf 91' lang='lat' dir='ltr'>qui</span> <span class='ocrx_word' id='word_1_369' title='bbox 749 2770 886 2806; x_wconf 92' lang='lat' dir='ltr'>volunt</span> <span class='ocrx_word' id='word_1_370' title='bbox 906 2778 1083 2819; x_wconf 88' lang='lat' dir='ltr'>coaptare</span> <span class='ocrx_word' id='word_1_371' title='bbox 1099 2772 1129 2816; x_wconf 58' lang='lat'>³²,</span> <span class='ocrx_word' id='word_1_372' title='bbox 1147 2772 1361 2809; x_wconf 90' lang='lat' dir='ltr'>secundum</span> 
     </span>
     <span class='ocr_line' id='line_1_58' title="bbox 291 2820 1361 2871; baseline 0.005 -14"><span class='ocrx_word' id='word_1_373' title='bbox 291 2820 577 2859; x_wconf 85' lang='lat' dir='ltr'>similitudinem</span> <span class='ocrx_word' id='word_1_374' title='bbox 593 2830 630 2858; x_wconf 92' lang='lat' dir='ltr'>et</span> <span class='ocrx_word' id='word_1_375' title='bbox 642 2822 977 2871; x_wconf 90' lang='lat' dir='ltr'>propinquitatem,</span> <span class='ocrx_word' id='word_1_376' title='bbox 994 2825 1122 2861; x_wconf 92' lang='lat' dir='ltr'>locum</span> <span class='ocrx_word' id='word_1_377' title='bbox 1138 2824 1175 2861; x_wconf 91' lang='lat' dir='ltr'>in</span> <span class='ocrx_word' id='word_1_378' title='bbox 1192 2833 1361 2862; x_wconf 85' lang='lat' dir='ltr'>extremo</span> 
     </span>
    </p>
   </div>
   <div class='ocr_carea' id='block_1_12' title="bbox 289 2980 1361 3155">
    <p class='ocr_par' dir='ltr' id='par_1_13' title="bbox 290 2980 1361 3048">
     <span class='ocr_line' id='line_1_59' title="bbox 343 2980 1361 3015; baseline 0.004 -11"><span class='ocrx_word' id='word_1_379' title='bbox 343 2980 370 3013; x_wconf 86' lang='grc' dir='ltr'>η)</span> <span class='ocrx_word' id='word_1_380' title='bbox 383 2983 447 3005; x_wconf 79' lang='lat' dir='ltr'>sunt</span> <span class='ocrx_word' id='word_1_381' title='bbox 456 2983 604 3012; x_wconf 83' lang='lat' dir='ltr'>perpetuae</span> <span class='ocrx_word' id='word_1_382' title='bbox 617 2980 829 3012; x_wconf 78' lang='lat' dir='ltr'>apparitionis..</span> <span class='ocrx_word' id='word_1_383' title='bbox 842 2982 1035 3007; x_wconf 80' lang='lat' dir='ltr'>occultationis.</span> <span class='ocrx_word' id='word_1_384' title='bbox 1048 2996 1067 3001; x_wconf 92' lang='lat'>-</span> <span class='ocrx_word' id='word_1_385' title='bbox 1086 2983 1263 3008; x_wconf 86' lang='lat' dir='ltr'>Homoteleut.</span> <span class='ocrx_word' id='word_1_386' title='bbox 1276 2990 1361 3015; x_wconf 85' lang='lat' dir='ltr'>appa-</span> 
     </span>
     <span class='ocr_line' id='line_1_60' title="bbox 290 3015 1027 3048; baseline 0.003 -8"><span class='ocrx_word' id='word_1_387' title='bbox 290 3015 428 3040; x_wconf 76' lang='lat' dir='ltr'>ritionis...</span> <span class='ocrx_word' id='word_1_388' title='bbox 442 3019 506 3040; x_wconf 86' lang='lat' dir='ltr'>sunt</span> <span class='ocrx_word' id='word_1_389' title='bbox 519 3019 668 3048; x_wconf 78' lang='lat' dir='ltr'>perpetuae</span> <span class='ocrx_word' id='word_1_390' title='bbox 686 3024 739 3041; x_wconf 88' lang='lat' dir='ltr'>om.</span> <span class='ocrx_word' id='word_1_391' title='bbox 755 3016 774 3040; x_wconf 89' lang='lat' dir='ltr'>P</span> <span class='ocrx_word' id='word_1_392' title='bbox 794 3022 820 3041; x_wconf 88' lang='lat' dir='ltr'>et</span> <span class='ocrx_word' id='word_1_393' title='bbox 839 3018 913 3042; x_wconf 88' lang='lat' dir='ltr'>codd.</span> <span class='ocrx_word' id='word_1_394' title='bbox 928 3025 982 3042; x_wconf 88' lang='lat' dir='ltr'>exc.</span> <span class='ocrx_word' id='word_1_395' title='bbox 995 3018 1027 3043; x_wconf 87' lang='lat' dir='ltr'>A.</span> 
     </span>
    </p>

    <p class='ocr_par' dir='ltr' id='par_1_14' title="bbox 289 3049 1361 3155">
     <span class='ocr_line' id='line_1_61' title="bbox 343 3049 1361 3083; baseline 0.004 -8"><span class='ocrx_word' id='word_1_396' title='bbox 343 3049 367 3083; x_wconf 82' lang='grc' dir='ltr'>Θ)</span> <span class='ocrx_word' id='word_1_397' title='bbox 388 3051 419 3075; x_wconf 88' lang='lat' dir='ltr'>Si</span> <span class='ocrx_word' id='word_1_398' title='bbox 437 3051 541 3076; x_wconf 86' lang='lat' dir='ltr'>enim...</span> <span class='ocrx_word' id='word_1_399' title='bbox 555 3052 698 3077; x_wconf 86' lang='lat' dir='ltr'>occidente.</span> <span class='ocrx_word' id='word_1_400' title='bbox 713 3065 733 3070; x_wconf 96' lang='lat'>-</span> <span class='ocrx_word' id='word_1_401' title='bbox 751 3052 808 3076; x_wconf 86' lang='lat' dir='ltr'>Hoc</span> <span class='ocrx_word' id='word_1_402' title='bbox 827 3051 951 3077; x_wconf 84' lang='lat' dir='ltr'>homotel.</span> <span class='ocrx_word' id='word_1_403' title='bbox 970 3061 1024 3078; x_wconf 91' lang='lat' dir='ltr'>om.</span> <span class='ocrx_word' id='word_1_404' title='bbox 1044 3053 1140 3078; x_wconf 85' lang='lat' dir='ltr'>BCDF.</span> <span class='ocrx_word' id='word_1_405' title='bbox 1158 3067 1177 3072; x_wconf 94' lang='lat'><em>-</em></span> <span class='ocrx_word' id='word_1_406' title='bbox 1195 3054 1276 3078; x_wconf 84' lang='lat' dir='ltr'>Paulo</span> <span class='ocrx_word' id='word_1_407' title='bbox 1295 3054 1361 3079; x_wconf 77' lang='lat' dir='ltr'>infm</span> 
     </span>
     <span class='ocr_line' id='line_1_62' title="bbox 289 3086 1360 3121; baseline 0.004 -10"><span class='ocrx_word' id='word_1_408' title='bbox 289 3094 338 3119; x_wconf 84' lang='lat' dir='ltr'>pro</span> <span class='ocrx_word' id='word_1_409' title='bbox 356 3086 473 3118; x_wconf 77' lang='lat' dir='ltr'>eclipsim</span> <span class='ocrx_word' id='word_1_410' title='bbox 496 3087 608 3112; x_wconf 87' lang='lat' dir='ltr'>lunae...</span> <span class='ocrx_word' id='word_1_411' title='bbox 631 3091 776 3119; x_wconf 82' lang='lat' dir='ltr'>appareat,</span> <span class='ocrx_word' id='word_1_412' title='bbox 803 3088 911 3120; x_wconf 76' lang='lat' dir='ltr'>eclipses</span> <span class='ocrx_word' id='word_1_413' title='bbox 935 3089 1049 3114; x_wconf 85' lang='lat' dir='ltr'>lunae...</span> <span class='ocrx_word' id='word_1_414' title='bbox 1067 3092 1200 3121; x_wconf 83' lang='lat' dir='ltr'>apparent</span> <span class='ocrx_word' id='word_1_415' title='bbox 1218 3090 1251 3115; x_wconf 89' lang='lat' dir='ltr'>A.</span> <span class='ocrx_word' id='word_1_416' title='bbox 1266 3103 1284 3108; x_wconf 98' lang='lat'>-</span> <span class='ocrx_word' id='word_1_417' title='bbox 1302 3091 1360 3115; x_wconf 93' lang='lat' dir='ltr'>Lin.</span> 
     </span>
     <span class='ocr_line' id='line_1_63' title="bbox 289 3122 806 3155; baseline 0.002 -9"><span class='ocrx_word' id='word_1_418' title='bbox 289 3129 346 3155; x_wconf 86' lang='lat' dir='ltr'>seq.</span> <span class='ocrx_word' id='word_1_419' title='bbox 365 3128 425 3147; x_wconf 78' lang='lat' dir='ltr'>ante</span> <span class='ocrx_word' id='word_1_420' title='bbox 445 3122 518 3147; x_wconf 83' lang='lat' dir='ltr'>circa</span> <span class='ocrx_word' id='word_1_421' title='bbox 541 3123 600 3147; x_wconf 84' lang='lat' dir='ltr'>add.</span> <span class='ocrx_word' id='word_1_422' title='bbox 619 3123 760 3154; x_wconf 81' lang='lat' dir='ltr'>apparebit</span> <span class='ocrx_word' id='word_1_423' title='bbox 778 3123 806 3147; x_wconf 87' lang='grc' dir='ltr'>Ρ.</span> 
     </span>
    </p>
   </div>
   <div class='ocr_carea' id='block_1_13' title="bbox 344 3157 1411 3192">
    <p class='ocr_par' dir='ltr' id='par_1_15' title="bbox 344 3157 1411 3192">
     <span class='ocr_line' id='line_1_64' title="bbox 344 3157 1411 3192; baseline 0.005 -11"><span class='ocrx_word' id='word_1_424' title='bbox 344 3157 362 3190; x_wconf 85' lang='grc' dir='ltr'>ι)</span> <span class='ocrx_word' id='word_1_425' title='bbox 382 3158 439 3183; x_wconf 87' lang='lat' dir='ltr'>loco</span> <span class='ocrx_word' id='word_1_426' title='bbox 457 3158 504 3190; x_wconf 85' lang='lat' dir='ltr'>qui</span> <span class='ocrx_word' id='word_1_427' title='bbox 521 3161 596 3183; x_wconf 78' lang='lat' dir='ltr'>est...</span> <span class='ocrx_word' id='word_1_428' title='bbox 615 3158 736 3183; x_wconf 80' lang='lat' dir='ltr'>orientis.</span> <span class='ocrx_word' id='word_1_429' title='bbox 754 3172 773 3177; x_wconf 95' lang='lat'><em>-</em></span> <span class='ocrx_word' id='word_1_430' title='bbox 791 3158 818 3183; x_wconf 88' lang='lat' dir='ltr'>in</span> <span class='ocrx_word' id='word_1_431' title='bbox 838 3160 894 3184; x_wconf 89' lang='lat' dir='ltr'>loco</span> <span class='ocrx_word' id='word_1_432' title='bbox 918 3160 965 3192; x_wconf 89' lang='lat' dir='ltr'>qui</span> <span class='ocrx_word' id='word_1_433' title='bbox 987 3163 1062 3185; x_wconf 83' lang='lat' dir='ltr'>est...</span> <span class='ocrx_word' id='word_1_434' title='bbox 1077 3161 1222 3186; x_wconf 82' lang='lat' dir='ltr'>occidentis</span> <span class='ocrx_word' id='word_1_435' title='bbox 1240 3161 1259 3185; x_wconf 89' lang='lat' dir='ltr'><strong>P</strong></span> <span class='ocrx_word' id='word_1_436' title='bbox 1279 3162 1360 3191; x_wconf 87' lang='lat' dir='ltr'>male;</span> <span class='ocrx_word' id='word_1_437' title='bbox 1405 3159 1411 3162; x_wconf 84' lang='grc'><strong>’</strong></span> 
     </span>
    </p>
   </div>
   <div class='ocr_carea' id='block_1_14' title="bbox 289 3193 1361 3406">
    <p class='ocr_par' dir='ltr' id='par_1_16' title="bbox 289 3193 1361 3360">
     <span class='ocr_line' id='line_1_65' title="bbox 289 3193 1360 3234; baseline 0.004 -17"><span class='ocrx_word' id='word_1_438' title='bbox 289 3193 350 3234; x_wconf 76' lang='lat' dir='ltr'>item</span> <span class='ocrx_word' id='word_1_439' title='bbox 370 3201 418 3225; x_wconf 86' lang='lat' dir='ltr'>pro</span> <span class='ocrx_word' id='word_1_440' title='bbox 434 3193 499 3223; x_wconf 89' lang='lat' dir='ltr'>Ioco,</span> <span class='ocrx_word' id='word_1_441' title='bbox 515 3193 542 3218; x_wconf 86' lang='lat' dir='ltr'>in</span> <span class='ocrx_word' id='word_1_442' title='bbox 562 3194 619 3218; x_wconf 92' lang='lat' dir='ltr'>loco</span> <span class='ocrx_word' id='word_1_443' title='bbox 638 3194 740 3218; x_wconf 88' lang='lat' dir='ltr'>codices</span> <span class='ocrx_word' id='word_1_444' title='bbox 760 3195 871 3227; x_wconf 85' lang='lat' dir='ltr'>exceptis</span> <span class='ocrx_word' id='word_1_445' title='bbox 885 3195 943 3219; x_wconf 88' lang='lat' dir='ltr'>AG.</span> <span class='ocrx_word' id='word_1_446' title='bbox 956 3209 974 3214; x_wconf 86' lang='lat'>-</span> <span class='ocrx_word' id='word_1_447' title='bbox 987 3196 1066 3220; x_wconf 85' lang='lat' dir='ltr'>Linea</span> <span class='ocrx_word' id='word_1_448' title='bbox 1079 3196 1198 3228; x_wconf 80' lang='lat' dir='ltr'>sequenti</span> <span class='ocrx_word' id='word_1_449' title='bbox 1214 3204 1261 3228; x_wconf 90' lang='lat' dir='ltr'>pro</span> <span class='ocrx_word' id='word_1_450' title='bbox 1280 3197 1360 3228; x_wconf 90' lang='lat' dir='ltr'>quod,</span> 
     </span>
     <span class='ocr_line' id='line_1_66' title="bbox 289 3229 1361 3296; baseline 0.003 -8"><span class='ocrx_word' id='word_1_451' title='bbox 289 3229 588 3296; x_wconf 52' lang='lat' dir='ltr'>qmag’convenientiae</span> <span class='ocrx_word' id='word_1_452' title='bbox 606 3265 701 3289; x_wconf 85' lang='lat' dir='ltr'>horum</span> <span class='ocrx_word' id='word_1_453' title='bbox 720 3265 848 3290; x_wconf 86' lang='lat' dir='ltr'>locorum.</span> <span class='ocrx_word' id='word_1_454' title='bbox 870 3279 886 3284; x_wconf 90' lang='lat'><strong>—</strong></span> <span class='ocrx_word' id='word_1_455' title='bbox 904 3267 1102 3292; x_wconf 80' lang='lat' dir='ltr'>convenientiae</span> <span class='ocrx_word' id='word_1_456' title='bbox 1126 3270 1153 3292; x_wconf 84' lang='lat' dir='ltr'>et</span> <span class='ocrx_word' id='word_1_457' title='bbox 1176 3267 1361 3292; x_wconf 80' lang='lat' dir='ltr'>similitudinis</span> 
     </span>
     <span class='ocr_line' id='line_1_67' title="bbox 289 3299 1360 3335; baseline 0.004 -12"><span class='ocrx_word' id='word_1_458' title='bbox 289 3299 407 3324; x_wconf 90' lang='lat' dir='ltr'>locorum</span> <span class='ocrx_word' id='word_1_459' title='bbox 428 3299 447 3324; x_wconf 89' lang='lat' dir='ltr'>P</span> <span class='ocrx_word' id='word_1_460' title='bbox 467 3305 493 3324; x_wconf 91' lang='lat' dir='ltr'>et</span> <span class='ocrx_word' id='word_1_461' title='bbox 511 3300 587 3325; x_wconf 85' lang='lat' dir='ltr'>codd.</span> <span class='ocrx_word' id='word_1_462' title='bbox 600 3307 655 3325; x_wconf 84' lang='lat' dir='ltr'>exc.</span> <span class='ocrx_word' id='word_1_463' title='bbox 667 3301 700 3325; x_wconf 90' lang='lat' dir='ltr'>A.</span> <span class='ocrx_word' id='word_1_464' title='bbox 711 3314 730 3319; x_wconf 92' lang='lat'>-</span> <span class='ocrx_word' id='word_1_465' title='bbox 744 3300 816 3324; x_wconf 81' lang='lat' dir='ltr'>Initio</span> <span class='ocrx_word' id='word_1_466' title='bbox 835 3309 908 3326; x_wconf 89' lang='lat' dir='ltr'>num.</span> <span class='ocrx_word' id='word_1_467' title='bbox 922 3309 978 3334; x_wconf 89' lang='lat' dir='ltr'>seq.</span> <span class='ocrx_word' id='word_1_468' title='bbox 997 3310 1045 3335; x_wconf 87' lang='lat' dir='ltr'>pro</span> <span class='ocrx_word' id='word_1_469' title='bbox 1059 3303 1255 3334; x_wconf 83' lang='lat' dir='ltr'>probationem.</span> <span class='ocrx_word' id='word_1_470' title='bbox 1276 3303 1360 3327; x_wconf 84' lang='lat' dir='ltr'>ratio-</span> 
     </span>
     <span class='ocr_line' id='line_1_68' title="bbox 290 3335 557 3360; baseline 0 -1"><span class='ocrx_word' id='word_1_471' title='bbox 290 3341 348 3359; x_wconf 90' lang='lat' dir='ltr'>nem</span> <span class='ocrx_word' id='word_1_472' title='bbox 368 3335 443 3359; x_wconf 88' lang='lat' dir='ltr'>codd.</span> <span class='ocrx_word' id='word_1_473' title='bbox 458 3343 512 3360; x_wconf 87' lang='lat' dir='ltr'>exc.</span> <span class='ocrx_word' id='word_1_474' title='bbox 525 3336 557 3360; x_wconf 85' lang='lat' dir='ltr'>A.</span> 
     </span>
    </p>

    <p class='ocr_par' dir='ltr' id='par_1_17' title="bbox 342 3368 1360 3406">
     <span class='ocr_line' id='line_1_69' title="bbox 342 3368 1360 3406; baseline 0.002 -12"><span class='ocrx_word' id='word_1_475' title='bbox 342 3368 370 3402; x_wconf 88' lang='grc' dir='ltr'>λ)</span> <span class='ocrx_word' id='word_1_476' title='bbox 381 3370 452 3403; x_wconf 85' lang='lat' dir='ltr'>quod</span> <span class='ocrx_word' id='word_1_477' title='bbox 464 3371 621 3403; x_wconf 84' lang='lat' dir='ltr'>quicumque</span> <span class='ocrx_word' id='word_1_478' title='bbox 631 3370 907 3397; x_wconf 80' lang='lat' dir='ltr'>mathematicorum...</span> <span class='ocrx_word' id='word_1_479' title='bbox 917 3372 1062 3406; x_wconf 85' lang='lat' dir='ltr'>attingit.-</span> <span class='ocrx_word' id='word_1_480' title='bbox 1071 3374 1143 3405; x_wconf 85' lang='lat' dir='ltr'>quod</span> <span class='ocrx_word' id='word_1_481' title='bbox 1153 3381 1206 3398; x_wconf 80' lang='lat' dir='ltr'>om.</span> <span class='ocrx_word' id='word_1_482' title='bbox 1217 3373 1236 3397; x_wconf 88' lang='lat' dir='ltr'>P</span> <span class='ocrx_word' id='word_1_483' title='bbox 1247 3378 1273 3398; x_wconf 87' lang='lat' dir='ltr'>et</span> <span class='ocrx_word' id='word_1_484' title='bbox 1285 3373 1360 3397; x_wconf 89' lang='lat' dir='ltr'>codd.</span> 
     </span>
    </p>
   </div>
   <div class='ocr_carea' id='block_1_15' title="bbox 260 3398 1358 3442">
    <p class='ocr_par' dir='ltr' id='par_1_18' title="bbox 260 3398 1358 3442">
     <span class='ocr_line' id='line_1_70' title="bbox 260 3398 1358 3442; baseline 0.002 -13"><span class='ocrx_word' id='word_1_485' title='bbox 260 3398 266 3401; x_wconf 63' lang='grc'><strong>’</strong></span> <span class='ocrx_word' id='word_1_486' title='bbox 290 3406 392 3436; x_wconf 77' lang='lat' dir='ltr'>exc-A3</span> <span class='ocrx_word' id='word_1_487' title='bbox 408 3405 426 3430; x_wconf 86' lang='grc' dir='ltr'>Ρ</span> <span class='ocrx_word' id='word_1_488' title='bbox 439 3406 547 3438; x_wconf 86' lang='lat' dir='ltr'>insuper</span> <span class='ocrx_word' id='word_1_489' title='bbox 565 3406 626 3438; x_wconf 86' lang='lat' dir='ltr'>legit</span> <span class='ocrx_word' id='word_1_490' title='bbox 646 3405 838 3437; x_wconf 61' lang='lat' dir='ltr'>mathematici,</span> <span class='ocrx_word' id='word_1_491' title='bbox 854 3413 880 3432; x_wconf 87' lang='lat' dir='ltr'>et</span> <span class='ocrx_word' id='word_1_492' title='bbox 898 3415 958 3432; x_wconf 90' lang='lat' dir='ltr'>cum</span> <span class='ocrx_word' id='word_1_493' title='bbox 977 3408 1078 3433; x_wconf 80' lang='lat' dir='ltr'>BCEGt</span> <span class='ocrx_word' id='word_1_494' title='bbox 1099 3407 1164 3442; x_wconf 88' lang='lat' dir='ltr'>(pro</span> <span class='ocrx_word' id='word_1_495' title='bbox 1180 3409 1201 3432; x_wconf 94' lang='lat' dir='ltr'>D</span> <span class='ocrx_word' id='word_1_496' title='bbox 1216 3408 1247 3432; x_wconf 92' lang='lat' dir='ltr'>cf.</span> <span class='ocrx_word' id='word_1_497' title='bbox 1261 3407 1358 3439; x_wconf 77' lang='lat' dir='ltr'>Praef.)</span> 
     </span>
    </p>
   </div>
   <div class='ocr_carea' id='block_1_16' title="bbox 2409 308 2483 344">
    <p class='ocr_par' dir='ltr' id='par_1_19' title="bbox 2409 308 2483 344">
     <span class='ocr_line' id='line_1_71' title="bbox 2409 308 2483 344; baseline 0 -12"><span class='ocrx_word' id='word_1_498' title='bbox 2409 308 2483 344; x_wconf 88' lang='lat'>227</span> 
     </span>
    </p>
   </div>
   <div class='ocr_carea' id='block_1_17' title="bbox 1418 373 2731 2862">
    <p class='ocr_par' dir='ltr' id='par_1_20' title="bbox 1419 373 2731 899">
     <span class='ocr_line' id='line_1_72' title="bbox 1419 373 2731 431; baseline 0 -21"><span class='ocrx_word' id='word_1_499' title='bbox 1419 373 1624 411; x_wconf 89' lang='lat' dir='ltr'>occidentis</span> <span class='ocrx_word' id='word_1_500' title='bbox 1645 373 1771 421; x_wconf 86' lang='lat' dir='ltr'>situ-m,</span> <span class='ocrx_word' id='word_1_501' title='bbox 1793 373 1856 422; x_wconf 89' lang='lat' dir='ltr'>qui</span> <span class='ocrx_word' id='word_1_502' title='bbox 1873 373 2008 411; x_wconf 88' lang='lat' dir='ltr'>dicitur</span> <span class='ocrx_word' id='word_1_503' title='bbox 2028 386 2109 410; x_wconf 91' lang='lat' dir='ltr'>esse</span> <span class='ocrx_word' id='word_1_504' title='bbox 2131 374 2228 410; x_wconf 90' lang='lat' dir='ltr'>circa</span> <span class='ocrx_word' id='word_1_505' title='bbox 2249 375 2452 411; x_wconf 89' lang='lat' dir='ltr'>Heracleas</span> <span class='ocrx_word' id='word_1_506' title='bbox 2467 375 2487 395; x_wconf 81' lang='lat'><strong>*</strong></span> <span class='ocrx_word' id='word_1_507' title='bbox 2511 382 2672 431; x_wconf 52' lang='lat' dir='ltr'>{tiif&#39;vfffl‘a‘</span> <span class='ocrx_word' id='word_1_508' title='bbox 2687 384 2731 410; x_wconf 75' lang='lat' dir='ltr'>{hie</span> 
     </span>
     <span class='ocr_line' id='line_1_73' title="bbox 1420 412 2692 476; baseline 0.001 -13"><span class='ocrx_word' id='word_1_509' title='bbox 1420 427 1631 463; x_wconf 88' lang='lat' dir='ltr'>Columnas</span> <span class='ocrx_word' id='word_1_510' title='bbox 1651 429 1760 476; x_wconf 88' lang='lat' dir='ltr'>(quas</span> <span class='ocrx_word' id='word_1_511' title='bbox 1776 427 1915 463; x_wconf 92' lang='lat' dir='ltr'>scilicet</span> <span class='ocrx_word' id='word_1_512' title='bbox 1935 428 2119 463; x_wconf 91' lang='lat' dir='ltr'>Hercules</span> <span class='ocrx_word' id='word_1_513' title='bbox 2139 428 2264 464; x_wconf 89' lang='lat' dir='ltr'>statuit</span> <span class='ocrx_word' id='word_1_514' title='bbox 2278 428 2317 464; x_wconf 91' lang='lat' dir='ltr'>in</span> <span class='ocrx_word' id='word_1_515' title='bbox 2337 427 2486 475; x_wconf 90' lang='lat' dir='ltr'>signum</span> <span class='ocrx_word' id='word_1_516' title='bbox 2601 412 2654 437; x_wconf 52' lang='grc' dir='ltr'>ω’)</span> <span class='ocrx_word' id='word_1_517' title='bbox 2669 417 2692 432; x_wconf 64' lang='grc'>””</span> 
     </span>
     <span class='ocr_line' id='line_1_74' title="bbox 1420 480 2486 530; baseline 0 -13"><span class='ocrx_word' id='word_1_518' title='bbox 1420 493 1510 517; x_wconf 86' lang='lat' dir='ltr'>suae</span> <span class='ocrx_word' id='word_1_519' title='bbox 1538 480 1751 527; x_wconf 86' lang='lat' dir='ltr'>victoriae),</span> <span class='ocrx_word' id='word_1_520' title='bbox 1782 482 1868 517; x_wconf 92' lang='lat' dir='ltr'>loco</span> <span class='ocrx_word' id='word_1_521' title='bbox 1889 480 1953 530; x_wconf 94' lang='lat' dir='ltr'>qui</span> <span class='ocrx_word' id='word_1_522' title='bbox 1975 488 2030 516; x_wconf 92' lang='lat' dir='ltr'>est</span> <span class='ocrx_word' id='word_1_523' title='bbox 2058 480 2156 517; x_wconf 87' lang='lat' dir='ltr'>circa</span> <span class='ocrx_word' id='word_1_524' title='bbox 2184 493 2289 516; x_wconf 88' lang='lat' dir='ltr'>mare</span> <span class='ocrx_word' id='word_1_525' title='bbox 2314 481 2486 517; x_wconf 86' lang='lat' dir='ltr'>Indicum</span> 
     </span>
     <span class='ocr_line' id='line_1_75' title="bbox 1419 533 2623 580; baseline 0.001 -11"><span class='ocrx_word' id='word_1_526' title='bbox 1419 533 1457 569; x_wconf 90' lang='lat' dir='ltr'>in</span> <span class='ocrx_word' id='word_1_527' title='bbox 1477 541 1646 570; x_wconf 87' lang='lat' dir='ltr'>extremo</span> <span class='ocrx_word' id='word_1_528' title='bbox 1668 533 1820 570; x_wconf 92' lang='lat' dir='ltr'>orientis</span> <span class='ocrx_word' id='word_1_529' title='bbox 1840 541 1862 579; x_wconf 87' lang='grc'>·;</span> <span class='ocrx_word' id='word_1_530' title='bbox 1894 542 1930 570; x_wconf 92' lang='lat' dir='ltr'>et</span> <span class='ocrx_word' id='word_1_531' title='bbox 1957 533 2087 571; x_wconf 89' lang='lat' dir='ltr'>dieunt</span> <span class='ocrx_word' id='word_1_532' title='bbox 2111 546 2194 570; x_wconf 91' lang='lat' dir='ltr'>esse</span> <span class='ocrx_word' id='word_1_533' title='bbox 2218 546 2340 570; x_wconf 91' lang='lat' dir='ltr'>unum</span> <span class='ocrx_word' id='word_1_534' title='bbox 2369 546 2487 580; x_wconf 84' lang='lat' dir='ltr'>mare,</span> <span class='ocrx_word' id='word_1_535' title='bbox 2616 545 2623 560; x_wconf 70' lang='grc' dir='ltr'>ι</span> 
     </span>
     <span class='ocr_line' id='line_1_76' title="bbox 1421 586 2487 635; baseline 0.001 -13"><span class='ocrx_word' id='word_1_536' title='bbox 1421 586 1635 633; x_wconf 88' lang='lat' dir='ltr'>Oceanum,</span> <span class='ocrx_word' id='word_1_537' title='bbox 1657 588 1761 635; x_wconf 92' lang='lat' dir='ltr'>quod</span> <span class='ocrx_word' id='word_1_538' title='bbox 1784 587 1978 623; x_wconf 89' lang='lat' dir='ltr'>continuat</span> <span class='ocrx_word' id='word_1_539' title='bbox 1997 594 2156 635; x_wconf 90' lang='lat' dir='ltr'>utraque</span> <span class='ocrx_word' id='word_1_540' title='bbox 2177 587 2272 623; x_wconf 87' lang='lat' dir='ltr'>loca.</span> <span class='ocrx_word' id='word_1_541' title='bbox 2293 587 2342 622; x_wconf 91' lang='lat' dir='ltr'>Et</span> <span class='ocrx_word' id='word_1_542' title='bbox 2361 586 2487 623; x_wconf 91' lang='lat' dir='ltr'>simili-</span> 
     </span>
     <span class='ocr_line' id='line_1_77' title="bbox 1420 639 2488 689; baseline 0.002 -15"><span class='ocrx_word' id='word_1_543' title='bbox 1420 639 1591 675; x_wconf 88' lang='lat' dir='ltr'>tudinem</span> <span class='ocrx_word' id='word_1_544' title='bbox 1620 648 1872 689; x_wconf 89' lang='lat' dir='ltr'>utrorumque</span> <span class='ocrx_word' id='word_1_545' title='bbox 1900 641 2075 676; x_wconf 91' lang='lat' dir='ltr'>locorum</span> <span class='ocrx_word' id='word_1_546' title='bbox 2105 639 2313 676; x_wconf 92' lang='lat' dir='ltr'>coniiciunt</span> <span class='ocrx_word' id='word_1_547' title='bbox 2341 652 2387 676; x_wconf 86' lang='lat' dir='ltr'>ex</span> <span class='ocrx_word' id='word_1_548' title='bbox 2416 641 2488 676; x_wconf 89' lang='lat' dir='ltr'>ele—</span> 
     </span>
     <span class='ocr_line' id='line_1_78' title="bbox 1420 692 2488 743; baseline 0.002 -16"><span class='ocrx_word' id='word_1_549' title='bbox 1420 692 1646 739; x_wconf 90' lang='lat' dir='ltr'>phantibus,</span> <span class='ocrx_word' id='word_1_550' title='bbox 1677 695 1741 741; x_wconf 92' lang='lat' dir='ltr'>qui</span> <span class='ocrx_word' id='word_1_551' title='bbox 1775 693 1872 730; x_wconf 92' lang='lat' dir='ltr'>circa</span> <span class='ocrx_word' id='word_1_552' title='bbox 1900 702 2106 742; x_wconf 91' lang='lat' dir='ltr'>utrumque</span> <span class='ocrx_word' id='word_1_553' title='bbox 2141 694 2270 729; x_wconf 90' lang='lat' dir='ltr'>locum</span> <span class='ocrx_word' id='word_1_554' title='bbox 2305 693 2488 743; x_wconf 84' lang='lat' dir='ltr'>oriuntur,</span> 
     </span>
     <span class='ocr_line' id='line_1_79' title="bbox 1422 746 2487 795; baseline 0.004 -16"><span class='ocrx_word' id='word_1_555' title='bbox 1422 756 1500 780; x_wconf 89' lang='lat' dir='ltr'>non</span> <span class='ocrx_word' id='word_1_556' title='bbox 1529 752 1657 780; x_wconf 90' lang='lat' dir='ltr'>autem</span> <span class='ocrx_word' id='word_1_557' title='bbox 1686 746 1724 782; x_wconf 91' lang='lat' dir='ltr'>in</span> <span class='ocrx_word' id='word_1_558' title='bbox 1753 746 1887 783; x_wconf 91' lang='lat' dir='ltr'>mediis</span> <span class='ocrx_word' id='word_1_559' title='bbox 1921 746 2150 795; x_wconf 89' lang='lat' dir='ltr'>regionibus.</span> <span class='ocrx_word' id='word_1_560' title='bbox 2181 746 2297 793; x_wconf 90' lang='lat' dir='ltr'>Quod</span> <span class='ocrx_word' id='word_1_561' title='bbox 2332 746 2487 794; x_wconf 91' lang='lat' dir='ltr'>quidem</span> 
     </span>
     <span class='ocr_line' id='line_1_80' title="bbox 1423 796 2627 846; baseline 0.004 -15"><span class='ocrx_word' id='word_1_562' title='bbox 1423 804 1478 832; x_wconf 87' lang='lat' dir='ltr'>est</span> <span class='ocrx_word' id='word_1_563' title='bbox 1497 796 1646 844; x_wconf 90' lang='lat' dir='ltr'>signum</span> <span class='ocrx_word' id='word_1_564' title='bbox 1668 800 1954 836; x_wconf 90' lang='lat' dir='ltr'>convenientiae</span> <span class='ocrx_word' id='word_1_565' title='bbox 1983 801 2123 836; x_wconf 91' lang='lat' dir='ltr'>horum</span> <span class='ocrx_word' id='word_1_566' title='bbox 2156 800 2330 836; x_wconf 90' lang='lat' dir='ltr'>locorum</span> <span class='ocrx_word' id='word_1_567' title='bbox 2345 805 2378 846; x_wconf 81' lang='lat'>¹,</span> <span class='ocrx_word' id='word_1_568' title='bbox 2409 812 2488 836; x_wconf 92' lang='lat' dir='ltr'>non</span> <span class='ocrx_word' id='word_1_569' title='bbox 2612 805 2627 821; x_wconf 61' lang='grc' dir='ltr'><strong>κ</strong></span> 
     </span>
     <span class='ocr_line' id='line_1_81' title="bbox 1422 851 1881 899; baseline 0.011 -15"><span class='ocrx_word' id='word_1_570' title='bbox 1422 856 1550 885; x_wconf 87' lang='lat' dir='ltr'>autern</span> <span class='ocrx_word' id='word_1_571' title='bbox 1580 851 1881 899; x_wconf 90' lang='lat' dir='ltr'>propinquitatis.</span> 
     </span>
    </p>

    <p class='ocr_par' dir='ltr' id='par_1_21' title="bbox 1418 903 2728 2394">
     <span class='ocr_line' id='line_1_82' title="bbox 1475 903 2487 952; baseline 0.004 -14"><span class='ocrx_word' id='word_1_572' title='bbox 1475 914 1511 948; x_wconf 92' lang='lat'>4.</span> <span class='ocrx_word' id='word_1_573' title='bbox 1534 903 1704 939; x_wconf 88' lang='lat' dir='ltr'>Tertiam</span> <span class='ocrx_word' id='word_1_574' title='bbox 1725 905 1989 952; x_wconf 89' lang='lat' dir='ltr'>probationem</span> <span class='ocrx_word' id='word_1_575' title='bbox 2018 906 2160 943; x_wconf 90' lang='lat' dir='ltr'>inducit</span> <span class='ocrx_word' id='word_1_576' title='bbox 2188 905 2327 942; x_wconf 89' lang='lat' dir='ltr'>ibi:·Et</span> <span class='ocrx_word' id='word_1_577' title='bbox 2348 907 2487 942; x_wconf 83' lang='lat' dir='ltr'>mathe-</span> 
     </span>
     <span class='ocr_line' id='line_1_83' title="bbox 1422 955 2488 1006; baseline 0.005 -16"><span class='ocrx_word' id='word_1_578' title='bbox 1422 955 1646 992; x_wconf 87' lang='lat' dir='ltr'>maticorum</span> <span class='ocrx_word' id='word_1_579' title='bbox 1668 965 1750 1002; x_wconf 88' lang='lat' dir='ltr'>etc.;</span> <span class='ocrx_word' id='word_1_580' title='bbox 1771 970 1867 1006; x_wconf 90' lang='lat' dir='ltr'>quae</span> <span class='ocrx_word' id='word_1_581' title='bbox 1888 959 2044 1006; x_wconf 89' lang='lat' dir='ltr'>quidem</span> <span class='ocrx_word' id='word_1_582' title='bbox 2065 959 2225 996; x_wconf 89' lang='lat' dir='ltr'>sumitur</span> <span class='ocrx_word' id='word_1_583' title='bbox 2245 971 2289 995; x_wconf 84' lang='lat' dir='ltr'>ex</span> <span class='ocrx_word' id='word_1_584' title='bbox 2309 961 2488 995; x_wconf 80' lang='lat' dir='ltr'>mensura</span> 
     </span>
     <span class='ocr_line' id='line_1_84' title="bbox 1421 1009 2728 1069; baseline 0.005 -26"><span class='ocrx_word' id='word_1_585' title='bbox 1421 1014 1541 1044; x_wconf 88' lang='lat' dir='ltr'>terrae</span> <span class='ocrx_word' id='word_1_586' title='bbox 1561 1010 1592 1045; x_wconf 65' lang='lat'>⁹²⁴.</span> <span class='ocrx_word' id='word_1_587' title='bbox 1624 1010 1672 1045; x_wconf 91' lang='lat' dir='ltr'>Et</span> <span class='ocrx_word' id='word_1_588' title='bbox 1691 1009 1778 1046; x_wconf 90' lang='lat' dir='ltr'>dicit</span> <span class='ocrx_word' id='word_1_589' title='bbox 1807 1012 1910 1058; x_wconf 91' lang='lat' dir='ltr'>quod</span> <span class='ocrx_word' id='word_1_590' title='bbox 1939 1012 2169 1060; x_wconf 88' lang='lat' dir='ltr'>quicumque</span> <span class='ocrx_word' id='word_1_591' title='bbox 2199 1012 2487 1048; x_wconf 90' lang='lat' dir='ltr'>mathematico·</span> <span class='ocrx_word' id='word_1_592' title='bbox 2515 1021 2728 1069; x_wconf 38' lang='lat' dir='ltr'>ggssgessmratio-</span> 
     </span>
     <span class='ocr_line' id='line_1_85' title="bbox 1422 1053 2647 1114; baseline 0.005 -17"><span class='ocrx_word' id='word_1_593' title='bbox 1422 1073 1507 1097; x_wconf 91' lang='lat' dir='ltr'>rum</span> <span class='ocrx_word' id='word_1_594' title='bbox 1532 1070 1808 1099; x_wconf 91' lang='lat' dir='ltr'>attentaverunt</span> <span class='ocrx_word' id='word_1_595' title='bbox 1833 1064 2042 1101; x_wconf 88' lang='lat' dir='ltr'>ratiocinari</span> <span class='ocrx_word' id='word_1_596' title='bbox 2072 1066 2118 1102; x_wconf 91' lang='lat' dir='ltr'>de</span> <span class='ocrx_word' id='word_1_597' title='bbox 2145 1065 2402 1114; x_wconf 90' lang='lat' dir='ltr'>magnitudine</span> <span class='ocrx_word' id='word_1_598' title='bbox 2429 1078 2488 1102; x_wconf 92' lang='lat' dir='ltr'>ro·</span> <span class='ocrx_word' id='word_1_599' title='bbox 2613 1053 2647 1075; x_wconf 56' lang='grc' dir='ltr'>μ’</span> 
     </span>
     <span class='ocr_line' id='line_1_86' title="bbox 1421 1114 2484 1166; baseline 0.006 -16"><span class='ocrx_word' id='word_1_600' title='bbox 1421 1114 1614 1151; x_wconf 89' lang='lat' dir='ltr'>tunditatis</span> <span class='ocrx_word' id='word_1_601' title='bbox 1646 1123 1788 1161; x_wconf 90' lang='lat' dir='ltr'>terrae,</span> <span class='ocrx_word' id='word_1_602' title='bbox 1825 1117 1953 1154; x_wconf 91' lang='lat' dir='ltr'>dicunt</span> <span class='ocrx_word' id='word_1_603' title='bbox 1989 1118 2091 1166; x_wconf 89' lang='lat' dir='ltr'>quod</span> <span class='ocrx_word' id='word_1_604' title='bbox 2126 1119 2335 1156; x_wconf 86' lang='lat' dir='ltr'>rotunditas</span> <span class='ocrx_word' id='word_1_605' title='bbox 2364 1126 2484 1155; x_wconf 89' lang='lat' dir='ltr'>terrae</span> 
     </span>
     <span class='ocr_line' id='line_1_87' title="bbox 1421 1167 2630 1220; baseline 0.005 -17"><span class='ocrx_word' id='word_1_606' title='bbox 1421 1168 1564 1215; x_wconf 88' lang='lat' dir='ltr'>attingit</span> <span class='ocrx_word' id='word_1_607' title='bbox 1582 1167 1595 1189; x_wconf 60' lang='grc' dir='ltr'><strong>Ἀ</strong></span> <span class='ocrx_word' id='word_1_608' title='bbox 1614 1181 1734 1217; x_wconf 90' lang='lat' dir='ltr'>usque</span> <span class='ocrx_word' id='word_1_609' title='bbox 1760 1169 1809 1206; x_wconf 92' lang='lat' dir='ltr'>ad</span> <span class='ocrx_word' id='word_1_610' title='bbox 1842 1171 2094 1220; x_wconf 82' lang='lat' dir='ltr'>quadraginta</span> <span class='ocrx_word' id='word_1_611' title='bbox 2131 1173 2322 1220; x_wconf 82' lang='lat' dir='ltr'>myriades</span> <span class='ocrx_word' id='word_1_612' title='bbox 2353 1173 2489 1208; x_wconf 82' lang='lat' dir='ltr'>stadio·</span> <span class='ocrx_word' id='word_1_613' title='bbox 2612 1175 2630 1201; x_wconf 82' lang='grc' dir='ltr'>λ</span> 
     </span>
     <span class='ocr_line' id='line_1_88' title="bbox 1421 1221 2489 1274; baseline 0.005 -17"><span class='ocrx_word' id='word_1_614' title='bbox 1421 1233 1519 1266; x_wconf 88' lang='lat' dir='ltr'>rum,</span> <span class='ocrx_word' id='word_1_615' title='bbox 1549 1221 1645 1258; x_wconf 92' lang='lat' dir='ltr'>idest</span> <span class='ocrx_word' id='word_1_616' title='bbox 1674 1222 1939 1270; x_wconf 89' lang='lat' dir='ltr'>quadragesies</span> <span class='ocrx_word' id='word_1_617' title='bbox 1968 1224 2103 1261; x_wconf 90' lang='lat' dir='ltr'>decem</span> <span class='ocrx_word' id='word_1_618' title='bbox 2133 1225 2265 1267; x_wconf 89' lang='lat' dir='ltr'>millia,</span> <span class='ocrx_word' id='word_1_619' title='bbox 2300 1225 2404 1274; x_wconf 92' lang='lat' dir='ltr'>quod</span> <span class='ocrx_word' id='word_1_620' title='bbox 2433 1233 2489 1262; x_wconf 90' lang='lat' dir='ltr'>est</span> 
     </span>
     <span class='ocr_line' id='line_1_89' title="bbox 1421 1274 2487 1322; baseline 0.006 -12"><span class='ocrx_word' id='word_1_621' title='bbox 1421 1274 1770 1322; x_wconf 90' lang='lat' dir='ltr'>quadringentesies</span> <span class='ocrx_word' id='word_1_622' title='bbox 1800 1276 1914 1312; x_wconf 89' lang='lat' dir='ltr'>millia</span> <span class='ocrx_word' id='word_1_623' title='bbox 1934 1277 2150 1314; x_wconf 89' lang='lat' dir='ltr'>stadiorum.</span> <span class='ocrx_word' id='word_1_624' title='bbox 2182 1279 2249 1315; x_wconf 85' lang='lat' dir='ltr'>Est</span> <span class='ocrx_word' id='word_1_625' title='bbox 2268 1287 2395 1315; x_wconf 90' lang='lat' dir='ltr'>autem</span> <span class='ocrx_word' id='word_1_626' title='bbox 2415 1287 2487 1315; x_wconf 88' lang='lat' dir='ltr'>sta-</span> 
     </span>
     <span class='ocr_line' id='line_1_90' title="bbox 1421 1327 2488 1380; baseline 0.006 -17"><span class='ocrx_word' id='word_1_627' title='bbox 1421 1327 1527 1364; x_wconf 90' lang='lat' dir='ltr'>dium</span> <span class='ocrx_word' id='word_1_628' title='bbox 1558 1336 1695 1365; x_wconf 88' lang='lat' dir='ltr'>octava</span> <span class='ocrx_word' id='word_1_629' title='bbox 1728 1341 1817 1377; x_wconf 86' lang='lat' dir='ltr'>pars</span> <span class='ocrx_word' id='word_1_630' title='bbox 1847 1329 2032 1375; x_wconf 86' lang='lat' dir='ltr'>milliaris;</span> <span class='ocrx_word' id='word_1_631' title='bbox 2073 1339 2208 1367; x_wconf 90' lang='lat' dir='ltr'>octava</span> <span class='ocrx_word' id='word_1_632' title='bbox 2245 1340 2371 1368; x_wconf 90' lang='lat' dir='ltr'>autem</span> <span class='ocrx_word' id='word_1_633' title='bbox 2399 1344 2488 1380; x_wconf 90' lang='lat' dir='ltr'>pars</span> 
     </span>
     <span class='ocr_line' id='line_1_91' title="bbox 1419 1381 2630 1431; baseline 0.005 -14"><span class='ocrx_word' id='word_1_634' title='bbox 1419 1381 1603 1430; x_wconf 88' lang='lat' dir='ltr'>praedicti</span> <span class='ocrx_word' id='word_1_635' title='bbox 1632 1382 1783 1418; x_wconf 90' lang='lat' dir='ltr'>numeri</span> <span class='ocrx_word' id='word_1_636' title='bbox 1804 1390 1858 1418; x_wconf 91' lang='lat' dir='ltr'>est</span> <span class='ocrx_word' id='word_1_637' title='bbox 1877 1383 2146 1431; x_wconf 87' lang='lat' dir='ltr'>quinquaginta</span> <span class='ocrx_word' id='word_1_638' title='bbox 2174 1385 2287 1421; x_wconf 89' lang='lat' dir='ltr'>millia</span> <span class='ocrx_word' id='word_1_639' title='bbox 2302 1391 2340 1430; x_wconf 65' lang='grc' dir='ltr'>ἀ;</span> <span class='ocrx_word' id='word_1_640' title='bbox 2371 1392 2407 1421; x_wconf 93' lang='lat' dir='ltr'>et</span> <span class='ocrx_word' id='word_1_641' title='bbox 2431 1398 2488 1421; x_wconf 91' lang='lat' dir='ltr'>se·</span> <span class='ocrx_word' id='word_1_642' title='bbox 2611 1398 2630 1424; x_wconf 78' lang='grc' dir='ltr'><strong>μ</strong></span> 
     </span>
     <span class='ocr_line' id='line_1_92' title="bbox 1422 1436 2488 1486; baseline 0.004 -15"><span class='ocrx_word' id='word_1_643' title='bbox 1422 1436 1591 1472; x_wconf 91' lang='lat' dir='ltr'>cundum</span> <span class='ocrx_word' id='word_1_644' title='bbox 1625 1436 1700 1472; x_wconf 93' lang='lat' dir='ltr'>hoc</span> <span class='ocrx_word' id='word_1_645' title='bbox 1734 1436 1941 1472; x_wconf 87' lang='lat' dir='ltr'>rotunditas</span> <span class='ocrx_word' id='word_1_646' title='bbox 1969 1445 2088 1473; x_wconf 90' lang='lat' dir='ltr'>terrae</span> <span class='ocrx_word' id='word_1_647' title='bbox 2123 1437 2189 1474; x_wconf 87' lang='lat' dir='ltr'>erit</span> <span class='ocrx_word' id='word_1_648' title='bbox 2217 1438 2488 1486; x_wconf 89' lang='lat' dir='ltr'>quinquaginta</span> 
     </span>
     <span class='ocr_line' id='line_1_93' title="bbox 1420 1488 2488 1539; baseline 0.003 -15"><span class='ocrx_word' id='word_1_649' title='bbox 1420 1488 1536 1525; x_wconf 88' lang='lat' dir='ltr'>millia</span> <span class='ocrx_word' id='word_1_650' title='bbox 1556 1488 1828 1525; x_wconf 88' lang='lat' dir='ltr'>milliariorum.</span> <span class='ocrx_word' id='word_1_651' title='bbox 1845 1509 1869 1516; x_wconf 89' lang='lat'>-</span> <span class='ocrx_word' id='word_1_652' title='bbox 1885 1490 2106 1527; x_wconf 90' lang='lat' dir='ltr'>Secundum</span> <span class='ocrx_word' id='word_1_653' title='bbox 2131 1498 2257 1527; x_wconf 90' lang='lat' dir='ltr'>autem</span> <span class='ocrx_word' id='word_1_654' title='bbox 2282 1491 2488 1539; x_wconf 90' lang='lat' dir='ltr'>diligentio-</span> 
     </span>
     <span class='ocr_line' id='line_1_94' title="bbox 1421 1541 2486 1592; baseline 0.003 -14"><span class='ocrx_word' id='word_1_655' title='bbox 1421 1554 1501 1578; x_wconf 92' lang='lat' dir='ltr'>rem</span> <span class='ocrx_word' id='word_1_656' title='bbox 1524 1541 1868 1578; x_wconf 90' lang='lat' dir='ltr'>considerationem</span> <span class='ocrx_word' id='word_1_657' title='bbox 1898 1543 2174 1580; x_wconf 89' lang='lat' dir='ltr'>modernorum</span> <span class='ocrx_word' id='word_1_658' title='bbox 2197 1546 2486 1592; x_wconf 88' lang='lat' dir='ltr'>astrologorum,</span> 
     </span>
     <span class='ocr_line' id='line_1_95' title="bbox 1421 1595 2489 1645; baseline 0.003 -14"><span class='ocrx_word' id='word_1_659' title='bbox 1421 1603 1476 1631; x_wconf 91' lang='lat' dir='ltr'>est</span> <span class='ocrx_word' id='word_1_660' title='bbox 1505 1595 1715 1632; x_wconf 90' lang='lat' dir='ltr'>rotunditas</span> <span class='ocrx_word' id='word_1_661' title='bbox 1750 1603 1872 1632; x_wconf 88' lang='lat' dir='ltr'>terrae</span> <span class='ocrx_word' id='word_1_662' title='bbox 1901 1597 2021 1632; x_wconf 89' lang='lat' dir='ltr'>multo</span> <span class='ocrx_word' id='word_1_663' title='bbox 2051 1597 2195 1643; x_wconf 87' lang='lat' dir='ltr'>minor,</span> <span class='ocrx_word' id='word_1_664' title='bbox 2237 1598 2331 1634; x_wconf 89' lang='lat' dir='ltr'>idest</span> <span class='ocrx_word' id='word_1_665' title='bbox 2357 1598 2489 1645; x_wconf 88' lang='lat' dir='ltr'>viginti</span> 
     </span>
     <span class='ocr_line' id='line_1_96' title="bbox 1420 1648 2727 1699; baseline 0.004 -15"><span class='ocrx_word' id='word_1_666' title='bbox 1420 1648 1537 1685; x_wconf 89' lang='lat' dir='ltr'>millia</span> <span class='ocrx_word' id='word_1_667' title='bbox 1547 1648 1719 1685; x_wconf 86' lang='lat' dir='ltr'>milliaria</span> <span class='ocrx_word' id='word_1_668' title='bbox 1731 1656 1766 1685; x_wconf 92' lang='lat' dir='ltr'>et</span> <span class='ocrx_word' id='word_1_669' title='bbox 1777 1649 2049 1697; x_wconf 89' lang='lat' dir='ltr'>quadringenta</span> <span class='ocrx_word' id='word_1_670' title='bbox 2059 1651 2090 1696; x_wconf 64' lang='lat'>²¹⁶,</span> <span class='ocrx_word' id='word_1_671' title='bbox 2101 1658 2142 1686; x_wconf 94' lang='lat' dir='ltr'>ut</span> <span class='ocrx_word' id='word_1_672' title='bbox 2151 1651 2374 1699; x_wconf 87' lang='lat' dir='ltr'>Alfraganus</span> <span class='ocrx_word' id='word_1_673' title='bbox 2386 1651 2489 1697; x_wconf 86' lang='lat' dir='ltr'>dicit;</span> <span class='ocrx_word' id='word_1_674' title='bbox 2516 1662 2525 1671; x_wconf 90' lang='lat'><strong>·</strong></span> <span class='ocrx_word' id='word_1_675' title='bbox 2534 1660 2698 1689; x_wconf 66' lang='lat' dir='ltr'>quadraginta</span> <span class='ocrx_word' id='word_1_676' title='bbox 2705 1668 2727 1683; x_wconf 70' lang='lat'>1³-</span> 
     </span>
     <span class='ocr_line' id='line_1_97' title="bbox 1420 1702 2490 1750; baseline 0.003 -12"><span class='ocrx_word' id='word_1_677' title='bbox 1420 1703 1481 1739; x_wconf 90' lang='lat' dir='ltr'>vel</span> <span class='ocrx_word' id='word_1_678' title='bbox 1502 1702 1637 1739; x_wconf 92' lang='lat' dir='ltr'>decem</span> <span class='ocrx_word' id='word_1_679' title='bbox 1659 1710 1694 1738; x_wconf 90' lang='lat' dir='ltr'>et</span> <span class='ocrx_word' id='word_1_680' title='bbox 1719 1710 1806 1738; x_wconf 89' lang='lat' dir='ltr'>octo</span> <span class='ocrx_word' id='word_1_681' title='bbox 1833 1702 2024 1750; x_wconf 88' lang='lat' dir='ltr'>myriades</span> <span class='ocrx_word' id='word_1_682' title='bbox 2046 1704 2267 1750; x_wconf 89' lang='lat' dir='ltr'>stadiorum,</span> <span class='ocrx_word' id='word_1_683' title='bbox 2288 1704 2383 1741; x_wconf 92' lang='lat' dir='ltr'>idest</span> <span class='ocrx_word' id='word_1_684' title='bbox 2404 1718 2490 1741; x_wconf 87' lang='lat' dir='ltr'>cen-</span> 
     </span>
     <span class='ocr_line' id='line_1_98' title="bbox 1419 1755 2487 1806; baseline 0.003 -15"><span class='ocrx_word' id='word_1_685' title='bbox 1419 1763 1502 1792; x_wconf 91' lang='lat' dir='ltr'>turn</span> <span class='ocrx_word' id='word_1_686' title='bbox 1518 1755 1709 1803; x_wconf 88' lang='lat' dir='ltr'>octoginta</span> <span class='ocrx_word' id='word_1_687' title='bbox 1725 1755 1841 1791; x_wconf 90' lang='lat' dir='ltr'>millia</span> <span class='ocrx_word' id='word_1_688' title='bbox 1860 1756 2081 1803; x_wconf 88' lang='lat' dir='ltr'>stadiorum,</span> <span class='ocrx_word' id='word_1_689' title='bbox 2098 1765 2138 1793; x_wconf 92' lang='lat' dir='ltr'>ut</span> <span class='ocrx_word' id='word_1_690' title='bbox 2155 1757 2369 1806; x_wconf 89' lang='lat' dir='ltr'>Simplicius</span> <span class='ocrx_word' id='word_1_691' title='bbox 2385 1758 2487 1805; x_wconf 87' lang='lat' dir='ltr'>dicit;</span> 
     </span>
     <span class='ocr_line' id='line_1_99' title="bbox 1420 1809 2490 1858; baseline 0.003 -13"><span class='ocrx_word' id='word_1_692' title='bbox 1420 1809 1526 1857; x_wconf 91' lang='lat' dir='ltr'>quod</span> <span class='ocrx_word' id='word_1_693' title='bbox 1546 1809 1654 1856; x_wconf 90' lang='lat' dir='ltr'>quasi</span> <span class='ocrx_word' id='word_1_694' title='bbox 1684 1809 1719 1845; x_wconf 92' lang='lat' dir='ltr'>in</span> <span class='ocrx_word' id='word_1_695' title='bbox 1747 1809 1848 1846; x_wconf 90' lang='lat' dir='ltr'>idem</span> <span class='ocrx_word' id='word_1_696' title='bbox 1869 1809 1983 1856; x_wconf 92' lang='lat' dir='ltr'>redit,</span> <span class='ocrx_word' id='word_1_697' title='bbox 2013 1822 2103 1847; x_wconf 89' lang='lat' dir='ltr'>narn</span> <span class='ocrx_word' id='word_1_698' title='bbox 2132 1811 2261 1858; x_wconf 90' lang='lat' dir='ltr'>viginti</span> <span class='ocrx_word' id='word_1_699' title='bbox 2291 1811 2405 1848; x_wconf 90' lang='lat' dir='ltr'>millia</span> <span class='ocrx_word' id='word_1_700' title='bbox 2435 1820 2490 1849; x_wconf 91' lang='lat' dir='ltr'>est</span> 
     </span>
     <span class='ocr_line' id='line_1_100' title="bbox 1421 1863 2489 1911; baseline 0.003 -12"><span class='ocrx_word' id='word_1_701' title='bbox 1421 1870 1557 1899; x_wconf 87' lang='lat' dir='ltr'>octava</span> <span class='ocrx_word' id='word_1_702' title='bbox 1585 1875 1672 1911; x_wconf 86' lang='lat' dir='ltr'>pars</span> <span class='ocrx_word' id='word_1_703' title='bbox 1703 1870 1855 1899; x_wconf 90' lang='lat' dir='ltr'>centum</span> <span class='ocrx_word' id='word_1_704' title='bbox 1885 1863 2075 1911; x_wconf 87' lang='lat' dir='ltr'>sexaginta</span> <span class='ocrx_word' id='word_1_705' title='bbox 2105 1864 2275 1901; x_wconf 89' lang='lat' dir='ltr'>millium.</span> <span class='ocrx_word' id='word_1_706' title='bbox 2311 1865 2396 1901; x_wconf 91' lang='lat' dir='ltr'>Hoc</span> <span class='ocrx_word' id='word_1_707' title='bbox 2425 1878 2489 1902; x_wconf 88' lang='lat' dir='ltr'>au-</span> 
     </span>
     <span class='ocr_line' id='line_1_101' title="bbox 1420 1915 2630 1966; baseline 0.003 -14"><span class='ocrx_word' id='word_1_708' title='bbox 1420 1924 1498 1953; x_wconf 90' lang='lat' dir='ltr'>tem</span> <span class='ocrx_word' id='word_1_709' title='bbox 1541 1915 1719 1964; x_wconf 90' lang='lat' dir='ltr'>astrologi</span> <span class='ocrx_word' id='word_1_710' title='bbox 1756 1916 1993 1965; x_wconf 91' lang='lat' dir='ltr'>perpendere</span> <span class='ocrx_word' id='word_1_711' title='bbox 2022 1923 2033 1936; x_wconf 67' lang='lat'>⁸</span> <span class='ocrx_word' id='word_1_712' title='bbox 2066 1925 2285 1966; x_wconf 88' lang='lat' dir='ltr'>potuerunt,</span> <span class='ocrx_word' id='word_1_713' title='bbox 2321 1919 2490 1955; x_wconf 89' lang='lat' dir='ltr'>conside·</span> <span class='ocrx_word' id='word_1_714' title='bbox 2617 1933 2630 1949; x_wconf 81' lang='grc' dir='ltr'><strong>ν</strong></span> 
     </span>
     <span class='ocr_line' id='line_1_102' title="bbox 1419 1970 2489 2018; baseline 0.002 -12"><span class='ocrx_word' id='word_1_715' title='bbox 1419 1977 1544 2006; x_wconf 85' lang='lat' dir='ltr'>rantes</span> <span class='ocrx_word' id='word_1_716' title='bbox 1579 1979 1766 2018; x_wconf 90' lang='lat' dir='ltr'>quantum</span> <span class='ocrx_word' id='word_1_717' title='bbox 1796 1970 1959 2018; x_wconf 90' lang='lat' dir='ltr'>spatium</span> <span class='ocrx_word' id='word_1_718' title='bbox 1988 1970 2027 2007; x_wconf 92' lang='lat' dir='ltr'>in</span> <span class='ocrx_word' id='word_1_719' title='bbox 2055 1978 2153 2007; x_wconf 92' lang='lat' dir='ltr'>terra</span> <span class='ocrx_word' id='word_1_720' title='bbox 2181 1971 2268 2007; x_wconf 87' lang='lat' dir='ltr'>facit</span> <span class='ocrx_word' id='word_1_721' title='bbox 2296 1971 2489 2008; x_wconf 88' lang='lat' dir='ltr'>diversita-</span> 
     </span>
     <span class='ocr_line' id='line_1_103' title="bbox 1418 2022 2491 2073; baseline 0.003 -14"><span class='ocrx_word' id='word_1_722' title='bbox 1418 2031 1497 2060; x_wconf 91' lang='lat' dir='ltr'>tem</span> <span class='ocrx_word' id='word_1_723' title='bbox 1526 2023 1638 2059; x_wconf 92' lang='lat' dir='ltr'>unius</span> <span class='ocrx_word' id='word_1_724' title='bbox 1670 2022 1808 2071; x_wconf 91' lang='lat' dir='ltr'>gradus</span> <span class='ocrx_word' id='word_1_725' title='bbox 1837 2023 1875 2059; x_wconf 94' lang='lat' dir='ltr'>in</span> <span class='ocrx_word' id='word_1_726' title='bbox 1909 2024 2035 2060; x_wconf 92' lang='lat' dir='ltr'>caelo:</span> <span class='ocrx_word' id='word_1_727' title='bbox 2066 2032 2102 2060; x_wconf 93' lang='lat' dir='ltr'>et</span> <span class='ocrx_word' id='word_1_728' title='bbox 2129 2024 2355 2061; x_wconf 89' lang='lat' dir='ltr'>invenerunt</span> <span class='ocrx_word' id='word_1_729' title='bbox 2387 2026 2491 2073; x_wconf 90' lang='lat' dir='ltr'>quod</span> 
     </span>
     <span class='ocr_line' id='line_1_104' title="bbox 1419 2076 2491 2127; baseline 0.003 -15"><span class='ocrx_word' id='word_1_730' title='bbox 1419 2076 1624 2126; x_wconf 90' lang='lat' dir='ltr'>quingenta</span> <span class='ocrx_word' id='word_1_731' title='bbox 1644 2077 1776 2122; x_wconf 88' lang='lat' dir='ltr'>stadia,</span> <span class='ocrx_word' id='word_1_732' title='bbox 1798 2079 2010 2114; x_wconf 86' lang='lat' dir='ltr'>secundum</span> <span class='ocrx_word' id='word_1_733' title='bbox 2032 2077 2285 2126; x_wconf 88' lang='lat' dir='ltr'>Simplicium;</span> <span class='ocrx_word' id='word_1_734' title='bbox 2301 2080 2362 2114; x_wconf 91' lang='lat' dir='ltr'>vel</span> <span class='ocrx_word' id='word_1_735' title='bbox 2383 2079 2491 2127; x_wconf 90' lang='lat' dir='ltr'>quin-</span> 
     </span>
     <span class='ocr_line' id='line_1_105' title="bbox 1419 2130 2490 2178; baseline 0.002 -12"><span class='ocrx_word' id='word_1_736' title='bbox 1419 2130 1598 2178; x_wconf 88' lang='lat' dir='ltr'>quaginta</span> <span class='ocrx_word' id='word_1_737' title='bbox 1618 2142 1682 2167; x_wconf 90' lang='lat' dir='ltr'>sex</span> <span class='ocrx_word' id='word_1_738' title='bbox 1707 2130 1880 2167; x_wconf 91' lang='lat' dir='ltr'>milliaria</span> <span class='ocrx_word' id='word_1_739' title='bbox 1908 2138 1943 2167; x_wconf 90' lang='lat' dir='ltr'>et</span> <span class='ocrx_word' id='word_1_740' title='bbox 1972 2130 2067 2167; x_wconf 89' lang='lat' dir='ltr'>duas</span> <span class='ocrx_word' id='word_1_741' title='bbox 2095 2131 2221 2168; x_wconf 90' lang='lat' dir='ltr'>tertias</span> <span class='ocrx_word' id='word_1_742' title='bbox 2241 2132 2411 2177; x_wconf 88' lang='lat' dir='ltr'>milliarii,</span> <span class='ocrx_word' id='word_1_743' title='bbox 2434 2145 2490 2168; x_wconf 92' lang='lat' dir='ltr'>se-</span> 
     </span>
     <span class='ocr_line' id='line_1_106' title="bbox 1421 2184 2491 2233; baseline 0.002 -13"><span class='ocrx_word' id='word_1_744' title='bbox 1421 2186 1591 2221; x_wconf 90' lang='lat' dir='ltr'>cundum</span> <span class='ocrx_word' id='word_1_745' title='bbox 1626 2184 1887 2231; x_wconf 88' lang='lat' dir='ltr'>Alfraganum.</span> <span class='ocrx_word' id='word_1_746' title='bbox 1922 2184 2032 2221; x_wconf 90' lang='lat' dir='ltr'>Unde</span> <span class='ocrx_word' id='word_1_747' title='bbox 2067 2185 2353 2233; x_wconf 89' lang='lat' dir='ltr'>multiplicantes</span> <span class='ocrx_word' id='word_1_748' title='bbox 2389 2186 2491 2222; x_wconf 92' lang='lat' dir='ltr'>hunc</span> 
     </span>
     <span class='ocr_line' id='line_1_107' title="bbox 1420 2238 2490 2286; baseline 0.002 -13"><span class='ocrx_word' id='word_1_749' title='bbox 1420 2249 1626 2274; x_wconf 90' lang='lat' dir='ltr'>numerum</span> <span class='ocrx_word' id='word_1_750' title='bbox 1646 2249 1715 2286; x_wconf 93' lang='lat' dir='ltr'>per</span> <span class='ocrx_word' id='word_1_751' title='bbox 1734 2245 1901 2274; x_wconf 87' lang='lat' dir='ltr'>trecenta</span> <span class='ocrx_word' id='word_1_752' title='bbox 1920 2238 2123 2286; x_wconf 59' lang='lat' dir='ltr'>sexaginta,</span> <span class='ocrx_word' id='word_1_753' title='bbox 2145 2238 2208 2286; x_wconf 91' lang='lat' dir='ltr'>qui</span> <span class='ocrx_word' id='word_1_754' title='bbox 2235 2246 2289 2274; x_wconf 89' lang='lat' dir='ltr'>est</span> <span class='ocrx_word' id='word_1_755' title='bbox 2309 2251 2490 2276; x_wconf 89' lang='lat' dir='ltr'>numerus</span> 
     </span>
     <span class='ocr_line' id='line_1_108' title="bbox 1419 2288 2631 2339; baseline 0.002 -12"><span class='ocrx_word' id='word_1_756' title='bbox 1419 2291 1608 2339; x_wconf 89' lang='lat' dir='ltr'>graduum</span> <span class='ocrx_word' id='word_1_757' title='bbox 1648 2290 1764 2336; x_wconf 92' lang='lat' dir='ltr'>caeli,</span> <span class='ocrx_word' id='word_1_758' title='bbox 1809 2292 2142 2339; x_wconf 87' lang='lat' dir='ltr'>apprehenderunt</span> <span class='ocrx_word' id='word_1_759' title='bbox 2174 2288 2188 2314; x_wconf 67' lang='lat' dir='ltr'>t</span> <span class='ocrx_word' id='word_1_760' title='bbox 2221 2292 2489 2329; x_wconf 85' lang='lat' dir='ltr'>rotunditatem</span> <span class='ocrx_word' id='word_1_761' title='bbox 2618 2294 2631 2325; x_wconf 75' lang='grc' dir='ltr'><strong><em>Ε</em></strong></span> 
     </span>
     <span class='ocr_line' id='line_1_109' title="bbox 1419 2344 2148 2394; baseline 0.001 -14"><span class='ocrx_word' id='word_1_762' title='bbox 1419 2352 1541 2380; x_wconf 88' lang='lat' dir='ltr'>terrae</span> <span class='ocrx_word' id='word_1_763' title='bbox 1571 2356 1652 2380; x_wconf 90' lang='lat' dir='ltr'>esse</span> <span class='ocrx_word' id='word_1_764' title='bbox 1678 2344 1892 2393; x_wconf 86' lang='lat' dir='ltr'>praedictae</span> <span class='ocrx_word' id='word_1_765' title='bbox 1923 2345 2148 2394; x_wconf 90' lang='lat' dir='ltr'>quantitatis.</span> 
     </span>
    </p>

    <p class='ocr_par' dir='ltr' id='par_1_22' title="bbox 1418 2397 2671 2862">
     <span class='ocr_line' id='line_1_110' title="bbox 1474 2397 2485 2446; baseline 0 -12"><span class='ocrx_word' id='word_1_766' title='bbox 1474 2398 1522 2434; x_wconf 91' lang='lat' dir='ltr'>Et</span> <span class='ocrx_word' id='word_1_767' title='bbox 1541 2397 1594 2434; x_wconf 91' lang='lat' dir='ltr'>sic</span> <span class='ocrx_word' id='word_1_768' title='bbox 1615 2410 1659 2434; x_wconf 87' lang='lat' dir='ltr'>ex</span> <span class='ocrx_word' id='word_1_769' title='bbox 1674 2398 1732 2434; x_wconf 90' lang='lat' dir='ltr'>his</span> <span class='ocrx_word' id='word_1_770' title='bbox 1747 2410 1954 2446; x_wconf 90' lang='lat' dir='ltr'>possumus</span> <span class='ocrx_word' id='word_1_771' title='bbox 1971 2398 2223 2446; x_wconf 85' lang='lat' dir='ltr'>argumentari</span> <span class='ocrx_word' id='word_1_772' title='bbox 2240 2398 2485 2446; x_wconf 88' lang='lat' dir='ltr'>quantitatem</span> 
     </span>
     <span class='ocr_line' id='line_1_111' title="bbox 1419 2451 2487 2500; baseline 0 -13"><span class='ocrx_word' id='word_1_773' title='bbox 1419 2458 1540 2487; x_wconf 90' lang='lat' dir='ltr'>terrae</span> <span class='ocrx_word' id='word_1_774' title='bbox 1565 2463 1643 2487; x_wconf 92' lang='lat' dir='ltr'>non</span> <span class='ocrx_word' id='word_1_775' title='bbox 1668 2452 1794 2487; x_wconf 86' lang='lat' dir='ltr'>solum</span> <span class='ocrx_word' id='word_1_776' title='bbox 1816 2463 1898 2487; x_wconf 88' lang='lat' dir='ltr'>esse</span> <span class='ocrx_word' id='word_1_777' title='bbox 1919 2452 2167 2500; x_wconf 85' lang='lat' dir='ltr'>sphaericam,</span> <span class='ocrx_word' id='word_1_778' title='bbox 2189 2452 2254 2488; x_wconf 92' lang='lat' dir='ltr'>sed</span> <span class='ocrx_word' id='word_1_779' title='bbox 2277 2451 2388 2487; x_wconf 88' lang='lat' dir='ltr'>etiarn</span> <span class='ocrx_word' id='word_1_780' title='bbox 2410 2464 2487 2488; x_wconf 91' lang='lat' dir='ltr'>non</span> 
     </span>
     <span class='ocr_line' id='line_1_112' title="bbox 1420 2504 2488 2553; baseline 0 -12"><span class='ocrx_word' id='word_1_781' title='bbox 1420 2517 1599 2552; x_wconf 86' lang='lat' dir='ltr'>magnam</span> <span class='ocrx_word' id='word_1_782' title='bbox 1629 2504 1667 2541; x_wconf 92' lang='lat' dir='ltr'>in</span> <span class='ocrx_word' id='word_1_783' title='bbox 1697 2505 1983 2553; x_wconf 89' lang='lat' dir='ltr'>comparatione</span> <span class='ocrx_word' id='word_1_784' title='bbox 2019 2505 2067 2541; x_wconf 89' lang='lat' dir='ltr'>ad</span> <span class='ocrx_word' id='word_1_785' title='bbox 2096 2505 2374 2552; x_wconf 88' lang='lat' dir='ltr'>magnitudines</span> <span class='ocrx_word' id='word_1_786' title='bbox 2398 2505 2488 2541; x_wconf 92' lang='lat' dir='ltr'>alio-</span> 
     </span>
     <span class='ocr_line' id='line_1_113' title="bbox 1420 2558 2486 2607; baseline 0 -13"><span class='ocrx_word' id='word_1_787' title='bbox 1420 2570 1504 2594; x_wconf 90' lang='lat' dir='ltr'>rum</span> <span class='ocrx_word' id='word_1_788' title='bbox 1525 2566 1732 2594; x_wconf 86' lang='lat' dir='ltr'>astrorum:</span> <span class='ocrx_word' id='word_1_789' title='bbox 1754 2570 1843 2594; x_wconf 89' lang='lat' dir='ltr'>narn</span> <span class='ocrx_word' id='word_1_790' title='bbox 1870 2559 1991 2595; x_wconf 91' lang='lat' dir='ltr'>solem</span> <span class='ocrx_word' id='word_1_791' title='bbox 2016 2559 2181 2607; x_wconf 86' lang='lat' dir='ltr'>probant</span> <span class='ocrx_word' id='word_1_792' title='bbox 2205 2558 2380 2605; x_wconf 88' lang='lat' dir='ltr'>astrologi</span> <span class='ocrx_word' id='word_1_793' title='bbox 2405 2571 2486 2594; x_wconf 87' lang='lat' dir='ltr'>esse</span> 
     </span>
     <span class='ocr_line' id='line_1_114' title="bbox 1419 2611 2485 2660; baseline -0.001 -12"><span class='ocrx_word' id='word_1_794' title='bbox 1419 2611 1559 2648; x_wconf 90' lang='lat' dir='ltr'>centies</span> <span class='ocrx_word' id='word_1_795' title='bbox 1589 2611 1845 2660; x_wconf 87' lang='lat' dir='ltr'>septuagesies</span> <span class='ocrx_word' id='word_1_796' title='bbox 1873 2612 2059 2648; x_wconf 86' lang='lat' dir='ltr'>maiorem</span> <span class='ocrx_word' id='word_1_797' title='bbox 2087 2620 2198 2655; x_wconf 87' lang='lat' dir='ltr'>terra;</span> <span class='ocrx_word' id='word_1_798' title='bbox 2230 2624 2316 2647; x_wconf 92' lang='lat' dir='ltr'>cum</span> <span class='ocrx_word' id='word_1_799' title='bbox 2345 2621 2485 2656; x_wconf 89' lang='lat' dir='ltr'>tamen,</span> 
     </span>
     <span class='ocr_line' id='line_1_115' title="bbox 1418 2665 2671 2714; baseline 0 -13"><span class='ocrx_word' id='word_1_800' title='bbox 1418 2672 1574 2714; x_wconf 88' lang='lat' dir='ltr'>propter</span> <span class='ocrx_word' id='word_1_801' title='bbox 1593 2665 1821 2709; x_wconf 88' lang='lat' dir='ltr'>distantiam,</span> <span class='ocrx_word' id='word_1_802' title='bbox 1851 2665 2025 2702; x_wconf 86' lang='lat' dir='ltr'>videatur</span> <span class='ocrx_word' id='word_1_803' title='bbox 2040 2666 2059 2684; x_wconf 78' lang='lat'>⁴⁵</span> <span class='ocrx_word' id='word_1_804' title='bbox 2080 2665 2189 2701; x_wconf 89' lang='lat' dir='ltr'>nobis</span> <span class='ocrx_word' id='word_1_805' title='bbox 2209 2665 2362 2713; x_wconf 66' lang='lat' dir='ltr'>pedalis.</span> <span class='ocrx_word' id='word_1_806' title='bbox 2389 2665 2488 2701; x_wconf 91' lang='lat' dir='ltr'>Dicit</span> <span class='ocrx_word' id='word_1_807' title='bbox 2513 2672 2524 2683; x_wconf 72' lang='lat'>⁶</span> <span class='ocrx_word' id='word_1_808' title='bbox 2538 2675 2671 2700; x_wconf 61' lang='lat' dir='ltr'>apparet*-</span> 
     </span>
     <span class='ocr_line' id='line_1_116' title="bbox 1418 2718 2488 2766; baseline -0.001 -11"><span class='ocrx_word' id='word_1_809' title='bbox 1418 2726 1547 2755; x_wconf 86' lang='lat' dir='ltr'>autem</span> <span class='ocrx_word' id='word_1_810' title='bbox 1577 2719 1740 2755; x_wconf 87' lang='lat' dir='ltr'>aliorum</span> <span class='ocrx_word' id='word_1_811' title='bbox 1761 2724 1963 2764; x_wconf 80' lang='lat' dir='ltr'>astrorum,</span> <span class='ocrx_word' id='word_1_812' title='bbox 1994 2726 2149 2766; x_wconf 90' lang='lat' dir='ltr'>propter</span> <span class='ocrx_word' id='word_1_813' title='bbox 2169 2718 2389 2766; x_wconf 91' lang='lat' dir='ltr'>opinionem</span> <span class='ocrx_word' id='word_1_814' title='bbox 2417 2720 2488 2766; x_wconf 68' lang='lat' dir='ltr'>Py-</span> 
     </span>
     <span class='ocr_line' id='line_1_117' title="bbox 1418 2771 2484 2820; baseline -0.001 -12"><span class='ocrx_word' id='word_1_815' title='bbox 1418 2773 1612 2820; x_wconf 87' lang='lat' dir='ltr'>thagorae,</span> <span class='ocrx_word' id='word_1_816' title='bbox 1634 2771 1698 2820; x_wconf 93' lang='lat' dir='ltr'>qui</span> <span class='ocrx_word' id='word_1_817' title='bbox 1718 2772 1845 2820; x_wconf 91' lang='lat' dir='ltr'>posuit</span> <span class='ocrx_word' id='word_1_818' title='bbox 1872 2780 2011 2808; x_wconf 90' lang='lat' dir='ltr'>terram</span> <span class='ocrx_word' id='word_1_819' title='bbox 2038 2784 2119 2808; x_wconf 90' lang='lat' dir='ltr'>esse</span> <span class='ocrx_word' id='word_1_820' title='bbox 2148 2784 2264 2808; x_wconf 91' lang='lat' dir='ltr'>unam</span> <span class='ocrx_word' id='word_1_821' title='bbox 2287 2771 2334 2808; x_wconf 93' lang='lat' dir='ltr'>de</span> <span class='ocrx_word' id='word_1_822' title='bbox 2362 2772 2484 2808; x_wconf 88' lang='lat' dir='ltr'>stellis.</span> 
     </span>
     <span class='ocr_line' id='line_1_118' title="bbox 1420 2824 2625 2862; baseline -0.002 0"><span class='ocrx_word' id='word_1_823' title='bbox 1420 2826 1468 2862; x_wconf 90' lang='lat' dir='ltr'>Et</span> <span class='ocrx_word' id='word_1_824' title='bbox 1496 2825 1534 2862; x_wconf 91' lang='lat' dir='ltr'>in</span> <span class='ocrx_word' id='word_1_825' title='bbox 1562 2826 1637 2862; x_wconf 89' lang='lat' dir='ltr'>hoc</span> <span class='ocrx_word' id='word_1_826' title='bbox 1665 2825 1888 2862; x_wconf 91' lang='lat' dir='ltr'>terminatur</span> <span class='ocrx_word' id='word_1_827' title='bbox 1915 2825 2098 2861; x_wconf 90' lang='lat' dir='ltr'>sententia</span> <span class='ocrx_word' id='word_1_828' title='bbox 2127 2824 2282 2861; x_wconf 91' lang='lat' dir='ltr'>secundi</span> <span class='ocrx_word' id='word_1_829' title='bbox 2310 2824 2392 2860; x_wconf 89' lang='lat' dir='ltr'>libri</span> <span class='ocrx_word' id='word_1_830' title='bbox 2412 2830 2434 2860; x_wconf 89' lang='lat'>⁰.</span> <span class='ocrx_word' id='word_1_831' title='bbox 2611 2831 2625 2848; x_wconf 84' lang='lat'>0</span> 
     </span>
    </p>
   </div>
   <div class='ocr_carea' id='block_1_18' title="bbox 1410 2982 2484 3431">
    <p class='ocr_par' dir='ltr' id='par_1_23' title="bbox 1416 2982 2483 3052">
     <span class='ocr_line' id='line_1_119' title="bbox 1416 2982 2483 3015; baseline -0.003 -7"><span class='ocrx_word' id='word_1_832' title='bbox 1416 2991 1470 3008; x_wconf 86' lang='lat' dir='ltr'>om.</span> <span class='ocrx_word' id='word_1_833' title='bbox 1489 2983 1685 3008; x_wconf 86' lang='lat' dir='ltr'>homoteleuton</span> <span class='ocrx_word' id='word_1_834' title='bbox 1706 2984 1798 3008; x_wconf 82' lang='lat' dir='ltr'>dicunt</span> <span class='ocrx_word' id='word_1_835' title='bbox 1815 2983 1887 3015; x_wconf 88' lang='lat' dir='ltr'>quod</span> <span class='ocrx_word' id='word_1_836' title='bbox 1903 2983 2055 3008; x_wconf 84' lang='lat' dir='ltr'>rotunditas</span> <span class='ocrx_word' id='word_1_837' title='bbox 2070 2985 2167 3009; x_wconf 87' lang='lat' dir='ltr'>terrae,</span> <span class='ocrx_word' id='word_1_838' title='bbox 2189 2989 2242 3014; x_wconf 87' lang='lat' dir='ltr'>quo</span> <span class='ocrx_word' id='word_1_839' title='bbox 2261 2982 2359 3005; x_wconf 87' lang='lat' dir='ltr'>tollitur</span> <span class='ocrx_word' id='word_1_840' title='bbox 2377 2989 2483 3011; x_wconf 82' lang='lat' dir='ltr'>sensus;</span> 
     </span>
     <span class='ocr_line' id='line_1_120' title="bbox 1417 3019 1872 3052; baseline 0 -9"><span class='ocrx_word' id='word_1_841' title='bbox 1417 3019 1436 3043; x_wconf 91' lang='lat' dir='ltr'>P</span> <span class='ocrx_word' id='word_1_842' title='bbox 1456 3027 1503 3051; x_wconf 89' lang='lat' dir='ltr'>pro</span> <span class='ocrx_word' id='word_1_843' title='bbox 1521 3019 1634 3052; x_wconf 81' lang='lat' dir='ltr'>attingit</span> <span class='ocrx_word' id='word_1_844' title='bbox 1653 3019 1713 3051; x_wconf 87' lang='lat' dir='ltr'>legit</span> <span class='ocrx_word' id='word_1_845' title='bbox 1731 3019 1872 3051; x_wconf 80' lang='lat' dir='ltr'>contIngit.</span> 
     </span>
    </p>

    <p class='ocr_par' dir='ltr' id='par_1_24' title="bbox 1415 3052 2484 3150">
     <span class='ocr_line' id='line_1_121' title="bbox 1471 3052 2484 3088; baseline -0.004 -9"><span class='ocrx_word' id='word_1_846' title='bbox 1471 3054 1499 3088; x_wconf 85' lang='grc' dir='ltr'>μ.)</span> <span class='ocrx_word' id='word_1_847' title='bbox 1520 3058 1615 3079; x_wconf 81' lang='lat' dir='ltr'>octava</span> <span class='ocrx_word' id='word_1_848' title='bbox 1640 3058 1762 3079; x_wconf 87' lang='lat' dir='ltr'>autem...</span> <span class='ocrx_word' id='word_1_849' title='bbox 1787 3055 1878 3078; x_wconf 86' lang='lat' dir='ltr'>millia.</span> <span class='ocrx_word' id='word_1_850' title='bbox 1896 3067 1915 3072; x_wconf 95' lang='lat'>—</span> <span class='ocrx_word' id='word_1_851' title='bbox 1934 3054 1989 3077; x_wconf 85' lang='lat' dir='ltr'>Hoc</span> <span class='ocrx_word' id='word_1_852' title='bbox 2008 3061 2061 3076; x_wconf 90' lang='lat' dir='ltr'>om.</span> <span class='ocrx_word' id='word_1_853' title='bbox 2084 3053 2102 3076; x_wconf 88' lang='lat' dir='ltr'>P</span> <span class='ocrx_word' id='word_1_854' title='bbox 2119 3058 2205 3076; x_wconf 80' lang='lat' dir='ltr'>contra</span> <span class='ocrx_word' id='word_1_855' title='bbox 2225 3059 2317 3076; x_wconf 89' lang='lat' dir='ltr'>omnes</span> <span class='ocrx_word' id='word_1_856' title='bbox 2337 3052 2447 3076; x_wconf 85' lang='lat' dir='ltr'>codices.</span> <span class='ocrx_word' id='word_1_857' title='bbox 2465 3066 2484 3070; x_wconf 90' lang='lat'><em>-</em></span> 
     </span>
     <span class='ocr_line' id='line_1_122' title="bbox 1416 3087 2482 3120; baseline -0.004 -6"><span class='ocrx_word' id='word_1_858' title='bbox 1416 3091 1620 3114; x_wconf 79' lang='lat' dir='ltr'>Homoteieuton</span> <span class='ocrx_word' id='word_1_859' title='bbox 1640 3093 1665 3114; x_wconf 88' lang='lat' dir='ltr'>et</span> <span class='ocrx_word' id='word_1_860' title='bbox 1683 3090 1826 3114; x_wconf 81' lang='lat' dir='ltr'>secundum</span> <span class='ocrx_word' id='word_1_861' title='bbox 1841 3089 1920 3113; x_wconf 88' lang='lat' dir='ltr'>hoc...</span> <span class='ocrx_word' id='word_1_862' title='bbox 1935 3088 2127 3120; x_wconf 84' lang='lat' dir='ltr'>quinquaginta</span> <span class='ocrx_word' id='word_1_863' title='bbox 2148 3087 2231 3111; x_wconf 88' lang='lat' dir='ltr'>millia</span> <span class='ocrx_word' id='word_1_864' title='bbox 2246 3095 2299 3111; x_wconf 86' lang='lat' dir='ltr'>orn.</span> <span class='ocrx_word' id='word_1_865' title='bbox 2312 3087 2359 3117; x_wconf 83' lang='lat' dir='ltr'>A1;</span> <span class='ocrx_word' id='word_1_866' title='bbox 2379 3090 2406 3111; x_wconf 88' lang='lat' dir='ltr'>et</span> <span class='ocrx_word' id='word_1_867' title='bbox 2424 3093 2482 3111; x_wconf 87' lang='lat' dir='ltr'>ante</span> 
     </span>
     <span class='ocr_line' id='line_1_123' title="bbox 1415 3125 1824 3150; baseline -0.005 0"><span class='ocrx_word' id='word_1_868' title='bbox 1415 3126 1559 3150; x_wconf 82' lang='lat' dir='ltr'>secundum</span> <span class='ocrx_word' id='word_1_869' title='bbox 1579 3126 1697 3150; x_wconf 81' lang='lat' dir='ltr'>addimus</span> <span class='ocrx_word' id='word_1_870' title='bbox 1717 3133 1776 3149; x_wconf 83' lang='lat' dir='ltr'>curn</span> <span class='ocrx_word' id='word_1_871' title='bbox 1797 3125 1824 3148; x_wconf 77' lang='lat' dir='ltr'>F.</span> 
     </span>
    </p>

    <p class='ocr_par' dir='ltr' id='par_1_25' title="bbox 1416 3157 2481 3264">
     <span class='ocr_line' id='line_1_124' title="bbox 1469 3157 2481 3193; baseline -0.004 -8"><span class='ocrx_word' id='word_1_872' title='bbox 1469 3162 1492 3193; x_wconf 85' lang='grc' dir='ltr'>ν)</span> <span class='ocrx_word' id='word_1_873' title='bbox 1510 3161 1683 3192; x_wconf 82' lang='lat' dir='ltr'>perpendere.</span> <span class='ocrx_word' id='word_1_874' title='bbox 1701 3174 1721 3178; x_wconf 98' lang='lat'><em>-</em></span> <span class='ocrx_word' id='word_1_875' title='bbox 1738 3160 1960 3190; x_wconf 81' lang='lat' dir='ltr'>comprehendere</span> <span class='ocrx_word' id='word_1_876' title='bbox 1974 3159 2004 3187; x_wconf 86' lang='grc' dir='ltr'>Ρ;</span> <span class='ocrx_word' id='word_1_877' title='bbox 2025 3158 2056 3182; x_wconf 90' lang='lat' dir='ltr'>cf.</span> <span class='ocrx_word' id='word_1_878' title='bbox 2076 3163 2130 3182; x_wconf 89' lang='lat' dir='ltr'>not.</span> <span class='ocrx_word' id='word_1_879' title='bbox 2145 3165 2200 3190; x_wconf 85' lang='lat' dir='ltr'>seq.</span> <span class='ocrx_word' id='word_1_880' title='bbox 2213 3171 2231 3176; x_wconf 91' lang='lat'>·-</span> <span class='ocrx_word' id='word_1_881' title='bbox 2245 3157 2307 3181; x_wconf 88' lang='lat' dir='ltr'>Post</span> <span class='ocrx_word' id='word_1_882' title='bbox 2322 3158 2385 3181; x_wconf 83' lang='lat' dir='ltr'>duas</span> <span class='ocrx_word' id='word_1_883' title='bbox 2401 3157 2481 3181; x_wconf 87' lang='lat' dir='ltr'>lineas</span> 
     </span>
     <span class='ocr_line' id='line_1_125' title="bbox 1416 3193 2481 3228; baseline -0.005 -7"><span class='ocrx_word' id='word_1_884' title='bbox 1416 3204 1463 3228; x_wconf 82' lang='lat' dir='ltr'>pro</span> <span class='ocrx_word' id='word_1_885' title='bbox 1482 3197 1635 3228; x_wconf 84' lang='lat' dir='ltr'>quingenta,</span> <span class='ocrx_word' id='word_1_886' title='bbox 1658 3196 1675 3219; x_wconf 85' lang='lat' dir='ltr'>P</span> <span class='ocrx_word' id='word_1_887' title='bbox 1691 3201 1715 3219; x_wconf 94' lang='lat' dir='ltr'>et</span> <span class='ocrx_word' id='word_1_888' title='bbox 1735 3195 1811 3227; x_wconf 83' lang='lat' dir='ltr'>aliqui</span> <span class='ocrx_word' id='word_1_889' title='bbox 1832 3195 1906 3218; x_wconf 86' lang='lat' dir='ltr'>codd.</span> <span class='ocrx_word' id='word_1_890' title='bbox 1920 3193 2122 3226; x_wconf 80' lang='lat' dir='ltr'>quinquaginta,</span> <span class='ocrx_word' id='word_1_891' title='bbox 2143 3194 2189 3217; x_wconf 85' lang='lat' dir='ltr'>sed</span> <span class='ocrx_word' id='word_1_892' title='bbox 2209 3193 2241 3217; x_wconf 84' lang='lat' dir='ltr'>cf.</span> <span class='ocrx_word' id='word_1_893' title='bbox 2254 3193 2422 3225; x_wconf 81' lang='lat' dir='ltr'>Simplicium,</span> <span class='ocrx_word' id='word_1_894' title='bbox 2438 3201 2481 3224; x_wconf 88' lang='lat' dir='ltr'>op.</span> 
     </span>
     <span class='ocr_line' id='line_1_126' title="bbox 1416 3231 1781 3264; baseline -0.008 -8"><span class='ocrx_word' id='word_1_895' title='bbox 1416 3232 1465 3260; x_wconf 60' lang='lat' dir='ltr'>cin,</span> <span class='ocrx_word' id='word_1_896' title='bbox 1486 3232 1530 3255; x_wconf 86' lang='lat' dir='ltr'>fol.</span> <span class='ocrx_word' id='word_1_897' title='bbox 1545 3232 1579 3264; x_wconf 81' lang='lat'>89</span> <span class='ocrx_word' id='word_1_898' title='bbox 1598 3236 1676 3256; x_wconf 81' lang='lat' dir='ltr'>recto.</span> <span class='ocrx_word' id='word_1_899' title='bbox 1693 3231 1739 3254; x_wconf 89' lang='lat' dir='ltr'>col.</span> <span class='ocrx_word' id='word_1_900' title='bbox 1761 3238 1781 3254; x_wconf 85' lang='lat'>1.</span> 
     </span>
    </p>

    <p class='ocr_par' dir='ltr' id='par_1_26' title="bbox 1410 3263 2481 3369">
     <span class='ocr_line' id='line_1_127' title="bbox 1470 3263 2481 3297; baseline -0.003 -7"><span class='ocrx_word' id='word_1_901' title='bbox 1470 3265 1492 3296; x_wconf 80' lang='grc' dir='ltr'>ξ)</span> <span class='ocrx_word' id='word_1_902' title='bbox 1517 3267 1591 3290; x_wconf 85' lang='lat' dir='ltr'>Unde</span> <span class='ocrx_word' id='word_1_903' title='bbox 1611 3265 1847 3297; x_wconf 87' lang='lat' dir='ltr'>multiplicantes...</span> <span class='ocrx_word' id='word_1_904' title='bbox 1861 3264 2105 3295; x_wconf 87' lang='lat' dir='ltr'>apprehenderunt.</span> <span class='ocrx_word' id='word_1_905' title='bbox 2117 3277 2136 3282; x_wconf 92' lang='lat'>-</span> <span class='ocrx_word' id='word_1_906' title='bbox 2156 3264 2231 3288; x_wconf 89' lang='lat' dir='ltr'>Unde</span> <span class='ocrx_word' id='word_1_907' title='bbox 2249 3263 2272 3288; x_wconf 89' lang='lat' dir='ltr'>si</span> <span class='ocrx_word' id='word_1_908' title='bbox 2291 3263 2481 3295; x_wconf 84' lang='lat' dir='ltr'>multiplices...</span> 
     </span>
     <span class='ocr_line' id='line_1_128' title="bbox 1414 3300 2481 3333; baseline -0.004 -7"><span class='ocrx_word' id='word_1_909' title='bbox 1414 3302 1619 3333; x_wconf 85' lang='lat' dir='ltr'>comprehendes</span> <span class='ocrx_word' id='word_1_910' title='bbox 1640 3301 1672 3329; x_wconf 84' lang='lat' dir='ltr'>P,</span> <span class='ocrx_word' id='word_1_911' title='bbox 1693 3301 1739 3324; x_wconf 86' lang='lat' dir='ltr'>sed</span> <span class='ocrx_word' id='word_1_912' title='bbox 1759 3300 1859 3324; x_wconf 84' lang='lat' dir='ltr'>codices</span> <span class='ocrx_word' id='word_1_913' title='bbox 1880 3300 1982 3323; x_wconf 49' lang='lat' dir='ltr'>melius*</span> <span class='ocrx_word' id='word_1_914' title='bbox 1993 3300 2023 3323; x_wconf 83' lang='lat' dir='ltr'>ad</span> <span class='ocrx_word' id='word_1_915' title='bbox 2044 3305 2189 3323; x_wconf 81' lang='lat' dir='ltr'>contextum</span> <span class='ocrx_word' id='word_1_916' title='bbox 2208 3300 2347 3331; x_wconf 77' lang='lat' dir='ltr'>quadi·ant;</span> <span class='ocrx_word' id='word_1_917' title='bbox 2368 3307 2414 3331; x_wconf 90' lang='lat' dir='ltr'>pro</span> <span class='ocrx_word' id='word_1_918' title='bbox 2433 3306 2481 3330; x_wconf 88' lang='lat' dir='ltr'>ap-</span> 
     </span>
     <span class='ocr_line' id='line_1_129' title="bbox 1410 3335 2266 3369; baseline -0.002 -9"><span class='ocrx_word' id='word_1_919' title='bbox 1410 3337 1620 3369; x_wconf 87' lang='lat' dir='ltr'>prehenderunt,</span> <span class='ocrx_word' id='word_1_920' title='bbox 1640 3335 1866 3366; x_wconf 87' lang='lat' dir='ltr'>comprehendunt</span> <span class='ocrx_word' id='word_1_921' title='bbox 1885 3335 1922 3365; x_wconf 86' lang='lat' dir='ltr'>G,</span> <span class='ocrx_word' id='word_1_922' title='bbox 1941 3335 2198 3365; x_wconf 84' lang='lat' dir='ltr'>comprehenderunt</span> <span class='ocrx_word' id='word_1_923' title='bbox 2217 3335 2266 3358; x_wconf 76' lang='lat' dir='ltr'>BF.</span> 
     </span>
    </p>

    <p class='ocr_par' dir='ltr' id='par_1_27' title="bbox 1416 3370 2479 3431">
     <span class='ocr_line' id='line_1_130' title="bbox 1470 3370 2479 3401; baseline -0.002 -6"><span class='ocrx_word' id='word_1_924' title='bbox 1470 3372 1495 3401; x_wconf 93' lang='grc' dir='ltr'>ο)</span> <span class='ocrx_word' id='word_1_925' title='bbox 1515 3371 1645 3395; x_wconf 86' lang='lat' dir='ltr'>sententia</span> <span class='ocrx_word' id='word_1_926' title='bbox 1664 3370 1772 3395; x_wconf 85' lang='lat' dir='ltr'>secundi</span> <span class='ocrx_word' id='word_1_927' title='bbox 1790 3370 1858 3394; x_wconf 85' lang='lat' dir='ltr'>libri.</span> <span class='ocrx_word' id='word_1_928' title='bbox 1877 3384 1896 3388; x_wconf 98' lang='lat'><em>-</em></span> <span class='ocrx_word' id='word_1_929' title='bbox 1913 3370 2044 3394; x_wconf 85' lang='lat' dir='ltr'>sententia</span> <span class='ocrx_word' id='word_1_930' title='bbox 2068 3370 2145 3394; x_wconf 83' lang='lat' dir='ltr'>huius</span> <span class='ocrx_word' id='word_1_931' title='bbox 2168 3370 2277 3394; x_wconf 80' lang='lat' dir='ltr'>secundi</span> <span class='ocrx_word' id='word_1_932' title='bbox 2295 3370 2357 3394; x_wconf 84' lang='lat' dir='ltr'>libri</span> <span class='ocrx_word' id='word_1_933' title='bbox 2376 3370 2403 3398; x_wconf 79' lang='lat' dir='ltr'>F,</span> <span class='ocrx_word' id='word_1_934' title='bbox 2422 3376 2479 3393; x_wconf 85' lang='lat' dir='ltr'>sen-</span> 
     </span>
     <span class='ocr_line' id='line_1_131' title="bbox 1416 3405 2478 3431; baseline -0.002 0"><span class='ocrx_word' id='word_1_935' title='bbox 1416 3407 1500 3431; x_wconf 84' lang='lat' dir='ltr'>tentia</span> <span class='ocrx_word' id='word_1_936' title='bbox 1520 3407 1598 3430; x_wconf 81' lang='lat' dir='ltr'>huius</span> <span class='ocrx_word' id='word_1_937' title='bbox 1616 3406 1735 3430; x_wconf 83' lang='lat' dir='ltr'>lectionis</span> <span class='ocrx_word' id='word_1_938' title='bbox 1753 3409 1779 3430; x_wconf 87' lang='lat' dir='ltr'>et</span> <span class='ocrx_word' id='word_1_939' title='bbox 1798 3406 1880 3430; x_wconf 84' lang='lat' dir='ltr'>totius</span> <span class='ocrx_word' id='word_1_940' title='bbox 1898 3405 2007 3430; x_wconf 84' lang='lat' dir='ltr'>secundi</span> <span class='ocrx_word' id='word_1_941' title='bbox 2025 3405 2087 3429; x_wconf 86' lang='lat' dir='ltr'>libri</span> <span class='ocrx_word' id='word_1_942' title='bbox 2107 3406 2136 3430; x_wconf 79' lang='lat' dir='ltr'>E.</span> <span class='ocrx_word' id='word_1_943' title='bbox 2151 3419 2168 3423; x_wconf 94' lang='lat'><strong>—</strong></span> <span class='ocrx_word' id='word_1_944' title='bbox 2182 3405 2232 3429; x_wconf 89' lang='lat' dir='ltr'>Pro</span> <span class='ocrx_word' id='word_1_945' title='bbox 2252 3405 2307 3429; x_wconf 85' lang='lat' dir='ltr'>CHl</span> <span class='ocrx_word' id='word_1_946' title='bbox 2328 3405 2380 3429; x_wconf 90' lang='lat' dir='ltr'>vid.</span> <span class='ocrx_word' id='word_1_947' title='bbox 2396 3405 2478 3429; x_wconf 85' lang='lat' dir='ltr'>Praef.</span> 
     </span>
    </p>
   </div>
  </div>
 </body>
</html>
