2782 4134
249 859 337 897 Ἔτι
368 862 479 908 ὥσπερ

1129 230 1248 284 'CAR
1278 247 1329 294 v,
1360 246 1513 284 LECT.
1543 247 1596 283 xl

986 509 1287 566 LECTIO
1325 510 1758 567 UNDECIMA

385 665 517 697 ALIAE
540 663 652 696 TRES
674 662 894 695 RATIONES
917 663 976 694 AD
1000 662 1272 694 PROBANDUM
1296 663 1421 701 QUOD
1447 654 1617 695 CORPUS
1642 664 1767 701 QUOD
1793 664 2118 696 CIRCULARITER
2141 665 2356 697 MOVETUR

1034 720 1128 752 NON
1150 720 1323 752 POTEST
1347 721 1448 771 ESSI}
1474 721 1701 752 1NF1N1TUM

335 907 502 962 ἄπειρον,
509 907 583 940 αλλ’
603 908 711 963 εἴπερ,
732 908 788 940 ἐπὶ
813 908 935 953 μῆκος,
959 909 1018 939 καὶ
1044 902 1206 939 ἐπίπεδον
1231 905 1342 939 ὠσαύ-

333 965 400 992 τως
419 951 440 996 ᾗ
457 950 565 1006 πέρας
583 951 643 984 οὗκ
660 948 860 1008 ἐνδέχεται·
884 951 969 985 ὅταν
987 947 1017 984 δ’
1019 950 1170 1007 ὁρισθῇ,
1192 951 1341 1006 οὐθαμῇ,

333 997 402 1030 οἷον
429 996 652 1053 τετράγωνον
674 996 813 1041 ἄπειρον
832 995 854 1034 ἦ
870 996 994 1029 κύκλον
1012 996 1034 1033 ἦ
1052 999 1211 1041 σφαῖραν,
1231 995 1341 1050 ὥσπερ

273 1066 277 1070 ·
333 1038 415 1075 οὐδὲ
438 1041 603 1075 ποδιαίαν
618 1041 782 1097 ἄπειρον.
822 1042 859 1073 Ei
884 1040 941 1074 οὖν
967 1053 1057 1086 μητε
1089 1045 1216 1096 σφαῖρα
1248 1040 1340 1085 μήτε

333 1086 555 1144 τετράγωνον
577 1085 668 1143 μήτε
691 1086 815 1125 κύκλος
833 1085 926 1119 ἐστὶν
947 1087 1098 1129 ἄπειρος,
1117 1085 1164 1130 μή
1189 1086 1287 1124 ὄντος
1304 1081 1343 1118 δὲ

291 1156 293 1172 ,
331 1131 459 1164 κύκλου
483 1127 555 1164 οὐδ’
585 1130 624 1164 ἂν
651 1133 672 1169 ἡ
696 1131 808 1174 κύκλῳ
839 1133 889 1169 εἴη
914 1131 1022 1176 φορά,
1050 1132 1186 1184 ὁμοίως
1197 1127 1235 1163 δὲ
1254 1125 1337 1184 μηδ’

334 1176 501 1233 ἅμμου
499 1176 600 1215 ὄντος
626 1175 686 1209 οὐκ
713 1175 753 1210 ἂν
778 1178 828 1214 εἴη
855 1177 1006 1221 ἄπειρος,
1023 1176 1052 1208 εἰ
1101 1169 1156 1213 ηδ’
1178 1176 1194 1208 ὀ
1219 1174 1342 1213 κύκλος

259 1219 339 1230 ,ψ’-

334 1233 470 1267 απδῑρῠς
488 1221 596 1263 ἐστιν,
612 1221 673 1254 ot’m
692 1221 732 1254 ἂν
747 1225 877 1254 κινοῖτῦ
891 1221 1055 1259 κυκλικῶς
1074 1231 1211 1264 «πειρον
1229 1219 1339 1263 σῶμα.

256 1353 338 1389 ’Ἔτι
362 1351 391 1385 εἰ
416 1351 458 1384 τὸ
481 1353 504 1383 1'
528 1351 680 1396 κέντρον,
707 1352 730 1389 ἡ
754 1346 793 1384 δὲ
817 1349 860 1383 τὸ
883 1351 936 1382 ΑΒ
962 1350 1099 1404 ἄπειρος
1122 1351 1183 1382 καὶ
1207 1349 1229 1386 ἡ
1256 1349 1298 1382 τὸ
1319 1350 1344 1380 Ε

284 1423 286 1427 ,
334 1395 417 1440 πρὸς
442 1395 543 1449 ὀρθὴν
563 1395 698 1449 ἄπειρος
722 1397 782 1428 καὶ
799 1395 820 1432 ἡ
839 1394 881 1428 τὸ
896 1395 948 1426 ΓΔ
962 1393 1155 1451 κινουμένη,
1176 1389 1337 1426 οὐδέποτ’

270 1438 275 1442 ’
335 1439 596 1478 ἄπολυθτῖσεται
627 1441 691 1478 τῆς
716 1440 763 1481 Ε,
795 1439 869 1473 ἀλλ’
900 1439 953 1472 ἀεὶ
985 1437 1051 1480 ἔξει
1082 1436 1193 1482 ὥσπερ
1226 1439 1247 1475 ἡ
1274 1440 1341 1470 ΓΕ·

292 1478 295 1484 ’
307 1484 451 1532 τέμνει
483 1484 550 1531 γὰρ
586 1483 608 1528 ᾖ
642 1484 684 1534 τὸ
716 1486 752 1517 Ζ.
793 1483 863 1516 Οὐκ
898 1483 964 1529 ἄρα
1001 1485 1140 1529 περίεισι
1174 1482 1286 1525 κύκλῳ
1322 1483 1342 1520 ἦ

335 1530 487 1570 ἄπειρος.

209 1585 211 1591 ·’
231 1580 234 1611 ζ
257 1574 338 1608 'lm
361 1575 455 1617 εἰπερ
478 1573 619 1628 ἄπειρος
646 1573 664 1605 ὀ
689 1572 845 1616 οὐρανός,
863 1575 1011 1606 κινεῖται
1029 1567 1068 1604 δὲ
1086 1571 1212 1614 κύκλῳ,
1231 1572 1265 1604 ἐν
1285 1583 1327 1604 πε

333 1617 531 1674 περασμένῳ
555 1617 664 1671 χρόνῳ
691 1617 830 1673 ἄπειρον
855 1617 956 1651 ἔσται
979 1612 1195 1655 διεληλυθώς.
1225 1616 1340 1650 Ἐστω

319 1663 399 1718 ,γὰρ
425 1664 442 1695 ὁ
459 1662 519 1709 μὲν
544 1673 653 1718 μενων
678 1662 820 1719 οὐρανός
847 1662 997 1708 ἄπειρος,
1016 1662 1033 1694 ὁ
1053 1657 1082 1694 δ’
1105 1663 1138 1694 ὲν
1164 1661 1278 1703 τούτῳ
1294 1673 1344 1693 κι-

267 1744 289 1754 ·‘
333 1718 507 1794 attam.
516 1705 740 1784 '33200122
758 1705 1174 1806 ‘2.·'2‘.5“}3}:2.2023²}:⁹
1194 1693 1343 1794 ,ζ’ῗέἒὲῗ

275 1796 302 1817 ³
332 1799 442 1852 σμίνῳ
466 1764 588 1842 χρςινῳ.
618 1796 731 1829 ’Auel
753 1796 852 1829 τοῦτ’
880 1794 921 1833 ἧν
948 1791 1135 1829 ἀδύνατον.

258 1840 361 1875 Ἔστι
383 1836 422 1873 δε
445 1843 506 1874 καὶ
532 1840 838 1897 ἁντεστραμμένως
863 1841 983 1880 εἰπεῖν,
1007 1839 1061 1874 ὅτι
1081 1841 1110 1872 εἱ
1130 1839 1346 1884 πεπερασμέ-

290 1900 298 1920 ”
332 1885 571 1968 {mmm
637 1885 1060 1963 ῳεέῖῗί3ζέἵ-ῗᾷφὲὶ3ἷ3οἶ3
1082 1883 1224 1962 &iffi-⁴
1243 1881 1342 1963 3333

273 1964 277 1966 3
333 1970 548 2012 διελήλυθεν·
571 1943 798 2016 ζιέπέρανται
833 1942 900 2018 &pez
930 1941 991 2007 gal
1022 1974 1142 2013 αὐτός.
1173 1973 1251 2006 Ὅτι
1282 1943 1342 2019 pgr

307 2017 393 2053 ουν
409 2019 452 2054 τό
471 2019 582 2061 κύκλῳ
601 2018 797 2074 κινούμενον
818 2020 880 2051 οὐκ
898 2019 990 2052 ἔστιν
1010 2018 1246 2057 ἀτελεύτητον
1265 2014 1337 2051 οὐδ’

297 2064 487 2107 maz-upon,
516 2062 589 2097 ἀλλ’
618 2063 689 2109 ἔχει
715 2063 828 2105 τέλος,
854 2063 1011 2108 φανερόν.

322 2163 474 2192 Smoests.
492 2179 527 2183 —
555 2171 580 2191 ι.
603 2163 719 2197 Quarta
743 2162 828 2190 ratio.
850 2162 936 2190 Nulla
957 2162 1069 2200 figura,
1083 2168 1186 2199 utpote
1207 2171 1241 2190 ex
1262 2162 1344 2191 omni

230 2215 235 2222 ‚
267 2209 352 2241 parte
364 2202 528 2248 terminata,
543 2208 642 2240 potest
661 2211 724 2231 esse
737 2201 860 2230 infinita.
875 2202 974 2230 Motus
987 2208 1086 2230 autem
1100 2202 1256 2237 circularis,
1271 2201 1346 2230 sicut

268 2251 331 2272 non
344 2248 388 2271 est
401 2241 457 2271 nisi
468 2241 505 2271 sit
518 2241 650 2279 circulus,
666 2241 706 2270 ita
728 2251 791 2270 non
804 2247 901 2279 potest
915 2250 978 2270 esse
991 2240 1122 2270 infinitus
1132 2241 1188 2270 nisi
1203 2241 1239 2270 sit
1252 2241 1344 2270 circu-

267 2281 314 2312 lus
326 2281 467 2311 infinitus.
484 2282 543 2311 Sed
557 2281 581 2310 si
595 2291 703 2319 eorpus
716 2281 863 2310 infinitum
878 2288 1045 2310 moveretur
1057 2280 1240 2316 circulariter,
1255 2290 1344 2318 opor-

267 2328 343 2352 teret
355 2321 524 2351 circularem
535 2328 652 2351 motum
665 2330 728 2351 esse
742 2321 897 2350 infinitum.
909 2322 988 2359 Ergo
1002 2328 1056 2350 etc.
1064 2329 1119 2350 -2.
1136 2321 1245 2356 Quinta
1256 2321 1342 2350 ratio.

267 2362 458 2407 Supponatur
478 2362 505 2390 G
525 2368 659 2391 centrum
679 2361 812 2399 corporis
832 2361 954 2397 infiniti3
974 2362 1028 2390 AB
1048 2361 1084 2390 sit
1105 2361 1181 2390 linea
1201 2361 1345 2390 transiens

266 2409 321 2440 per
334 2408 464 2431 centrum
481 2411 516 2431 ex
530 2408 653 2439 utraque
667 2408 749 2439 parte
763 2401 892 2438 infinita3
914 2401 950 2429 εἰι
970 2402 996 2429 Ε
1016 2401 1072 2430 alia
1085 2401 1162 2430 linea
1176 2401 1239 2438 pari
1253 2401 1344 2430 modo

267 2441 400 2478 infinita,
427 2442 479 2470 sed
507 2442 595 2470 ducta
621 2448 701 2470 extra
725 2448 858 2470 centrum
885 2447 914 2469 et
935 2441 1042 2470 cadens
1069 2441 1346 2478 perpendiculariter

268 2490 356 2519 super
368 2482 437 2518 A13;
459 2487 488 2511 et
502 2482 556 2510 hae
570 2481 663 2510 lineae
677 2481 735 2510 sint
749 2487 857 2510 stantes
872 2481 956 2519 quasi
969 2481 1143 2526 imaginatae
1157 2480 1187 2509 in
1206 2480 1299 2526 spatio
1315 2481 1345 2509 in

268 2531 330 2560 quo
343 2531 451 2559 corpus
464 2521 611 2550 infinitum
633 2521 809 2550 circulariter
828 2527 972 2550 movetur.
994 2521 1037 2550 Sit
1057 2521 1144 2549 etiam
1165 2521 1248 2550 tertia
1269 2521 1346 2550 linea

268 2562 340 2598 GD,
361 2561 512 2600 egrediens
535 2571 554 2590 a
574 2568 690 2597 centro,
713 2567 743 2590 et
762 2561 876 2590 infinita
896 2570 931 2590 ex
950 2568 1032 2598 parte
1053 2562 1094 2597 D,
1116 2567 1146 2589 et
1166 2561 1238 2590 haec
1258 2561 1344 2597 linea,

268 2603 346 2640 quae
365 2601 550 2631 inter-secabit
569 2601 677 2630 lineam
697 2603 739 2637 Ε,
761 2608 914 2631 moveatur
926 2610 986 2630 una
1006 2610 1074 2630 cum
1095 2610 1228 2638 corpore,
1243 2608 1344 2638 utpote

268 2641 300 2671 in
321 2651 358 2671 eo
378 2642 530 2679 descripta.
557 2642 598 2670 Ut
617 2647 716 2671 motus
737 2641 884 2670 circularis
905 2641 1104 2678 compleatur,
1126 2647 1243 2678 oportet
1263 2641 1345 2679 quod

344 2765 353 2779 ,ι
496 2772 501 2778 ,
538 2735 730 2773 memissis
747 2735 868 2773 tribus
888 2735 1098 2773 rationibus
1113 2735 1162 2773 ad
1176 2735 1342 2784 proban-

334 2807 339 2814 τ
392 2760 452 2833 '1³3⁶
415 2783 462 2817 33
454 2792 522 2851 5'1
539 2788 632 2826 dum
660 2789 766 2839 quod
801 2799 941 2838 corpus
975 2789 1081 2838 quod
1114 2788 1343 2827 circulariter

337 2838 349 2849 3
358 2837 522 2886 “&2
537 2850 735 2890 movetur,
757 2854 837 2880 non
854 2842 976 2891 possit
995 2854 1078 2879 esse
1097 2842 1288 2880 infinitum
1303 2848 1339 2889 ⁰³,

392 2904 413 2925 ’
437 2874 519 2933 0²³
537 2895 598 2933 hic
623 2895 735 2945 ponit
753 2902 939 2944 quartam,
961 2907 1059 2945 quae
1078 2895 1161 2933 talis
1182 2903 1248 2933 est.
1270 2897 1342 2932 Ιιιι-

266 2961 368 3008 poss
362 2949 447 2986 bile
477 2956 534 2986 est
559 2949 702 2986 lineam
730 2961 814 2986 esse
842 2948 1046 2996 infinitam,
1077 2948 1184 2986 cuius
1204 2955 1261 2986 est
1279 2948 1344 2986 ali-

268 3001 354 3051 quis
381 3001 490 3050 finis,
520 3001 592 3039 nisi
619 3002 716 3039 forte
744 3002 794 3040 ad
828 3003 987 3039 alteram
1018 3009 1167 3051 partem
1202 3002 1343 3039 habeat

267 3055 389 3092 finem
415 3062 452 3091 et
479 3055 530 3092 ad
548 3055 705 3092 alteram
724 3063 875 3104 partem
895 3055 942 3092 sit
959 3055 1117 3092 infinita.
1148 3056 1197 3092 Et
1221 3055 1342 3092 simile

270 3108 384 3146 etiam
411 3114 467 3144 est
495 3108 543 3145 de
572 3108 786 3157 superficie,
816 3109 921 3158 quod
941 3109 972 3146 si
990 3109 1130 3146 habeat
1153 3109 1273 3146 finem
1294 3109 1342 3146 ad

267 3174 388 3200 unam
416 3168 578 3210 partem,
609 3161 714 3210 quod
741 3174 821 3198 non
849 3161 1032 3210 contingit
1050 3174 1138 3199 earn
1158 3161 1295 3199 essess'
1287 3174 1343 3199 ιιι-

268 3215 417 3253 finitam
447 3214 496 3252 ad
524 3214 626 3251 illam
653 3221 814 3263 partem.
836 3215 914 3252 Sed
934 3215 1091 3264 quando
1111 3215 1161 3252 ad
1180 3227 1341 3253 omnem

325 3374 352 3407 α)
372 3374 445 3407 quod
467 3381 597 3406 corpus...
611 3373 869 3407 infinitum-quod
892 3380 989 3405 corpus
1014 3373 1147 3406 infinitum
1170 3374 1341 3399 circulariter

271 3417 324 3435 non
344 3413 466 3435 movetur
483 3410 576 3440 AsDE,
600 3409 633 3434 cf.
647 3408 692 3434 fin.
706 3409 783 3433 huius
802 3416 874 3434 num.
887 3413 913 3433 et
931 3409 1043 3433 duorum
1070 3416 1146 3442 seqq.
1152 3416 1159 3439 ;
1179 3414 1228 3434 cet.
1242 3410 1339 3435 habent

268 3450 298 3470 ut
317 3446 340 3470 Α
358 3446 460 3470 omisso
479 3452 540 3475 non,
561 3445 632 3478 quod
651 3450 692 3469 est
710 3445 844 3475 mendum,
862 3444 912 3469 nisi
931 3452 991 3469 cum
1005 3444 1044 3469 sG
1058 3452 1106 3477 pro
1113 3445 1286 3476 probandum
1301 3446 1340 3470 le-

270 3486 345 3514 gatur
365 3481 579 3513 improbandum.

325 3515 349 3549 β)
370 3523 428 3541 eam
447 3523 510 3541 esse.
522 3530 541 3535 -
553 3523 609 3541 esse
627 3523 686 3541 eam
706 3516 739 3547 P3
759 3523 818 3540 eam
837 3523 891 3540 om.
906 3516 981 3540 codd.
995 3523 1050 3541 exc.
1062 3516 1095 3542 A.
1107 3529 1127 3534 —
1139 3515 1192 3540 Pro
1209 3515 1247 3540 ad
1265 3515 1339 3541 illam

265 3555 384 3584 partem,
403 3551 441 3576 ad
459 3552 571 3576 eandem
584 3555 694 3584 partem
714 3552 735 3582 1,
755 3551 792 3576 ad
809 3558 868 3576 eam
883 3554 992 3583 partem
1011 3556 1059 3576 cet.

323 3587 350 3621 γ)
370 3587 435 3612 haec
447 3587 518 3612 enim
531 3590 595 3613 sunt
613 3587 722 3612 nomina
729 3587 979 3620 figurarum—Pro
998 3587 1063 3612 haec
1075 3587 1159 3617 enim,
1174 3586 1221 3611 sed
1234 3589 1339 3611 tantum

272 3623 374 3648 codices
389 3623 501 3656 exceptis
515 3623 574 3654 AE;
589 3623 696 3648 forsitan
711 3628 751 3648 est
764 3623 895 3655 corruptio
909 3623 1048 3648 materialis
1053 3630 1060 3653 ;
1069 3623 1225 3656 figurarum
1244 3629 1298 3646 om.
1307 3622 1338 3647 Α.

1467 915 1514 939 εει
1537 918 1605 939 εεεε
1628 908 1796 947 infinitam,
1820 911 1875 940 sed
1899 910 1924 940 si
1948 911 2080 952 quidem
2103 912 2143 942 ad
2165 911 2419 952 longitudinem,
2444 920 2475 943 et

1467 952 1668 993 superficiem
1699 953 1842 984 similiter
1870 955 1959 985 cuius
1988 954 2059 986 finis
2091 966 2159 986 non
2192 955 2355 996 contingit.
2388 956 2475 988 Cum

1467 1004 1575 1028 autern
1600 998 1836 1037 determinatur,
1861 1009 2041 1040 nusquam,
2066 1007 2144 1041 puta
2174 1006 2377 1041 tetragonum
2404 1001 2474 1031 infi-

1467 1042 1572 1073 nitum
1595 1049 1652 1073 aut
1674 1042 1829 1073 circulum
1852 1051 1907 1074 aut
1930 1044 2106 1084 sphaeram,
2123 1045 2402 1086 quemadmodum
2420 1056 2474 1076 ιιε-

1467 1096 1531 1128 que
1554 1087 1666 1127 pedale
1689 1086 1862 1118 infinitum.
1891 1087 1924 1119 Si
1951 1088 2047 1128 igitur
2077 1099 2181 1130 neque
2204 1089 2337 1130 sphaera
2369 1099 2473 1131 neque

1467 1137 1673 1172 tetragonum
1695 1142 1800 1173 neque
1824 1132 1960 1163 circulus
1983 1140 2030 1164 est
2052 1133 2210 1173 infinitus;
2234 1144 2301 1164 non
2325 1134 2474 1166 existente

1469 1182 1577 1206 autem
1601 1175 1739 1215 circulo,
1770 1186 1876 1217 neque
1899 1177 2011 1218 utique
2034 1188 2116 1219 quae
2146 1178 2266 1209 circum
2290 1178 2347 1210 erit
2375 1178 2473 1218 latio;

1469 1219 1613 1251 similiter
1636 1227 1744 1251 autem
1760 1231 1865 1262 neque
1888 1221 2012 1252 infinito
2029 1222 2190 1262 existente,
2207 1233 2274 1254 non
2290 1222 2401 1264 utique
2418 1223 2475 1254 erit

1467 1263 1610 1295 infinita:
1630 1264 1655 1295 si
1680 1275 1784 1306 neque
1801 1265 1937 1296 circulus
1953 1265 2095 1298 infinitus
2115 1274 2171 1306 est,
2195 1277 2263 1298 non
2278 1267 2390 1308 utique
2404 1277 2474 1298 mo-

1467 1308 1592 1340 vebitur
1615 1309 1804 1341 circulariter
1826 1309 1987 1341 infinitum
2010 1321 2137 1351 corpus.

1399 1351 1418 1371 ’⁸‘
1431 1353 1548 1384 Adhuc
1571 1360 1691 1393 autem,
1707 1354 1734 1385 si
1753 1354 1783 1386 G
1806 1362 1950 1386 centrum
1974 1355 2023 1394 sit,
2040 1366 2123 1396 quae
2138 1362 2246 1387 autem
2263 1356 2317 1387 AB
2331 1355 2473 1395 infinita,

1467 1404 1500 1428 et
1521 1407 1604 1439 quae
1619 1399 1646 1429 E
1670 1399 1710 1429 ad
1733 1406 1856 1430 rectum
1874 1398 2007 1438 infinita,
2024 1407 2055 1430 et
2077 1410 2159 1441 quae
2174 1400 2234 1432 DG
2257 1407 2362 1431 mota:
2392 1410 2473 1431 nun-

1466 1452 1566 1483 quam
1589 1443 1771 1474 absolvetur
1799 1444 1838 1474 ab
1862 1444 1906 1482 E,
1930 1445 1986 1475 sed
2008 1454 2133 1485 semper
2156 1455 2189 1475 se
2212 1445 2340 1476 habebit
2362 1455 2474 1486 quem-

1465 1487 1645 1518 admodum
1669 1487 1744 1518 GE:
1768 1487 1880 1519 incidit
1894 1488 1981 1519 enim
1997 1499 2078 1530 quae
2102 1490 2136 1520 Z.
2161 1489 2236 1520 Non
2253 1489 2349 1530 igitur
2365 1488 2474 1520 circuit

1467 1531 1622 1562 circulum
1645 1541 1727 1573 quae
1749 1531 1883 1563 infinita.

1398 1573 1415 1594 *
1427 1575 1554 1614 Adhuc,
1568 1576 1594 1606 si
1609 1576 1741 1617 quidem
1750 1575 1913 1607 infinitum
1923 1577 2059 1615 caelum,
2071 1583 2220 1608 movetur
2232 1583 2340 1608 autem
2356 1577 2475 1609 circum

1465 1619 1499 1650 in
1521 1626 1668 1661 tempore
1681 1619 1784 1659 finito,
1804 1620 1966 1652 infinitum
1980 1621 2039 1652 erit
2053 1622 2291 1662 pertransitum:
2318 1622 2374 1653 erit
2390 1622 2475 1652 enim

1466 1664 1530 1696 hoc
1552 1665 1685 1706 quidem
1708 1675 1841 1696 manens
1866 1666 1991 1696 caelum
2013 1665 2192 1705 infinitum,
2215 1666 2278 1697 hoc
2306 1673 2414 1697 autem
2441 1666 2475 1697 in

1466 1708 1529 1740 hoc
1552 1717 1681 1742 motum
1704 1709 1846 1751 aequale.
1872 1709 1993 1751 Itaque,
2010 1709 2036 1740 si
2056 1710 2187 1751 quidem
2211 1710 2354 1742 circuivit
2371 1710 2474 1742 infini-

1466 1760 1535 1785 tum
1561 1763 1628 1792 ens,
1652 1753 1814 1785 infinitum
1837 1754 1969 1795 aequale
1985 1754 2047 1795 ipsi
2069 1754 2267 1795 pertransivit
2281 1755 2315 1786 in
2331 1762 2475 1796 tempore

1466 1797 1568 1830 finito.
1594 1798 1655 1830 Sed
1679 1798 1742 1830 hoc
1765 1805 1831 1829 erat
1853 1798 2062 1839 impossibile.

1397 1842 1416 1861 ’⁸‘
1433 1841 1492 1874 Est
1514 1850 1623 1874 autem
1647 1849 1678 1874 et
1693 1843 1938 1875 convertibiliter
1960 1843 2063 1874 dicere
2086 1844 2188 1885 quod,
2207 1844 2233 1874 si
2251 1842 2380 1875 finitum
2395 1851 2475 1875 tem-

1466 1897 1528 1928 pus
1551 1887 1586 1918 in
1603 1897 1671 1929 quo
1694 1888 1879 1919 revolutum
1903 1894 1960 1926 est,
1985 1894 2016 1919 et
2038 1888 2293 1928 magnitudinem
2307 1898 2390 1930 quae
2406 1899 2474 1929 per-

1466 1932 1595 1963 transita
1627 1938 1684 1971 est,
1709 1942 1836 1963 necesse
1867 1939 1913 1963 est
1936 1942 2004 1963 esse
2035 1932 2168 1964 finitam.
2192 1933 2335 1974 Aequale
2361 1940 2476 1964 autem

1466 1975 1528 2017 ipsi
1551 1976 1766 2017 pertransivit:
1790 1975 1919 2007 finitum
1941 1976 2038 2017 igitur
2061 1983 2092 2008 et
2109 1977 2227 2017 ipsum.
2247 1977 2264 1996 *
2288 1978 2387 2015 Quod
2406 1978 2476 2019 qui-

1468 2021 1542 2051 dem
1565 2021 1661 2061 igitur
1684 2021 1803 2052 circulo
1820 2027 1948 2052 motum
1964 2031 2032 2052 non
2048 2027 2094 2052 est
2116 2021 2356 2053 interminatum
2371 2032 2475 2064 neque

1466 2064 1638 2103 infinitum,
1663 2066 1719 2096 sed
1742 2065 1837 2096 habet
1860 2065 1969 2105 finem,
1989 2065 2205 2097 manifestum.

1401 2162 1488 2191 etiam
1515 2162 1592 2191 linea
1614 2163 1666 2191 GD
1687 2162 1781 2199 possit
1809 2163 1956 2199 complere
1983 2169 2077 2191 totam
2105 2163 2337 2192 circulationem:
2360 2170 2476 2200 oportet

1401 2211 1470 2239 ergo
1486 2203 1568 2239 quod
1581 2202 1674 2239 possit
1688 2202 1834 2231 dimittere
1847 2202 1954 2231 lineam
1969 2204 2002 2231 Ε.
2024 2204 2090 2231 Hoc
2111 2209 2208 2231 autern
2223 2210 2266 2231 est
2286 2203 2474 2248 impossibile,

1400 2241 1469 2279 quia
1490 2241 1566 2270 linea
1587 2243 1612 2269 Ε
1633 2248 1676 2270 εει
1691 2241 1804 2270 infinita
1818 2249 1846 2270 et
1860 2242 2006 2271 infinitum
2021 2252 2082 2271 non
2096 2249 2192 2288 potest
2206 2243 2382 2279 pertransiri.
2397 2245 2474 2281 Ergo

1400 2291 1506 2318 corpus
1528 2281 1675 2310 infinitum
1689 2291 1751 2311 non
1765 2288 1861 2319 potest
1879 2282 2055 2311 circulariter
2068 2282 2220 2312 moveri.-
2236 2283 2262 2311 3.
2277 2284 2369 2312 Sexta
2383 2284 2475 2312 ratio.-

1400 2328 1428 2350 et
1449 2321 1545 2358 primo
1568 2321 1688 2358 quidem
1702 2322 1757 2350 sub
1778 2322 1873 2350 forma
1894 2322 2043 2358 indirecta,
2065 2331 2116 2351 seu
2138 2323 2261 2351 ducente
2282 2324 2322 2351 ad
2341 2324 2475 2361 impossi-

1400 2361 1466 2390 bile.
1489 2361 1520 2390 Si
1541 2362 1652 2390 caelum
1675 2361 1712 2390 sit
1726 2361 1881 2398 infinitum,
1897 2362 2023 2399 spatium
2039 2362 2184 2390 infinitum
2198 2363 2388 2400 pertransitur
2401 2370 2474 2391 tem-

1399 2410 1471 2438 pore
1485 2400 1578 2430 finito.
1594 2401 1715 2430 Caelum
1730 2401 1808 2430 enim
1823 2408 1956 2439 tempore
1971 2401 2053 2430 finito
2068 2402 2195 2439 complet
2215 2412 2298 2431 suam
2313 2403 2474 2432 circulatio-

1400 2450 1486 2469 nem:
1508 2447 1638 2486 oportet
1646 2448 1744 2470 autem
1759 2441 1884 2478 spatium
1899 2441 1930 2470 in
1945 2451 2004 2479 quo
2020 2441 2213 2480 imaginamur
2227 2443 2339 2471 caelum
2353 2443 2473 2478 moveri,

1400 2490 1463 2510 esse
1486 2481 1608 2518 aequale
1630 2481 1685 2518 ipsi
1706 2481 1803 2517 caelo,
1833 2488 1860 2510 et
1884 2489 2096 2528 consequenter
2116 2482 2270 2510 infinitum.
2286 2500 2305 2505 -
2319 2491 2347 2518 4.
2363 2484 2474 2511 Eadem

1400 2521 1475 2549 ratio
1492 2522 1546 2549 sub
1567 2521 1662 2550 forma
1683 2521 1791 2550 directa
1812 2530 1864 2550 seu
1885 2522 2039 2550 ostensiva.
2061 2523 2192 2559 Tempus
2214 2532 2274 2559 quo
2296 2523 2407 2551 caelum
2429 2532 2475 2551 re-

1400 2561 1525 2589 volvitur
1545 2567 1589 2589 est
1609 2561 1738 2589 finitum:
1760 2570 1830 2598 ergo
1852 2561 1933 2590 finita
1951 2568 1994 2590 est
2014 2562 2185 2599 magnitudo
2201 2572 2290 2599 quarn
2310 2562 2473 2599 pertransit.

1401 2602 1623 2638 Consequenter
1641 2601 1755 2629 finitum
1777 2607 1820 2629 est
1840 2601 1928 2630 etiam
1949 2610 2055 2638 corpus
2076 2603 2157 2639 quod
2178 2602 2354 2631 circulariter
2375 2612 2475 2631 move-

1400 2647 1456 2669 tur.
1471 2657 1491 2663 -
1505 2641 1645 2679 Epilogus
1666 2647 1695 2669 et
1715 2640 1875 2670 conclusio.

1386 2742 1548 2784 ·partem
1578 2734 1861 2783 determinatur,
1891 2736 1995 2772 nullo
2025 2735 2144 2773 modo
2173 2743 2299 2785 potest
2318 2748 2400 2773 esse
2419 2736 2474 2773 in-

1399 2788 1528 2835 finita;
1559 2788 1656 2826 sicut
1681 2795 1786 2838 patet
1814 2789 1920 2838 quod
1947 2801 2027 2826 non
2057 2789 2238 2838 contingit
2262 2802 2344 2827 esse
2364 2795 2474 2826 tetra-

1399 2853 1559 2892 gonum,
1589 2841 1686 2879 idest
1715 2842 1956 2890 quadratum,
1986 2842 2188 2890 infinitum,
2210 2855 2335 2891 neque
2355 2842 2473 2879 circu-

1400 2896 1494 2943 lum,
1524 2894 1590 2944 qui
1611 2902 1667 2932 est
1685 2895 1934 2944 superficialis
1953 2896 2087 2944 figura,
2108 2908 2236 2944 neque
2256 2896 2471 2944 sphaeram,

1401 2961 1499 2997 quae
1521 2956 1576 2985 est
1594 2949 1717 2996 figura
1739 2961 1940 2998 corporea3
1966 2950 2062 2986 haec
2083 2949 2183 2986 enim
2205 2957 2292 2986 sunt
2314 2948 2472 2985 nomina

1399 3002 1663 3050 figurarum,
1629 3007 1644 3028 ⁷
1694 3002 1817 3050 figura
1844 3010 1972 3039 autem
2003 3010 2059 3038 est
2086 3014 2184 3050 quae
2219 3002 2382 3038 termino
2410 3002 2472 3038 vel

1399 3055 1568 3092 terminis
1597 3055 1944 3104 comprehenditur.
1975 3055 2024 3091 Et
2043 3055 2096 3091 sic
2114 3062 2217 3103 patet
2245 3055 2351 3103 quod
2370 3055 2472 3091 nulla

1400 3109 1622 3157 superficies
1652 3109 1813 3156 figurata
1842 3115 1897 3144 est
1924 3107 2069 3144 infinita
2089 3105 2113 3143 ὃ.
2150 3107 2189 3144 Si
2223 3120 2312 3156 ergo
2345 3121 2471 3157 neque

1400 3162 1562 3211 sphaera
1583 3169 1638 3198 est
1661 3161 1810 3198 infinita
1838 3173 1964 3208 neque
1990 3160 2220 3209 quadratum
2249 3173 2374 3210 neque
2405 3161 2472 3198 cir-

1399 3215 1516 3262 culus,
1533 3214 1779 3251 manifestum
1805 3220 1861 3250 est
1880 3213 1987 3262 quod
2000 3226 2080 3251 non
2094 3221 2220 3263 potest
2239 3227 2323 3252 esse
2344 3222 2472 3252 motus

1450 3373 1476 3407 δ)
1496 3377 1537 3398 est
1556 3373 1670 3406 infinita.
1683 3387 1702 3391 -
1715 3372 1735 3396 P
1755 3371 1825 3397 addit
1843 3378 1908 3405 ergo
1927 3379 2011 3404 neque
2028 3371 2143 3404 sphaera
2162 3375 2203 3397 est
2227 3372 2348 3405 infinitas
2367 3373 2414 3397 sed
2434 3373 2472 3397 vi-

1397 3410 1472 3434 detur
1490 3417 1544 3433 non
1564 3416 1624 3433 esse
1643 3407 1829 3438 authenticum,
1845 3415 1906 3432 nam
1920 3407 1962 3432 hic
1981 3408 2142 3432 concluditur
2154 3408 2298 3439 generatim
2316 3408 2388 3440 quod
2402 3408 2473 3433 nulla

1396 3444 1478 3477 figura
1498 3450 1538 3469 est
1557 3443 1667 3475 infinita,
1694 3451 1724 3468 ex
1743 3451 1775 3468 eo
1794 3443 1865 3476 quod
1885 3450 1978 3475 supra,
2001 3443 2178 3468 enumerando
2197 3443 2297 3475 species
2321 3443 2471 3476 figurarum,

1397 3480 1493 3505 dictum
1521 3485 1561 3504 est
1587 3479 1658 3512 quod
1683 3486 1770 3511 neque
1795 3478 1952 3511 quadratum
1976 3486 2062 3511 neque
2086 3479 2211 3503 circulum
2230 3486 2315 3512 neque
2334 3479 2472 3512 sphaeram

1397 3515 1522 3547 contingit
1537 3523 1596 3540 esse
1610 3513 1743 3539 infinitam.
1758 3515 1868 3547 Insuper
1882 3514 1977 3539 additio
1996 3514 2090 3539 Pianae
2103 3522 2156 3539 non
2170 3515 2235 3539 adeo
2248 3514 2375 3545 cohaeret,
2391 3519 2471 3539 atten-

1396 3551 1429 3575 tis
1449 3551 1526 3575 etiam
1547 3550 1588 3575 his
1608 3558 1675 3583 quae
1694 3549 1843 3575 immediate
1862 3555 2021 3583 sequuntur,
2042 3550 2073 3574 Si
2091 3557 2157 3583 ergo
2176 3555 2225 3575 etc.
2237 3564 2255 3569 -
2269 3551 2327 3575 Lin.
2347 3558 2403 3582 seq.
2422 3557 2469 3581 pro

1397 3593 1480 3618 neque
1503 3586 1683 3618 quadratum,
1703 3586 1774 3618 quod
1797 3593 1851 3611 om.
1869 3585 1896 3616 1,
1921 3593 2004 3619 neque
2026 3585 2163 3618 quadrata
2187 3586 2222 3617 Α,
2249 3593 2331 3618 neque
2354 3585 2471 3618 quadra-

1396 3625 1440 3646 tus
1459 3621 1583 3647 CDEFG.

532 873 676 919 ,ρκμμην
711 860 750 901 ἧς
782 862 887 905 πέρας
917 862 1009 895 ἐστὶν
1045 858 1219 895 ἀδύνατον
1255 858 1342 894 εἶναι
1398 862 1415 882 *
1430 863 1559 903 Adhuc,
1579 865 1856 905 quemadmodum
1872 866 1990 897 lineam
2006 866 2096 897 cuius
2115 865 2187 897 finis
2204 873 2261 905 est,
2276 866 2510 908 impossibile·
2528 870 2581 898 Seq.
2597 876 2648 898 0⁸1²·
2663 877 2686 893 v.

2501 896 2569 918 Text.
2583 903 2620 925 39.

2501 1360 2510 1368 ”
2526 1359 2596 1382 Text.
2609 1366 2651 1386 40.

2503 1579 2511 1588 '
2526 1577 2594 1600 Text.
2608 1584 2642 1605 41.

2502 1849 2511 1857 ⁹
2527 1847 2595 1869 Text.
2608 1853 2646 1874 42.

2503 1981 2512 1990 ·
2529 1980 2597 2002 Text.
2612 1986 2647 2008 43.
