2782 4134
98 349 108 359 “’
121 348 190 370 Num.
204 346 226 368 8.

98 611 107 621 ·
121 613 259 637 quocumque
275 613 304 635 Δ,

98 635 199 664 quolibet
210 638 252 656 cet.

94 1501 105 1511 ⁸
125 1498 267 1521 eminentiam
286 1504 300 1519 Α

95 1532 130 1547 οε.

96 1815 106 1824 ”
120 1819 168 1835 cum
182 1819 202 1835 C.

95 1867 106 1876 ·
118 1865 172 1894 quia
184 1871 219 1887 ac.

95 2452 105 2461 ’
119 2451 187 2472 etiam
197 2451 248 2473 add.
260 2458 299 2473 co-

96 2477 156 2499 dices
170 2484 217 2499 exc.
231 2484 253 2500 Λ.

97 2609 110 2655 ¹⁶,
130 2608 302 2631 intellectione-m

333 256 379 293 36

331 334 433 379 culo;
467 331 608 369 dictum
641 336 696 365 est
714 328 734 349 ²³⁸
754 333 880 364 autem
913 322 1017 372 quod
1049 319 1173 357 omnis
1207 315 1378 376 distantia

331 392 566 423 mensuratur
584 381 792 420 secundum
815 379 953 416 lineam
973 382 1125 413 rectam.
1151 372 1251 417 Quia
1268 376 1378 416 1g1tur

332 452 376 476 ea
395 450 490 487 quae
511 442 713 473 moventur
740 430 931 470 contrariis
954 427 1128 472 motibus,
1149 433 1302 481 necesse
1323 427 1377 456 est

332 491 507 539 attingere
544 487 726 526 contraria
753 486 856 531 loca,
893 491 1046 520 necesse
1076 485 1149 524 est,
1188 487 1218 512 si
1249 480 1375 510 motus

332 544 526 581 circulares
554 542 626 579 sint
652 538 843 584 contrarii,
877 533 980 584 quod
1006 540 1208 587 utrumque
1239 538 1375 586 corpus

332 595 553 634 circulariter
579 600 738 639 motum,
759 603 780 627 a
799 588 933 638 quovis
949 589 967 605 ⁹⁵
982 591 1122 634 puncto
1148 580 1273 639 circul1
1292 591 1374 638 mo-

331 649 412 688 veri
438 647 605 696 incipiat,
642 642 835 694 perveniat
871 641 919 677 ad
956 636 1084 675 omnia
1105 636 1199 695 ‘loca
1227 632 1373 691 circuli,

332 714 429 751 quae
448 700 575 738 omnia
602 705 687 735 sunt
705 694 897 733 contraria.
927 692 1010 729 Nec
1029 697 1084 726 est
1103 697 1374 746 mconvemens

332 756 364 792 si
391 754 429 791 in
457 753 592 790 circulo
620 749 873 788 describantur
905 746 989 782 loca
1026 749 1211 779 contrana
1243 750 1374 797 secun-

333 809 423 846 dum
443 817 596 843 omnem
610 810 770 853 partem:
790 799 876 848 quia
896 795 1174 834 contrarietates
1189 792 1260 830 loci
1279 803 1373 828 acci-

330 860 482 910 piuntur
500 870 576 895 non
595 857 716 893 solum
735 851 944 890 secundum
964 860 1113 886 sursum
1129 854 1166 884 et
1181 846 1372 891 deorsum,

331 913 398 950 sed
417 912 526 949 etiam
546 908 751 947 secundum
779 912 863 942 ante
894 911 929 941 et
956 910 1065 948 retro,
1087 907 1123 937 et
1146 899 1318 937 dextrum
1338 904 1375 933 et

331 965 535 1009 sinistrum;
565 962 702 999 dictum
731 966 785 995 est
811 965 937 995 autem
966 954 1071 1004 quod
1095 952 1372 990 contrarietates

331 1025 454 1055 motus
473 1015 597 1053 localis
615 1012 845 1061 accipiuntur
863 1009 1072 1047 secundum
1095 1004 1371 1043 contrarietates

330 1072 519 1114 locorum;
557 1074 591 1103 et
619 1066 689 1112 sic,
728 1065 757 1101 si
786 1071 911 1100 motus
940 1061 1136 1099 circulares
1170 1065 1256 1095 sunt
1283 1069 1371 1093 con-

329 1122 438 1169 trarii,
467 1131 616 1158 necesse
646 1125 700 1155 est
727 1116 844 1166 accipi
873 1111 1149 1153 contrarietates
1174 1112 1212 1148 in
1233 1110 1370 1147 circulo

329 1174 536 1212 secundum
554 1171 783 1221 praedicta.-
795 1171 852 1206 Ex
865 1169 921 1206 his
941 1175 1066 1205 autem
1082 1164 1249 1215 sequitur
1267 1162 1372 1212 quod

329 1230 483 1265 alterum
502 1233 675 1262 motuum
689 1224 750 1261 vel
767 1234 970 1271 corporum
991 1227 1087 1257 esset
1105 1219 1250 1256 frustra.
1272 1216 1372 1265 Quia

328 1281 358 1318 si
377 1279 549 1327 aequales
578 1284 700 1314 essent
726 1274 1001 1323 magnitudines
1028 1280 1167 1319 motae,
1196 1271 1292 1308 idest
1311 1282 1371 1307 ae-

327 1332 443 1382 qualis
470 1330 631 1377 virtutis,
666 1336 796 1367 neutra
823 1328 990 1377 ipsarum
1018 1332 1253 1370 moveretur3
1283 1323 1371 1372 quia

326 1398 402 1422 una
428 1383 585 1421 totaliter
615 1382 811 1431 impediret
843 1381 1017 1427 alteram,
1056 1390 1144 1416 cum
1181 1384 1372 1426 oporteret

326 1446 522 1485 utramque
541 1436 694 1473 transire
720 1447 789 1484 per
817 1434 949 1471 eadem
979 1434 1072 1470 loca.
1103 1431 1143 1468 Si
1166 1443 1259 1468 vero
1280 1431 1372 1467 alter

327 1498 451 1528 motus
471 1489 725 1527 dominaretur
742 1495 895 1537 propter
912 1484 1247 1536 praeeminentiam
1263 1484 1283 1505 *
1297 1483 1371 1520 vir-

327 1544 412 1581 tutis
439 1543 478 1579 in
506 1543 619 1579 altero
648 1541 846 1579 mobilium
872 1541 934 1578 vel
962 1538 1210 1585 moventium,
1241 1549 1371 1574 conse-

328 1609 447 1646 quens
468 1603 521 1632 est
539 1595 642 1644 quod
661 1595 752 1632 alter
768 1601 893 1631 motus
922 1605 1001 1630 esse
1022 1604 1099 1629 non
1117 1598 1262 1641 posset;
1283 1590 1371 1640 quia

328 1649 484 1686 totaliter
501 1648 742 1697 impediretur
759 1659 827 1695 per
841 1654 988 1683 motum
1008 1645 1212 1682 fortiorem.
1230 1645 1369 1693 Itaque,

328 1703 358 1740 si
378 1702 490 1739 ambo
512 1713 670 1750 corpora
693 1707 826 1747 essent,
857 1712 952 1748 quae
973 1706 1096 1736 essent
1118 1706 1205 1735 nata
1223 1697 1371 1735 moveri

329 1753 518 1792 contrariis
546 1754 711 1791 motibus
740 1752 997 1799 circularibus,
1035 1752 1167 1788 frustra
1196 1758 1294 1788 esset
1320 1752 1371 1788 al-

327 1816 447 1845 terum
475 1806 641 1858 ipsorum
661 1818 873 1855 corporum,
890 1806 992 1854 quod
1009 1806 1028 1827 ss
1043 1817 1120 1842 non
1138 1811 1266 1854 posset
1288 1817 1370 1841 mo—

327 1861 407 1899 veri
443 1860 503 1898 illo
531 1868 638 1897 motu
666 1860 728 1907 qui
749 1861 768 1881 ’¹‘
789 1859 1030 1908 impediretur
1054 1870 1122 1908 per
1157 1858 1369 1895 fortiorem:

327 1914 624 1962 unumquodque
663 1913 763 1950 enim
792 1912 950 1949 dicimus
979 1923 1060 1949 esse
1086 1912 1237 1958 frustra,
1267 1911 1370 1960 quod

328 1979 406 2004 non
436 1974 558 2015 potest
588 1967 725 2003 habere
762 1977 874 2002 suum
898 1977 1043 2012 usum,
1082 1964 1175 2002 sicut
1212 1964 1371 2002 dicimus

329 2021 622 2057 calceamentum
642 2031 723 2056 esse
742 2019 886 2065 frustra,
907 2031 982 2067 quo
1002 2030 1080 2055 non
1097 2026 1222 2067 potest
1239 2018 1372 2068 aliquis

329 2073 493 2111 calceari.
514 2074 561 2109 Et
583 2072 748 2109 similiter
767 2084 902 2120 corpus
922 2071 988 2108 erit
1006 2072 1150 2119 frustra,
1172 2071 1275 2120 quod
1293 2084 1371 2109 non

327 2125 461 2174 poterit
478 2125 624 2163 moveri
642 2125 794 2174 proprio
814 2132 937 2162 motu:
968 2132 1004 2162 et
1027 2125 1138 2162 etiam
1159 2133 1284 2162 motus
1304 2126 1372 2163 erit

327 2179 471 2226 frustra,
500 2191 576 2227 quo
605 2178 692 2215 nihil
720 2185 842 2227 potest
869 2178 1026 2216 moveri.

381 2231 442 2268 Sic
461 2244 548 2279 ergo
567 2239 668 2281 patet
694 2231 809 2279 quod,
838 2231 868 2268 si
896 2231 967 2268 sint
994 2231 1071 2268 duo
1099 2239 1224 2268 motus
1253 2231 1369 2269 circu—

326 2284 420 2320 lares
448 2284 628 2331 contrarii,
657 2296 810 2321 necesse
829 2292 884 2321 est
901 2284 1041 2334 aliquid
1069 2297 1150 2321 esse
1179 2285 1313 2322 frustra
1331 2285 1370 2322 in

327 2344 466 2375 natura.
498 2337 573 2374 Sed
598 2338 701 2386 quod
719 2338 792 2374 hoc
819 2338 864 2374 sit
889 2338 1130 2387 impossibile,
1150 2338 1287 2387 probat
1305 2339 1368 2376 sic.

327 2390 453 2426 Omne
481 2390 584 2438 quod
613 2398 666 2427 est
693 2390 731 2427 in
750 2397 902 2438 natura,
929 2391 991 2428 vel
1021 2398 1076 2428 est
1103 2404 1125 2428 a
1152 2392 1248 2439 Deo,
1279 2391 1371 2429 sicut

326 2442 468 2491 primae
496 2455 554 2480 res
581 2444 786 2490 naturales3
813 2445 875 2480 vel
903 2452 958 2480 est
978 2445 998 2466 -*
1020 2456 1042 2480 a
1069 2452 1201 2482 natura
1228 2444 1322 2482 sicut
1349 2458 1371 2483 a

328 2495 491 2532 secunda
513 2508 635 2543 causa,
655 2503 746 2544 puta
764 2496 955 2533 inferiores
976 2497 1141 2534 effectus.
1172 2498 1249 2535 Sed
1268 2499 1372 2536 Deus

328 2548 417 2584 nihil
441 2548 525 2585 facit
542 2549 692 2596 frustra,
718 2549 820 2597 quia,
846 2561 932 2586 cum
961 2549 1006 2586 sit
1033 2562 1146 2598 agens
1172 2563 1241 2599 per
1267 2551 1372 2589 intel-

329 2601 465 2637 lectum
487 2601 521 2647 *,
542 2601 614 2648 agit
632 2609 784 2650 propter
810 2602 939 2639 finem.
970 2603 1143 2640 Similiter
1172 2604 1283 2641 etiam
1307 2617 1372 2642 na-

330 2661 411 2690 tura
437 2653 527 2690 nihil
546 2653 632 2690 facit
654 2655 797 2701 frustra,
818 2655 904 2703 quia
923 2655 996 2703 agit
1013 2656 1107 2693 sicut
1125 2665 1229 2694 mota
1248 2670 1269 2695 a
1288 2659 1372 2696 Deo

329 2707 433 2743 velut
458 2719 480 2743 a
507 2706 628 2755 primo
657 2715 855 2755 movente;
890 2709 983 2745 sicut
1016 2709 1146 2757 sagitta
1181 2723 1258 2748 non
1291 2723 1373 2748 mo-

329 2766 439 2796 vetur
466 2759 608 2807 frustra,
638 2759 858 2809 inquantum
878 2762 1055 2799 emittitur
1073 2775 1095 2799 a
1114 2763 1305 2811 sagittante
1326 2766 1373 2803 ad

331 2811 470 2859 aliquid
490 2819 643 2850 certum.
664 2813 896 2862 Relinquitur
915 2827 1002 2863 ergo
1023 2816 1125 2864 quod
1143 2817 1232 2854 nihil
1252 2818 1290 2855 in
1309 2830 1373 2856 na—

329 2871 412 2901 tura
430 2864 475 2901 sit
493 2865 624 2902 frustra
637 2871 664 2902 ⁷⁶.
681 2886 705 2897 -
725 2867 792 2903 Est
820 2874 945 2904 autem
973 2870 1241 2907 attendendum
1270 2872 1374 2920 quod

330 2917 544 2954 Aristoteles
572 2918 632 2955 hic
658 2919 764 2967 ponit
791 2920 917 2957 Deum
947 2933 1027 2958 esse
1056 2922 1236 2960 factorem
1257 2925 1374 2962 caele-

332 2969 441 3006 stium
470 2983 682 3019 corporum,
704 2979 739 3008 et
761 2984 839 3010 non
868 2974 991 3010 solum
1019 2987 1171 3012 causam
1199 2989 1267 3026 per
1294 2990 1375 3015 mo-

333 3021 422 3058 dum
447 3023 548 3070 finis,
576 3031 617 3060 ut
643 3025 798 3073 quidam
827 3025 1007 3064 dixerunt.

391 3075 446 3111 15.
476 3076 612 3113 Obiicit
639 3085 764 3115 autem
794 3087 922 3116 contra
943 3081 1041 3117 hanc
1068 3081 1250 3119 rationem
1271 3085 1376 3120 loan-

335 3138 400 3162 nes
419 3128 702 3177 Grammaticus,
723 3131 809 3180 quia
835 3133 916 3181 pari
937 3133 1081 3170 ratione
1100 3143 1228 3183 posset
1247 3136 1378 3186 aliquis

337 3179 555 3237 concludere
584 3183 684 3230 quod
712 3183 749 3220 in
775 3186 940 3222 motibus
970 3187 1078 3224 rectis
1110 3200 1190 3225 non
1217 3188 1263 3226 sit
1290 3203 1378 3228 con—

337 3237 523 3289 trarieta33
561 3234 647 3282 quia
683 3238 863 3274 contraria
900 3240 1055 3276 mobilia
1092 3240 1302 3290 impediunt
1339 3256 1377 3280 se

338 3295 508 3341 invicem.
530 3306 553 3312 -
575 3287 650 3323 Sed
678 3288 875 3327 dicendum
904 3293 1007 3340 quod
1036 3293 1106 3330 alia
1135 3295 1228 3332 ratio
1258 3304 1314 3333 est
1340 3297 1379 3334 in

339 3336 500 3373 monbus
519 3338 624 3375 rectis
646 3347 680 3376 et
699 3340 945 3391 circularibus,
966 3354 1118 3395 propter
1139 3348 1227 3386 duo.
1249 3349 1377 3387 Primo

1024 243 1094 280 DE
1124 238 1297 277 CAELO
1326 237 1397 274 ET
1426 233 1619 272 MUNDO
1649 232 1743 268 LIB.
1775 231 1789 266 I

1433 313 1590 363 quidem
1627 310 1717 360 quia
1749 308 1826 346 duo
1861 317 2023 355 corpora
2059 310 2268 341 moventur
2305 303 2503 342 contrariis

1433 365 1599 403 motibus
1632 362 1742 400 rectis
1777 361 1922 409 absque
1952 370 1998 395 eo
2027 356 2134 406 quod
2162 368 2204 393 se
2235 356 2404 395 invicem
2431 357 2502 395 im-

1430 418 1604 467 pediant,
1641 428 1687 452 eo
1716 414 1821 464 quod
1849 425 1928 450 non
1957 409 2161 448 attenditur
2189 409 2436 448 contrarietas
2461 410 2503 448 in

1431 470 1598 508 motibus
1625 468 1735 506 rectis
1763 466 1834 504 nisi
1866 463 2081 502 seeundum
2114 470 2285 500 extrema
2311 463 2502 502 linearum

1432 531 1630 569 rectarum,
1660 528 1751 570 puta
1773 518 1987 557 secundum
2017 524 2191 554 centrum
2219 516 2356 554 mundi
2376 524 2413 554 et
2431 517 2502 555 cir-

1431 575 1718 614 cumferentiam
1748 573 1845 610 eius:
1874 584 1898 608 a
1918 577 2047 608 centro
2069 577 2199 608 autem
2220 571 2240 592 *
2260 569 2310 608 ad
2339 569 2500 608 circum-

1430 629 1627 667 ferentiam
1654 633 1816 676 possunt
1843 623 2013 661 infinitae
2042 623 2165 661 lineae
2194 623 2294 672 duci,
2323 623 2376 661 ita
2393 625 2502 673 quod

1429 683 1468 721 id
1487 682 1592 732 quod
1618 687 1798 718 movetur
1824 690 1894 727 per
1919 689 2040 714 unam
2068 689 2203 715 earum
2230 689 2396 725 sursum,
2421 690 2502 715 non

1430 732 1589 785 ir'npedit
1621 734 1660 771 id
1689 733 1792 782 quod
1821 737 2002 768 movetur
2028 735 2099 780 per
2125 730 2240 768 aliam
2269 730 2455 769 deorsum
2469 730 2497 769 Ψ.

1431 789 1507 826 Sed
1535 788 1573 825 in
1598 793 1706 824 motu
1736 783 1906 822 circulari
1934 783 2072 821 eadem
2101 783 2196 822 ratio
2226 784 2500 822 contrarietatis

1430 850 1485 880 est
1502 842 1542 879 in
1561 839 1740 878 omnibus
1767 837 1939 887 partibus
1969 836 2114 875 circuli:
2145 845 2182 875 et
2198 837 2289 876 ideo
2309 838 2501 888 oportebit

1429 895 1533 945 quod
1551 907 1621 943 per
1640 893 1778 930 eadem
1806 891 1891 928 loca
1919 890 2047 928 circuli
2075 897 2282 941 utrumque
2310 898 2497 940 transeat3

1429 948 1536 986 etsie
1564 960 1609 984 ex
1637 945 1858 983 necessitate
1886 951 2038 994 oportet
2061 944 2168 994 quod
2195 952 2325 983 motus
2345 945 2500 983 circula-

1427 1014 1485 1039 res
1506 999 1680 1038 contrarii
1699 1011 1740 1036 se
1759 998 1927 1035 invicem
1952 997 2176 1048 impediant.
2192 1019 2218 1026 -
2234 998 2415 1037 Secundo
2445 1006 2501 1037 est

1427 1054 1577 1093 diversa
1608 1052 1703 1090 ratio
1735 1051 1962 1101 utrobique,
1992 1051 2083 1101 quia
2111 1064 2252 1102 corpus
2280 1053 2387 1102 quod
2414 1064 2500 1090 mo·

1426 1115 1537 1146 vetur
1554 1105 1771 1144 naturaliter
1787 1106 1807 1127 '⁸²
1826 1112 1937 1143 motu
1950 1112 2069 1153 recto,
2085 1105 2182 1143 sieut
2203 1105 2425 1144 naturaliter
2444 1113 2501 1144 est

1427 1169 1558 1211 aptum
1588 1158 1802 1208 corrumpi,
1842 1159 1893 1196 ita
1924 1158 2144 1197 naturaliter
2176 1166 2234 1197 est
2265 1167 2400 1210 aptum
2426 1159 2499 1198 im-

1426 1214 1563 1265 pediri:
1591 1213 1695 1251 unde
1715 1212 1746 1250 si
1764 1211 2008 1262 impediatur,
2029 1225 2109 1250 non
2138 1220 2195 1250 est
2212 1213 2290 1251 hoc
2312 1213 2449 1251 frustra
2464 1214 2497 1262 ⁸,

1427 1268 1521 1306 sicut
1547 1279 1618 1304 nec
1645 1266 1751 1315 quod
1781 1273 2060 1316 corrumpatur.
2099 1266 2178 1304 Sed
2210 1278 2351 1316 corpus
2380 1265 2499 1312 circu·

1426 1321 1550 1360 lariter
1568 1327 1719 1358 motum
1739 1326 1796 1358 est
1814 1319 2033 1358 naturaliter
2059 1319 2364 1369 incorruptibile;
2391 1319 2499 1358 unde

1426 1387 1504 1413 non
1525 1382 1579 1412 est
1597 1381 1731 1411 natum
1750 1373 1947 1423 impediri:
1976 1374 2080 1412 unde
2100 1373 2132 1411 si
2151 1373 2191 1411 in
2205 1373 2227 1395 *
2246 1380 2382 1411 natura
2401 1380 2498 1412 esset

1426 1428 1566 1477 aliquid
1593 1426 1863 1476 impeditivum
1889 1427 2020 1477 ipsius,
2050 1434 2150 1464 esset
2177 1427 2326 1466 frustra.
2472 1469 2474 1472 .

1485 1483 1541 1519 16.
1573 1482 1668 1518 Item
1695 1487 1823 1530 potest
1849 1480 1962 1518 obiici
2001 1480 2050 1518 de
2086 1488 2197 1519 motu
2232 1481 2498 1531 planetarum,

1425 1536 1491 1584 qui
1518 1542 1726 1572 moventur
1751 1533 1916 1584 propriis
1943 1534 2114 1572 motibus
2147 1535 2196 1572 ab
2232 1533 2431 1573 occidente
2456 1533 2498 1572 in

1426 1589 1627 1634 orientem
1657 1587 1764 1638 quod
1782 1587 1934 1626 videtur
1953 1600 2037 1626 esse
2056 1588 2095 1626 in
2115 1588 2349 1626 contrarium
2367 1594 2498 1626 motus

1425 1641 1668 1689 firmamenti,
1680 1641 1787 1690 quod
1801 1643 1983 1680 movetur
2002 1649 2113 1679 motu
2131 1641 2270 1680 diurno
2280 1641 2360 1679 *ab
2375 1640 2500 1680 orien-

1425 1704 1462 1734 te
1481 1696 1519 1733 in
1539 1695 1790 1733 occidentem.
1806 1716 1832 1724 -
1849 1695 1928 1733 Sed
1952 1694 2160 1733 dicendum
2189 1702 2247 1733 est
2273 1694 2381 1745 quod
2403 1695 2499 1733 tales

1425 1757 1553 1787 motus
1586 1749 1730 1787 habent
1766 1748 1925 1798 quidem
1959 1748 2127 1798 aliquam
2162 1747 2421 1787 diversitatem
2441 1746 2499 1787 ad

1425 1803 1609 1851 invicem,
1640 1815 1740 1852 quae
1768 1802 1942 1851 designat
1972 1802 2103 1851 aliquo
2132 1801 2254 1845 modo
2270 1803 2291 1824 ⁸
2306 1801 2499 1840 diversam
2529 1812 2538 1823 ·

1425 1865 1601 1894 naturam
1634 1855 1858 1894 mobilium:
1893 1867 1973 1894 non
2000 1863 2132 1894 tamen
2164 1863 2222 1894 est
2253 1855 2380 1906 aliqua
2408 1866 2500 1894 cou-

1424 1911 1604 1957 trarietas,
1624 1917 1782 1959 propter
1799 1909 1881 1947 tria.
1911 1909 2044 1947 Primo
2073 1908 2232 1959 quidem
2259 1909 2351 1959 quia
2369 1907 2500 1947 huius·

1425 1964 1531 2002 modi
1551 1963 1750 2001 diversitas
1768 1975 1848 2001 non
1877 1970 1933 2000 est
1961 1963 2175 2001 secundum
2196 1962 2407 2001 contrarios
2425 1969 2499 2000 τοτ’-

1425 2017 1562 2064 minos,
1583 2017 1652 2054 sed
1671 2016 1887 2055 secundum
1917 2016 2123 2054 contrarias
2141 2015 2226 2055 vias
2245 2014 2499 2066 perveniendi

1424 2071 1474 2109 ad
1503 2071 1669 2108 eundem
1697 2070 1927 2117 terminum
1961 2077 2054 2120 puta
2087 2069 2175 2120 quia
2209 2070 2499 2109 firmamentum

1424 2137 1446 2162 a
1465 2132 1606 2174 puncto
1627 2124 1780 2162 orientis
1807 2131 1989 2162 movetur
2007 2123 2057 2162 ad
2075 2130 2264 2173 punctum
2288 2122 2498 2161 occidentis

1423 2191 1491 2227 per
1509 2177 1835 2228 hemisphaerium
1861 2177 2049 2227 superius,
2071 2184 2107 2215 et
2127 2177 2224 2215 redit
2241 2176 2291 2216 ad
2310 2183 2498 2227 punctum

1424 2231 1576 2269 orientis
1599 2244 1669 2281 per
1696 2231 2018 2281 hemisphaerium
2048 2230 2220 2279 inferius,
2249 2231 2404 2281 planeta
2430 2241 2498 2269 au-

1422 2293 1500 2323 tem
1528 2293 1707 2323 movetur
1733 2297 1757 2323 a
1784 2291 1929 2334 puncto
1957 2284 2166 2322 occidentis
2193 2284 2244 2322 ad
2272 2283 2460 2322 orientem
2476 2283 2498 2306 ⁸

1422 2351 1491 2388 per
1518 2339 1621 2377 aliud
1648 2338 1986 2389 hemisphaerium.
2014 2337 2167 2376 Moveri
2187 2345 2316 2386 autem
2336 2337 2498 2376 diversis

1423 2393 1494 2430 viis
1523 2392 1572 2430 ad
1601 2393 1769 2430 eundern
1798 2392 1938 2440 finem,
1967 2404 2047 2430 non
2074 2390 2163 2430 facit
2190 2391 2496 2430 contrarietatem

1425 2446 1615 2483 actionum
1636 2447 1699 2483 vel
1718 2454 1909 2492 motuum,
1939 2445 2008 2484 sed
2035 2444 2198 2495 pertinet
2225 2445 2274 2483 ad
2300 2445 2497 2484 diversum

1425 2499 1600 2537 ordinem
1630 2508 1808 2538 motuum
1839 2498 2146 2538 et*m0bi1ium:
2176 2498 2267 2548 quia
2294 2498 2400 2548 quod
2428 2509 2497 2537 no·

1425 2553 1546 2590 biliori
1579 2553 1643 2591 via
1674 2553 1851 2603 pertingit
1887 2553 1938 2591 ad
1973 2552 2183 2591 terminum
2216 2559 2273 2590 est
2309 2551 2496 2602 nobilius,

1426 2606 1519 2644 sicut
1547 2607 1681 2644 melior
1709 2607 1884 2645 medicus
1913 2614 1969 2644 est
1996 2606 2062 2657 qui
2091 2605 2297 2644 efficaciori
2315 2605 2380 2644 via
2401 2605 2498 2645 sani-

1426 2667 1541 2698 tatem
1571 2661 1723 2698 inducit.
1764 2662 1814 2699 Et
1840 2660 1929 2699 inde
1963 2668 2020 2698 est
2053 2660 2160 2710 quod
2194 2667 2323 2698 motus
2350 2659 2499 2710 primus

1426 2713 1656 2751 firmamenti
1693 2722 1749 2752 est
1786 2714 1952 2752 nobilior
1978 2713 2151 2752 secundo
2179 2720 2310 2762 motu,
2349 2713 2415 2763 qui
2443 2720 2501 2751 est

1426 2767 1674 2815 planetarum,
1696 2768 1791 2806 sicut
1820 2775 1857 2805 et
1884 2779 2088 2818 supremus
2115 2766 2222 2805 orbis
2243 2774 2299 2805 est
2322 2766 2497 2805 nobilior.

1427 2820 1537 2858 Unde
1557 2829 1594 2858 et
1613 2822 1727 2859 orbes
1755 2822 1996 2871 planetarum
2025 2828 2233 2859 moventur
2257 2827 2367 2858 motu
2385 2818 2499 2871 primi

1428 2874 1529 2911 orbis
1558 2875 1702 2924 absque
1729 2875 1805 2912 hoc
1833 2875 1939 2924 quod
1967 2874 2226 2924 impediantur
2254 2885 2277 2911 a
2305 2873 2383 2912 suis
2409 2885 2502 2924 pro-

1428 2927 1515 2975 priis
1535 2928 1700 2965 motibus
1720 2935 1749 2966 ⁸.
1781 2928 1961 2966 Secunda
1990 2928 2084 2966 ratio
2110 2935 2176 2975 est,
2207 2927 2297 2976 quia
2321 2926 2501 2977 quamvis

1428 2988 1587 3030 uterque
1615 2990 1743 3019 motus
1763 2982 1808 3020 sit
1827 2994 1943 3032 super
1962 2981 2067 3020 idem
2087 2988 2274 3029 centrum,
2296 2989 2352 3019 est
2370 2988 2501 3019 tamen

1428 3041 1587 3083 uterque
1620 3042 1748 3072 motus
1776 3047 1891 3085 super
1918 3034 2014 3073 alios
2043 3042 2079 3072 et
2106 3034 2201 3072 alios
2229 3035 2362 3084 polos:
2397 3033 2501 3072 unde

1431 3098 1508 3123 non
1529 3097 1613 3125 sunt
1634 3089 1821 3127 contrarii.
1852 3088 1984 3126 Tertia
2003 3089 2098 3126 ratio
2118 3096 2186 3135 est,
2207 3087 2296 3138 quia
2316 3100 2395 3127 non
2414 3095 2503 3126 sunt

1431 3139 1468 3176 in
1491 3141 1628 3178 eodem
1658 3142 1810 3190 circulo,
1841 3142 1911 3180 sed
1938 3150 2068 3180 motus
2095 3143 2336 3192 planetarum
2357 3147 2445 3179 sunt
2463 3141 2502 3178 in

1432 3193 1669 3232 inferioribus
1685 3196 1843 3234 circulis.
1861 3197 2024 3246 Oportet
2044 3203 2174 3234 autem
2195 3195 2500 3234 contrarietatem

1432 3247 1570 3284 attendi
1600 3248 1696 3286 circa
1726 3250 1890 3287 eandem
1920 3249 2158 3297 distantiam,
2199 3249 2296 3286 sicut
2331 3255 2435 3298 patet
2463 3247 2501 3284 in

1433 3299 1598 3338 motibus
1627 3302 1756 3349 rectis,
1791 3315 1956 3352 quorum
1987 3302 2231 3341 contrarietas
2267 3300 2436 3339 consistit
2462 3300 2502 3338 in

1433 3352 1602 3391 distantia
1630 3355 1745 3393 centri
1775 3364 1811 3394 et
1839 3355 2176 3394 circumferentiae.

1011 3429 1801 3445 Ἣ

390 3461 419 3496 χ)
438 3462 502 3487 nihil
520 3462 545 3487 in
565 3467 661 3489 natura
678 3465 713 3490 sit

338 3503 391 3520 om.
409 3497 497 3522 DEGI.

339 3529 627 3600 ...?2.¹.5“sst:¹3’1?0;‘‡2
634 3535 739 3599 5133:
752 3536 1274 3613 1⁶¹}‘za⁸..“.’:.·.·.15‚‘30⁹1¹‘.}‘32.”2‘3”5.²;‘'..53‚‘;
1293 3548 1377 3608 2¹52&

340 3604 385 3625 tur
397 3608 449 3633 per
466 3609 545 3627 unam
563 3603 657 3628 lineam
675 3612 786 3635 sursum,
796 3611 884 3638 potest
898 3617 948 3641 per
966 3612 1046 3637 aliam
1065 3615 1164 3640 moveri
1183 3616 1312 3647 deorsum,
1327 3619 1378 3644 duc
1432 3621 1468 3646 tib

723 3467 839 3499 frustra.
852 3482 870 3486 —
884 3469 948 3494 nihil
968 3475 1064 3497 natura
1082 3474 1152 3507 facit
1169 3475 1279 3509 frustra
1296 3477 1329 3509 F;
1350 3478 1376 3502 in
1431 3477 1497 3512 (pro
1511 3481 1586 3515 duci)
1607 3482 1645 3507 ita
1659 3484 1731 3516 quod
1747 3487 1868 3510 movetur
1882 3492 1935 3517 per
1951 3485 2034 3510 aliam
2054 3483 2195 3514 deorsum3
2214 3483 2382 3509 amanuensi·
2397 3490 2500 3517 nempe.

1431 3522 1482 3555 non
1498 3515 1641 3557 intelligens
1661 3526 1768 3544 sensum
1788 3521 1961 3552 correctionis,
1974 3520 2085 3546 assumit
2102 3526 2161 3544 eam
2174 3520 2199 3544 in
2214 3524 2320 3549 textum.
2335 3519 2400 3553 quin
2413 3525 2502 3545 σατυ-

1431 3555 1543 3582 ptionem
1561 3559 1696 3585 expungat.

1484 3586 1516 3621 ω)
1536 3594 1553 3612 a
1571 3588 1626 3613 suis
1641 3590 1763 3621 propr-lis
1783 3591 1905 3617 moribus.
1918 3605 1938 3611 -
1951 3591 1977 3617 i'n
1994 3590 2115 3624 propriis
2134 3591 2249 3617 motibus
2262 3591 2293 3621 Α,
2309 3590 2431 3624 propriis
2445 3597 2502 3616 mo-

1471 3628 1500 3647 us
1519 3622 1555 3653 E,
1570 3623 1668 3655 primis
1687 3626 1800 3651 motibus
1819 3632 1867 3652 cet.

2527 1116 2538 1126 ·
2561 1115 2708 1139 mmm

2527 1147 2577 1165 om.
2592 1141 2663 1166 codd.
2766 1155 2769 1159 ·

2526 1381 2743 1411 ’bon-m
2766 1388 2767 1391 ¹

2525 2289 2742 2340 ἐπ”*

2523 2507 2624 2530 ’velr-
