2554 4062
2284 296 2344 320 XIX

569 407 658 459 DE
699 407 1214 463 GENERATIONE
1256 412 1339 464 ET
1380 413 1915 470 CORRUPTIONE

262 537 293 578 Ι.
329 537 638 578 AmsroTELrs
672 537 825 579 LmER.
850 540 940 579 -In
975 541 1187 594 superiori
1221 542 1331 583 libro
1369 544 1457 599 egit
1496 546 1754 588 Aristoteles
1800 548 1854 589 de
1899 549 2063 590 mundo
2108 552 2345 606 generatim

135 599 354 654 inspecto,
391 599 445 640 de
487 599 743 654 corporibus
779 601 1048 650 caelestibus,
1075 609 1116 643 et
1150 604 1278 645 etiam
1314 605 1367 646 de
1403 607 1647 658 elementis,
1684 616 1898 664 quatenus
1933 611 2039 653 haec
2073 619 2173 653 sunt
2205 620 2346 668 partes

134 662 268 703 totius
302 661 493 703 universi
529 667 571 703 et
605 669 837 703 moventur
870 670 992 705 motu
1027 665 1165 706 locali.
1201 667 1340 708 Modo
1376 668 1418 708 in
1453 672 1666 723 praesenti
1701 673 1812 714 libro
1842 674 1988 729 incipit
2010 688 2140 730 agere
2164 675 2217 716 de
2241 676 2343 730 ipsis

135 725 372 773 elementis,
408 730 624 779 quatenus
658 725 796 766 motui
829 727 1125 781 generationis
1159 734 1202 769 et
1236 731 1524 784 corruptionis
1558 734 1850 785 subiiciuntur,
1877 742 1919 777 et
1950 737 2130 778 veniunt
2157 738 2199 778 in
2223 752 2343 780 com-

134 787 400 849 positionem
434 800 668 842 corporum
703 788 949 830 mixtorum.
986 790 1116 831 Unde
1150 791 1290 845 primo
1315 805 1564 835 sermonem
1589 796 1767 838 instituit
1790 798 1844 839 de
1867 799 2147 855 generatione
2173 806 2214 841 et
2247 815 2342 842 cor-

134 849 336 904 ruptione
370 849 412 890 in
447 851 681 899 communi,
717 851 861 905 deque
895 852 976 893 illis
1011 853 1203 894 motibus
1238 854 1311 908 qui
1346 856 1415 896 vel
1450 859 1786 914 praeexiguntur
1817 861 1872 901 ad
1906 862 1984 902 has
2024 863 2344 904 transmutatio-

134 924 224 961 nes,
259 912 330 954 vel
364 912 482 968 ipsas
517 913 787 955 comitantur.
823 915 996 956 Deinde
1030 922 1227 957 naturam
1251 917 1565 960 elementorum
1593 921 1837 978 investigat,
1863 930 1905 964 et
1928 924 1982 965 de
2006 924 2141 965 modo
2177 925 2347 967 disserit

134 979 227 1016 tum
272 988 363 1030 quo
407 975 622 1017 elementa
661 982 1000 1019 transmutantur
1037 979 1080 1019 in
1125 979 1337 1029 invicem,
1383 987 1475 1022 turn
1521 997 1610 1037 quo
1660 997 1713 1025 ex
1758 986 1980 1028 elementis
2026 987 2344 1030 constituuntur

135 1049 320 1093 corpora
354 1038 499 1080 mixta.
545 1039 730 1088 Verum,
765 1046 813 1081 ut
845 1041 974 1082 unico
1009 1048 1187 1096 aspectu
1233 1045 1542 1098 comprehendi
1577 1047 1729 1100 possit.
1761 1047 1953 1090 doctrina
1998 1050 2130 1090 totius
2178 1051 2343 1104 operis,

134 1100 390 1142 subiicimus
425 1101 554 1142 etiam
588 1102 656 1143 hic
691 1103 1051 1158 compendiosam
1084 1105 1296 1159 analysim
1330 1106 1595 1149 Aristotelici
1630 1115 1783 1158 textus,
1821 1111 1967 1165 quoad
2002 1125 2102 1153 suas
2131 1112 2344 1167 principa-

134 1161 265 1205 liores
299 1170 456 1219 partes.
1578 1169 1585 1174 “

258 1226 309 1268 11.
345 1226 567 1268 SYNoPsrs
602 1239 832 1269 LIBRORUM
865 1229 1184 1270 Amsrorssms.
1210 1253 1229 1259 -
1259 1231 1452 1272 LIBERI.
1487 1232 1620 1274 Liber
1642 1234 1709 1275 hic
1744 1235 1974 1277 commode
2007 1237 2050 1277 in
2083 1242 2169 1277 tres
2203 1243 2345 1292 partes

134 1287 403 1344 dispescitur.
438 1290 486 1330 In
510 1290 659 1345 prima,
695 1304 808 1345 quae
842 1305 868 1332 a
888 1291 1112 1346 >principio
1147 1291 1241 1332 libri
1275 1294 1547 1347 protenditur
1579 1309 1718 1351 usque
1752 1297 1807 1337 ad
1841 1298 1971 1339 finem
2007 1312 2095 1353 cap.
2120 1311 2177 1347 1V,
2203 1299 2344 1340 deter-

134 1351 270 1393 minat
302 1351 597 1407 Philosophus
631 1353 687 1393 de
720 1354 1003 1409 generatione
1037 1361 1080 1395 et
1119 1355 1412 1409 corruptione,
1449 1356 1591 1412 deque
1625 1359 1814 1414 ipsarum
1848 1361 1903 1401 ab
1937 1361 2187 1402 alteratione
2222 1362 2343 1402 diffe-

133 1414 282 1456 rentia.
315 1415 365 1456 In
395 1415 529 1456 altera
564 1421 697 1470 parte,
733 1429 846 1470 quae
881 1417 1019 1471 capite
1051 1431 1082 1457 v
1116 1417 1369 1467 continetur,
1405 1419 1496 1476 agit
1529 1420 1583 1461 de
1617 1428 1854 1477 augmento
1890 1429 1932 1464 et
1954 1423 2260 1465 deminutione.
2295 1425 2343 1464 In

133 1477 258 1519 tertia
289 1490 410 1527 vero,
446 1490 560 1532 quae
593 1478 743 1519 ultima
776 1478 970 1534 quinque
1005 1480 1145 1535 capita
1187 1481 1505 1535 complectitur,
1543 1483 1713 1525 disserit
1746 1485 1800 1525 de
1834 1491 1970 1534 tactu,
2012 1485 2065 1526 de
2100 1486 2269 1526 actione
2303 1492 2345 1527 et

133 1539 352 1595 passione,
377 1553 427 1581 ac
450 1540 506 1581 de
529 1539 762 1590 mixtione;
797 1554 911 1596 quae
944 1543 1092 1583 omnia
1125 1543 1180 1584 ad
1213 1544 1541 1598 generationem
1576 1552 1618 1586 et
1651 1548 1971 1602 corruptionem
1994 1549 2339 1604 praeexiguntur.

164 1610 184 1636 -’
259 1602 403 1644 LIBER
435 1603 485 1644 II.
522 1627 541 1634 -
575 1604 675 1644 Hoc
709 1603 820 1645 libro
854 1604 1097 1660 specialiter
1129 1607 1220 1661 agit
1252 1606 1511 1655 Aristoteles
1546 1608 1600 1649 de
1634 1611 1989 1651 transmutatione
2023 1611 2344 1659 elementorum,

132 1669 225 1707 tum
258 1665 302 1707 in
335 1678 384 1707 se
418 1665 618 1715 invicem,
643 1672 735 1707 tum
769 1666 825 1708 ad
860 1667 1094 1709 mixtorum
1129 1669 1506 1724 compositionem.
1542 1671 1763 1712 Dividitur
1795 1678 1837 1712 et
1870 1673 1962 1727 ipse
1995 1673 2038 1713 in
2071 1679 2156 1714 tres
2190 1679 2344 1728 partes.

132 1727 196 1770 Et
222 1727 362 1784 prima
396 1728 575 1784 quidem
609 1741 687 1770 sex
720 1730 866 1784 priora
899 1730 1039 1785 capita
1073 1732 1284 1781 continet;
1319 1732 1362 1773 in
1394 1732 1536 1788 iisque
1569 1734 1660 1790 agit
1693 1734 1985 1790 Philosophus
2021 1735 2074 1776 de
2109 1736 2343 1784 elementis,

133 1789 191 1832 de
223 1802 376 1832 eorum
410 1797 503 1832 tum
538 1792 745 1833 materiali
778 1799 871 1834 tum
904 1793 1072 1834 formali
1094 1795 1343 1850 principio,
1380 1795 1434 1836 de
1469 1809 1650 1837 numero
1685 1797 1902 1852 ipsorum,
1938 1811 1987 1838 ac
2021 1797 2076 1838 de
2110 1804 2258 1839 mutua
2290 1798 2345 1838 ad

132 1853 320 1897 invicem
353 1855 726 1896 transmutatione.
760 1856 867 1896 Pars
901 1857 1034 1897 altera
1068 1856 1156 1898 duo
1180 1858 1408 1912 sequentia
1441 1858 1579 1913 capita
1613 1860 1921 1914 complectitur,
1947 1860 1989 1900 in
2013 1860 2171 1914 quibus
2206 1860 2346 1901 deter-

133 1915 320 1958 minatur
353 1916 408 1958 de
443 1917 678 1958 mixtorum
711 1919 994 1974 generatione
1029 1926 1071 1960 et
1104 1921 1380 1975 corruptione
1415 1934 1468 1961 ex
1503 1922 1737 1963 elementis.
1773 1923 1821 1963 In
1856 1923 1980 1969 tertia
2015 1923 2190 1963 demum
2213 1928 2345 1978 parte,

133 1988 247 2035 quae
269 1993 296 2020 a
318 1992 410 2035 cap.
429 1992 475 2020 IX
507 1980 780 2035 protenditur
812 1995 954 2036 usque
988 1981 1043 2022 ad
1077 1982 1209 2023 finem
1243 1983 1349 2032 libri,
1375 1984 1517 2039 agitur
1549 1985 1789 2040 generatim
1824 1985 1878 2026 de
1902 1985 2042 2026 causis
2067 1991 2108 2026 et
2129 1985 2345 2040 principiis

133 2041 446 2097 cuiuscumque
480 2043 786 2099 generationis.
1477 2058 1481 2062 ·

259 2105 329 2147 111.
365 2105 606 2158 QUAEsno
646 2118 709 2147 DE
752 2118 954 2148 GENUINO
989 2120 1023 2149 s.
1054 2100 1634 2150 THoMAE‘COMMENTAmo.
1668 2134 1686 2141 -
1724 2110 1897 2151 Acturis
1933 2110 1987 2151 de
2032 2109 2343 2151 commentario

133 2178 167 2209 s.
190 2167 406 2217 Thomae,
442 2168 628 2209 occurrit
660 2169 790 2209 nobis
824 2169 867 2210 in
902 2170 999 2225 ipso
1033 2171 1179 2212 limine
1214 2171 1412 2226 quaestio
1448 2172 1623 2212 maximi
1658 2173 1878 2221 momenti,
1905 2178 1946 2213 et
1979 2186 2090 2227 quae
2113 2187 2138 2213 a
2160 2172 2343 2221 nemine,

133 2229 256 2286 quod
299 2230 510 2279 sciamus,
546 2230 688 2272 adhuc
723 2237 979 2286 pertractata
1013 2240 1098 2281 est,
1134 2234 1336 2288 quamvis
1371 2234 1685 2275 eruditissimus
1723 2236 1770 2276 P.
1797 2234 1965 2276 Soldati
2001 2234 2106 2275 Ord.
2131 2235 2276 2282 nostri,
2302 2234 2344 2275 in

132 2298 353 2349 apparatu,
391 2306 523 2348 quem
558 2294 898 2349 manuscriptum
932 2295 1114 2350 reliquit,
1139 2309 1218 2351 pro
1243 2309 1361 2337 nova
1384 2309 1565 2351 operum
1599 2311 1633 2338 s.
1657 2297 1856 2338 Thomae
1880 2297 2069 2338 editione
2092 2296 2345 2337 adornanda

133 2355 199 2411 (ef.
223 2356 361 2397 Praef.
385 2356 428 2397 in
462 2356 564 2397 Vol.
589 2357 619 2405 I,
643 2370 742 2412 pag.
766 2357 928 2412 xxxw),
964 2358 1164 2399 videatur
1196 2358 1238 2399 in
1273 2359 1419 2400 animo
1453 2358 1658 2400 habuisse
1693 2373 1788 2400 eam
1823 2365 2097 2414 pertractare,
2132 2365 2179 2399 ut
2202 2373 2255 2399 ex
2279 2359 2343 2399 di-

133 2418 283 2460 cendis
305 2418 481 2474 patebit.
507 2418 720 2471 Quaestio
743 2425 889 2460 autem
922 2420 965 2461 in
1000 2420 1084 2461 hoc
1106 2427 1322 2462 versatur:
1358 2427 1501 2462 utrum
1535 2435 1567 2462 s.
1592 2422 1788 2463 Thomas
1823 2421 2131 2463 commentaria
2165 2421 2346 2462 ediderit

133 2493 267 2539 super
299 2481 412 2523 duos
446 2481 642 2538 integros
676 2482 812 2523 libros
850 2482 904 2523 de
943 2483 1250 2531 Generatione,
1295 2484 1366 2524 vel
1400 2484 1588 2538 aliquam
1631 2490 1796 2539 partem
1840 2490 2004 2525 tantum
2039 2484 2166 2524 huius
2201 2483 2343 2538 operis

133 2543 224 2586 suis
241 2545 507 2586 commentis
531 2545 816 2586 illustraverit.
852 2545 910 2586 Et
931 2545 1109 2600 quidem
1134 2546 1266 2587 editio
1290 2547 1503 2595 Romana,
1528 2547 1694 2601 priores
1719 2547 1930 2588 editiones
1954 2552 2112 2594 secuta,
2132 2547 2343 2602 integram

134 2607 455 2663 expositionem
489 2607 532 2648 in
567 2607 680 2648 duos
704 2607 838 2648 libros
873 2621 906 2649 S.
932 2609 1115 2649 Doctori
1151 2609 1380 2650 adiudicat.
1417 2609 1510 2649 Nec
1544 2609 1659 2650 aliud
1693 2609 1770 2650 fuit
1803 2609 2007 2650 iudicium
2042 2608 2163 2663 quod
2187 2608 2240 2649 de
2263 2608 2343 2649 hac

133 2683 179 2712 re
213 2669 427 2711 dederunt
461 2670 550 2711 duo
585 2670 643 2711 illi
676 2670 923 2725 peritissimi
958 2677 999 2712 et
1033 2671 1309 2712 eruditissimi
1345 2671 1499 2720 critici,
1541 2672 1727 2712 Iacobus
1762 2671 1986 2713 Echardus
2022 2677 2063 2712 et
2096 2670 2342 2711 Bernardus

134 2732 190 2774 de
222 2732 403 2782 Rubeis,
429 2733 502 2788 qui
537 2739 781 2774 accuratam
811 2734 1111 2775 recensionem
1145 2734 1420 2775 instituerunt
1448 2735 1644 2776 omnium
1668 2747 1849 2789 operum
1883 2748 1915 2775 s.
1933 2735 2142 2782 Thomae,
2167 2733 2209 2773 in
2233 2734 2344 2774 hunc

133 2808 318 2851 scopum
341 2801 390 2836 ut
413 2796 606 2852 genuina
628 2809 661 2837 s.
680 2796 864 2837 Doctori
886 2796 1166 2844 vindicarent,
1193 2797 1477 2852 exploderent
1499 2796 1655 2852 spuria,
1680 2810 1729 2838 ac
1764 2797 1897 2838 dubia
1930 2802 2140 2837 notarent.
2175 2796 2344 2836 Primus

133 2871 328 2913 namquev
358 2858 414 2899 de
447 2857 532 2899 hoc
565 2859 878 2900 commentario
913 2859 972 2900 ait
1005 2859 1101 2913 (loc.
1127 2860 1234 2914 cit.):
1278 2879 1291 2894 «
1321 2861 1372 2900 In
1403 2859 1536 2900 libros
1568 2859 1620 2900 de
1660 2860 1944 2900 Generatione
1977 2862 2035 2899 et·
2053 2859 2343 2912 Corruptione.

133 2921 201 2962 Pr.
221 2921 350 2962 Sicut
367 2921 508 2963 tradit
524 2921 819 2976 Philosophus
839 2922 884 2962 in
907 2922 983 2962 Ill
997 2921 1051 2963 de
1071 2922 1252 2969 Anima,
1278 2923 1482 2963 scientiae
1509 2925 1716 2963 secantur
1735 2921 2096 2976 quemadmodum
2121 2923 2164 2961 et
2183 2934 2252 2961 res
2268 2922 2341 2960 etc.

134 2983 182 3024 In
207 2995 232 3024 2
257 2984 327 3025 Pr.
350 2984 591 3038 Postquam
623 2984 916 3040 Philosophus
948 2985 992 3025 in
1021 2986 1052 3025 l
1072 2984 1180 3025 libro
1209 2984 1516 3026 determinavit
1539 2983 1592 3025 de
1621 2985 1906 3025 Generatione
1938 2987 2062 3024 etc.
2088 2984 2217 3023 Extat
2239 2983 2344 3022 haec

137 3046 354 3100 expositio
389 3046 432 3087 in
455 3046 650 3103 Regia...
675 3047 936 3088 Prodierunt
958 3048 1156 3088 Venetiis
1180 3054 1257 3088 etc.
1290 3066 1304 3084 ι
1347 3047 1518 3100 Quibus
1553 3047 1595 3088 in
1629 3047 1774 3088 verbis
1808 3047 1970 3087 nullum
2004 3051 2118 3086 extat
2140 3045 2345 3085 indicium

135 3108 257 3163 quod
300 3108 526 3149 Echardus
570 3109 816 3164 suspicatus
859 3110 984 3150 fuerit
1029 3124 1117 3151 non
1164 3124 1260 3151 esse
1304 3109 1635 3151 adscribendam
1678 3124 1711 3150 s.
1735 3110 1934 3150 Thomae
1969 3108 2179 3163 integram
2224 3120 2344 3147 com—

137 3171 448 3212 mentationem
483 3171 526 3211 in
561 3171 674 3213 duos
707 3172 855 3221 libros,
890 3178 1020 3228 prout
1053 3179 1169 3214 extat
1213 3173 1254 3213 in
1294 3173 1439 3213 Piana.
1487 3172 1577 3213 Sed
1621 3172 1760 3212 adhuc
1806 3171 1945 3226 magis
1992 3170 2237 3225 explicitum
2282 3175 2346 3209 est

135 3233 342 3275 iudicium
376 3233 586 3274 Bernardi
621 3234 676 3275 de
708 3235 877 3276 Rubeis
911 3235 1086 3276 aientis:
1130 3255 1143 3271 ‹
1169 3236 1313 3276 Nemo
1349 3249 1436 3276 non
1471 3235 1675 3275 adscribit
1707 3233 1915 3288 Aquinati
1951 3233 2268 3288 expositionem
2302 3231 2345 3272 in

135 3297 272 3338 libros
307 3296 420 3337 duos
453 3295 506 3336 de
544 3296 830 3337 Generatione
861 3300 905 3338 et
939 3298 1232 3353 Corruptione.
1267 3299 1374 3338 Post
1397 3311 1556 3338 annum
1588 3308 1695 3350 1271
1736 3296 1779 3336 in
1814 3295 1917 3336 illud
1953 3309 2063 3350 opus
2098 3294 2345 3335 incubuisse

89 3408 91 3410 ,
137 3359 357 3401 Thomam
391 3364 573 3400 testatur
603 3359 898 3401 Ptolomaeus
933 3361 1073 3401 Immo
1110 3361 1365 3401 Guillelmus
1401 3360 1455 3400 de
1489 3361 1650 3407 Tocco,
1686 3358 1728 3398 in
1752 3359 1966 3398 Processu
1994 3356 2345 3398 Canonizationis

136 3422 257 3463 testis
293 3422 445 3463 citatus
481 3427 523 3462 et
557 3422 730 3470 iuratus,
765 3421 872 3462 haec
905 3422 1036 3463 habet
1071 3437 1160 3477 cap.
1185 3436 1266 3471 vn,
1302 3437 1341 3463 n.
1370 3421 1449 3463 58:
1494 3422 1629 3461 Dixit
1663 3421 1782 3475 quod
1813 3420 1924 3461 vidit
1959 3433 2056 3460 eum
2092 3419 2345 3460 scribentem

136 3477 271 3539 super
301 3485 461 3526 librum
494 3484 547 3525 de
585 3484 870 3525 Generatione
897 3487 942 3524 et
965 3485 1274 3540 Corruptione:
1307 3484 1426 3539 quod
1453 3483 1591 3524 credit
1608 3483 1756 3539 fuisse
1789 3483 1989 3524 ultimum
2023 3485 2130 3537 opus
2150 3494 2277 3522 suum
2301 3481 2344 3521 in

127 3547 411 3603 philosophia
446 3547 578 3602 (Diss.
603 3560 729 3595 xxm,
766 3560 856 3601 cap.
882 3547 954 3601 111).
981 3565 996 3583 »
1037 3548 1208 3588 Horum
1243 3553 1387 3588 autem
1417 3546 1622 3587 iudicium
1646 3559 1799 3587 omnes
1823 3546 1879 3586 ad
1902 3551 2049 3586 nostra
2071 3558 2210 3598 usque
2234 3550 2343 3584 tem-

136 3623 244 3665 pora
278 3611 412 3651 secuti
438 3617 549 3658 sunt,
574 3610 609 3650 si
634 3624 768 3650 unum
792 3609 980 3664 excipias
1015 3609 1236 3650 laudatum
1261 3609 1441 3651 Soldati.
1478 3609 1561 3649 Hic
1586 3609 1699 3649 enim
1724 3609 1766 3648 in
1789 3622 1867 3649 sua
1891 3607 2140 3649 recensione
2165 3619 2344 3660 operum

136 3673 412 3722 s.Th0mae‚
449 3679 491 3714 et
525 3673 725 3714 codicum
759 3672 833 3727 qui
867 3672 909 3712 in
943 3672 1154 3713 Vaticana
1200 3678 1369 3721 extant,
1405 3671 1610 3727 paginam
1649 3671 1780 3712 habet
1817 3671 1884 3711 cui
1918 3669 2244 3725 superscribitur
2276 3667 2344 3707 hic
