2782 4134
72 429 83 440 ⁴*
93 427 180 449 scilicet
186 431 233 447 om.
242 430 281 446 co-

74 455 143 476 dices.

73 1168 84 1179 *
92 1166 231 1194 impossibile
240 1171 278 1187 co-

74 1194 136 1215 dices
150 1199 199 1214 exc.
213 1199 236 1214 Α.

73 1273 84 1284 ⁴
95 1271 233 1299 Impossibile
240 1276 280 1292 co-

75 1299 137 1320 dices
151 1304 200 1319 exc.
214 1304 236 1319 Α.

68 2005 79 2016 '⁶
93 2005 162 2027 Num.
172 2012 196 2032 4.

74 2328 159 2382 ἔριθοι.
167 2332 229 2353 xxvr,
239 2331 279 2353 n.5

74 2435 82 2443 ¹
97 2433 159 2455 ratio
173 2432 226 2454 add.
240 2439 261 2454 Ρ.

171 2529 183 2560 ξ

76 3005 87 3016 ·“
101 3004 137 3027 hic
150 3011 172 3027 P.

314 287 383 322 116

309 378 386 403 non
405 364 460 401 sit.
492 361 553 399 Sic
571 360 680 408 igitur
707 356 897 407 praedicta
923 353 1059 404 positio
1089 356 1262 388 removet
1288 349 1362 384 hoc

309 417 412 468 quod
441 415 679 464 suppositum
709 419 773 458 est,
801 409 937 446 scilicet
956 408 975 428 '³‘
999 405 1102 454 quod
1129 400 1361 451 impossibile

311 479 366 508 est
393 470 494 507 idem
524 466 634 504 simul
663 477 742 502 esse
773 470 808 499 et
836 463 913 499 non'
942 471 1033 496 esse.
1300 505 1305 511 ι
1339 504 1345 510 .

367 525 398 561 5.
421 521 498 559 Sed
523 520 671 557 videtur
690 516 793 566 quod
813 515 880 551 ista
900 512 991 549 ratio
1011 522 1089 547 non
1110 514 1227 554 cogat.
1254 505 1361 564 'Nihll

311 577 411 614 enim
439 573 612 624 prohibet
639 569 777 619 aliquid
806 578 886 604 esse
919 558 1358 618 simpliciter—posfflb-ile,

311 629 416 679 quod
444 635 571 664 tamen
600 632 654 670 est
680 619 908 670 impossibile
929 617 1052 664 aliquo
1073 620 1195 662 p051to
1215 616 1244 647 ¹·:
1267 618 1361 647 slcut

312 683 342 720 si
361 692 549 731 ponamus
570 679 763 714 Socratem
783 672 914 709 sedere
932 681 1002 718 pro
1022 667 1147 715 aliquo
1168 673 1358 713 tempore,

310 734 486 785 possibile
520 738 575 768 est
608 726 819 777 simpliciter
850 725 953 761 illum
987 733 1056 770 pro
1093 720 1154 756 illo
1188 726 1358 766 ternpore

311 800 389 825 non
421 785 551 823 sedere
574 790 608 829 μ,
642 790 768 818 tamen
805 789 882 815 non
917 783 972 812 est
999 771 1275 821 compossibile.
1307 771 1359 806 Ita

312 841 424 877 etiam
451 843 573 887 potest
600 834 671 871 dici
700 831 802 881 quod
836 830 924 867 illud
954 827 1058 877 quod
1089 825 1156 862 fuit
1189 832 1359 872 tempore

310 892 464 938 infinito,
493 902 561 939 pro
589 895 758 935 tempore
786 884 847 920 illo
876 888 1023 931 poterat
1050 892 1129 916 non
1158 889 1254 914 esse:
1280 888 1360 912 non

310 954 437 983 tamen
464 944 536 980 hoc
565 940 666 989 quod
695 946 750 975 est
777 937 903 986 ipsum
932 947 1010 971 non
1040 945 1138 978 esse,
1174 938 1229 967 est
1257 941 1360 966 com-

308 997 483 1048 possibile
510 994 644 1044 posito,
664 999 706 1028 ut
724 990 861 1027 scilicet
888 987 999 1025 simul
1026 984 1143 1035 possit
1161 983 1252 1032 poni
1272 994 1358 1019 cum

310 1064 355 1088 eo
385 1048 487 1098 quod
516 1054 570 1084 est
597 1046 722 1094 ipsum
752 1055 844 1080 esse.
1216 1090 1222 1095 .

363 1102 436 1139 Sed
466 1099 666 1138 dicendum
696 1104 750 1133 est
778 1095 882 1145 quod
901 1093 989 1130 illud
1009 1091 1111 1141 quod
1133 1097 1187 1127 est
1214 1101 1359 1126 1ncom-

308 1154 482 1206 possibile
500 1154 518 1174 '³‘
542 1151 574 1188 ei
593 1150 697 1199 quod
717 1156 771 1196 est
792 1147 1059 1195 contingenter,
1076 1143 1165 1181 nihil
1184 1142 1360 1191 prohibet

309 1207 519 1256 simpliciter
543 1203 722 1253 possibile
751 1213 849 1238 esse:
879 1200 946 1237 sed
974 1198 1065 1236 illud
1094 1197 1197 1246 quod
1224 1204 1279 1233 est
1305 1195 1359 1232 in-

309 1258 571 1309 compossibile
583 1259 602 1278 '²‘
619 1256 652 1293 ei
667 1255 771 1304 quod
790 1252 1006 1302 simpliciter
1021 1262 1174 1289 necesse
1190 1257 1245 1286 est
1264 1261 1358 1295 esse,

308 1322 361 1351 est
388 1310 603 1361 simpliciter
630 1307 873 1357 impossibile.
904 1305 946 1342 Id
974 1313 1101 1342 autem
1131 1304 1235 1353 quod
1255 1310 1360 1340 natu=

306 1367 426 1404 raliter
445 1371 499 1401 est
516 1375 584 1412 per
611 1369 760 1410 tempus
779 1359 979 1406 infinitum,
1001 1369 1155 1395 necesse
1182 1364 1236 1393 est
1255 1368 1357 1393 esse:

305 1419 392 1468 quia
414 1429 573 1466 necesse
595 1423 649 1452 est
677 1414 781 1463 quod
808 1412 1112 1460 unumquodque
1140 1417 1286 1446 tantum
1314 1409 1360 1446 sit

306 1479 486 1522 quantum
514 1476 645 1506 natura
672 1479 798 1504 rerum
826 1466 956 1511 habet;
986 1477 1064 1501 non
1094 1463 1195 1500 enim
1220 1462 1359 1511 aliquid

305 1524 428 1563 deficit
448 1535 529 1560 esse
557 1521 627 1559 nisi
654 1520 807 1569 quando
827 1519 903 1556 iam
931 1530 1008 1555 non
1035 1524 1160 1566 potest
1179 1528 1281 1564 esse,
1312 1528 1358 1552 eo

305 1578 409 1627 quod
431 1575 558 1613 omnia
585 1580 765 1623 appetunt
793 1584 885 1609 esse.
917 1571 957 1608 Si
985 1570 1095 1619 igitur
1122 1569 1261 1618 aliquid
1289 1581 1358 1618 po-

305 1631 402 1668 nitur
423 1628 599 1679 possibile
620 1639 712 1673 esse,
735 1638 778 1663 ex
797 1626 871 1662 hoc
893 1624 976 1673 ipso
1005 1636 1160 1661 necesse
1180 1630 1234 1659 est
1254 1622 1359 1672 quod

304 1691 466 1733 ponatur
494 1679 757 1730 compossibile
786 1678 819 1715 ei
847 1678 951 1728 quod
975 1689 1129 1714 necesse
1150 1683 1204 1713 est
1232 1689 1315 1713 esse
1334 1682 1357 1713 ⁹.

305 1738 353 1774 Et
379 1736 464 1773 ideo
484 1735 514 1772 si
532 1745 721 1783 ponamus
740 1732 830 1769 illud
850 1731 954 1780 quod
974 1743 1126 1779 semper
1143 1729 1223 1776 fuit,
1244 1729 1358 1767 fuisse

303 1788 479 1838 possibile
498 1799 575 1824 non
596 1798 676 1823 esse
695 1798 765 1834 pro
785 1785 847 1822 illo
867 1792 1049 1833 ternpore,
1066 1783 1234 1833 sequitur
1253 1783 1359 1832 quod

303 1842 419 1891 possit
448 1841 557 1878 simul
587 1851 668 1876 esse
696 1846 732 1875 et
758 1850 836 1875 non
866 1850 959 1874 esse.

357 1896 391 1932 6.
414 1893 629 1931 Secundam
658 1891 841 1929 rationem
861 1890 967 1940 ponit
986 1890 1053 1927 ibi:
1079 1891 1214 1927 Adhuc
1232 1895 1358 1927 autem

305 1954 338 1985 et
364 1949 434 1985 hoc
462 1954 529 1983 etc.
554 1947 603 1983 Et
621 1945 708 1983 dicit
736 1944 839 1994 quod
866 1944 957 1981 illud
981 1944 1085 1992 quod
1113 1956 1265 1993 semper
1293 1943 1361 1980 fuit

304 2001 366 2038 vel
393 2012 541 2048 semper
569 2011 646 2036 non
673 1998 750 2047 fuit,
779 1997 988 2035 seeundum
1015 1997 1222 2046 praemissa
1243 1998 1263 2018 ’³
1291 2009 1359 2046 po-

305 2054 402 2091 nitur
429 2052 602 2090 habuisse
635 2051 841 2100 potentiam
878 2050 1040 2100 oppositi
1075 2050 1154 2088 eius
1186 2050 1291 2099 quod
1326 2050 1360 2087 ei

306 2107 433 2153 inerat,
455 2118 532 2143 non
556 2105 763 2142 secundum
784 2104 937 2153 aliquod
958 2104 1106 2152 signum
1124 2105 1185 2141 vel
1206 2104 1359 2152 instans,

307 2160 373 2197 sed
402 2158 616 2208 simpliciter
642 2159 678 2195 in
707 2158 812 2195 omni
835 2158 956 2207 signo,
982 2157 1078 2194 idest
1105 2157 1144 2195 in
1171 2158 1277 2195 omni
1305 2157 1359 2195 in-

307 2213 436 2250 stanti:
467 2220 501 2249 et
522 2212 574 2249 sic
593 2211 758 2260 sequitur
777 2211 880 2259 quod
905 2211 1045 2259 aliquid
1063 2211 1200 2248 habeat
1227 2218 1360 2260 poten-

307 2266 397 2303 tiam
424 2273 465 2302 ut
493 2265 539 2302 sit
566 2272 602 2302 et
628 2277 706 2301 non
725 2264 770 2301 sit
797 2271 968 2313 tempore
989 2264 1150 2312 infinito,
1181 2265 1286 2314 quod
1307 2272 1361 2302 est

307 2318 549 2368 impossibile,
569 2325 611 2355 ut
637 2330 750 2367 supra
779 2318 798 2339 ¹³
827 2325 1021 2355 ostensum
1050 2325 1116 2355 est.

360 2385 395 2421 7.
408 2371 576 2408 Tertiam
587 2371 771 2408 rationem
781 2370 887 2420 ponit
896 2371 964 2407 ibi:
980 2372 1113 2408 Adhuc
1121 2371 1155 2408 si
1157 2371 1265 2420 prius
1276 2378 1358 2418 etc„

308 2437 405 2474 quae
425 2426 444 2446 ²⁸
472 2424 552 2462 talis
572 2431 636 2461 est.
659 2425 701 2461 In
721 2437 765 2461 eo
785 2424 890 2473 quod
908 2424 1035 2474 incipit
1055 2437 1137 2461 esse
1156 2433 1359 2474 postquam

308 2490 385 2515 non
413 2478 543 2523 fuerat,
562 2478 625 2514 vel
652 2490 729 2514 non
758 2490 838 2514 esse
866 2485 1069 2526 postquam
1097 2478 1228 2526 fuerat,
1257 2477 1360 2527 prius

309 2538 364 2567 est
388 2531 506 2568 virtus
530 2529 543 2554 ξ
568 2531 631 2567 vel
658 2530 824 2579 potentia
861 2542 977 2579 quam
1013 2538 1137 2568 actus:
1177 2539 1213 2568 et
1245 2531 1295 2568 ita
1331 2531 1361 2568 si

310 2583 460 2632 aliquod
489 2595 555 2620 ens
583 2590 638 2620 est
664 2583 871 2631 ingenitum
899 2583 1003 2632 quod
1027 2596 1178 2633 semper
1205 2584 1283 2632 fuit,
1304 2597 1360 2621 se-

311 2636 434 2685 quitur
470 2636 574 2685 quod
602 2635 714 2673 etiam
752 2648 903 2685 semper
939 2637 1069 2673 habuit
1092 2637 1268 2674 virtutem
1300 2638 1362 2675 vel

310 2689 517 2738 potentiam
536 2688 585 2726 ad
603 2701 681 2725 non
700 2701 800 2735 esse;
821 2690 921 2726 nulla
941 2689 1042 2726 enim
1063 2698 1117 2727 est
1136 2690 1228 2728 ratio
1244 2703 1360 2740 quare

312 2741 506 2779 advenerit
534 2741 567 2778 ei
595 2741 663 2778 ista
687 2742 854 2790 potentia
883 2755 960 2780 non
989 2743 1135 2781 essendi
1155 2752 1241 2793 post
1267 2752 1361 2782 tem-

310 2806 382 2843 pus
410 2794 607 2832 infinitum.
630 2794 806 2832 Similiter
825 2795 937 2832 etiam
966 2796 996 2832 si
1025 2796 1070 2833 sit
1093 2797 1233 2846 aliquid
1260 2798 1361 2846 geni-

310 2854 391 2884 tum
420 2848 523 2896 quod
550 2847 653 2896 prius
681 2860 759 2885 non
787 2848 896 2885 fuerit
922 2856 1094 2898 tempore
1122 2850 1280 2898 infinito,
1305 2863 1362 2888 se-

311 2900 435 2948 quitur
471 2901 574 2949 quod
610 2908 688 2938 toto
727 2901 789 2938 illo
832 2909 1004 2951 tempore
1040 2903 1148 2940 fuerit
1185 2904 1363 2952 possibile

310 2952 409 2989 fieri:
438 2953 487 2990 ita
514 2953 619 3001 quod
646 2953 757 2991 simul
777 2954 869 2991 dum
898 2967 976 2992 non
995 2964 1083 3003 erat,
1104 2957 1268 2994 habebat
1295 2970 1362 3006 po-

310 3006 463 3043 tentiam
492 3006 640 3044 essendi
677 3015 713 3044 et
740 3019 818 3044 non
855 3008 1004 3046 essendi
1040 3010 1114 3045 hoc
1133 3010 1165 3056 *,
1196 3017 1231 3047 et
1258 3011 1363 3059 quod

312 3066 408 3095 esset
434 3059 619 3108 posterius
656 3060 865 3098 secundum
902 3061 1091 3098 infinitum
1118 3070 1289 3111 tempus,
1320 3076 1364 3100 ex

312 3122 386 3158 quo
413 3112 564 3159 ponitur
592 3113 695 3161 quod
722 3114 835 3151 habet
864 3126 944 3151 esse
982 3114 1272 3164 incorruptibile.
1303 3116 1365 3154 Sic

363 3232 392 3267 λ)
411 3237 449 3258 est
467 3234 622 3270 impossibile
640 3236 728 3268 aliquo
743 3237 840 3268 posito.
853 3251 871 3256 -
886 3237 921 3262 lta
933 3237 988 3269 Pc;
1008 3241 1047 3263 est
1059 3246 1117 3264 cum
1133 3239 1291 3271 impossibile
1305 3240 1364 3273 (pro

314 3270 352 3292 est
370 3270 588 3302 incompossibile)
603 3271 691 3302 posito
710 3272 732 3296 A
751 3272 798 3304 (cf.
813 3273 976 3305 sequentia);
996 3278 1044 3298 cet.
1058 3282 1110 3298 om.
1124 3274 1222 3307 aliquo.

367 3302 395 3337 μ)
423 3304 556 3329 Socratem
580 3305 703 3331 sedere...
718 3314 769 3332 non
794 3308 891 3333 sedere.
909 3322 928 3327 -
946 3308 1084 3334 Socratem
1109 3317 1160 3334 non
1185 3310 1311 3336 sedere...
1325 3318 1364 3336 se-

315 3337 377 3378 dere
390 3338 418 3363 Ρ.
437 3338 548 3380 Per-gunt
560 3340 634 3365 codd.
648 3348 701 3366 exc.
714 3342 786 3366 AsE:
806 3346 893 3368 tamen
913 3351 964 3369 non
984 3347 1023 3369 est
1041 3347 1104 3370 tunc
1117 3345 1244 3377 possibile
1263 3346 1365 3379 (ceteris

316 3373 429 3405 omissis)
444 3377 540 3405 posito,
560 3378 589 3399 ut
606 3375 703 3400 scilicet
721 3377 799 3402 simul
817 3382 864 3403 etc.
1188 3394 1190 3397 ⁴

369 3406 393 3441 ν)
411 3409 588 3440 compossibile
601 3410 625 3435 ei
637 3411 708 3442 quod
721 3419 821 3437 necesse
834 3416 873 3438 est
884 3420 948 3439 esse.
960 3428 979 3433 -
992 3415 1171 3447 compossibile
1190 3415 1327 3449 (possibile
1340 3417 1365 3449 1)

317 3447 371 3466 esse
389 3443 458 3474 quod
475 3446 514 3468 est
530 3451 584 3469 esse
603 3446 675 3470 codd.
689 3453 740 3470 exc.
754 3447 784 3472 Α.

322 3510 328 3517 .
371 3475 394 3510 ξ)
411 3477 440 3518 {n
453 3484 483 3518 co
497 3479 566 3510 quod
580 3479 699 3512 incipit...
710 3481 788 3512 prius
800 3485 839 3507 est
851 3483 944 3509 virtus.
954 3499 972 3504 —
988 3485 1056 3510 Illud
1070 3486 1141 3518 quod
1154 3486 1278 3519 incipit...
1288 3487 1366 3519 prius

318 3515 385 3552 ‘3¹5⁸'
398 3518 421 3536 ει
436 3516 519 3538 virtus
537 3514 623 3545 codd-3
643 3515 731 3540 similis
746 3519 900 3543 constructio
915 3519 1040 3545 invenitur
1059 3521 1116 3546 lect.
1128 3529 1172 3552 ιιι,
1186 3530 1257 3548 num.
1271 3530 1301 3554 4:
1321 3523 1366 3548 Sic

318 3549 401 3587 igitur
420 3554 495 3572 omne
512 3549 581 3580 quod
600 3553 749 3576 movetur...
757 3555 845 3583 potest
864 3556 949 3579 motus
967 3555 1022 3580 eius
1046 3557 1193 3582 terminari.
1206 3570 1224 3576 ·—
1238 3558 1327 3583 statim
1346 3558 1366 3583 P

317 3589 371 3606 om.
385 3585 435 3611 xta,
455 3587 480 3607 et
497 3588 556 3615 post
573 3591 650 3609 unam
669 3585 760 3610 lineam
778 3587 866 3613 etiam.

371 3615 397 3651 ο)
413 3616 458 3642 Sic
472 3617 556 3651 igitur
573 3625 609 3643 ex
627 3627 686 3652 quo.
699 3634 717 3639 —
730 3627 766 3646 ex
784 3629 834 3654 quo
848 3630 900 3648 om.
915 3624 989 3650 codd.
1004 3632 1056 3650 exc.
1068 3626 1099 3657 A,
1113 3632 1271 3660 quapropter
1291 3628 1310 3653 P
1330 3628 1366 3654 le-

1007 275 1077 312 DE
1107 255 1282 309 CAELo
1312 269 1382 305 ET
1411 263 1605 303 MUNDo
1635 262 1729 298 LIB.
1762 262 1775 296 1

1417 345 1526 392 igitur
1545 354 1590 379 ex
1609 353 1686 390 quo
1702 346 1714 361 ⁰
1734 340 1773 376 in
1791 339 1983 376 infinitum
2010 345 2216 386 antequam
2241 344 2351 385 esset,
2371 337 2488 374 habe-

1418 399 1481 434 bat
1499 394 1709 445 potentiam
1728 401 1770 430 ut
1790 401 1889 430 esset
1908 392 2136 429 infuturum
2155 391 2194 428 in
2214 390 2362 428 infinito
2392 398 2488 428 tem-

1416 461 1521 498 pore,
1542 448 1645 484 nulla
1674 446 1767 484 ratio
1798 454 1878 483 erat
1906 458 2024 495 quare
2052 444 2219 494 potuerit
2246 456 2329 481 esse
2357 444 2397 481 in
2425 444 2488 481 tali

1415 501 1566 539 instanti
1595 508 1632 537 et
1660 513 1739 537 non
1768 500 1883 549 prius,
1906 512 1950 536 ex
1971 511 2048 548 quo
2077 510 2157 535 non
2186 497 2299 534 estin
2317 497 2488 546 potentia

1416 556 1464 593 ad
1489 556 1564 591 hoc
1583 553 1689 603 quod
1719 561 1774 590 est
1793 553 1813 574 ’¹‘
1843 566 1927 590 esse
1956 552 1995 590 in
2023 560 2199 601 tempore
2220 550 2485 588 determinato.

1416 607 1663 657 Relinquitur
1685 619 1775 655 ergo
1805 606 1911 656 quod
1939 605 2106 655 potuerit
2125 617 2208 642 esse
2229 604 2343 641 etiam
2363 604 2402 641 in
2422 603 2487 641 ali-

1415 675 1493 710 quo
1518 669 1693 710 tempore
1722 668 1929 709 antequam
1954 660 2080 696 fuerit:
2111 658 2216 696 etita
2234 665 2385 707 poterat
2403 669 2486 694 esse

1414 715 1453 752 in
1479 715 1541 752 illo
1560 722 1736 763 tempore
1751 719 1770 735 ’¹
1790 714 1828 750 in
1857 725 1934 762 quo
1957 725 2036 750 non
2056 720 2146 760 erat,
2168 719 2205 749 et
2232 711 2285 749 sic
2305 710 2486 760 sequitur,

1414 768 1628 805 secundum
1642 767 1853 816 praemissa
1863 767 1895 814 *,
1913 766 2019 815 quod
2032 766 2198 816 potuerit
2220 765 2333 802 simul
2348 776 2431 802 esse
2451 771 2488 801 et
2516 780 2525 789 ·

1414 834 1493 859 non
1522 833 1617 858 esse.
1648 822 1698 857 Et
1721 820 1860 858 eadem
1880 820 1975 857 ratio
1996 827 2052 857 est
2072 820 2120 857 de
2140 832 2187 857 eo
2208 818 2314 868 quod
2332 818 2488 868 ponitur

1415 886 1569 924 semper
1597 874 1710 911 fuisse
1740 881 1777 910 et
1796 873 1816 894 *
1846 873 2079 923 quandoque
2109 872 2314 922 corrumpi.

1471 929 1505 964 8.
1537 927 1687 964 Deinde
1726 939 1816 964 cum
1855 926 1962 964 dicit:
2001 927 2254 978 Manifestum
2291 931 2419 963 autem
2453 931 2489 962 et

1415 981 1525 1018 aliter
1553 988 1635 1027 etc„
1659 979 1850 1017 concludit
1877 979 2092 1017 secundum
2112 979 2277 1017 eandem
2297 979 2486 1016 rationem

1415 1034 1522 1084 quod
1541 1032 1776 1082 impossibile
1798 1040 1854 1070 est
1867 1032 1974 1082 quod
1989 1032 2130 1082 aliquid
2145 1033 2191 1070 sit
2205 1032 2448 1082 corruptibile
2458 1037 2484 1077 Ρ,

1415 1087 1520 1136 quod
1540 1086 1774 1136 quandoque
1793 1098 1873 1123 non
1892 1093 2171 1135 corrumpatur.
2191 1087 2327 1123 Posset
2346 1085 2450 1123 enim
2467 1086 2486 1107 ¹²

1415 1140 1547 1190 aliquis
1563 1139 1721 1176 obviare
1735 1139 1939 1188 praedictis
1958 1138 2178 1186 rationibus,
2200 1139 2365 1176 dicendo
2380 1139 2487 1188 quod

1415 1206 1531 1232 omne
1559 1193 1729 1241 genitum
1759 1199 1816 1229 est
1853 1192 2094 1241 corruptibile
2134 1192 2348 1230 secundum
2377 1204 2487 1230 suam

1414 1255 1603 1294 naturam,
1620 1246 1688 1284 sed
1702 1253 1828 1296 potest
1843 1245 2061 1293 contingere
2077 1245 2184 1294 quod
2198 1245 2291 1283 illud
2305 1245 2413 1294 quod
2432 1253 2489 1283 est

1415 1300 1658 1350 corruptibile
1686 1311 1885 1348 nunquam
1915 1306 2203 1348 corrumpatur,
2238 1306 2397 1348 propter
2424 1298 2488 1336 ali-

1414 1367 1531 1404 quam
1561 1365 1716 1391 causam
1738 1360 2030 1390 conservantem
2050 1352 2179 1402 ipsum
2207 1352 2247 1389 in
2267 1364 2367 1399 esse;
2393 1351 2489 1389 sicut

1413 1409 1522 1445 Plato
1550 1406 1678 1457 posuit
1705 1406 1814 1456 quod
1842 1407 2009 1444 mundus
2039 1414 2095 1443 est
2117 1405 2265 1455 genitus
2294 1413 2331 1443 et
2359 1416 2487 1442 corru-

2517 564 2526 572 '
2533 563 2598 591 quod
2607 565 2643 585 eet
2653 569 2731 586 οων.

2540 779 2613 801 Num.
2626 786 2650 806 4.

2516 882 2524 889 ·
2541 882 2565 901 el
2577 885 2626 902 om.
2640 886 2661 902 Ρ.

2514 1091 2731 1143 {amitam

1412 1461 1552 1511 ptibilis
1581 1461 1795 1498 secundum
1824 1460 2006 1509 seipsum,
2033 1459 2102 1497 sed
2130 1471 2284 1510 semper
2316 1458 2489 1496 manebit
2530 1484 2534 1487 -

1412 1522 1579 1564 propter*
1595 1514 1834 1552 voluntatem
1863 1513 1936 1551 Dei
1956 1513 2154 1563 (quamvis
2174 1513 2332 1563 quidam
2362 1512 2489 1551 dicant

1413 1568 1519 1618 quod
1539 1568 1647 1605 Plato
1676 1579 1755 1605 non
1774 1566 1828 1604 sic
1846 1566 2068 1604 intellexerit
2086 1566 2278 1604 mundum
2303 1578 2386 1604 esse
2407 1575 2487 1604 cot-

1414 1621 1630 1671 ruptibilem
1659 1621 1755 1658 sicut
1792 1632 1837 1658 ea
1865 1633 1965 1670 quae
1993 1620 2031 1657 in
2059 1632 2101 1658 se
2138 1620 2282 1658 habent
2312 1631 2487 1657 necessa-

1414 1675 1510 1713 riam
1540 1686 1697 1712 causam
1726 1673 1992 1723 corruptionis,
2012 1674 2081 1711 sed
2098 1686 2170 1723 per
2191 1674 2267 1711 hoc
2284 1672 2485 1711 voluerit*

1415 1729 1612 1777 designare
1641 1727 1938 1777 dependentiam
1967 1727 2026 1764 sui
2055 1739 2139 1765 esse
2166 1727 2215 1764 ab
2243 1726 2331 1775 alio,
2361 1725 2452 1776 quia
2466 1727 2487 1747 ⁶

1413 1782 1554 1820 scilicet
1581 1781 1785 1819 necessitas
1805 1780 1955 1819 essendi
1980 1792 2059 1818 non
2087 1787 2145 1817 est
2163 1780 2198 1818 ei
2217 1792 2241 1817 a
2259 1779 2398 1829 seipso,
2418 1779 2488 1818 sed

1414 1849 1437 1873 a
1466 1837 1563 1873 Deo.
1586 1835 1663 1873 Sed
1688 1834 1924 1884 quicumque
1952 1833 2063 1871 fuerit
2081 1833 2290 1871 intellectus
2317 1832 2488 1871 Platonis

1415 1902 1494 1927 non
1514 1889 1626 1926 refert
1644 1888 1694 1926 ad
1721 1887 1975 1938 propositum,
1997 1887 2086 1937 quia
2109 1886 2332 1925 Aristoteles
2359 1885 2490 1924 obiicit

1417 1950 1548 1980 contra
1566 1943 1686 1979 verba
1706 1941 1856 1991 ipsius.)
1885 1941 1998 1979 Unde
2025 1940 2114 1978 dicit
2131 1940 2378 1978 manifestum
2404 1951 2487 1978 esse

1416 1996 1522 2045 quod
1559 1995 1796 2045 impossibile
1835 2001 1892 2032 est
1926 1994 1965 2033 id
1993 1994 2099 2043 quod
2128 1999 2185 2032 est
2221 1992 2486 2043 corruptibile,

1417 2049 1650 2100 quandoque
1665 2061 1744 2086 non
1759 2047 1965 2098 corrumpi.
1988 2047 2090 2095 Quia
2109 2047 2139 2085 si
2159 2047 2394 2096 quandoque
2407 2058 2488 2085 non

1417 2111 1684 2152 corrumpetur
1702 2109 1728 2148 ⁶,
1748 2109 1873 2152 potest
1892 2113 1971 2139 non
1992 2101 2198 2150 corrumpi,
2219 2109 2257 2139 et
2275 2100 2326 2138 ita
2344 2098 2414 2138 erit
2431 2099 2487 2138 in-

1416 2156 1676 2206 corruptibile:
1697 2163 1734 2193 et
1751 2163 1882 2193 tamen
1895 2154 2051 2205 ponitur
2064 2154 2298 2204 sempiterno
2313 2161 2488 2203 tempore

1415 2209 1658 2259 corruptibile
1687 2209 1872 2247 existens:
1896 2220 2046 2257 semper
2071 2208 2194 2257 igitur,
2214 2207 2311 2246 idest
2338 2205 2486 2245 infinito

1414 2272 1602 2313 ternpore,
1629 2263 1698 2300 erit
1725 2262 1838 2300 simul
1866 2269 1952 2300 actu
1982 2261 2225 2312 corruptibile
2253 2269 2291 2299 et
2318 2260 2488 2298 incorru-

1413 2317 1554 2367 ptibile.
1586 2317 1665 2354 Sed
1692 2316 1800 2366 quod
1829 2315 2085 2365 corrumpitur
2121 2327 2200 2353 non
2229 2326 2383 2364 semper
2411 2321 2487 2363 est,

1414 2371 1520 2420 quod
1548 2378 1678 2408 autem
1707 2377 1763 2407 est
1790 2369 2086 2418 incorruptibile,
2113 2380 2267 2418 semper
2295 2375 2368 2405 est:
2397 2378 2487 2416 ergo

1415 2425 1484 2462 erit
1497 2424 1641 2473 aliquid
1656 2423 1770 2461 simul
1788 2422 1970 2472 possibile
1990 2430 2027 2459 et
2041 2423 2061 2444 *⁴
2081 2433 2236 2471 semper
2254 2433 2338 2459 esse
2358 2427 2395 2458 et
2408 2431 2488 2458 non
2515 2434 2526 2444 ⁶

1415 2490 1568 2527 semper
1597 2489 1696 2524 esse,
1726 2476 1833 2526 quod
1870 2483 1925 2514 est
1952 2475 2208 2526 impossibile,
2238 2482 2279 2512 ut
2310 2481 2414 2524 patet
2441 2485 2488 2511 ex

1415 2531 1472 2569 his
1501 2543 1600 2581 quae
1637 2542 1753 2580 supra
1779 2531 1800 2552 ⁸²
1827 2530 1927 2568 dicta
1955 2537 2062 2576 sunt;
2097 2527 2186 2579 quia
2222 2527 2330 2578 quod
2362 2533 2489 2577 potest
2515 2535 2525 2545 ·

1415 2597 1568 2634 semper
1587 2596 1683 2632 esse,
1705 2596 1750 2621 ex
1769 2583 1992 2621 necessitate
2020 2594 2174 2632 semper
2193 2589 2259 2629 est,
2279 2580 2383 2619 unde
2408 2592 2488 2618 non

1414 2646 1540 2687 potest
1577 2650 1655 2676 non
1693 2649 1848 2687 semper
1875 2649 1971 2675 esse.
2002 2636 2065 2674 Sic
2092 2635 2204 2685 igitur
2239 2642 2345 2685 patet
2379 2633 2487 2683 quod

1415 2704 1532 2729 omne
1562 2690 1804 2741 corruptibile
1832 2690 2067 2740 quandoque
2095 2695 2362 2739 corrumpetur
2379 2693 2406 2725 '.

1469 2746 1518 2783 Et
1544 2745 1714 2782 similiter
1733 2744 1763 2782 si
1784 2744 1926 2793 aliquid
1954 2751 2010 2781 est
2037 2742 2253 2792 generabile
2281 2742 2320 2780 in
2343 2741 2402 2779 sui
2421 2751 2488 2778 na-

1415 2806 1508 2846 tura,
1529 2811 1686 2836 necesse
1715 2805 1770 2835 est
1797 2797 1905 2847 quod
1931 2797 2075 2835 factum
2094 2796 2151 2834 sit.
2182 2795 2301 2843 Quod
2329 2793 2487 2844 quidem

1416 2864 1494 2889 non
1519 2860 1575 2889 est
1594 2853 1647 2889 sic
1667 2851 1965 2900 intelligendum,
1986 2849 2092 2900 quod
2111 2849 2243 2887 omnia
2271 2860 2371 2898 quae
2397 2859 2487 2897 pos-

1416 2913 1502 2942 sunt
1521 2905 1691 2954 generari
1719 2904 1955 2954 quandoque
1974 2910 2218 2953 generentur;
2245 2902 2364 2939 multa
2383 2901 2487 2939 enim

1416 2967 1576 3008 possunt
1604 2959 1687 2996 fieri
1707 2971 1808 3008 quae
1828 2969 2028 3008 nunquam
2047 2957 2156 2994 fient:
2185 2954 2253 2993 sed
2273 2955 2348 2992 hoc
2367 2966 2448 2993 non
2467 2956 2487 2974 ⁹

1416 3019 1542 3061 potest
1569 3025 1664 3060 esse,
1686 3012 1790 3062 quod
1817 3011 1959 3061 aliquid
1987 3010 2064 3048 iam
2094 3009 2255 3047 existens
2274 3008 2313 3046 in
2333 3019 2403 3046 sua
2421 3019 2488 3046 na-

1417 3073 1500 3102 tura
1529 3065 1574 3103 sit
1600 3065 1828 3114 generabile,
1856 3072 1892 3102 et
1920 3071 2049 3101 tamen
2078 3076 2158 3101 non
2186 3063 2232 3100 sit
2250 3068 2487 3111 generatum,

1419 3119 1485 3156 sed
1513 3120 1561 3156 ab
1591 3127 1746 3156 aeterno
1770 3117 2033 3169 praeextiterit.
2056 3116 2151 3155 Illud
2175 3115 2278 3154 enim
2307 3115 2414 3165 quod
2433 3121 2489 3152 est

1417 3241 1453 3272 git
1472 3242 1503 3266 Si
1522 3242 1620 3275 igitur-‚-
1644 3242 1739 3275 pei-git:
1759 3242 1786 3267 in
1806 3241 1940 3275 infinitum
1959 3244 2102 3275 antequam
2121 3247 2177 3267 esse
2195 3239 2306 3268 habeat,
2325 3238 2422 3264 habeat
2435 3244 2488 3271 po-

1418 3277 1536 3302 tentiam.
1550 3291 1569 3296 —
1581 3278 1617 3303 lbi
1637 3278 1663 3303 in
1683 3278 1787 3312 infinito
1806 3281 1925 3310 tempore
1943 3285 1991 3310 pro
2010 3277 2045 3306 ἰη,
2065 3276 2146 3302 etiam
2165 3277 2197 3302 A.

1471 3313 1500 3345 π)
1515 3316 1625 3345 poterat
1647 3321 1703 3339 esse
1722 3313 1748 3339 ἰη
1769 3313 1815 3339 illo
1834 3317 1960 3346 tempore.
1971 3326 1991 3332 -
2000 3312 2104 3345 poterit
2121 3317 2177 3338 esse
2195 3310 2222 3336 fn
2242 3310 2288 3336 1110
2306 3310 2340 3341 P3
2361 3309 2402 3335 ed.
2421 3307 2487 3334 1516

1418 3347 1478 3408 {3521
1489 3349 1602 3408 31:3idem
1617 3349 1727 3381 poterit,
1743 3349 1789 3374 sed
1809 3357 1861 3374 non
1874 3349 1968 3374 omittit
1981 3351 2116 3381 ωηατ,-
2133 3347 2166 3372 Al
2179 3353 2233 3372 om.
2246 3348 2390 3379 antequam
2442 3345 2488 3370 :⁵110

1468 3390 1495 3451 ζ)
1505 3401 1579 3459 Ιφιόιι
1593 3420 1695 3452 aliquid
1709 3420 1743 3446 sit
1757 3420 1939 3454 corruptibile.
1951 3433 1970 3439 -
1983 3418 2088 3452 asquia
2100 3424 2156 3444 esse
2168 3416 2370 3450 incorruptibile
2381 3417 2419 3447 Α;
2439 3420 2487 3442 cet.

1419 3458 1712 3523 οησῖηὲοννιιηιρεων.
1726 3505 1744 3510 -
1757 3494 1949 3524 corrumpatur
1968 3490 1997 3515 Ρ.
2010 3503 2030 3510 -
2043 3490 2100 3515 Lin.
2115 3495 2172 3522 seq.
2188 3496 2235 3522 pro
2254 3491 2358 3517 tamen,
2382 3490 2439 3513 tum
2458 3486 2487 3518 Ρ,

1420 3525 1490 3557 quod
1509 3531 1548 3550 est
1567 3533 1675 3551 erronea
1694 3526 1868 3559 interpretatio
1887 3525 2035 3559 compendii
2054 3527 2097 3554 tn,
2117 3524 2187 3557 quod
2206 3523 2283 3549 habet
2302 3523 2342 3549 ed.
2360 3521 2435 3548 1516.

1473 3560 1499 3592 τ)
1518 3565 1714 3593 corrumpetur.
1728 3575 1746 3582 -
1758 3562 1942 3595 corrumpitur
1967 3561 2042 3587 codd.
2059 3567 2112 3585 exc.
2128 3560 2146 3585 1.
2158 3573 2177 3579 -
2195 3559 2276 3585 Linea
2295 3558 2415 3592 sequenti
2439 3564 2488 3590 pro

1420 3594 1454 3655 :a
1456 3595 1518 3655 ‘21:¹2
1520 3599 1639 3656 natura,
1659 3597 1738 3622 etiam
1758 3604 1795 3622 ex
1813 3597 1855 3622 sui
1880 3600 1980 3622 natura
1999 3596 2026 3628 P,
2047 3595 2094 3621 sed
2113 3600 2138 3620 et
2157 3595 2213 3628 ipsa
2231 3594 2295 3620 infra
2314 3593 2377 3628 legit
2395 3593 2421 3619 ἰκ
2438 3599 2488 3619 sua

2515 1684 2525 1692 ·
2549 1682 2624 1705 mut
2644 1683 2714 1706 codd.

2515 1715 2558 1732 exc
2581 1715 2590 1732 ι

2515 1737 2526 1748 “
2539 1742 2604 1765 quae
2615 1742 2638 1759 P.
