2782 4134
90 581 98 589 '
115 580 157 600 hoc
178 584 225 599 oni.
245 584 258 598 ι’
279 581 300 599 et

88 606 156 627 codd.
185 611 234 626 cxc.
255 610 299 625 Asi.

89 735 97 743 ¹
112 735 192 754 ventus
201 739 222 757 Ρ,
234 733 299 752 utra-

87 766 132 788 que
141 759 209 781 codd.
218 765 268 779 exc.
277 765 298 779 Α.

88 1004 96 1012 ·
107 1002 130 1023 in
139 1001 208 1023 codd.
220 1007 267 1022 cxc.
276 1007 297 1021 Λ.

87 1478 97 1486 ·
111 1476 201 1498 scilicet
214 1483 235 1498 Ρ.

185 1579 198 1612 β

85 1959 96 1970 '⁴
111 1960 174 1981 Lcct.
185 1965 247 1980 xxvii
261 1965 296 1987 sq.

86 2014 203 2041 'quiescat
208 2019 230 2040 A,
237 2013 297 2041 quie-

85 2043 163 2062 sceret
175 2047 188 2061 n
193 2056 198 2061 .

184 2285 200 2309 Υ

85 2332 96 2342 ’
110 2337 206 2352 causam
221 2338 241 2352 P.

326 291 401 316 210

325 359 461 407 ipsum.
494 358 608 404 Quod
633 356 789 404 quidem
808 356 985 393 videntur
1005 356 1127 391 facere
1154 366 1314 402 corpora
1335 365 1391 389 ar-

326 411 520 448 tificialiter
545 410 641 446 facta
663 422 750 446 curn
780 410 903 458 aliqua
932 408 1126 445 latitudine
1156 407 1203 443 ad
1233 406 1390 442 obvian-

327 465 419 502 dum
449 463 525 501 aeri
560 464 639 500 sive
668 470 804 499 vento:
835 461 1055 498 huiusmodi
1093 460 1194 496 enim
1230 471 1391 507 corpora

327 519 399 554 lata
424 530 502 554 non
527 517 573 553 de
606 516 701 552 facili
722 516 897 552 videntur
925 513 1074 551 moveri
1099 525 1120 549 a
1143 512 1277 558 ventis,
1302 523 1390 560 pro-

326 579 409 619 pter
436 572 510 607 hoc
546 570 565 591 '³‘
597 569 701 617 quod
734 568 910 605 resistunt
940 566 991 602 eis
1030 567 1242 602 secundum
1271 572 1389 600 totam

326 625 496 673 ipsorum
516 622 760 659 latitudinem.
787 622 834 657 Et
853 622 926 657 hoc
950 620 1075 667 ipsum
1095 618 1246 655 videtur
1266 618 1388 654 facere

326 676 434 724 terra,
455 683 609 725 propter
627 676 684 711 sui
704 674 950 719 latitudinem,
971 685 1041 721 per
1061 671 1388 720 comparationem

327 730 374 767 ad
394 742 523 766 aerem
548 729 616 765 sub
639 741 681 764 ea
704 727 940 772 existentem3
971 725 1059 774 quia
1078 725 1255 762 videlicet
1271 726 1289 745 ss
1311 737 1388 761 non

327 783 457 820 dividit
478 783 614 831 ipsum,
637 782 701 818 sed
722 779 931 817 resistendo
962 779 1180 827 comprimit
1209 791 1309 815 eum.
1341 779 1389 814 Et

328 849 414 873 cum
443 848 507 872 aer
535 847 612 871 non
637 835 774 870 habeat
799 834 927 869 locum
957 845 1034 882 quo
1069 832 1312 869 transferatur
1341 844 1388 867 ne

326 890 370 926 sit
389 890 458 926 sub
478 897 586 933 terra,
606 895 760 936 propter
779 894 899 923 terrae
929 886 1174 932 latitudinem,
1196 885 1387 922 sufficiens

327 950 381 979 est
408 942 599 990 quiescere
628 949 765 976 terram
795 947 951 988 propter
983 939 1262 976 multitudinem
1292 938 1387 974 aeris

327 996 504 1032 deorsum
530 993 717 1030 existentis
742 1001 778 1030 et
797 993 1027 1042 compressi;
1057 993 1151 1029 sicut
1174 999 1276 1041 patet
1300 993 1346 1028 de
1368 996 1387 1012 Φ

325 1061 423 1097 aqua
450 1048 487 1084 in
517 1047 732 1095 clepsydris.
769 1046 808 1083 Si
839 1046 940 1083 enim
970 1046 1016 1083 sit
1044 1046 1197 1095 aliquod
1225 1058 1294 1082 vas
1322 1046 1387 1082 ha-

324 1103 417 1138 bens
446 1101 483 1137 in
512 1100 579 1136 sui.
597 1100 813 1137 summitate
842 1112 1006 1148 parvum
1035 1100 1208 1136 foramen
1237 1100 1387 1135 obtura-

323 1162 415 1200 tum,
434 1161 470 1190 et
488 1153 525 1190 in
545 1153 723 1190 lateribus
742 1153 845 1190 aliud
864 1166 942 1190 non
963 1154 1192 1200 obturatum,
1210 1159 1246 1189 et
1264 1152 1387 1189 subito

324 1209 586 1254 submergatur
618 1206 657 1243 in
690 1219 851 1256 aquam,
887 1219 952 1243 aer
983 1206 1137 1243 interior
1166 1207 1387 1252 conclusus,

324 1260 412 1308 quia
432 1273 509 1297 non
528 1261 643 1297 habet
664 1272 740 1309 quo
763 1259 933 1308 diffugiat
952 1266 980 1306 α,
1001 1259 1218 1308 prohibebit
1246 1271 1387 1307 aquam

322 1314 469 1351 intrare.
492 1314 540 1350 Et
559 1313 727 1350 similiter
747 1326 811 1350 aer
825 1313 1025 1350 subsidens
1044 1320 1177 1360 terrae,
1196 1325 1388 1362 compres-

323 1380 386 1404 sus
413 1367 460 1403 ab
491 1379 535 1403 ea
564 1375 599 1403 et
627 1379 706 1403 non
734 1375 870 1415 potens
891 1367 1094 1414 diffugere,
1112 1379 1190 1404 non
1209 1366 1389 1415 permittit

324 1433 409 1457 eam
435 1420 677 1457 descendere.
699 1441 723 1447 -
751 1421 938 1457 Inducunt
966 1427 1094 1456 autem
1123 1421 1242 1456 multa
1270 1432 1388 1470 argu-

322 1479 467 1520 menta,
497 1473 593 1510 idest
614 1475 633 1493 '⁵
662 1473 851 1510 sensibilia
880 1473 996 1521 signa,
1027 1474 1076 1511 ad
1105 1473 1387 1523 ostendendum

323 1526 429 1575 quod
458 1539 523 1563 aer
551 1527 751 1563 conclusus
780 1534 815 1563 et
844 1528 1058 1576 quiescens,
1094 1527 1190 1564 idest
1218 1527 1281 1575 qui
1310 1539 1387 1563 non

322 1588 447 1629 potest
465 1579 482 1608 β
498 1592 542 1617 ex
562 1580 687 1628 aliqua
705 1587 809 1628 parte
830 1580 1009 1628 effugere,
1031 1581 1188 1618 sustinet
1207 1592 1387 1627 magnam

324 1633 561 1681 gravitatem:
592 1641 628 1670 et
656 1634 730 1670 hoc
749 1633 914 1670 maxime
934 1634 977 1671 fit
996 1634 1153 1671 evidens
1174 1646 1219 1670 ex
1242 1633 1388 1670 utribus

323 1686 471 1732 inflatis,
493 1687 557 1734 qui
577 1693 736 1735 possunt
755 1699 938 1735 magnum
958 1687 1110 1736 pondus
1130 1687 1324 1724 sustinere.

378 1751 412 1776 2.
443 1740 592 1777 Deinde
613 1752 699 1776 cum
719 1739 821 1777 dicit:
846 1741 1019 1777 Primum
1040 1741 1188 1790 quidem
1210 1748 1291 1786 etc„
1319 1740 1388 1776 im-

323 1793 460 1842 probat
487 1793 720 1842 praedictam
757 1794 987 1830 solutionem
1020 1794 1138 1831 tribus
1168 1793 1386 1830 rationibus.

325 1847 499 1893 Quarum
531 1846 655 1895 prima
689 1854 744 1883 est
781 1847 869 1895 quia
906 1847 1085 1896 supponit
1118 1849 1214 1884 haec
1251 1846 1387 1884 solutio

323 1907 462 1936 terram
491 1912 573 1936 esse
602 1900 697 1936 latae
730 1900 896 1947 figurae;
936 1901 1041 1950 quod
1071 1908 1125 1937 est
1154 1901 1311 1947 falsum,
1349 1908 1390 1937 ut

324 1953 419 1990 infra
441 1954 460 1974 ’¹‘
479 1953 631 2001 patebit.
662 1953 773 1990 Unde
794 1953 824 1990 si
843 1954 965 2002 figura
984 1961 1104 1991 terrae
1130 1967 1208 1991 non
1229 1961 1284 1990 est
1304 1955 1387 2000 lata,

325 2008 391 2043 secl
412 2006 620 2055 sphaerica,
642 2013 820 2055 sequetur
840 2007 944 2054 quod
971 2020 1048 2044 non
1074 2007 1243 2055 quiescet
1263 2007 1282 2028 *²
1302 2019 1389 2056 pro-

323 2068 407 2109 pter
435 2059 680 2106 latitudinem,
712 2059 807 2096 sicut
835 2060 892 2096 isti
922 2059 1108 2098 dicebant.

380 2114 413 2150 3.
437 2113 655 2150 Secundam
672 2113 857 2150 rationem
872 2113 978 2162 ponit
993 2114 1061 2151 ibi:
1086 2114 1267 2156 Quamvis
1282 2126 1388 2150 man-

322 2167 436 2203 sionis
457 2174 524 2204 ete.
555 2168 604 2203 Et
623 2166 711 2203 dicit
738 2167 855 2214 quod,
876 2167 962 2204 licet
989 2167 1059 2216 ipsi
1088 2167 1319 2215 assignarent
1339 2167 1389 2203 la-

324 2219 522 2256 titudinem
552 2227 673 2256 terrae
700 2232 854 2256 causam
885 2220 1018 2269 quietis
1043 2221 1144 2268 eius,
1174 2228 1303 2257 tamen
1333 2233 1389 2257 se-

325 2273 491 2310 cundum
511 2277 526 2299 ⁷
555 2285 600 2309 ea
629 2285 673 2309 ex
703 2273 840 2321 quibus
867 2274 1100 2322 procedunt,
1131 2286 1209 2311 non
1237 2274 1389 2311 videtur

324 2338 437 2363 causa
455 2327 475 2348 '¹‘
495 2325 701 2363 mansionis
730 2334 850 2363 terrae
877 2327 1045 2374 latitudo,
1076 2328 1142 2364 sed
1168 2327 1287 2375 magis
1308 2340 1388 2364 ma-

323 2379 478 2428 gnitudo
507 2377 636 2428 ipsius.
673 2379 813 2417 Dicunt
847 2380 948 2417 enim
977 2380 1081 2429 quod
1109 2393 1185 2427 aer,
1216 2393 1293 2418 non
1323 2382 1388 2418 ha-

323 2434 417 2470 bens
445 2445 522 2481 quo
551 2440 729 2479 transeat,
759 2442 914 2483 propter
941 2434 1017 2471 hoc
1044 2434 1149 2482 quod
1179 2442 1390 2471 coarctatur

324 2499 345 2523 a
365 2494 472 2532 terra,
494 2494 622 2523 manet
640 2494 796 2535 propter
824 2488 881 2524 sui
910 2487 1211 2533 multitudinem;
1242 2495 1278 2524 et
1301 2500 1388 2537 pro—

324 2547 407 2589 pter
426 2540 500 2576 hoc
528 2540 683 2577 sustinet
701 2547 851 2578 terram.
878 2541 995 2588 Quod
1015 2548 1143 2578 autem
1164 2541 1304 2578 multus
1325 2553 1390 2578 aer

326 2600 534 2630 coarctetur
554 2606 575 2629 a
594 2602 704 2641 terra,
725 2594 906 2642 contingit
932 2602 1088 2644 propter
1106 2595 1181 2631 hoc
1200 2594 1305 2643 quod
1326 2607 1391 2631 aer

327 2646 659 2695 comprehenditur
674 2660 695 2684 a
711 2648 828 2684 multa
847 2647 1107 2696 magnitudine
1127 2655 1260 2684 terrae.
1277 2648 1388 2685 Unde

326 2699 475 2736 videtur
503 2701 607 2748 quod
636 2701 770 2738 eadem
800 2701 893 2738 ratio
924 2709 1033 2747 esset,
1054 2701 1084 2738 si
1104 2709 1202 2738 terra
1227 2709 1390 2750 ponatur

329 2765 410 2790 esse
439 2754 654 2801 sphaericae
684 2755 848 2802 figurae,
889 2762 926 2792 et
961 2762 1086 2792 tantae
1121 2754 1390 2803 magnitudinis

328 2807 433 2855 quod
461 2808 579 2856 possit
605 2809 828 2845 tantundem
859 2808 906 2845 de
935 2821 1022 2846 aere
1059 2816 1270 2845 coarctare:
1301 2808 1390 2856 quia

328 2859 379 2896 sic
409 2860 520 2898 etiam
549 2861 717 2898 manebit
746 2869 781 2898 et
809 2874 874 2899 aer
902 2870 938 2899 et
965 2869 1075 2910 terra,
1097 2861 1309 2899 secundum
1334 2874 1390 2898 ra-

326 2913 469 2950 tionem
499 2927 613 2963 quam
642 2914 841 2963 assignant.

379 2978 416 3013 4.
447 2968 616 3004 Tertiam
651 2968 835 3005 rationem
867 2968 974 3017 ponit
1006 2968 1077 3005 ibi:
1118 2969 1154 3005 T
1150 2968 1296 3005 otaliter
1323 2980 1390 3005 au-

328 3025 399 3056 tem
415 3027 483 3058 etc.
506 3022 554 3058 Et
569 3021 655 3058 dicit
675 3022 778 3070 quod
799 3029 930 3059 contra
950 3034 1016 3059 eos
1033 3021 1097 3071 qui
1112 3021 1164 3058 sic
1184 3022 1391 3070 loquuntur

382 3177 408 3210 α)
427 3177 625 3210 diffugiam-lta
640 3178 695 3208 ΡΑ;
715 3179 858 3204 descendat
877 3179 926 3209 sG,
947 3179 1065 3204 divertat
1077 3179 1108 3210 sl,
1123 3179 1273 3213 distinguat
1291 3180 1333 3204 vel
1353 3179 1394 3204 di-

329 3212 430 3245 stingat
449 3213 596 3238 cet.-Loco
612 3214 767 3245 prohibebit,
784 3215 908 3246 prohibet
923 3215 1085 3240 BCE.-Mox
1097 3223 1144 3248 pro
1153 3215 1298 3244 subsidens,
1309 3215 1392 3240 subsi-

288 3250 294 3263 x
329 3251 400 3272 siens
418 3248 467 3272 PF.
479 3262 497 3267 —
516 3248 550 3272 Ibi
570 3256 620 3273 non
640 3252 735 3281 potens
750 3250 895 3283 diffugere,
916 3258 962 3283 pro
978 3254 1088 3283 potens,
1104 3254 1194 3283 potest
1206 3251 1324 3283 plurimi;
1345 3258 1392 3284 pro

330 3282 458 3316 diffugere
473 3284 563 3308 iterum
579 3284 741 3317 distinguere
760 3285 909 3318 BCEFpGl,
923 3286 1057 3311 discedere
1071 3286 1117 3317 sG,
1133 3286 1264 3311 divertere
1279 3287 1311 3311 sl.

384 3317 408 3349 β)
429 3319 498 3349 quod
511 3326 590 3343 aer...
600 3323 696 3351 potest.
710 3335 728 3339 -
742 3321 777 3345 lta
791 3321 818 3350 P.
830 3322 876 3345 nisi
896 3322 966 3354 quod
986 3330 1033 3354 pro
1052 3322 1189 3347 conclusus
1208 3325 1234 3347 et
1250 3322 1391 3354 quiescens,

331 3352 408 3377 habet
425 3354 560 3378 conclusus
584 3355 731 3386 quiescens,
752 3356 784 3381 cf.
803 3362 877 3387 text.;
898 3358 969 3389 quod
987 3365 1035 3382 aer
1053 3358 1192 3383 conclusus
1212 3360 1238 3382 et
1258 3357 1392 3389 quiescens

333 3387 370 3411 ita
389 3389 459 3420 quod
478 3396 527 3413 non
544 3390 629 3420 possit
648 3391 684 3421 Α;
703 3391 774 3423 quod
792 3399 839 3416 aer
857 3393 993 3417 conclusus
1012 3393 1156 3425 quiesceret
1181 3393 1219 3418 ita
1243 3393 1315 3426 quod
1339 3400 1391 3417 non

328 3423 415 3454 possit
434 3423 537 3454 (posset
556 3424 593 3456 E)
614 3431 660 3450 cet.

385 3459 411 3491 γ)
431 3461 517 3483 tamen
537 3461 713 3485 secumdum.-
727 3462 796 3486 unde
813 3463 955 3488 secundum
970 3464 1044 3488 codd.
1056 3464 1175 3488 exc.As1.
1187 3477 1206 3482 -
1223 3464 1285 3488 Post
1298 3464 1390 3488 lineam

333 3493 391 3517 loco
411 3493 480 3524 quod
498 3501 545 3518 aer
564 3502 614 3519 non
635 3496 743 3525 habens,
771 3498 840 3529 quod
860 3498 955 3523 habent
973 3506 1065 3523 omnes
1091 3499 1180 3528 codd.‚
1201 3499 1219 3523 P
1240 3500 1301 3531 legit
1320 3499 1392 3532 quod

333 3528 357 3553 si
374 3535 421 3552 aer
440 3536 490 3553 non
510 3529 599 3559 habet;
618 3530 649 3555 cf.
668 3535 774 3557 textum.

1025 277 1095 313 DE
1126 275 1301 312 CAELO
1331 275 1402 310 ET
1431 273 1626 310 MUNDO
1657 274 1751 310 LIB.
1783 275 1814 310 II

1449 353 1495 389 de
1512 359 1619 388 motu
1639 360 1675 389 et
1695 353 1821 400 quiete
1842 365 2048 402 corporum
2065 353 2304 400 naturalium,
2328 355 2518 403 consurgit

1448 401 1630 441 dubitatio
1656 418 1730 442 non
1760 407 1805 442 de
1826 413 1949 455 parte,
1970 406 2067 443 idest
2086 419 2163 443 non
2185 407 2232 443 de
2249 407 2374 456 aliquo
2396 408 2416 429 *
2431 421 2518 457 par-

1446 458 1590 494 ticulari
1611 471 1783 507 corpore,
1804 468 1896 508 puta
1925 468 2022 496 terra
2041 461 2103 496 vel
2131 472 2243 508 aqua,
2265 461 2332 498 sed
2360 462 2408 498 de
2436 469 2516 498 toto

1445 511 1631 551 universo.
1657 520 1692 548 et
1720 513 1766 549 de
1787 514 1894 550 omni
1924 526 2083 562 corpore
2105 513 2274 550 naturali.
2301 514 2387 550 Hoc
2417 515 2518 551 enim

1444 564 1596 601 videtur
1628 577 1650 601 a
1682 566 1868 614 principio
1893 566 1932 603 in
1957 567 2093 603 talibus
2123 567 2423 604 dubitationibus
2453 568 2518 604 de-

1445 618 1726 655 terminandum
1751 616 1780 666 ⁸,
1806 627 1934 656 utrum
1965 632 2127 668 corpora
2154 621 2321 657 habeant
2349 620 2516 669 aliquem

1446 678 1596 708 motum
1621 673 1833 717 naturalem
1861 674 1924 710 vel
1945 674 2110 719 nullum;
2142 681 2177 710 et
2206 681 2347 720 utrum,
2379 673 2408 710 si
2437 686 2516 711 non

1443 725 1587 761 habent
1606 732 1755 761 motum
1775 727 1998 773 naturalem,
2028 727 2175 775 possint
2203 728 2345 764 habere
2366 734 2516 765 motum

1444 777 1668 814 violentum.
1692 779 1740 814 Et
1755 779 1843 827 quia
1866 780 1912 824 de
1932 780 1990 816 his
2011 780 2306 817 determinatum
2329 789 2384 817 est
2398 781 2515 829 prius,

1444 831 1584 868 scilicet
1611 831 1649 868 in
1678 831 1803 879 primo
1833 832 1950 879 libro,
1988 841 2138 882 oportet
2165 841 2207 870 ut
2235 847 2336 871 nunc
2365 842 2518 871 utamur

1443 891 1628 933 tanquam
1661 885 1922 931 existentibus,
1953 886 2050 923 idest
2081 887 2204 934 veris,
2240 887 2420 924 omnibus
2458 887 2516 924 his

1443 949 1542 985 quae
1558 949 1672 986 supra
1691 938 1897 975 habuimus
1911 940 2084 988 probata,
2105 941 2317 977 secundum
2337 941 2516 978 virtutem

1443 1003 1542 1039 quae
1572 998 1662 1027 tunc
1691 992 1822 1028 aderat
1851 999 1981 1029 nostro
2019 993 2183 1040 ingenio.
2215 995 2340 1043 Supra
2364 995 2385 1015 *
2402 994 2515 1046 ¹enim

1444 1052 1640 1081 ostensum
1669 1052 1724 1081 est
1752 1045 1871 1092 quod,
1893 1045 1923 1082 si
1947 1047 2072 1083 nullus
2101 1054 2156 1083 est
2182 1052 2310 1084 mOtus
2336 1048 2516 1085 naturalis

1445 1110 1673 1146 corporum,
1709 1110 1836 1146 neque
1870 1099 1984 1135 etiarn
2014 1099 2081 1136 erit
2109 1100 2243 1149 aliquis
2278 1109 2406 1138 motus
2433 1102 2516 1138 vio-

1444 1152 1566 1188 lentus
1591 1163 1743 1188 eorum:
1770 1151 1858 1201 quia
1880 1152 2093 1189 violentum
2123 1161 2179 1190 est
2199 1154 2219 1174 ²²
2239 1153 2347 1202 quasi
2376 1154 2514 1191 excisio

1444 1205 1634 1254 quaedam
1665 1205 1744 1241 eius
1773 1205 1877 1254 quod
1908 1213 1963 1242 est
1996 1206 2210 1243 secundum
2239 1215 2436 1254 naturam,
2475 1215 2517 1244 ut

1444 1270 1559 1306 supra
1589 1259 1607 1278 ’³²
1636 1258 1807 1295 habitum
1838 1266 1904 1296 est.
1945 1259 1984 1296 Si
2014 1266 2142 1296 autern
2178 1273 2257 1297 non
2293 1268 2348 1297 est
2382 1260 2516 1310 aliquis

1445 1319 1572 1348 motus
1602 1324 1808 1361 corporum
1838 1325 1962 1362 neque
1987 1325 2056 1361 per
2089 1320 2263 1350 naturam
2294 1325 2419 1362 neque
2447 1326 2518 1363 per

1443 1365 1677 1412 violentiam,
1694 1366 1864 1414 sequitur
1883 1366 1989 1414 quod
2005 1366 2166 1403 totaliter
2185 1367 2276 1404 nihil
2295 1375 2514 1404 moveatur:

1446 1426 1481 1455 et
1509 1419 1614 1467 quod
1652 1419 1727 1455 hoc
1764 1420 2021 1456 necessarium
2052 1420 2098 1457 sit
2126 1420 2319 1467 accidere,
2359 1421 2515 1470 supra·

1445 1472 1739 1509 determinatum
1761 1480 1826 1510 est.
1845 1474 1894 1509 Et
1908 1474 1956 1510 ad
1975 1474 2051 1510 hoc
2071 1473 2184 1510 etiarn
2206 1474 2428 1512 addendum
2448 1481 2515 1522 est,

1444 1525 1655 1562 secundum
1685 1526 1788 1574 prius
1817 1526 2068 1563 determinata
2090 1528 2126 1573 ⁵⁵,
2155 1528 2261 1576 quod
2282 1528 2326 1568 *.*
2348 1527 2431 1576 pari
2459 1539 2516 1565 ra-

1443 1578 1544 1616 tione
1565 1591 1644 1616 non
1665 1578 1844 1627 contingit
1863 1579 2004 1629 aliquid
2025 1581 2044 1601 *
2065 1580 2279 1628 quiescere:
2299 1581 2394 1618 sicut
2413 1581 2516 1618 enim

1445 1640 1500 1669 est
1514 1632 1647 1680 aliquis
1663 1640 1790 1669 motus
1806 1633 1985 1670 naturalis
2001 1641 2038 1670 et
2052 1634 2253 1680 violentus,
2266 1634 2316 1671 ita
2332 1642 2388 1671 est
2403 1634 2516 1672 etiam

1444 1686 1570 1733 aliqua
1589 1685 1696 1735 quies
1717 1686 1895 1723 naturalis
1924 1694 1961 1723 et
1979 1687 2158 1724 violenta.
2190 1688 2238 1724 Et
2257 1687 2287 1724 si
2309 1695 2363 1724 est
2382 1687 2517 1737 aliquis

1444 1747 1571 1775 motus
1609 1739 1799 1786 naturalis,
1833 1752 1912 1776 non
1952 1740 2019 1776 erit
2055 1741 2179 1777 solum
2218 1748 2345 1778 motus
2370 1740 2516 1778 violen-

1443 1800 1514 1838 tus,
1544 1804 1668 1840 neque
1698 1793 1778 1829 sola
1806 1792 1914 1841 quies
1940 1793 2108 1834 violenta
2127 1799 2155 1830 ⁸:
2186 1794 2273 1843 quia
2297 1794 2334 1831 in
2361 1795 2447 1831 loco
2467 1794 2517 1832 ad

1445 1857 1560 1894 quern
1587 1845 1727 1894 aliquid
1755 1854 1935 1882 movetur
1962 1846 2192 1894 naturaliter,
2214 1846 2329 1884 etiarn
2358 1846 2516 1896 quiescit

1444 1898 1672 1936 naturaliter.

1499 1952 1568 1989 His
1598 1964 1687 1999 ergo
1708 1951 1927 2000 praemissis
1956 1952 2064 2001 quasi
2088 1952 2291 2002 principiis,
2314 1965 2516 2001 argumen-

1444 2013 1542 2042 tatur
1575 2006 1624 2043 ad
1656 2005 1914 2055 propositum,
1952 2006 2184 2043 concludens
2223 2018 2269 2043 ex
2296 2005 2516 2056 praemissis

1445 2059 1561 2108 quod,
1583 2059 1612 2096 si
1643 2058 1750 2108 quies
1774 2066 1894 2095 terrae
1924 2059 1963 2096 in
1990 2059 2119 2096 medio
2149 2071 2228 2096 non
2257 2067 2313 2097 est
2336 2060 2516 2098 naturalis

1444 2113 1512 2150 sed
1536 2113 1724 2158 violenta,
1756 2112 1926 2161 sequitur
1953 2112 2057 2162 quod
2086 2120 2214 2150 motus
2244 2113 2325 2151 eius
2353 2113 2403 2152 ad
2434 2125 2515 2151 me-

1445 2166 1551 2203 dium
1580 2178 1659 2202 non
1692 2165 1738 2202 sit
1766 2165 1966 2213 naturalis,
2005 2165 2073 2203 sed
2105 2174 2261 2216 propter
2292 2166 2516 2205 violentiam

1444 2219 1796 2268 circumgyrationis
1830 2219 1935 2257 caeli.
1966 2220 2115 2257 Omnes
2145 2220 2247 2258 enim
2277 2220 2342 2270 qui
2375 2227 2515 2258 terram

1445 2273 1574 2310 dicunt
1605 2284 1674 2322 per
1701 2272 1923 2310 violentiam
1953 2273 2148 2322 quiescere
2176 2273 2214 2311 in
2243 2274 2396 2322 medio,
2425 2274 2516 2313 assi-

1443 2334 1558 2375 gnant
1591 2327 1691 2363 hanc
1725 2338 1880 2364 causam
1914 2335 2042 2364 motus
2075 2334 2197 2364 terrae
2233 2327 2282 2364 ad
2315 2327 2514 2376 medium,

1442 2380 1539 2417 idest
1558 2382 1577 2400 ⁴*
1607 2380 1990 2428 circumgyrationem
2020 2381 2132 2427 caeli;
2158 2380 2442 2420 considerantes
2470 2393 2517 2419 ex

1443 2434 1499 2471 his
1519 2446 1618 2482 quae
1647 2433 1825 2470 accidunt
1853 2433 1891 2470 in
1919 2433 2069 2482 liquidis
2098 2441 2135 2471 et
2162 2433 2277 2471 etiam
2297 2434 2335 2471 in
2355 2447 2455 2482 aere,
2476 2434 2515 2472 in

1444 2487 1582 2535 quibus
1602 2494 1758 2535 propter
1776 2486 2012 2535 gyrationem
2029 2487 2049 2508 '⁸
2067 2499 2111 2523 ea
2140 2499 2239 2535 quae
2259 2494 2346 2525 sunt
2365 2487 2513 2525 maiora

1445 2549 1481 2577 et
1504 2540 1679 2588 graviora
1709 2547 1984 2588 congregantur
2012 2540 2061 2578 ad
2090 2540 2274 2587 medium,
2305 2541 2413 2590 quasi
2431 2541 2514 2579 vio-

1444 2593 1579 2630 lentius
1595 2593 1744 2642 repulsa
1761 2605 1805 2630 ex
1820 2593 2000 2630 violentia
2015 2593 2231 2642 gyrationis.
2245 2593 2363 2632 Unde
2378 2606 2515 2632 omnes

1444 2647 1508 2696 qui
1527 2654 1676 2696 ponunt
1699 2647 1888 2684 mundum
1903 2659 1973 2696 per
1990 2647 2276 2695 generationem
2291 2647 2514 2698 incoepisse,

1445 2701 1574 2737 dicunt
1594 2699 1698 2749 quod
1717 2708 1816 2737 terra
1835 2700 1940 2737 venit
1964 2700 2012 2738 ad
2034 2700 2206 2738 medium
2231 2709 2387 2750 propter
2404 2713 2515 2751 prae-

1445 2753 1584 2791 dictam
1606 2766 1773 2799 causam,
1803 2753 1900 2791 idest
1927 2761 2083 2803 propter
2109 2754 2330 2792 violentiam
2355 2754 2516 2793 circum-

1444 2806 1650 2856 gyrationis
1679 2807 1782 2844 caeli.
1820 2807 1869 2844 Et
1897 2807 1950 2844 sic
1978 2807 2152 2845 auferunt
2189 2815 2311 2845 terrae
2345 2808 2538 2861 quietem·

1446 2861 1655 2898 naturalem
1681 2867 1717 2897 et
1737 2868 1886 2898 motum
1916 2861 2138 2898 naturalem.
2171 2861 2288 2909 Quod
2309 2869 2366 2898 est
2384 2861 2515 2900 incon-

1444 2914 1619 2951 veniens:
1646 2914 1736 2964 quia
1755 2914 1934 2964 sequitur,
1951 2914 2164 2952 secundum
2183 2915 2387 2964 praedicta,
2408 2915 2515 2965 quod

1444 2968 1604 3005 totaliter
1641 2980 1803 3016 corpora
1840 2968 2023 3005 naturalia
2060 2981 2132 3006 nec
2169 2976 2399 3006 moveantur
2444 2980 2516 3007 nec

1445 3029 1651 3070 quiescant.

1499 3178 1523 3213 ὃ)
1543 3186 1560 3203 a
1577 3179 1744 3211 principit)...
1764 3179 2004 3204 determinandum.
2018 3193 2037 3199 —
2051 3181 2087 3206 lta
2099 3180 2217 3211 codicem
2232 3181 2258 3206 in
2274 3181 2411 3213 principio
2421 3198 2448 3207 ...
2460 3187 2516 3207 me

1446 3214 1652 3240 determinatum
1672 3215 1704 3246 P;
1724 3215 1770 3240 sed
1786 3215 1895 3248 estquod
1911 3216 1996 3240 statim
2011 3216 2136 3248 sequitur.
2158 3216 2193 3241 Ee
2211 3216 2275 3249 quid
2287 3217 2321 3242 de
2334 3217 2375 3242 his
2389 3216 2516 3242 ete-Al·

1446 3255 1499 3275 tera
1519 3251 1596 3279 linea.
1617 3251 1649 3275 ibi
1668 3250 1693 3275 si
1711 3258 1763 3276 non
1783 3251 1891 3279 liabent,
1918 3251 1975 3276 loco
1994 3251 2018 3276 si
2036 3259 2101 3281 non,
2121 3251 2176 3277 sive
2195 3252 2258 3284 Bpl,
2277 3252 2302 3277 si
2320 3252 2394 3285 (rna.)
2413 3251 2448 3282 D;
2467 3259 2516 3285 pro

1446 3286 1550 3314 habent,
1570 3286 1695 3311 haberent
1711 3287 1766 3311 Ρ.-
1781 3286 1860 3310 Paulo
1880 3286 1944 3311 infra
1963 3294 2010 3319 pro
2029 3287 2150 3312 omnibus
2163 3287 2211 3317 his,
2225 3287 2346 3312 omnibus
2364 3287 2405 3312 his
2418 3287 2469 3312 viis
2483 3287 2515 3319 ¹²5

1447 3322 1538 3346 eudem
1553 3330 1599 3354 pro
1613 3322 1752 3346 habuimus
1767 3322 1892 3354 probata,
1908 3322 2096 3354 probavimus,
2113 3322 2145 3348 cf.
2155 3328 2215 3348 text.
2235 3321 2272 3356 (in
2291 3330 2360 3348 vers.
2374 3323 2394 3348 P
2407 3330 2455 3356 pro
2467 3323 2515 3348 ha·

1447 3357 1556 3386 buimus,
1578 3357 1637 3389 legit
1656 3357 1697 3382 his
1715 3358 1774 3390 est).

1499 3392 1611 3427 e)⁴sicut
1631 3393 1699 3417 enim
1719 3396 1792 3418 est...
1812 3393 1885 3425 quies
1905 3393 2028 3419 violenta.
2046 3408 2065 3413 -
2084 3394 2118 3419 Ita
2138 3394 2213 3419 codd.
2233 3401 2286 3419 exc.
2301 3394 2336 3424 Ας
2359 3393 2427 3420 situs
2445 3394 2515 3420 enim

1446 3428 1542 3460 aliquis
1562 3431 1648 3453 motus
1671 3432 1710 3453 est
1730 3429 1863 3453 naturalis
1886 3432 1912 3454 ee
1937 3429 2074 3458 violentus,
2101 3429 2140 3455 ita
2164 3432 2204 3455 est
2221 3429 2302 3454 etiam
2327 3429 2419 3462 aIIqua
2442 3429 2516 3463 quies

1447 3464 1592 3494 naturalis,
1613 3472 1664 3488 non
1689 3464 1742 3489 erit
1765 3465 1849 3489 solum
1874 3468 1961 3490 motus
1990 3465 2120 3491 violentus
2139 3470 2186 3490 etc.
2208 3465 2235 3495 Ρ,
2254 3465 2377 3490 omittens
2396 3464 2516 3490 homote-

1449 3500 1536 3524 leuton
1555 3503 1581 3524 ει
1600 3500 1715 3524 violenta
1773 3500 1914 3525 naturalis.
1934 3500 2066 3526 Homotel.
2088 3501 2123 3525 Er
2146 3500 2170 3526 si
2195 3504 2233 3526 est
2251 3500 2386 3534 aliquis...
2400 3500 2516 3526 violenta

1450 3542 1503 3559 om.
1517 3535 1548 3559 Α.
1569 3535 1616 3560 Ed.
1635 3534 1700 3559 1516
1720 3535 1781 3567 legit
1799 3535 1824 3559 in
1844 3536 1967 3568 principio
1981 3543 2041 3561 cum
2060 3535 2182 3561 omnibus
2202 3536 2277 3561 codd.
2296 3536 2365 3562 slent
2379 3535 2449 3561 enim
2467 3537 2515 3560 ese.

1365 3621 1899 3649 ffi———aq

2546 409 2557 419 ⁸
2572 409 2653 437 aliquo
2674 415 2722 431 om.
2745 415 2759 431 Ρ

2546 438 2569 456 ct
2583 435 2653 457 codd.
2669 442 2719 458 exc.
2733 443 2758 458 Α.

2543 1001 2637 1050 :nglzL
2644 1002 2759 1030 lecum,

2543 1162 2552 1171 ·
2568 1163 2607 1182 est
2623 1167 2673 1184 om.
2687 1161 2757 1184 codd.

2544 1193 2594 1209 exe.
2609 1194 2632 1210 Δ.

2544 1267 2554 1278 ·
2568 1266 2633 1288 Lect.
2641 1273 2672 1294 tv,
2682 1273 2706 1290 n.
2714 1267 2737 1290 6.

2543 1426 2558 1474 ἦ
2568 1425 2621 1475 [bib.
2631 1426 2650 1453 1,
2658 1426 2711 1448 lect.
2718 1433 2757 1454 xv,

2544 1533 2554 1542 ·
2569 1531 2606 1554 cr.
2616 1532 2656 1554 ub.
2666 1531 2689 1560 1,
2704 1532 2758 1555 ieet.

2544 1564 2592 1595 .¹.⁷¹’
2602 1565 2626 1581 n.
2636 1565 2656 1586 3.

2544 1585 2760 1661 ἑιέιῖἴὶαῗοάἒᾰαα.

2543 2389 2553 2399 ·
2567 2388 2693 2411 καίωσι.

2542 2496 2551 2504 ·
2560 2494 2758 2524 circummane-
