2782 4134
32 0 61 43 ξ,

1113 212 1224 250 CAP.
1253 212 1305 260 v,
1335 211 1487 249 LECT.
1516 212 1553 248 x

227 291 377 327 Ἐκεῖνος
400 283 432 320 δ’
463 289 479 320 ὁ
504 287 613 327 τόπος
638 287 698 321 διαὶ
721 287 785 325 τήν
811 288 875 321 τοῦ
907 289 1004 325 ἡλίου
1028 292 1218 334 γειτνίασιν
1244 290 1305 323 οὐκ

301 334 373 378 ἔχει
399 328 515 366 ὕδατα
538 335 597 365 καὶ
622 333 742 377 νομάς,
761 335 797 365 οιῖ
814 327 874 365 διαὶ
894 333 958 369 τήν
981 335 1081 376 πῆξιν
1108 333 1304 370 ποιήσουσιν

300 378 462 418 ἐτησίας,
490 377 582 410 (ἑλλοὶ
605 372 665 410 διαὶ
687 377 730 409 τὸ
755 377 816 410 τόν
842 375 950 409 τόπον
975 374 1062 411 εἶναι
1088 379 1175 411 πολι)
1201 380 1304 411 πλείω

302 423 428 455 ἐκεῖνον
452 424 510 453 καὶ
538 420 846 464 ἀναπεπταμένον,
866 422 988 476 μείζων
1013 425 1072 455 καὶ
1098 424 1221 454 πλείων
1246 425 1305 455 καὶ

302 467 432 511 μᾶλλον
468 465 616 503 ἀλεεινός
649 465 769 510 ἄνεμος
796 466 812 497 ὁ
836 477 936 503 νοτος
968 467 1042 499 ἐστὶ
1077 468 1139 500 τοῦ
1172 466 1304 512 βορέου,

302 513 361 543 καὶ
385 506 495 547 διήκει
520 510 650 554 μᾶλλον
674 505 772 553 δεῦρο
798 508 819 546 ἦ
845 509 945 548 οὗτος
971 508 1050 544 ἐκεῖ.

236 558 291 594 Τίς
343 555 375 588 ὲν
412 552 467 587 οὖν
495 555 594 587 αἰτία.
621 553 756 587 τούτων
789 552 863 586 ἐστὶ
889 555 955 587 τῶν
983 553 1126 598 ἀνέμων,
1152 556 1211 587 καὶ
1236 556 1305 593 πῶς

304 611 419 645 εχουσι
436 598 518 644 πρὸς
545 597 732 640 ἀλλήλους,
756 599 901 643 εἴρηται.

297 697 448 726 ΞΥΝοΡειε.
468 714 503 718 -
530 706 554 725 1.
583 697 795 734 Argumentum
824 702 852 724 et
876 695 979 724 divisio
1006 702 1109 724 textus.
1137 697 1184 724 Ad
1213 696 1308 724 exclu-

235 737 362 766 dendam
376 734 576 765 difficultatem
598 745 672 774 quae
686 742 785 773 posset
808 735 869 764 fieri
891 742 993 764 contra
1013 735 1189 764 solutionem
1210 735 1308 764 datam

235 786 318 806 num.
338 777 356 805 8
377 776 510 805 lectionis
535 776 747 813 praecedentis,
769 775 933 804 ostenditur
952 775 983 803 in
1003 776 1058 804 hac
1079 775 1204 804 lectione
1226 776 1308 813 quod

235 823 333 846 auster
352 816 404 845 flat
421 816 516 851 nobis,
537 826 599 845 non
613 825 631 844 a
644 815 715 853 polo
737 815 905 851 antarctico,
927 816 979 844 sed
992 825 1010 844 a
1029 816 1096 844 loco
1118 816 1168 853 qui
1187 822 1231 844 est
1252 816 1306 843 sub

235 856 350 894 tropico
372 856 485 885 Cancri.
499 873 519 877 —
540 864 567 884 2.
589 856 637 884 Ad
663 855 745 884 cuius
767 855 1004 893 intelligentiam,
1029 855 1229 884 manifestatur
1249 855 1305 884 dis-

235 895 344 934 positio
364 902 456 924 terrae
477 895 649 924 habitabilis.
667 897 704 924 Et
720 896 829 934 primo,
845 895 1006 924 ostenditur
1026 895 1148 932 figuram
1170 895 1231 924 eius
1245 904 1307 924 esse

236 936 311 965 sicut
331 935 423 973 figura
435 935 576 972 tympani.
590 952 609 956 -
626 936 651 964 3.
667 936 810 971 Secundo,
832 936 992 964 excluditur
1010 935 1111 972 opinio
1133 944 1236 964 eorum
1257 935 1307 972 qui

236 975 403 1005 describunt
423 982 529 1004 terram
550 975 708 1004 habitatam
730 985 748 1004 a
768 976 854 1004 nobis
882 975 965 1013 quasi
987 975 1164 1004 circularem.
1187 975 1307 1004 Manife-

305 1129 310 1139 '
358 1110 454 1173 ssu*
489 1122 546 1160 nis
564 1130 745 1172 posuerat
773 1122 879 1172 quod
902 1122 1006 1159 venti
1025 1122 1207 1159 australes
1231 1134 1310 1159 non

308 1198 317 1211 x
432 1180 451 1184 ”
474 1175 582 1212 flant
615 1175 795 1213 continue
827 1183 916 1225 post
951 1175 1134 1212 hiemales
1166 1175 1310 1213 versio-

368 1228 396 1269 -ἶ
487 1241 567 1276 nes,
594 1229 689 1266 sicut
707 1229 949 1278 aquilonares
967 1236 1056 1277 post
1073 1228 1253 1275 aestivas;
1275 1236 1312 1266 et

238 1293 354 1319 causa
381 1294 498 1331 quam
524 1281 740 1330 assignavit,
766 1282 1008 1332 supponebat
1026 1288 1043 1303 ¹²
1072 1281 1179 1331 quod
1205 1282 1311 1319 venti

236 1335 422 1373 australes
449 1347 529 1372 non
556 1335 693 1372 flarent
712 1349 735 1373 a
763 1335 855 1373 locis
883 1336 922 1372 in
947 1335 1086 1384 quibus
1115 1335 1311 1372 abundant

236 1398 362 1438 aquae
389 1395 427 1425 et
453 1388 579 1435 nives;
609 1390 714 1438 quod
733 1396 832 1426 esset
859 1389 1010 1436 falsum,
1030 1388 1062 1425 si
1090 1396 1216 1426 auster
1243 1389 1311 1426 fla-

237 1448 295 1479 ret
322 1441 371 1478 ab
399 1442 518 1479 altero
545 1442 660 1491 polo,
690 1442 779 1492 quia
807 1442 921 1479 etiam
950 1441 1002 1479 ibi
1030 1441 1202 1479 abundat
1229 1442 1312 1479 talis

238 1494 410 1542 materia,
430 1502 472 1532 ut
489 1507 605 1544 supra
619 1495 639 1517 ²¹⁶
654 1495 796 1532 dictum
816 1503 897 1542 est;
923 1495 1010 1533 ideo
1030 1507 1133 1532 nunc
1153 1495 1313 1533 intendit

94 1582 100 1592 .,
238 1547 447 1586 ostendere
475 1548 582 1597 quod
614 1556 741 1586 auster
769 1561 849 1586 non
877 1549 943 1586 flat
972 1550 1020 1586 ab
1049 1549 1166 1586 altero
1195 1549 1308 1598 polo,

102 1609 108 1638 ’.
133 1614 212 1643 ιιι-ο.
238 1599 308 1639 sed
326 1601 453 1640 a.1oco
474 1601 539 1650 qui
559 1608 615 1638 est
634 1602 705 1639 sub
725 1602 872 1651 tropico
893 1601 1063 1640 aestivali
1081 1601 1113 1640 *.
1144 1603 1194 1639 Et
1213 1602 1312 1639 circa

104 1659 108 1661 ’
234 1653 315 1692 hoc
341 1653 412 1692 tria
431 1654 534 1691 facit:
563 1654 690 1703 primo
709 1655 890 1705 proponit
917 1655 1024 1704 quod
1052 1655 1229 1702 intendit;
1254 1668 1312 1693 se-

235 1706 366 1747 cundo
396 1707 612 1745 manifestat
632 1708 922 1757 dispositionem
942 1717 1064 1746 terrae
1083 1709 1310 1757 habitabilis,

233 1767 282 1800 ,ut
307 1760 447 1799 melius
475 1760 680 1810 accipiatur
707 1762 813 1810 quod
841 1762 1022 1810 intendit,
1051 1762 1123 1800 ibi:
1152 1764 1313 1801 Duabus

238 1813 340 1852 enim
373 1814 613 1851 existentibus
639 1814 660 1836 '¹‘
688 1822 780 1862 etc.;
814 1815 923 1853 tertio
958 1815 1174 1854 manifestat
1207 1816 1311 1866 quod

237 1866 432 1917 proponit,
456 1867 525 1905 ibi:
550 1868 739 1910 Quoniam
768 1875 894 1907 autem
921 1869 1092 1907 similiter
1116 1869 1136 1892 ’¹‘
1160 1877 1229 1907 etc.

252 1927 261 1932 “
292 1920 394 1958 Dicit
422 1933 512 1969 ergo
548 1920 675 1970 primo
711 1922 817 1972 quod
854 1930 981 1960 auster
1016 1923 1083 1960 flat
1120 1923 1232 1960 nobis
1261 1923 1311 1961 ab

186 2015 197 2021 Ι
238 1973 382 2012 aestiva
413 1974 596 2021 versione,
618 1974 715 2012 idest
743 1988 765 2012 a
792 1976 879 2013 loco
899 1976 964 2025 qui
992 1984 1048 2014 est
1067 1977 1138 2014 sub
1163 1976 1310 2026 tropico

238 2026 422 2075 aestivali,
447 2027 588 2065 scilicet
615 2029 686 2065 sub
712 2029 884 2076 Cancro3
910 2037 947 2066 et
974 2042 1053 2067 non
1072 2030 1092 2052 ’¹‘
1120 2031 1170 2067 ab
1190 2031 1311 2067 altera

243 2080 355 2128 Ursa,
375 2081 474 2118 idest
493 2081 541 2118 ab
561 2082 679 2119 altero
699 2083 791 2131 polo
811 2082 1068 2121 immanifesto
1089 2083 1212 2121 nobis.
1234 2084 1312 2121 Uti-

124 2156 126 2159 ·
168 2140 213 2164 hoc
235 2140 300 2183 'tur
316 2141 445 2171 autem
464 2134 526 2171 tali
546 2135 667 2173 modo
686 2136 882 2184 loquendi,
903 2136 993 2185 quia
1010 2136 1031 2159 ’¹‘
1048 2137 1182 2186 polum
1203 2137 1310 2174 arcti-

239 2198 342 2236 cum,
354 2187 419 2236 qui
434 2187 546 2224 nobis
560 2197 730 2238 apparet,
748 2189 986 2226 circumeunt
1006 2190 1310 2227 constellationes

238 2239 371 2288 Ursae,
392 2240 550 2278 Maioris
578 2241 719 2279 scilicet
747 2249 783 2279 et
811 2242 983 2280 Minoris.

294 2305 330 2331 2.
360 2294 510 2331 Deinde
539 2306 628 2332 cum
658 2294 771 2332 dicit:
800 2297 962 2333 Duabus
988 2296 1088 2332 enim
1125 2297 1311 2334 existenti-

239 2346 309 2384 bus
329 2354 412 2394 etc.,
433 2338 599 2385 ostendit
628 2348 918 2398 dispositionem
937 2357 1058 2386 terrae
1082 2349 1308 2387 habitabilis.

238 2399 290 2437 Et
315 2400 442 2450 primo
472 2401 636 2439 ostendit
665 2403 769 2451 quod
798 2403 921 2451 figura
946 2410 1068 2440 terrae
1097 2403 1311 2440 habitabilis

240 2460 296 2491 est
315 2453 411 2491 sicut
429 2455 619 2503 tympani;
640 2457 811 2493 secundo
832 2464 961 2494 autem
982 2456 1144 2494 excludit
1163 2456 1311 2505 opinio-

239 2518 331 2547 nem
351 2508 579 2545 contrariam
605 2508 862 2558 quorundam,
881 2509 950 2546 ibi:
971 2510 1132 2559 Propter
1150 2510 1252 2558 quod
1278 2516 1314 2547 et

239 2558 397 2598 ridicule
414 2560 435 2582 ’¹‘
454 2569 523 2598 etc.
564 2602 570 2607 ,

293 2613 394 2651 Dicit
421 2626 511 2663 ergo
531 2615 657 2664 primo
687 2615 793 2664 quod
818 2615 917 2652 duae
941 2623 1068 2665 partes
1096 2623 1184 2653 sunt
1211 2627 1310 2665 quae

238 2673 401 2715 possunt
437 2667 619 2705 habitari:
649 2681 726 2706 una
764 2668 921 2718 quidem
950 2681 1050 2717 quae
1089 2677 1145 2706 est
1176 2682 1311 2707 versus

240 2719 478 2769 superiorem
504 2722 641 2770 polum
669 2721 872 2770 arcticum,
902 2722 941 2759 in
969 2735 1046 2771 qua
1073 2723 1213 2760 scilicet
1239 2735 1311 2760 nos

239 2772 477 2820 habitamus3
508 2775 623 2811 altera
655 2787 750 2812 vero
789 2783 844 2812 est
879 2788 1015 2813 versus
1052 2777 1212 2813 alterurn
1242 2789 1310 2825 po-

239 2827 342 2873 lum,
372 2834 408 2864 et
437 2834 493 2864 est
520 2827 632 2865 nobis
665 2828 714 2865 ad
743 2828 964 2875 meridiem,
995 2829 1090 2866 sicut
1118 2837 1154 2866 et
1181 2837 1310 2867 nostra

238 2879 453 2918 habitabilis
487 2888 543 2918 est
571 2881 625 2918 eis
658 2881 707 2919 ad
744 2881 945 2919 meridiem
973 2880 991 2910 β
1018 2882 1200 2931 ipsorum.
1233 2883 1310 2920 Sed

239 2940 369 2970 utrum
389 2933 450 2970 illa
467 2941 567 2971 terra
585 2935 785 2982 habitetur,
803 2934 979 2983 relinquit
996 2935 1308 2974 immanifestum.

240 2985 446 3035 Utriusque
466 2994 595 3025 tamen
613 2988 729 3037 partis
750 2996 806 3025 est
824 2989 946 3036 figura
964 2990 1013 3026 ad
1034 2989 1196 3027 modum
1211 2997 1310 3039 tym-

239 3039 342 3090 pani.
379 3040 499 3077 Cuius
532 3041 844 3089 imaginationem
874 3050 1024 3092 oportet
1052 3042 1105 3080 sic
1138 3043 1309 3092 accipere

243 3105 289 3130 ex
323 3093 377 3130 eis
414 3106 513 3142 quae
551 3095 671 3143 ponit.
702 3095 950 3132 Manifestum
979 3103 1035 3132 est
1072 3096 1175 3133 enim
1204 3097 1310 3146 quod

241 3146 368 3196 aliqua
395 3159 484 3195 pars
513 3148 681 3185 caelestis
719 3149 903 3198 sphaerae
933 3157 988 3186 est
1016 3150 1127 3186 nobis
1156 3162 1311 3199 semper

242 3211 443 3249 apparens,
460 3200 599 3238 scilicet
617 3214 640 3238 a
658 3202 750 3251 polo
771 3202 910 3240 arctico
929 3215 1051 3252 usque
1072 3203 1120 3240 ad
1140 3203 1309 3251 aliquam

236 3253 504 3302 quantitatem,
534 3266 634 3302 quae
663 3262 766 3292 tanto
795 3255 923 3292 minor
946 3255 966 3278 ³¹⁶
995 3264 1060 3303 est,
1087 3264 1230 3305 quanto
1260 3256 1310 3293 ad

109 1515 122 1528 ‚¹
147 1508 212 1527 ⁸010.

79 2011 99 2031 ’,

78 2040 80 2043 ’
149 2037 174 2055 Ι.

296 3384 323 3416 α)
343 3387 369 3409 et
387 3391 470 3409 causa
487 3393 567 3417 quam
581 3386 739 3419 assignavit,
754 3387 927 3420 supponebat.
944 3401 965 3406 --
982 3394 1142 3420 causamque
1160 3388 1312 3420 assignavit

243 3419 269 3444 in
289 3426 342 3451 qua
361 3421 525 3451 supponebat
542 3421 588 3445 Pa.
633 3433 635 3435 ·

298 3453 323 3486 β)
336 3455 404 3479 sicut
416 3458 474 3480 et...
488 3456 634 3481 meridiem.
647 3457 704 3482 Hoc
718 3457 915 3482 homoteleuton
929 3465 982 3482 om.
992 3458 1022 3482 B.
1031 3471 1050 3477 —-
1060 3457 1111 3481 Pro
1121 3458 1248 3490 relinquit
1262 3458 1310 3482 im-

2346 226 2425 262 419

1362 292 1418 323 ule
1441 298 1550 323 autem
1571 292 1681 331 locus,
1709 298 1839 333 propter
1869 292 1944 322 solis
1967 292 2186 331 vicinantium,
2211 302 2314 333 neque
2337 292 2431 325 habet

1429 347 1527 378 aquas
1560 347 1663 378 neque
1687 347 1822 378 pascua,
1846 346 1928 377 quae
1951 343 2081 377 propter
2104 336 2362 378 liquefactionem
2385 338 2430 368 fa-

1430 388 1536 412 cerent
1559 381 1679 412 etesias.
1705 381 1767 412 Sed
1790 380 1866 422 quia
1889 380 1993 412 multo
2017 381 2119 411 maior
2143 388 2188 412 est
2211 381 2301 412 locus
2323 382 2375 413 ille
2401 389 2432 413 et

1430 435 1598 466 expansus,
1622 426 1725 456 maior
1748 432 1779 456 et
1801 425 1938 466 amplior
1962 432 1993 456 et
2013 425 2112 465 magis
2135 435 2227 456 verax
2249 433 2361 457 ventus
2385 433 2432 458 est

1429 476 1534 500 auster
1566 471 1681 509 borea,
1706 476 1737 501 et
1755 469 1902 510 pertingit
1929 470 2029 510 magis
2052 469 2116 501 huc
2139 480 2237 511 quam
2259 471 2317 501 iste
2344 471 2430 502 illuc.

1363 557 1453 594 Quae
1477 558 1608 598 quidem
1632 558 1727 598 igitur
1750 568 1845 589 causa
1867 558 1986 590 horum
2021 565 2068 589 est
2089 564 2271 598 ventorum,
2289 565 2319 589 et
2350 568 2431 600 quo-

1428 602 1528 632 modo
1552 613 1586 633 se
1608 602 1743 634 habeant
1765 603 1952 641 adinvicem,
1976 602 2098 634 dictum
2121 609 2176 634 est.

1363 703 1453 725 statur
1474 698 1531 726 hoc
1551 707 1613 726 esse
1634 698 1812 735 impossibile
1834 706 1861 728 et
1882 700 2042 728 secundum
2063 699 2214 735 rationem,
2229 706 2258 728 et
2271 700 2431 728 secundum

1363 736 1444 773 signa
1471 737 1639 773 apparentia
1660 738 1734 767 circa
1765 739 1962 776 navigationes
1983 747 2011 768 et
2031 739 2142 768 itinera.
2163 757 2182 761 —
2202 749 2231 775 4.
2262 740 2433 768 Ostenditur

1363 777 1439 813 quod
1459 782 1559 804 auster
1580 787 1636 805 non
1650 778 1709 816 flat
1722 788 1740 806 a
1750 780 1820 816 polo
1841 780 2009 808 antarctico.
2031 780 2094 808 Flat
2113 779 2213 817 utique
2227 781 2263 808 ab
2284 781 2342 808 hoc
2361 780 2431 817 polo

1362 815 1465 853 aliquis
1494 823 1616 852 ventus,
1640 817 1712 845 sicut
1742 827 1759 846 a
1789 820 1858 855 polo
1890 819 1997 848 arctico
2028 820 2078 848 flat
2106 821 2225 848 boreas:
2252 820 2304 848 sed
2330 820 2433 857 nequit

1362 862 1464 884 ventus
1495 856 1541 884 ille
1563 866 1655 893 usque
1676 858 1713 885 ad
1732 867 1786 886 nos
1807 859 1977 896 pertingere.
1993 877 2011 880 -
2035 860 2060 888 5.
2086 859 2257 888 Ostenditur
2283 861 2360 897 quod
2380 870 2431 888 au-

1361 901 1423 923 ster
1451 901 1494 924 est
1521 901 1623 924 ventus
1643 896 1726 935 flans
1746 906 1764 925 a
1791 899 1901 936 tropico
1929 900 2046 928 aestivo.
2068 915 2086 920 -
2113 901 2139 928 6.
2164 899 2335 937 Assignatur
2364 909 2433 929 vera

1361 944 1449 964 causa
1474 936 1672 1003 vlehementiae
1696 943 1725 965 et
1751 938 1910 966 durationis
1934 939 2037 975 austri,
2070 940 2230 968 secundum
2261 939 2432 977 opinionem

1360 975 1487 1004 Aristote
1499 976 1532 1004 is.

1364 1069 1499 1118 polum
1528 1069 1749 1118 oppositum
1768 1071 1859 1119 polo
1889 1067 2025 1109 arctic'o
2055 1073 2189 1121 aliquis
2217 1074 2337 1122 magis
2365 1087 2433 1124 ap-

1365 1123 1606 1171 propinquat.
1636 1123 1720 1160 Alia
1754 1132 1884 1161 autern
1919 1138 2007 1174 pars
2042 1134 2098 1163 est
2129 1127 2241 1164 nobis
2278 1140 2434 1177 semper

1364 1175 1639 1223 immanifesta,
1671 1176 1811 1214 scilicet
1837 1190 1860 1214 a
1886 1179 1977 1226 polo
2012 1179 2198 1216 contrario
2231 1193 2353 1229 usque
2382 1181 2432 1219 ad

1366 1229 1534 1278 aliquam
1553 1229 1813 1279 quantitatem,
1839 1243 1937 1280 quae
1957 1231 2070 1269 etiam
2090 1240 2193 1270 tanto
2214 1234 2338 1271 maior
2363 1241 2430 1282 est,

1366 1286 1509 1332 q'uanto
1540 1291 1595 1320 est
1632 1283 1756 1320 maior
1781 1284 2044 1334 propinquitas
2081 1286 2130 1323 ad
2158 1288 2292 1335 polum
2325 1287 2432 1335 arcti-

1367 1349 1468 1373 cum.
1500 1338 1542 1373 In
1567 1336 1697 1373 medio
1726 1345 1855 1374 autem
1883 1338 1980 1375 inter
1997 1346 2202 1388 utrumque
2221 1342 2355 1389 polum
2376 1348 2433 1378 est

1367 1389 1529 1427 circulus
1557 1390 1853 1439 aequinoctialis,
1875 1404 1992 1440 quem
2013 1391 2211 1430 intersecat
2238 1394 2430 1442 zodiacus,

1368 1443 1561 1480 declinans
1590 1443 1639 1480 ad
1667 1450 1868 1493 utramque
1896 1453 2056 1493 partem.
2084 1446 2158 1483 Ubi
2188 1459 2276 1494 ergo
2305 1447 2432 1484 zodia-

1368 1509 1434 1533 cus
1463 1496 1630 1533 maxime
1651 1496 1813 1534 declinat
1840 1498 1888 1534 ab
1908 1498 2173 1546 aequinoctiali
2200 1512 2335 1537 versus
2363 1513 2431 1550 po-

1366 1550 1446 1587 lum
1475 1550 1669 1597 arcticum,
1692 1558 1746 1587 est
1767 1550 1934 1600 tropicus
1955 1552 2154 1599 aestivalis,
2174 1552 2270 1590 idest
2297 1554 2433 1602 princi-

1366 1603 1476 1652 pium
1496 1603 1652 1640 Cancri:
1673 1603 1738 1640 ubi
1754 1611 1882 1640 autem
1903 1604 2069 1642 maxime
2083 1605 2103 1627 ’¹‘
2123 1605 2285 1643 declinat
2298 1619 2433 1645 versus

1367 1657 1501 1706 polum
1518 1657 1710 1694 occultum
1726 1657 1849 1704 nobis,
1872 1665 1927 1694 est
1945 1658 2111 1707 tropicus
2131 1658 2315 1707 hiemalis,
2336 1661 2434 1698 idest

1366 1710 1597 1759 principium
1618 1710 1852 1759 Capricorni.
1878 1712 1985 1748 Haec
2014 1724 2103 1760 ergo
2134 1720 2189 1749 est
2211 1713 2318 1750 tertia
2345 1727 2433 1763 pars

1368 1763 1538 1800 caelestis
1567 1764 1763 1812 sphaerae,
1786 1776 1883 1813 quae
1913 1772 1968 1802 est
1995 1764 2091 1802 inter
2119 1765 2217 1803 duos
2254 1767 2431 1815 tropicos.

1367 1818 1478 1854 Duae
1508 1825 1638 1854 autem
1658 1817 1752 1854 aliae
1781 1826 1907 1866 partes
1928 1818 2229 1856 considerantur:
2259 1833 2337 1857 una
2365 1820 2433 1857 sci-

1367 1870 1452 1907 licet
1488 1870 1586 1922 inter
1614 1870 1803 1919 tropicum
1841 1870 2062 1908 aestivalem
2101 1879 2137 1908 et
2164 1872 2202 1909 id
2239 1873 2346 1922 quod
2378 1881 2434 1910 est

1367 1936 1521 1973 semper
1556 1924 1667 1960 nobis
1705 1924 1973 1972 manifestum3
2008 1925 2080 1962 alia
2111 1925 2208 1962 inter
2245 1927 2434 1975 tropicum

1366 1977 1572 2015 hiemalem
1596 1985 1632 2014 et
1656 1977 1695 2014 id
1714 1977 1821 2026 quod
1836 1986 1892 2014 est
1911 1977 2022 2015 nobis
2043 1979 2234 2016 occultum
2253 1979 2299 2016 de
2316 1981 2432 2017 caelo.

1367 2032 1416 2068 Et
1436 2031 1524 2080 quia
1543 2038 1621 2067 tota
1650 2038 1749 2067 terra
1769 2031 1965 2079 sphaerica
1994 2039 2060 2078 est,
2083 2039 2119 2068 et
2138 2032 2176 2069 in
2196 2040 2325 2069 centro
2351 2046 2433 2070 cae-

1366 2084 1467 2121 lestis
1497 2085 1682 2133 sphaerae
1711 2084 1845 2131 locata,
1866 2097 2023 2122 necesse
2053 2093 2108 2122 est
2135 2086 2241 2134 quod
2269 2087 2340 2123 sub
2360 2086 2434 2124 sin-

1366 2137 1460 2185 gulis
1498 2137 1667 2186 partibus
1705 2138 1889 2186 sphaerae
1936 2138 2106 2175 caelestis
2149 2139 2436 2177 considerentur

1367 2190 1536 2239 singulae
1556 2198 1682 2240 partes
1711 2191 1895 2239 sphaerae
1921 2192 2114 2229 terrestris.
2136 2193 2178 2229 In
2206 2200 2349 2241 puncto
2369 2193 2434 2241 igi-

1366 2251 1426 2280 tur
1453 2252 1574 2280 terrae
1603 2243 1707 2292 qui*
1727 2251 1783 2280 est
1810 2245 1881 2281 sub
1909 2245 2001 2293 polo
2026 2245 2177 2292 arctico,
2199 2246 2435 2284 describatur

1366 2299 1422 2343 A;
1453 2297 1491 2334 in
1519 2305 1662 2346 puncto
1699 2309 1794 2334 vero
1824 2297 1888 2346 qui
1918 2306 1972 2335 est
2010 2299 2080 2335 sub
2119 2299 2282 2336 termino
2317 2300 2433 2348 partis

1367 2362 1520 2399 semper
1538 2350 1773 2398 manifestae,
1796 2350 2028 2388 describatur
2048 2353 2099 2398 B;
2124 2351 2163 2388 in
2177 2360 2319 2401 puncto
2338 2366 2433 2391 vero

1367 2404 1432 2453 qui
1451 2411 1507 2440 est
1526 2403 1597 2440 sub
1618 2403 1763 2441 aestivo
1783 2404 1942 2453 tropico,
1960 2405 2194 2442 describatur
2214 2407 2263 2452 C;
2280 2406 2318 2443 in
2336 2419 2433 2455 pun-

1367 2465 1427 2494 cto
1455 2470 1550 2494 vero
1581 2457 1647 2505 qui
1673 2465 1730 2494 est
1748 2457 1819 2494 sub
1838 2458 1992 2495 hiemali
2021 2458 2179 2507 tropico,
2201 2460 2435 2497 describatur

1366 2512 1424 2558 D;
1448 2510 1487 2547 in
1514 2518 1658 2559 puncto
1688 2518 1818 2547 autern
1847 2511 1912 2559 qui
1943 2519 1998 2548 est
2026 2513 2096 2549 sub
2126 2512 2288 2550 termino
2317 2513 2433 2562 partis

1367 2576 1520 2613 semper
1548 2564 1731 2611 occultae,
1754 2564 1986 2602 describatur
2005 2566 2059 2611 E3
2086 2565 2124 2602 in
2142 2574 2284 2615 puncto
2305 2574 2433 2604 autem

1365 2617 1432 2667 qui
1447 2625 1503 2654 est
1517 2618 1588 2654 sub
1603 2617 1623 2639 '¹‘
1636 2618 1727 2666 polo
1744 2618 1960 2666 antarctico,
1978 2618 2211 2656 describatur
2226 2620 2268 2665 F;
2284 2619 2322 2656 in
2336 2633 2433 2669 pun-

1367 2679 1427 2708 cto
1456 2678 1585 2708 autem
1606 2670 1671 2719 qui
1690 2679 1746 2708 est
1765 2670 1803 2708 in
1824 2679 1953 2708 centro
1973 2679 2107 2719 terrae,
2130 2672 2363 2710 describatur
2381 2675 2430 2720 Z;

1366 2732 1402 2761 et
1421 2724 1683 2773 producantur
1702 2732 1826 2761 rectae
1846 2725 1967 2762 lineae
1988 2738 2010 2762 a
2030 2733 2159 2763 centro
2179 2733 2298 2763 terrae
2316 2732 2342 2773 ⁷,
2363 2727 2431 2763 sci-

1365 2778 1451 2815 licet
1469 2778 1508 2814 in
1527 2779 1558 2814 B
1580 2784 1616 2814 et
1634 2777 1673 2814 in
1689 2778 1732 2815 C.
1754 2778 1912 2823 [Lineae
1933 2779 1996 2815 ZB
2018 2786 2054 2815 et
2073 2780 2153 2824 ZC]
2174 2779 2315 2816 faciunt
2335 2780 2432 2817 duos

1365 2832 1524 2879 angulos
1554 2843 1641 2867 cum
1662 2830 1761 2868 linea
1791 2831 1902 2868 ducta
1930 2844 1999 2880 per
2027 2833 2267 2881 superficiem
2297 2841 2429 2880 terrae,

1365 2897 1463 2933 quos
1483 2884 1641 2932 angulos
1660 2884 1723 2921 hic
1742 2896 1855 2921 conos
1874 2893 1998 2922 vocat.
2026 2886 2075 2921 Et
2093 2885 2182 2933 quia
2201 2885 2299 2922 linea
2319 2886 2431 2922 ducta

1363 2950 1433 2987 per
1461 2938 1706 2986 superficiem
1734 2945 1856 2975 terrae
1886 2946 1940 2974 est
1969 2951 2096 2985 curva,
2128 2951 2174 2975 eo
2204 2940 2308 2986 quod
2333 2946 2431 2977 terra

1365 2999 1421 3028 est
1449 2991 1657 3040 sphaerica,
1679 2991 1924 3028 manifestum
1949 2999 2004 3027 est
2031 2992 2135 3040 quod
2157 2992 2254 3028 duae
2282 2991 2430 3040 praedi-

1366 3052 1447 3081 ctae
1467 3045 1589 3081 lineae
1619 3044 1761 3080 faciunt
1779 3044 1943 3091 figuram
1963 3044 2135 3092 tympani
2154 3044 2184 3091 ³¹⁶,
2208 3045 2431 3082 descinden-

1364 3105 1420 3134 tes
1440 3097 1683 3146 superficiem
1712 3105 1832 3133 terrae
1856 3097 1895 3134 in
1914 3097 2076 3144 figuram
2096 3110 2174 3134 non
2196 3097 2428 3135 circularem.

1365 3152 1414 3187 Et
1433 3151 1507 3187 hoc
1528 3159 1593 3197 est,
1616 3150 1720 3198 quod
1741 3149 1846 3186 dicit:
1875 3150 1987 3186 talem
2007 3150 2105 3187 enim
2123 3152 2314 3200 figuram,
2335 3151 2431 3188 idest

1364 3204 1554 3252 tympani,
1584 3210 1703 3239 terrae
1733 3203 1946 3239 habitabilis
1983 3204 2160 3240 excidunt
2185 3205 2283 3240 duae
2310 3204 2431 3241 lineae

1365 3257 1498 3293 ductae
1525 3269 1575 3292 ex
1603 3261 1729 3292 centro
1756 3256 1880 3303 ipsius,
1901 3256 1997 3292 idest
2025 3264 2146 3293 terrae
2168 3254 2196 3303 δ;
2226 3262 2261 3293 et
2273 3258 2433 3305 faciunt

1359 3388 1468 3421 faciunt
1486 3388 1582 3420 aliquid
1596 3388 1735 3412 desiderari
1747 3387 1855 3418 videtur,
1870 3393 1932 3420 puta
1950 3388 2049 3413 Lineae
2063 3389 2109 3413 ZB
2122 3392 2149 3414 et
2162 3389 2214 3419 ΖΕ,
2234 3391 2305 3422 quod
2319 3390 2344 3415 in
2359 3398 2431 3416 com-

1365 3428 1454 3447 mento
1473 3424 1537 3447 inter
1556 3423 1692 3447 uncinulos
1712 3424 1860 3447 clausimus.

1418 3457 1442 3489 ὃ)
1460 3459 1540 3483 talem
1555 3458 1625 3482 enim
1638 3459 1768 3491 figuram,
1789 3458 1857 3483 idest
1870 3459 2029 3492 tympani
2045 3459 2113 3484 idest
2126 3463 2222 3485 terrae.
2236 3474 2255 3479 -
2267 3462 2346 3486 talem
2359 3461 2429 3486 enim

243 3490 423 3523 manifestum,
443 3491 604 3523 relinquitur
619 3493 790 3526 manifestum
803 3493 841 3517 Pa
847 3500 856 3522 ‚⁴
874 3501 923 3526 pro
942 3496 1029 3518 tamen
1044 3493 1135 3524 partis
1153 3496 1193 3518 est
1204 3493 1309 3526 figura,
1357 3493 1480 3526 figuram
1494 3497 1583 3518 terrae
1597 3493 1748 3518 habitabilis
1761 3497 1787 3518 et
1801 3494 1926 3527 tympani
1940 3494 2071 3519 excidunt
2083 3495 2168 3520 lineae
2181 3503 2248 3527 quae
2258 3500 2321 3521 sunt
2334 3497 2430 3522 ductae

243 3528 333 3550 autem
348 3525 438 3557 partis
457 3529 497 3551 est
508 3527 634 3559 figurata
652 3528 681 3552 B.

1364 3535 1381 3552 a
1399 3532 1491 3553 centro
1510 3529 1592 3560 ipsius
1618 3532 1708 3554 terrae
1726 3530 1755 3554 B.
1773 3543 1791 3548 -
1810 3529 1881 3554 Idem
1905 3538 1964 3554 mox
1989 3530 2083 3555 omittit
2105 3538 2163 3556 cum
2188 3531 2258 3556 linea
2283 3532 2364 3557 ducta
2377 3539 2430 3564 per

297 3561 323 3594 γ)
343 3561 511 3586 describatur
523 3562 577 3587 Z...
591 3566 681 3588 centro
701 3566 798 3588 terrae.
812 3577 831 3582 -
845 3564 902 3588 Hoc
914 3571 968 3588 om.
984 3564 1014 3588 B.
1028 3577 1047 3582 -
1059 3562 1142 3587 Etiam
1156 3563 1182 3588 in
1197 3563 1235 3588 Pa
1250 3568 1309 3589 ante
1363 3564 1527 3597 superficiem
1547 3567 1644 3589 terrae.

2461 1621 2469 1629 '
2484 1620 2562 1649 magis
2575 1626 2614 1642 ra.

2461 2260 2473 2271 ⁴
2487 2266 2548 2288 quae
2562 2266 2601 2282 ra.

2459 2634 2471 2645 ⁶
2485 2634 2538 2661 ipso
2555 2634 2608 2656 add.
2624 2640 2647 2656 Β.

2556 2741 2572 2766 Υ

2459 3061 2467 3070 ·
2479 3060 2578 3087 pyrami
2592 3066 2615 3081 Β.
