2782 4134
82 1417 96 1427 -›
154 1465 156 1467 >
181 1443 188 1451 ⁶
209 1442 391 1482 disci-ntus
417 1449 543 1486 autem
571 1450 609 1481 et
633 1442 843 1492 difficilis*

1090 238 1202 275 CAP.
1231 238 1284 286 v,
1314 238 1548 276 LECT.1X

282 316 432 344 smorsrs.
457 331 491 336 —
519 325 543 343 1.
558 316 772 352 Argumentum
794 321 823 343 et
836 315 938 343 divisio
953 322 1055 343 textus.
1072 333 1090 337 -
1104 316 1151 344 De
1166 316 1297 344 deminu-

222 355 298 384 tione
321 361 482 384 ventorum.
505 356 542 383 Et
558 355 668 393 primo,
684 355 836 392 quomodo
858 355 903 382 sol
923 355 959 382 sit
980 364 1069 383 eausa
1090 355 1296 384 deminutionis

221 404 334 424 eorum.
356 393 436 423 Sicut
449 395 494 423 sol
508 398 607 423 movet
627 400 739 430 ventos,
761 394 800 422 ita
815 403 865 422 eos
880 403 990 422 cessare
1004 395 1078 429 facit,
1094 396 1295 424 consumendo

220 441 250 464 et
270 434 456 463 dissolvendo
477 434 683 462 exhalationes.
706 433 829 470 Impedit
853 433 938 462 etiam
966 443 1002 462 ne
1023 434 1100 462 venti
1121 435 1295 470 exoriantur,

220 481 364 512 quatenus
383 473 520 502 velociter
540 473 664 502 exsiccat
683 480 806 509 terram,
829 472 857 501 et
877 474 1011 510 prohibet
1039 474 1293 511 congregationem

220 513 418 549 exhalationis,
434 523 509 551 quae
524 520 566 542 est
577 513 699 542 materia
712 519 875 542 ventorum.
888 529 907 533 —
925 521 952 541 2.
965 514 1108 548 Secundo,
1121 514 1294 551 colliguntur

218 553 419 582 universaliter
433 562 536 581 causae
551 552 719 582 cessationis
733 553 779 581 vel
792 552 1000 581 deminutionis
1014 560 1177 581 ventorum.
1200 554 1293 582 Tran-

219 593 345 631 quinitas
366 602 384 622 a
403 592 496 621 ventis
518 593 550 621 fit
570 599 620 621 aut
640 598 760 629 propter
780 601 919 629 magnum
941 591 1038 629 frigus,
1054 594 1135 629 quod
1155 593 1293 630 extinguit

218 633 392 667 caliditatem
410 633 602 662 resolventem
617 632 829 667 exhalationes;
851 638 901 660 aut
921 639 1040 668 propter
1061 641 1200 669 magnum
1214 633 1292 661 calo-

217 682 296 709 rem,
317 673 368 710 qui
390 673 512 701 suffocat
535 679 563 700 et
584 672 722 710 extinguit
747 671 968 700 exhalationem.
989 689 1007 693 —
1031 672 1056 700 3.
1075 672 1292 710 Deaugmento

220 718 383 741 ventorum.
405 714 441 740 Et
454 712 551 749 primo
573 713 609 740 de
624 714 781 749 augmento
803 712 885 749 quod
905 711 1009 739 accidit
1030 711 1060 739 in
1076 717 1142 740 ortu
1160 712 1290 740 Orionis.

218 753 252 781 In
264 758 332 781 ortu
346 759 375 781 et
388 761 495 781 occasu
515 751 601 780 huius
622 751 724 780 sideris
737 750 811 779 fiunt
829 760 930 788 graves
943 758 972 779 et
992 751 1182 788 tempestuosi
1203 751 1288 780 venti.

215 793 253 822 Et
273 792 348 825 ratio
368 799 422 828 est,
435 792 504 829 quia
524 798 604 820 ortus
626 791 688 820 eius
709 790 812 820 accidit
833 791 863 819 in
883 791 1098 828 permutatione
1119 791 1234 820 aestatis
1252 793 1290 820 ad

216 838 401 868 autumnum,
411 841 532 861 occasus
546 841 616 860 vero
630 831 660 860 in
674 831 888 869 permutatione
902 831 1035 860 autumni
1049 831 1087 859 ad
1101 830 1243 866 hiemem3
1258 831 1289 860 in

214 871 478 909 permutationibus
499 878 597 900 autem
617 877 784 908 temporum
810 871 944 899 accidunt
968 871 1076 899 multae
1097 871 1289 908 perturbatio-

215 918 284 948 nes3
305 918 335 941 et
348 911 423 949 ,ideo
436 917 556 948 propter
569 910 838 948 multiplicationem
853 910 1079 946 exhalationum,
1096 911 1289 947 multiplican-

213 957 262 986 ξιι-
281 951 395 988 pluviae
415 958 445 980 et
457 950 544 979 venti.
558 967 578 972 -
592 961 621 987 4.
638 953 682 980 De
702 957 859 988 augmento
873 951 951 980 venti
965 958 1032 987 post
1045 957 1143 979 ortum
1160 951 1257 980 Canis.
1269 968 1288 973 -

214 991 379 1025 Subdivisio
391 998 493 1020 textus.
503 1008 522 1012 —
530 991 658 1025 Etesiae,
670 991 744 1020 idest
757 990 835 1019 venti
850 990 968 1028 quidam
983 991 1131 1026 annuales,
1138 990 1210 1019 flant
1221 997 1289 1027 post

213 1028 369 1063 a6lstitium
391 1031 531 1060 aestivum
554 1037 582 1059 et
603 1030 689 1060 etiarn
711 1037 779 1068 post
793 1037 890 1059 ortum
913 1030 1084 1059 Caniculae:
1106 1040 1168 1059 non
1189 1037 1287 1059 autem

211 1336 326 1384 duas.
343 1335 395 1373 in
421 1337 547 1385 prima
575 1337 803 1375 determinat
830 1337 878 1374 de
899 1335 1162 1374 deminutione
1189 1348 1283 1373 ven-

210 1389 356 1437 iotam
385 1388 424 1426 in
451 1390 623 1428 secunda
643 1391 691 1428 de
719 1397 925 1438 augmento
945 1402 1094 1436 eorum,
1119 1388 1189 1426 ibi:
1218 1390 1283 1426 In-

874 1450 944 1479 etc.
975 1443 1086 1480 Circa
1113 1442 1282 1491 primum

211 1486 290 1535 dub
311 1496 423 1543 facit.
449 1496 576 1546 primo
597 1496 762 1534 ostendit
781 1495 981 1546 quomodo
1011 1497 1068 1533 sol
1093 1495 1140 1532 sit
1169 1508 1283 1532 causa

100 1583 102 1588 ,
211 1538 481 1593 deffiinutionis
494 1557 718 1595 ventorum;
739 1549 909 1586 secundo
928 1549 1192 1587 universaliter
1207 1549 1282 1586 col-

99 1643 112 1651 „
209 1600 307 1652 mi*
314 1611 448 1640 causas
469 1614 512 1640 ex
529 1603 668 1652 quibus
689 1602 870 1652 contingit
886 1610 1025 1640 ventos
1054 1614 1200 1640 cessare
1219 1603 1283 1640 vel

108 1682 116 1702 s
157 1656 160 1658 ’
210 1651 400 1704 ddnmlu,
412 1655 484 1694 ibi:
519 1656 790 1694 Universaliter
816 1662 942 1694 autem
959 1655 1104 1705 fiunt*
1129 1663 1199 1693 etc.

168 1718 170 1720 ’
221 1709 366 1754 &mcii
379 1721 473 1758 ergo
491 1709 619 1759 primo
639 1709 758 1759 quod,
781 1709 877 1747 sicut
895 1710 952 1747 sol
971 1717 1106 1747 movet
1123 1715 1279 1756 ventos,

207 1762 397 1808 itffliiti'am’
409 1775 481 1806 eos
511 1775 660 1800 cessare
678 1769 696 1784 ²
716 1763 813 1800 facit.
836 1764 938 1800 Cum
959 1763 1062 1800 enim
1082 1769 1169 1800 sunt
1187 1775 1280 1812 pau-

209 1815 298 1854 cffl'
304 1813 563 1854 exhalationes
591 1823 628 1854 et
656 1816 816 1863 debiles,
856 1816 1023 1853 caliditas
1057 1816 1146 1853 solis
1176 1816 1280 1865 quod

209 1868 406 1919 &inagis
424 1870 592 1907 calidum
620 1869 659 1906 in
679 1869 918 1907 exhalatione
944 1869 1124 1916 distrahit,
1151 1868 1279 1918 ipsum

209 1918 475 1973 ὃόὶιμύωειιάο
514 1930 551 1960 et
585 1922 832 1966 dissolvendo
871 1922 1150 1970 exhalationes,
1185 1922 1281 1960 sicut

207 1961 352 2015 ffler
353 1976 520 2014 flamma
540 1976 766 2014 exterminat
788 1976 991 2023 minorem,
1013 1976 1278 2014 consumendo

207 2016 408 2068 materian
437 2030 536 2068 eius:
567 2037 604 2067 et
632 2030 683 2067 sic
717 2037 867 2067 cessant
892 2030 1008 2067 venti.
1039 2030 1124 2067 Nec
1153 2030 1278 2067 solum

206 2078 310 2121 fflf
314 2082 394 2121 eds
401 2087 550 2121 cessare
569 2083 646 2120 iam
668 2083 878 2130 existentes,
900 2083 969 2121 sed
985 2083 1100 2120 etiam
1120 2082 1281 2132 impedit

182 2137 190 2145 '
208 2124 345 2175 ὀὸῡῑιιέ
363 2136 477 2183 fiant;
508 2137 602 2175 dum
622 2136 764 2174 scilicet
782 2137 1031 2185 praevenit,
999 2135 1020 2158 *
1052 2136 1279 2174 exsiccando

207 2177 357 2235 te‘h‘m
365 2188 400 2237 ⁴⁸,
422 2190 781 2265 congregationem
801 2165 1060 2236 exhalationis,
1086 2201 1195 2249 ‘quae
1224 2197 1281 2226 est

207 2243 368 2289 &meria
381 2250 588 2280 ventorum
605 2247 657 2290 (et
674 2242 781 2280 hoc*
795 2243 976 2292 contingit
995 2242 1162 2280 maxime
1183 2250 1278 2280 tem-

127 2309 130 2312 ’
206 2295 419 2352 potibuset
436 2296 529 2334 locis
550 2296 678 2334 calidis
698 2304 735 2334 et
754 2295 897 2343 siccis):
918 2303 960 2333 ut
976 2295 997 2318 *
1017 2295 1047 2333 si
1066 2296 1151 2345 quis
1166 2295 1280 2344 proii-

209 2349 311 2395 deret
337 2349 535 2394 modicum
566 2349 833 2387 cumbustibile
861 2350 900 2386 in
924 2361 1109 2397 magnum
1138 2349 1277 2397 ignem,

159 2436 162 2442 2
209 2397 269 2440 ἐκ(
275 2403 532 2442 vehementia
570 2403 664 2452 ignis
693 2403 905 2441 desiccatur
935 2403 1038 2452 prius
1075 2402 1280 2440 humiditas

209 2445 495 2505 &hammus
525 2469 644 2506 quam
673 2457 802 2494 fumus
825 2456 914 2494 inde
943 2456 1120 2493 exhalare
1148 2455 1278 2505 possit.

209 2508 282 2548 Sile:
276 2509 434 2558 igitur*
448 2511 505 2548 sol
518 2518 564 2547 et
577 2522 726 2547 cessare
742 2509 828 2547 facit
845 2517 995 2556 ventos,
1013 2509 1279 2546 consumendo

208 2559 410 2609 materiam
437 2563 515 2601 iam
543 2563 804 2610 recollectam;
835 2571 872 2600 et
899 2563 1060 2612 impedit
1086 2575 1135 2599 ne
1164 2563 1279 2610 fiant,

207 2603 391 2668 veldciter
408 2616 639 2654 desiccando
667 2624 821 2654 terram.
849 2617 899 2653 Et
923 2616 1011 2654 ideo
1033 2615 1130 2653 circa
1151 2592 1279 2652 orturri

209 2657 385 2717 Orionis,
415 2670 521 2708 idest
548 2678 636 2708 ante
667 2678 819 2726 tempus
853 2670 892 2707 in
930 2682 1006 2719 quo
1046 2669 1279 2706 constellatio

173 2743 181 2750 ·
209 2698 385 2764 Orionis
393 2722 414 2745 '¹'
439 2722 571 2772 incipit
598 2735 800 2772 apparere,
830 2723 960 2760 exiens
989 2723 1036 2760 de
1066 2723 1137 2759 sub
1166 2722 1279 2759 radiis

157 2797 159 2800 v
209 2775 310 2823 solis,
325 2775 349 2824 ’.μ
363 2783 545 2826 ιιῑειιιῙιοιᾞι
559 2777 738 2814 ferventis
758 2775 920 2823 aestatis,
936 2777 980 2813 fit
998 2776 1167 2813 maxima
1181 2783 1280 2812 tran-

208 2828 438 2879 quillitas'in
465 2841 563 2866 aere-
583 2842 606 2866 a
633 2829 769 2877 ventis,
789 2841 913 2878 usque
942 2829 991 2866 ad
1019 2829 1161 2874 etesias,
1183 2828 1282 2866 idest

209 2882 260 2920 ad
275 2889 414 2920 ventos
443 2883 647 2931 annuales,
677 2883 742 2932 qui
771 2882 967 2920 annuatim
998 2890 1280 2919 consueverunt

207 2934 302 2989 flare
329 2935 368 2975 in
396 2943 555 2983 aestate,
570 2943 622 2974 et
642 2936 885 2984 prodromos,
913 2935 1049 2973 idest*
1069 2935 1279 2995 praecursi-

207 3000 299 3026 vos:
329 2988 419 3038 quia
447 2988 583 3034 etesias
611 2989 817 3039 aliquando
846 2989 961 3038 aliqui
978 2988 1084 3025 venti
1102 3000 1280 3037 praecur-

102 3039 119 3045 ’
209 3049 317 3090 runt,
321 3049 479 3091 propter
497 3042 572 3080 hoc
587 3041 700 3091 quod
719 3042 926 3092 aliquando
941 3041 962 3063 *
981 3041 1106 3091 aliqua
1121 3041 1279 3078 materia

206 3094 379 3143 velocius
407 3103 666 3144 praeparatur.

242 3159 300 3196 2-
328 3147 494 3186 Deinde
541 3161 630 3185 cum
677 3148 791 3186 dicit:
843 3147 1114 3185 Universaliter
1153 3152 1278 3184 autem

197 3175 312 3250 fiunt
330 3208 414 3248 etc.,
444 3201 583 3249 colligit
610 3213 744 3238 causas
763 3200 784 3222 ³²
811 3199 1031 3237 cessationis
1058 3207 1277 3237 ventorum.

2341 240 2419 285 415

1351 317 1470 353 quando
1485 317 1529 345 sol
1544 317 1668 346 maxime
1682 318 1897 355 appropinquat
1911 317 2005 353 nobis,
2020 328 2116 356 neque
2131 320 2249 356 quando
2265 326 2307 348 est
2321 320 2419 357 longe.

1351 358 1388 384 Et
1408 357 1523 392 iterum,
1538 357 1610 386 flant
1630 358 1666 385 de
1687 357 1743 392 die,
1758 364 1786 386 et
1806 357 1940 386 noctibus
1961 366 2082 387 cessant.
2103 375 2123 380 -
2145 360 2171 387 5.
2189 360 2284 387 Causa
2303 360 2418 396 praedi-

1350 403 1473 425 ctorum.
1489 398 1525 425 Et
1534 397 1643 435 primo,
1659 406 1748 434 quare
1762 397 1910 434 praedicto
1924 405 2056 443 tempore
2076 398 2147 426 flant
2161 399 2274 427 etesiae
2290 400 2416 434 Quando

1350 437 1394 464 sol
1409 443 1451 464 est
1464 437 1588 464 maxime
1603 436 1794 474 propinquus,
1809 437 1888 474 prius
1904 437 2026 466 exsiccat
2046 438 2200 466 humorem
2216 448 2304 475 quam
2325 439 2417 475 possit

1349 475 1451 504 exinde
1473 477 1640 513 congregari
1655 477 1796 505 exhalatio
1811 486 1886 514 quae
1899 475 2024 506 sufficiat
2038 478 2076 506 ad
2092 478 2309 515 generationem
2322 478 2415 507 venti.

1348 516 1400 543 sed
1421 517 1539 552 quando
1561 517 1606 544 sol
1627 517 1839 554 aliquantulum
1866 517 1989 553 recedit,
2011 524 2080 546 tunc
2101 515 2248 546 sufficiens
2273 518 2415 547 exhalatio

1347 555 1507 590 resolvitur,
1523 563 1551 584 et
1571 556 1611 584 sic
1629 564 1803 593 generantur
1822 557 1909 585 venti.
1924 573 1943 578 —
1959 558 1987 585 6.
2003 558 2146 592 Secundo,
2169 567 2258 594 quare
2279 557 2309 585 in
2330 564 2416 587 nocte

1347 594 1484 622 deficiunt
1509 595 1623 623 etesiae.
1653 597 1748 624 Causa
1775 603 1832 632 est,
1862 597 1931 634 quia
1957 597 2095 634 frigiditas
2122 597 2253 626 noctium
2283 598 2415 634 congelat

1346 634 1500 662 humores:
1522 644 1584 663 non
1599 635 1676 663 enim
1691 636 1803 664 exhalat
1815 636 1847 664 id
1861 637 1942 673 quod
1956 643 1999 665 est
2015 637 2208 674 congelatum,
2223 646 2319 674 neque
2334 638 2415 674 quod

1346 680 1389 701 est
1414 674 1523 702 siccum
1544 684 1605 702 non
1626 676 1735 705 habens
1763 676 1974 705 humiditatem.
1995 693 2016 697 -
2037 686 2065 714 7.
2087 676 2153 706 Alia
2173 683 2266 705 textus
2287 677 2414 705 subdivi-

1345 712 1398 740 sio.
1414 730 1432 734 -
1452 714 1642 747 Quorundam
1658 715 1796 743 dubitatio
1811 716 1890 744 circa
1901 716 2063 754 praedicta.
2081 717 2177 751 Quare
2190 716 2268 745 venti
2282 717 2414 746 boreales

1345 750 1482 780 continue
1503 753 1575 781 flant
1596 761 1662 790 post
1683 754 1838 783 solstitium
1862 755 2018 791 aestivum,
2040 763 2068 784 et
2088 756 2178 784 austri
2198 765 2260 784 non
2281 756 2322 784 sic
2342 756 2414 784 flant

1343 799 1410 828 post
1431 792 1584 820 solstitium
1614 793 1754 822 hiemale?
1776 810 1793 815 -
1817 796 1844 823 8.
1867 796 1987 824 Salutio.
2010 797 2079 824 Post
2106 795 2261 825 solstitium
2288 796 2413 825 hiemale

1343 831 1416 860 fiunt
1436 832 1536 869 utique
1558 832 1677 869 quidam
1698 834 1774 861 venti
1796 835 1947 870 australes,
1970 835 2020 872 qui
2041 835 2176 864 dicuntur
2196 836 2341 864 leuconoti
2361 845 2413 864 seu

1343 872 1506 906 ornithiae;
1527 873 1578 900 sed
1599 872 1668 909 quia
1694 880 1761 901 sunt
1782 874 1904 909 debiles,
1926 882 1954 903 et
1974 875 2084 903 tardius
2104 876 2175 904 flant
2196 885 2285 913 quam
2307 875 2412 904 etesiae

1342 911 1483 947 boreales,
1498 918 1526 940 et
1539 921 1601 940 non
1616 918 1682 940 sunt
1696 913 1835 948 continui,
1851 913 1916 942 ideo
1931 915 2034 950 latent3
2057 922 2086 943 et
2102 915 2156 944 ista
2176 915 2293 944 latentia
2313 921 2412 944 causat

1341 951 1531 987 praemissam
1552 951 1773 980 dubitationem.
1806 955 1830 980 Ε
1851 963 1990 982 converso
2011 955 2088 983 venti
2115 955 2315 1001 aquilonares,
2343 954 2412 992 quia
2447 990 2450 993 ,

1340 991 1412 1019 flant
1432 1001 1449 1019 a
1470 991 1541 1020 locis
1562 992 1592 1019 in
1614 991 1718 1028 quibus
1733 999 1776 1020 est
1795 994 1973 1022 abundantia
1987 1004 2126 1031 aquarum
2143 1002 2170 1023 et
2184 995 2304 1031 nivium,
2318 995 2410 1032 magis

1340 1031 1448 1059 habent
1469 1031 1660 1068 aptitudinem
1682 1038 1714 1060 ut
1734 1032 1791 1060 sint
1812 1033 1941 1061 continui
1964 1041 1992 1062 et
2012 1034 2163 1063 manifesti.

1339 1136 1491 1161 causas:
1513 1131 1576 1161 aut
1594 1132 1751 1173 propter
1769 1138 1952 1173 magnum
1974 1126 2087 1175 frigus
2108 1127 2327 1175 extinguens
2348 1140 2408 1165 ca-

1337 1177 1518 1214 liditatem
1548 1178 1804 1215 resolventem
1834 1180 2120 1227 exhalationem,
2150 1181 2245 1218 sicut
2273 1181 2410 1218 accidit

1337 1237 1512 1279 tempore
1539 1243 1616 1280 quo
1646 1239 1702 1268 est
1731 1243 1913 1279 magnum
1941 1234 2045 1280 gelu,
2068 1246 2156 1271 cum
2185 1234 2334 1283 supra*
2353 1234 2407 1272 di-

1338 1290 1442 1321 ctum
1472 1283 1518 1320 sit
1537 1284 1641 1333 quod
1670 1284 1806 1333 pruina
1834 1285 2038 1334 impeditur
2057 1299 2079 1323 a
2097 1287 2231 1333 ventis,
2254 1294 2290 1324 et
2317 1287 2405 1324 ideo

1338 1349 1426 1374 cum
1443 1345 1500 1374 est
1517 1349 1701 1385 magnum
1722 1338 1834 1386 frigus
1851 1346 1886 1375 et
1900 1339 2047 1388 pruina,
2063 1352 2142 1377 non
2157 1347 2244 1377 sunt
2257 1339 2405 1387 venti&

1337 1398 1401 1427 aut
1421 1390 1535 1427 etiam
1564 1390 1698 1427 accidit
1715 1399 1872 1440 propter
1900 1392 2110 1430 maximum
2140 1394 2319 1438 calorem,
2342 1393 2406 1442 qui

2435 1240 2444 1248 '¹
2453 1238 2504 1260 Lib.
2513 1239 2530 1266 Ι,
2539 1240 2590 1262 lect.
2598 1247 2647 1268 xiv,

1337 1443 1500 1480 suffocat
1528 1451 1564 1480 et
1593 1443 1770 1492 extinguit
1798 1445 2088 1492 exhalationem,
2108 1453 2150 1482 ut
2169 1459 2283 1496 supra
2302 1446 2323 1468 ’¹‘
2351 1446 2405 1484 di·
2431 1458 2442 1469 ⁸

1338 1504 1441 1533 ctum
1462 1504 1529 1533 est.
1561 1497 1637 1533 Sed
1662 1497 1776 1534 etiarn
1805 1498 2043 1546 temporibus
2072 1498 2314 1546 intermediis,
2336 1499 2404 1537 sci-

1336 1549 1421 1586 licet
1448 1549 1545 1586 inter
1564 1550 1776 1587 maximum
1796 1550 1910 1598 frigus
1931 1559 1966 1588 et
1985 1552 2197 1589 maximum
2223 1553 2403 1600 calorem,

1335 1602 1433 1639 fiunt
1445 1603 1632 1652 plurimae
1648 1603 1950 1652 tranquillitates:
1972 1605 2033 1641 vel
2054 1606 2208 1654 quando
2229 1606 2403 1643 nondum

1337 1655 1434 1693 facta
1454 1664 1510 1693 est
1529 1656 1715 1693 exhalatio
1730 1665 1818 1705 post
1836 1657 2153 1706 impedimentum
2174 1658 2320 1707 frigoris
2339 1666 2405 1696 aut

1336 1709 1488 1756 caloris;
1514 1717 1578 1746 aut
1597 1709 1751 1758 quando
1781 1711 1858 1747 iam
1879 1710 1976 1747 facta
1996 1719 2051 1748 est
2070 1712 2194 1761 aliqua
2214 1711 2234 1733 ³¹⁸
2254 1713 2404 1749 exhala-
2431 1724 2442 1734 ⁸

1334 1762 1386 1799 tio
1407 1769 1444 1799 et
1461 1762 1661 1813 praeteriit,
1680 1770 1716 1800 et
1729 1763 1801 1799 alia
1821 1764 1996 1801 nondum
2017 1764 2182 1812 advenit,
2198 1772 2403 1814 postquam

1335 1828 1380 1852 ex
1409 1816 1609 1865 praeterita
1637 1817 1803 1864 generati
1832 1825 1919 1854 sunt
1945 1818 2060 1854 venti.

1391 1870 1425 1906 3.
1446 1869 1598 1906 Deinde
1619 1881 1707 1906 cum
1729 1869 1834 1907 dicit:
1862 1870 2090 1907 Indiscretus
2108 1876 2234 1907 autem
2254 1877 2290 1907 et
2306 1871 2403 1920 diffi-

1333 1922 1413 1959 cilis
1442 1930 1526 1969 etc„
1558 1923 1785 1960 determinat
1813 1923 1860 1960 de
1885 1932 2090 1971 augmento
2109 1931 2335 1961 ventorum:
2367 1932 2404 1962 et

1332 1975 1460 2025 primo
1481 1976 1528 2013 de
1549 1984 1754 2024 augmento
1775 1977 1881 2026 quod
1901 1977 2038 2014 accidit
2064 1977 2101 2014 in
2122 1984 2206 2014 ortu
2227 1977 2402 2023 Orionis;

1333 2029 1504 2066 secundo
1535 2029 1582 2066 de
1611 2038 1818 2077 augmento
1856 2029 1962 2078 quod
2000 2030 2135 2067 accidit
2161 2038 2250 2079 post
2276 2038 2402 2068 ortum

1334 2082 1462 2129 Canis,
1483 2081 1550 2119 ibi:
1578 2083 1728 2120 Etesiae
1752 2088 1877 2119 autem
1896 2083 1916 2105 ’¹‘
1941 2090 2009 2120 etc.

1385 2135 1484 2172 Dicit
1503 2147 1592 2183 ergo
1621 2136 1745 2184 primo
1766 2135 1871 2184 quod
1890 2136 2065 2184 figuratio
2096 2135 2251 2173 Orionis
2271 2136 2309 2173 in
2329 2149 2400 2173 suo

1333 2195 1418 2225 ortu
1447 2196 1484 2225 et
1512 2200 1662 2236 occasu,
1688 2188 1785 2226 idest
1813 2189 1968 2237 quando
1996 2189 2124 2238 incipit
2152 2202 2337 2238 apparere
2367 2197 2403 2226 et

1333 2241 1489 2290 quando
1518 2241 1648 2290 incipit
1667 2241 1872 2291 disparere,
1899 2250 1954 2280 est
1973 2243 2182 2288 indiscreta,
2204 2242 2285 2280 sive
2305 2243 2401 2280 into-

1332 2294 1508 2342 lerabilis,
1539 2301 1576 2331 et
1602 2294 1780 2343 difficilis,
1810 2295 1908 2332 idest
1933 2297 2048 2333 habet
2076 2308 2211 2343 graves
2241 2303 2278 2333 et
2304 2303 2401 2333 tem-

1332 2355 1534 2397 pestuosos
1561 2355 1710 2385 ventos.
1740 2349 1826 2385 Nec
1854 2356 1909 2386 est
1926 2354 1942 2376 ⁷
1971 2348 2200 2386 contrarium
2231 2349 2264 2386 ei
2295 2350 2401 2397 quod

1333 2413 1447 2450 supra
1469 2401 1491 2423 *
1519 2401 1625 2438 dixit:
1655 2413 1746 2438 nam
1774 2409 1860 2438 ante
1881 2410 2008 2439 ortum
2029 2402 2182 2439 Orionis
2203 2409 2258 2439 est
2285 2415 2402 2451 quae—

1334 2455 1424 2492 dam
1461 2454 1729 2502 tranquillitas,
1758 2462 1800 2492 ut
1837 2468 1951 2504 supra
1979 2455 2087 2503 dixit,
2118 2455 2185 2493 sed
2205 2454 2225 2477 ’¹‘
2252 2455 2290 2492 in
2317 2455 2401 2504 ipso

1334 2515 1419 2544 ortu
1440 2514 1476 2544 et
1495 2519 1635 2544 occasu
1655 2515 1711 2544 est
1729 2515 1947 2557 tempestas.
1978 2509 2104 2546 Causa
2133 2515 2260 2545 autem
2289 2508 2401 2546 huius

1334 2568 1400 2608 est,
1417 2560 1507 2609 quia
1521 2567 1625 2597 ortus
1640 2560 1758 2610 ipsius
1777 2561 1909 2598 accidit
1927 2561 1966 2599 in
1984 2561 2263 2610 permutatione
2283 2570 2402 2599 aesta-

1334 2614 1378 2651 tis
1397 2614 1447 2651 ad
1472 2621 1713 2661 autumnum,
1735 2615 1894 2651 occasus
1914 2622 2042 2652 autem
2062 2614 2100 2652 in
2120 2615 2400 2664 permutatione

1335 2667 1508 2704 autumni
1527 2667 1576 2704 ad
1594 2667 1777 2704 hiemem.
1804 2668 2018 2716 Utrumque
2039 2676 2167 2705 autem
2186 2675 2349 2717 tempus,
2367 2677 2403 2706 et

1335 2727 1439 2757 ortus
1468 2727 1504 2757 et
1531 2733 1710 2768 occasus,
1738 2733 1810 2769 per
1835 2722 1964 2770 plures
1994 2721 2073 2759 dies
2102 2722 2222 2767 durat,
2247 2729 2403 2770 propter

1335 2773 1617 2811 multitudinem
1647 2774 1951 2821 constellationis,
1973 2787 2071 2823 quae
2095 2787 2174 2811 non
2192 2782 2271 2811 tota
2290 2774 2401 2811 simul

1334 2827 1463 2875 incipit
1482 2839 1667 2876 apparere
1686 2828 1748 2863 vel
1775 2827 1978 2876 disparere.
2001 2829 2042 2863 In
2060 2827 2401 2876 permutationibus

1335 2887 1464 2916 autem
1483 2887 1702 2928 temporum
1723 2880 1899 2917 accidunt
1918 2881 2060 2917 multae
2079 2880 2399 2929 perturbationes:

2472 1271 2489 1287 ιι
2504 1272 2557 1294 sqq.

2534 1341 2548 1375 β

2457 1458 2529 1481 Num.
2546 1465 2622 1487 praec.

2456 1723 2537 1752 aliqua
2552 1730 2602 1746 orn.
2619 1731 2643 1746 ιι.

2430 2094 2439 2103 ·
2454 2093 2526 2115 Num.
2541 2099 2590 2121 seq.

2430 2413 2439 2423 '¹
2453 2412 2524 2434 Num.
2540 2419 2556 2434 1.

2428 2465 2439 2476 “
2453 2463 2496 2485 sed
2509 2470 2557 2486 om.
2572 2470 2610 2486 ra.

1335 2933 1426 2981 quia
1443 2933 1600 2980 quando
1616 2932 1636 2954 '¹‘
1655 2941 1807 2981 tempus
1835 2946 1913 2970 non
1943 2941 1999 2969 est
2027 2933 2322 2970 determinatum
2351 2933 2400 2970 ad
2427 2941 2437 2952 ⁸
2451 2942 2511 2963 enim
2525 2948 2552 2963 n-

1333 2998 1478 3033 unum,
1509 2986 1628 3022 modo
1659 2986 1819 3023 declinat
1847 2986 1895 3023 ad
1922 2986 2008 3032 hoc,
2037 2986 2156 3023 modo
2185 2986 2234 3023 ad
2254 2993 2401 3023 contra-

1334 3040 1443 3076 rium.
1479 3039 1529 3076 Et
1556 3038 1643 3076 ideo
1671 3038 1691 3060 ²¹⁶
1719 3039 2012 3087 multiplicantur
2043 3038 2195 3087 pluviae
2234 3046 2272 3075 et
2296 3039 2401 3076 venti
2427 3043 2576 3065 ⁸⁸⁶⁶¹md⁸m
2595 3044 2641 3065 ¹¹⁰0

1333 3100 1490 3142 propter
1519 3091 1785 3128 exhalationes.

1388 3157 1425 3192 4.
1452 3144 1603 3181 Deinde
1632 3156 1720 3180 cum
1758 3143 1863 3181 dicit:
1891 3143 2041 3180 Etesiae
2067 3150 2194 3182 autem
2222 3152 2306 3191 etc„
2336 3145 2400 3182 de-

1334 3197 1511 3234 terminat
1540 3198 1586 3233 de
1616 3205 1821 3255 augmento
1850 3197 1955 3234 venti
1991 3204 2079 3246 post
2116 3205 2241 3235 ortum
2271 3174 2397 3236 Canis.

209 3251 261 3319 Et
273 3253 362 3292 dicit
376 3253 481 3302 quod
500 3253 746 3302 tranquillitas
765 3266 788 3290 a
805 3252 928 3290 ventis
947 3253 991 3289 fit
1008 3259 1165 3300 propter
1185 3252 1279 3289 duas
1305 3244 1309 3297 Ι
1335 3252 1384 3287 Ει
1412 3250 1510 3287 circa
1537 3251 1612 3286 hoc
1639 3250 1708 3286 tria
1735 3249 1836 3286 facit:
1866 3249 1992 3298 primo
2020 3250 2200 3299 proponit
2226 3251 2400 3300 proposi-

230 3466 234 3471 .
265 3447 294 3480 α)
313 3447 355 3472 vel
373 3445 524 3471 deminui...
535 3451 650 3470 cessare.
666 3457 685 3463 -
703 3444 761 3468 Hoc
779 3443 976 3468 homoteleuton
994 3451 1047 3467 om.
1066 3443 1096 3467 B.
1107 3442 1212 3467 -Idem
1230 3450 1278 3475 pro
1304 3442 1307 3469 Ι
1334 3449 1460 3475 magnum
1479 3442 1541 3475 gelu
1559 3442 1631 3474 quod
1649 3449 1708 3467 cum
1727 3449 1810 3474 supra
1829 3442 1928 3467 dictum
1941 3443 1977 3467 sit
1990 3443 2062 3475 quod
2075 3444 2178 3475 pruina
2197 3444 2341 3476 impeditur
2352 3449 2401 3471 aut

214 3483 280 3508 Cum
299 3482 402 3507 enim...
421 3480 549 3506 distrahit
566 3481 652 3512 ipsum
665 3479 757 3504 habet:
779 3479 844 3503 Cum
859 3478 929 3504 enim
947 3481 1011 3503 sunt
1023 3484 1129 3510 paucae
1142 3481 1170 3502 et
1183 3478 1280 3503 debiles

212 3517 399 3544 exhalationes
416 3516 480 3542 solis
498 3516 615 3541 calidum
634 3515 706 3547 quod
717 3517 757 3539 est
769 3513 857 3547 magis
870 3514 987 3539 calidum
1001 3513 1062 3538 exte
1079 3516 1095 3538 n
1107 3513 1280 3538 exhalatione

211 3553 340 3578 darer-ibit
357 3552 454 3584 ipsum.

267 3587 293 3621 β)
312 3588 381 3613 sicut
398 3587 518 3613 accidit..
511 3604 527 3611 ..
547 3593 598 3611 non
623 3589 686 3611 sunt
708 3585 788 3610 venti.
807 3598 825 3604 —
841 3584 911 3610 sicut
928 3584 1027 3609 accidit
1051 3587 1169 3615 tempore
1192 3587 1222 3609 ut
1243 3583 1280 3608 sit

1334 3478 1419 3502 ventis
1437 3478 1471 3507 133
1490 3485 1538 3509 pro
1555 3477 1631 3506 sicut,
1650 3478 1675 3502 si
1693 3477 1739 3502 Pa.

1386 3513 1413 3546 γ)
1432 3513 1504 3545 quod
1515 3513 1649 3546 figuratio
1672 3513 1779 3537 Orionis
1799 3513 1825 3537 in
1844 3520 1892 3538 suo
1910 3516 1996 3538 ortu..
1999 3514 2080 3539 .Nec
2098 3517 2146 3540 est.
2163 3527 2182 3535 -
2200 3515 2272 3548 quod
2289 3523 2347 3541 cum
2364 3511 2419 3550 fl?

1332 3548 1442 3581 gur-atio
1462 3548 1519 3581 (vel
1537 3547 1732 3581 configuratio)
1756 3548 1863 3573 Orionis
1881 3552 1908 3573 et
1924 3556 1942 3573 a
1960 3556 2008 3574 suo
2026 3552 2113 3576 ortu..
2114 3557 2185 3575 .non
2203 3554 2244 3576 est
2255 3552 2317 3577 B.-
2329 3551 2400 3576 Idem

1334 3591 1395 3608 mox
1413 3591 1466 3608 om.
1485 3583 1681 3608 homoteleuton
1701 3590 1764 3608 nam
1782 3587 1868 3609 ante..
1870 3591 1978 3617 ..supra
1997 3585 2080 3610 dixit.
