2782 4134
670 372 833 456 DE
892 371 1327 457 CAELO
1399 372 1554 457 ET
1626 372 2112 458 MUNDO

725 605 742 624 .
1196 568 1471 634 LIBER
1519 569 1576 633 11

1087 883 1391 940 LECTIO
1435 885 1700 941 PRIMA

733 1037 857 1076 QUOD
883 1037 1064 1069 CAELUM
1088 1038 1155 1070 SIT
1179 1038 1506 1078 SEMPITERNUM,
1530 1039 1589 1070 ET
1613 1039 1737 1078 QUOD
1761 1040 1857 1071 EIUS
1880 1040 2046 1080 MOTUS,

518 1095 702 1126 NULLUM
726 1095 897 1127 HABENS
920 1095 1072 1136 FINEM,
1097 1096 1164 1127 SIT
1188 1096 1297 1128 FINIS
1319 1097 1520 1128 ALIORUM
1543 1096 1739 1128 MOTUUM
1762 1098 1820 1128 ET
1845 1098 1911 1129 SIT
1935 1098 2029 1129 SINE
2053 1098 2226 1131 LABORE
2241 1117 2259 1122 -

940 1153 1273 1185 EXCLUDUNTUR
1295 1154 1526 1186 OPINIONES
1550 1154 1834 1186 CONTRARIAE

274 1283 356 1318 Ὀτι
379 1285 440 1328 μὲν
466 1281 524 1316 οὖν
550 1283 631 1316 οὔτε
656 1282 794 1330 γέγονεν
822 1284 838 1315 ὁ
864 1283 930 1321 πόἱς
958 1282 1099 1326 οὗρανός
1125 1283 1196 1315 οὔτ’
1227 1277 1359 1329 ἐνδέχε-

352 1342 413 1363 ται
430 1328 612 1374 φθαρῆναι,
630 1327 786 1373 καθάπερ
803 1327 894 1366 τινές
910 1339 1010 1371 φασιν
1028 1326 1150 1369 αὐτόν,
1170 1328 1243 1360 ἀλλ’
1265 1327 1358 1360 ἔστιν

351 1375 397 1413 εἷς
428 1375 488 1406 καὶ
515 1368 643 1414 ἀίδιος,
671 1373 778 1418 ἀρχὴν
810 1373 870 1417 μὲν
901 1374 962 1404 καὶ
987 1372 1154 1409 τελευτήν
1180 1371 1240 1405 οὐκ
1273 1372 1358 1418 ἔχων

352 1419 415 1452 τοῦ
441 1417 573 1455 παντὸς
600 1418 734 1459 αἰῶνος,
753 1417 840 1462 ἔχων
864 1412 902 1449 δὲ
925 1418 985 1449 καὶ
1011 1415 1174 1462 περιέχων
1201 1417 1234 1449 ἑν
1262 1419 1358 1460 αὐτῷ

352 1463 412 1496 τόν
439 1463 576 1507 ἄπειρον
601 1461 735 1508 χρόνον,
754 1463 791 1494 ἔκ
812 1474 851 1494 τε
869 1462 937 1494 τῶν
963 1462 991 1493 εἱ
1011 1460 1143 1505 ημένων
1170 1460 1281 1502 ἔξεστι
1298 1464 1359 1495 λα-

350 1508 420 1549 βεῖν
445 1507 511 1544 την
537 1509 672 1548 πίστιν,
697 1509 755 1538 καὶ
780 1501 840 1539 διαὶ
864 1507 926 1544 τῆς
953 1502 992 1538 δι’,
1014 1519 1053 1544 ης
1079 1507 1143 1544 τῆς
1168 1507 1265 1550 παρά
1290 1510 1356 1540 τῶν

351 1552 460 1590 ἄλλως
484 1550 657 1598 λεγόντων
682 1553 740 1583 καὶ
758 1550 952 1598 γεννώντων
972 1549 1098 1583 αὐτόν·
1121 1551 1149 1583 εἰ
1165 1551 1230 1597 γάρ
1251 1551 1357 1591 οὕτως

349 1597 410 1642 μὲν
437 1596 524 1643 ἔχειν
550 1591 746 1641 ἐνδέχεται,
772 1594 847 1628 καθ’
877 1595 913 1628 ὃν
937 1590 976 1627 δὲ
1001 1594 1129 1640 τρόπον
1154 1596 1276 1628 ἐκεῖνοι
1302 1610 1357 1643 γε-

347 1640 465 1674 νέσθαι
489 1639 645 1687 λέγουσιν
671 1641 732 1673 οὐκ
755 1635 948 1686 ἐνδέχεται,
967 1639 1121 1687 μεγάλην
1141 1640 1180 1673 ἂν
1199 1640 1274 1686 ἔχοι
1297 1644 1356 1674 καὶ

349 1687 458 1720 τοῦτο
488 1685 598 1731 ῥοπήν
623 1686 669 1723 εἱς
695 1687 811 1718 πίστιν
837 1687 912 1729 περὶ
937 1687 1000 1724 τῆς
1027 1684 1218 1723 ἀθανασίας
1246 1683 1357 1720 αὑτοῦ

347 1733 407 1764 καὶ
431 1730 496 1768 τὴς
523 1725 735 1768 ἀϊδιότητος.

277 1774 403 1831 Ᾱιόπερ
426 1776 538 1814 καλῶς
564 1774 634 1822 ἔχει
658 1772 853 1820 συμπείθειν
873 1774 996 1807 ἑαυτὸν
1014 1773 1095 1812 τούς
1115 1774 1275 1820 ἀρχαίους
1296 1777 1355 1808 καὶ

375 1822 503 1854 αλιστα
534 1822 698 1865 πατρίους
730 1819 824 1863 ήμῶν
858 1818 992 1857 ἀληθεῖς
1026 1815 1112 1851 εἶναι
1142 1820 1285 1866 λόγους,
1312 1822 1353 1859 ὠς

365 1877 441 1898 στιν
468 1863 644 1898 ἀθάνατόν
669 1875 704 1898 τι
727 1865 786 1896 καὶ
810 1862 898 1896 θεϊον
924 1864 991 1896 τῶν
1013 1863 1162 1909 ἐχόντων
1180 1865 1240 1909 μὲν
1265 1868 1356 1903 κίνη-

347 1922 419 1952 σιν,
447 1909 596 1957 ἑχόντων
621 1904 660 1942 δὲ
685 1908 855 1946 τοιαύτην
887 1907 976 1941 ὥστε
1008 1907 1111 1954 μηθὲν
1137 1906 1224 1942 εἶναι
1249 1910 1353 1956 πέρας

348 1955 480 1997 αὐτῆς,
508 1953 601 1988 ἀλλά
623 1954 754 1997 μᾶλλον
781 1953 915 1991 ταύτην
941 1954 1008 1986 τῶν
1036 1953 1146 1986 ἄλλων
1173 1954 1295 2000 πέρας·

279 1997 322 2032 τό
347 2012 386 2033 τε
411 1999 477 2047 γάρ
506 1999 612 2044 πέρας
644 1999 712 2032 τῶν
743 1997 970 2045 περιεχόντων
1003 1998 1097 2040 ἐστί,
1123 2001 1181 2031 καὶ
1215 1998 1305 2038 αὕτη
1332 2001 1353 2038 ἢ

345 2046 551 2090 κυκλοφορία
583 2042 713 2082 τέλειος
745 2041 830 2076 οὖσα
863 2041 1012 2088 περιέχει
1042 2043 1106 2082 τοίς
1132 2043 1263 2083 ἀτελεῖς
1294 2048 1352 2078 καὶ

346 2090 410 2127 τοὶς
436 2088 583 2134 ἐχούσας
608 2087 714 2133 πέρας
737 2089 796 2120 καὶ
822 2088 973 2129 παῦλαν,
993 2088 1087 2125 αὕτη
1112 2089 1171 2133 μὲν
1190 2085 1352 2135 οὐδεμίαν

346 2132 421 2167 οὔτ’
453 2134 492 2179 ἀρ
520 2133 562 2170 ἣν
587 2132 714 2177 ἔχουσα
741 2132 820 2166 οὔτε
849 2132 1037 2174 τελευτήν,
1065 2132 1142 2166 ἀλλ’
1172 2134 1350 2173 ἄπαυστος

347 2177 434 2212 οὖσα
458 2190 519 2211 τον
546 2178 684 2222 ἄπειρον
716 2176 859 2222 χρόνον,
890 2178 958 2210 τῶν
989 2173 1019 2209 δ’
1049 2177 1159 2210 ἄλλων
1195 2180 1262 2211 τῶν
1291 2181 1351 2224 μέν

346 2224 446 2256 αἰτία
470 2223 534 2260 τῆς
562 2222 684 2267 ἀρχῆς,
710 2223 778 2254 τῶν
803 2216 843 2253 δὲ
865 2216 1033 2266 δεχομένη
1060 2223 1125 2260 την
1152 2224 1306 2257 παῦλαν.

277 2265 342 2298 Τὸν
367 2263 396 2300 δ’
417 2267 559 2312 οὐρανὸν
584 2268 644 2298 καὶ
668 2266 730 2299 τὸν
758 2266 825 2299 ἀνω
852 2265 961 2299 τόπον
988 2269 1017 2298 οἱ
1041 2267 1101 2322 μὲν
1125 2267 1261 2313 ἀρχαῖοι
1280 2274 1350 2307 τοῖς

345 2311 432 2350 θεοῖς
459 2312 645 2356 ἀπένειμαν
670 2313 713 2349 ὠς
739 2310 826 2344 ὄντα
850 2310 952 2354 μόνον
981 2310 1175 2345 ἀθανατον·

279 2355 296 2387 ὅ
320 2348 358 2390 δὲ
382 2358 439 2389 νῦν
469 2360 634 2402 μαρτυρεῖ
662 2355 764 2403 λόγος
796 2357 836 2393 ὠς
871 2354 1043 2400 ἄφθαρτος
1075 2358 1134 2389 καὶ
1161 2356 1348 2403 ἀγένητος,

348 2401 400 2435 ἔτι
424 2397 451 2434 δ’
481 2400 618 2439 ἀπαθής
644 2400 756 2438 πάσης
782 2399 906 2438 θνητῆς
931 2396 1128 2447 δυσχερείας
1154 2402 1267 2444 ἐστίν,

269 2486 360 2532 ,πρὸς
383 2480 421 2517 δὲ
446 2483 585 2522 τούτοις
620 2483 745 2521 ἄπονος
777 2478 838 2515 διαὶ
861 2484 904 2516 τὸ
928 2478 1096 2528 μηδεμιᾶς
1130 2480 1349 2526 προσδεῖσθαι

345 2530 460 2571 βιαίας
488 2527 657 2575 ἀνάγκης,
685 2528 706 2565 ἦ
730 2528 874 2573 κατέχει
905 2528 1085 2562 κωλύουσα
1109 2528 1265 2575 φέρεσθαι
1291 2542 1348 2562 πε-

343 2573 477 2620 φυκότα
503 2573 611 2606 αὐτὸν
638 2573 764 2612 ἄλλως·
793 2576 860 2607 πᾶν
886 2573 950 2619 γάρ
977 2574 1018 2606 τὸ
1044 2575 1203 2615 τοιοῦτον
1228 2576 1348 2607 ἒπίπο-

342 2630 417 2660 νον,
446 2617 574 2663 ὅσῳπερ
610 2617 649 2650 ἂν
685 2613 881 2664 ἀϊδιῶτερον
908 2617 946 2660 ᾗ,
977 2621 1035 2651 καὶ
1068 2614 1250 2657 διαθέσεως
1284 2620 1347 2657 τῆς

344 2664 483 2709 ἀρίστης
511 2662 661 2707 ἄμοιρον.

273 2709 397 2753 Διόπερ
422 2707 503 2741 οὔτε
526 2707 625 2740 κατα
648 2707 708 2740 τόν
734 2709 801 2740 τῶν
821 2708 978 2740 παλαιῶν
996 2708 1099 2752 μῦθον
1126 2707 1346 2746 ὑποληπτέον

342 2753 453 2799 ἔχειν,
485 2752 515 2784 οἳ
540 2763 640 2796 φασιν
669 2752 863 2789 Ἄτλαντός
889 2764 980 2790 τινος
1005 2753 1101 2795 αὐτῷ
1127 2748 1346 2798 προσδεῖσθαι

344 2797 409 2832 τὴν
432 2799 602 2842 σωτηρίαν
615 2808 622 2816 ·
649 2797 780 2829 ἐοίκασι
797 2798 861 2844 γάρ
885 2799 943 2828 καὶ
961 2798 1088 2830 τοῦτον
1108 2800 1137 2830 οἱ
1156 2798 1349 2836 συστήσαν-

342 2854 398 2880 τες
424 2842 484 2875 το“ν
507 2841 611 2888 λόγον
637 2841 702 2878 τήν
729 2842 841 2879 αὐτήν
867 2840 955 2887 ἔχειν
975 2841 1140 2886 ὑπόληψιν
1160 2847 1231 2881 τοῖς
1250 2842 1346 2876 ὕστε-

341 2898 415 2931 ρον·
442 2887 483 2924 ὡς
509 2885 573 2932 γάρ
600 2888 675 2930 περὶ
699 2886 800 2932 βάρος
827 2886 976 2932 ἑχόντων
1001 2889 1060 2919 καὶ
1085 2888 1212 2933 γεηρῶν
1237 2887 1348 2920 ἀπάν-

343 2942 410 2962 των
442 2931 510 2963 τῶν
546 2930 612 2963 ἀνω
645 2930 814 2976 σωμάτων
848 2930 1047 2968 ὑπέστησαν
1077 2929 1171 2974 αὐτῷ
1204 2932 1346 2977 μυθικῶς

345 2974 496 3020 ἀνάγκην
523 2973 682 3021 ἔμψυχον.
718 2977 806 3009 Οὔτε
831 2972 875 3013 δὴ
894 2976 1021 3009 τοῦτον
1039 2976 1099 3009 τὸν
1117 2976 1244 3020 τρόπον
1264 2979 1346 3010 ὑπο-

342 3018 516 3059 ληπτέον,

278 3061 358 3094 οὕτε
383 3056 444 3093 διαὶ
466 3062 530 3098 τήν
555 3057 682 3100 δίνησιν
708 3062 876 3104 θάττονος
906 3064 1128 3110 τυγχάνοντα
1154 3067 1255 3111 φορᾶς
1282 3067 1344 3103 τῆς

345 3105 469 3143 οἰκείας
493 3106 600 3150 ῥοπῆς
627 3107 678 3140 ἔτι
703 3109 868 3152 σώζεσθαι
893 3111 1062 3142 τοσοῦτον
1087 3109 1221 3156 χρόνον,
1239 3109 1348 3143 καθά-

345 3162 404 3194 περ
423 3143 660 3194 Ἐμπεδοκλῆς
732 3155 795 3185 σίν.

266 3194 381 3226 Ἀλλά
404 3194 471 3237 μὴν
498 3190 567 3226 οὐδ’
597 3195 663 3227 dvc&
711 3197 805 3241 υχῆς“
827 3197 968 3243 εὔλογον
1001 3198 1262 3245 ἀναγκαζούσης
1289 3199 1346 3243 με’-

343 3250 409 3270 νειν
436 3233 562 3271 ἀίδιον·

273 3277 357 3316 οὐδὲ
380 3283 445 3330 γσὶρ
470 3283 533 3321 τῆς
567 3282 674 3328 ψυχῆς
702 3283 769 3316 οἷόν
795 3285 825 3316 τ’
854 3282 940 3317 εἶναι
966 3286 1030 3322 τήν
1056 3286 1222 3325 τοιαύτην
1255 3288 1345 3331 ζωήν

346 3327 474 3361 ἄλυπον
499 3330 557 3360 καὶ
582 3330 772 3371 μακαρίαν·
800 3328 932 3374 ἀνάγκη
958 3330 1023 3375 γάρ
1047 3333 1105 3362 καὶ
1129 3331 1192 3368 τήν
1218 3335 1344 3370 κίνησιν

343 3372 434 3417 μετά
466 3372 543 3413 βίας
579 3370 703 3413 οὖσαν,
738 3374 830 3417 εἴπερ
866 3373 1030 3406 κινεῖσθαι
1062 3375 1252 3418 πεφυκότος
1283 3377 1346 3409 τοῦ

343 3416 479 3461 πρώτου
504 3416 662 3462 σώματος
684 3417 789 3455 ἄλλως
814 3421 899 3448 κινεῖ·
917 3419 1074 3463 συνεχῶς,
1096 3419 1242 3464 ἄσχολον
1260 3417 1346 3452 εἶναι

342 3464 400 3494 καὶ
426 3461 538 3500 πάσης
566 3461 833 3508 ἀπηλλαγμένην
858 3462 1032 3506 ῥᾳστώνης
1058 3463 1228 3508 ἔμφρονος,
1255 3466 1285 3496 εἴ
1307 3478 1346 3510 γε

342 3501 421 3551 μηδ’
451 3505 563 3550 ὥσπερ
594 3507 640 3549 τῇ
673 3505 762 3551 ψυχῇ
797 3507 841 3548 τῇ
867 3507 934 3539 τῶν
967 3506 1096 3544 θνητῶν
1129 3507 1220 3550 ζῴων
1255 3509 1345 3542 ἐστὶν

344 3550 535 3589 ἀνάπαυσις
561 3551 582 3588 ἡ
608 3553 681 3595 περὶ
708 3551 767 3583 τόν
795 3550 897 3583 ὕπνον
922 3551 1080 3596 γινομένη
1106 3553 1169 3584 τοῦ
1187 3551 1346 3597 σώματος

347 3595 476 3636 ἄνεσις,
506 3593 578 3628 ἀλλ’
609 3596 798 3642 ἀναγκαῖον
818 3596 957 3637 Ἰξίονός
984 3608 1074 3634 τινος
1098 3600 1216 3641 μοῖραν
1244 3597 1347 3630 κατέ-

340 3651 415 3684 χειν
442 3640 553 3677 αὖτῆν
581 3635 689 3673 ἀΐδιον
714 3643 771 3673 καὶ
799 3640 958 3685 α’τρυτον.

1413 1285 1430 1304 *
1460 1286 1559 1324 Quod
1587 1286 1719 1328 quidem
1750 1287 1846 1328 igitur
1875 1297 1979 1328 neque
2009 1287 2128 1319 factum
2159 1294 2206 1319 est
2235 1298 2333 1319 omne
2364 1289 2489 1320 caelum

1479 1341 1583 1372 neque
1607 1331 1762 1372 contingit
1784 1331 1958 1372 corrumpi,
1983 1333 2261 1373 quemadmodum
2284 1333 2417 1374 quidam
2441 1334 2487 1365 di-

1481 1382 1558 1407 cunt
1579 1375 1702 1416 ipsum,
1727 1376 1782 1407 sed
1797 1383 1844 1407 est
1867 1386 1970 1407 unum
1985 1383 2016 1408 et
2032 1377 2272 1418 sempiternum,
2292 1378 2488 1419 principium

1480 1420 1612 1462 quidem
1631 1427 1662 1452 et
1677 1421 1991 1452 consummationem
2013 1431 2080 1452 non
2096 1421 2215 1453 habens
2238 1422 2336 1453 totius
2352 1423 2482 1463 aeterni,

1478 1465 1598 1495 habens
1614 1472 1722 1496 autem
1738 1473 1768 1497 et
1792 1465 1958 1496 continens
1974 1466 2007 1496 in
2023 1465 2127 1507 seipso
2151 1466 2313 1497 infinitum
2336 1473 2483 1509 ternpus,

1481 1520 1518 1540 ex
1541 1509 1631 1540 dictis
1659 1510 1731 1541 licet
1754 1510 1894 1550 accipere
1918 1509 2033 1549 fidem,
2058 1517 2089 1541 et
2112 1520 2168 1551 per
2195 1511 2385 1552 opinionem
2413 1522 2485 1543 eam

1480 1564 1562 1595 quae
1578 1555 1616 1584 ab
1634 1554 1721 1585 aliter
1740 1554 1916 1585 dicentibus
1933 1561 1963 1586 et
1978 1555 2200 1595 generantibus
2216 1555 2334 1596 ipsum.
2350 1556 2384 1587 Si
2399 1556 2486 1587 enim

1479 1599 1523 1629 sic
1547 1598 1679 1639 quidem
1706 1598 1820 1629 habere
1845 1598 2015 1639 contingit,
2045 1599 2223 1630 secundum
2248 1609 2347 1641 quem
2374 1607 2483 1632 autem

1479 1643 1618 1674 modum
1632 1642 1677 1674 illi
1692 1642 1813 1674 factum
1836 1653 1904 1674 esse
1927 1643 2037 1674 dicunt
2059 1653 2127 1674 non
2151 1644 2315 1684 contingit,
2334 1655 2484 1686 magnam

1479 1688 1591 1729 utique
1613 1687 1741 1718 habebit
1769 1694 1799 1719 et
1821 1688 1883 1719 hoc
1915 1687 2156 1719 inclinationem
2179 1689 2218 1719 ad
2241 1688 2338 1720 fidem
2363 1689 2401 1720 de
2424 1689 2483 1720 im-

1478 1731 1670 1764 mortalitate
1693 1731 1793 1772 ipsius
1817 1739 1848 1763 et
1871 1732 2128 1773 sempiternitate.

1410 1778 1427 1797 *
1450 1778 1583 1818 Propter
1605 1777 1695 1818 quod
1711 1777 1791 1807 bene
1810 1786 1843 1807 se
1861 1776 1956 1807 habet
1974 1777 2213 1818 persuasibilem
2236 1777 2378 1818 seipsum
2402 1778 2484 1809 exhi-

1478 1823 1550 1852 bere
1569 1821 1718 1862 antiquis,
1743 1828 1774 1852 et
1796 1821 1933 1852 maxime
1957 1828 2084 1862 patrum
2103 1828 2288 1853 nostrorum
2309 1832 2401 1853 veros
2418 1833 2483 1853 cre—

1477 1867 1550 1897 dere
1567 1876 1634 1896 esse
1658 1875 1832 1905 sermoneS,
1848 1873 1884 1897 ut
1899 1866 1938 1897 sit
1952 1866 2132 1897 immortale
2148 1866 2268 1907 aliquid
2290 1873 2321 1898 et
2337 1866 2482 1898 divinum

1476 1910 1663 1942 habentium
1686 1911 1819 1952 quidem
1842 1917 1980 1950 motum,
2004 1911 2191 1942 habentium
2214 1918 2321 1942 autem
2337 1911 2434 1942 talem
2447 1918 2483 1943 ut

1476 1956 1584 1987 nullus
1609 1955 1648 1986 sit
1670 1954 1742 1986 finis
1764 1955 1876 1996 ipsius,
1900 1956 1955 1986 sed
1978 1955 2079 1996 magis
2101 1955 2160 1986 iste
2183 1955 2320 1986 aliorum
2342 1955 2425 1987 finis.

1409 2000 1537 2032 Etenim
1560 1999 1632 2031 finis
1655 1999 1888 2031 continentium
1912 2007 1975 2039 est;
2001 2006 2031 2031 et
2053 1999 2122 2040 ipsa
2145 1999 2321 2039 circulatio,
2346 1999 2482 2040 perfecta

1477 2055 1551 2076 cum
1576 2045 1632 2083 sit,
1657 2044 1797 2075 continet
1819 2044 2018 2085 imperfectas
2038 2051 2068 2075 et
2082 2044 2233 2075 habentes
2256 2045 2428 2075 terminum
2453 2052 2483 2077 et

1476 2090 1628 2131 quietem,
1648 2089 1717 2129 ipsa
1732 2088 1863 2130 quidem
1879 2089 2007 2120 nullum
2030 2099 2134 2130 neque
2151 2089 2345 2130 principium
2363 2089 2482 2120 habens

1475 2144 1580 2176 neque
1596 2133 1704 2172 finem,
1728 2134 1783 2164 sed
1802 2133 1995 2164 incessabilis
2015 2144 2070 2164 ens
2088 2133 2213 2165 infinito
2229 2140 2383 2175 tempore,
2404 2134 2481 2165 alio-

1474 2189 1547 2210 rum
1563 2186 1671 2210 autem
1681 2178 1800 2209 horum
1816 2178 1948 2219 quidem
1958 2188 2052 2210 causa
2068 2178 2226 2219 principii,
2236 2178 2355 2210 horum
2373 2185 2481 2210 autem

1475 2223 1649 2264 suscipiens
1673 2222 1823 2264 quietem.

1407 2268 1543 2300 Caelum
1567 2274 1674 2298 autem
1697 2274 1728 2298 et
1751 2277 1826 2298 eum
1845 2267 1901 2307 qui
1925 2277 2052 2298 sursum
2075 2266 2184 2298 locum
2205 2267 2327 2308 antiqui
2350 2267 2481 2309 quidem

1474 2312 1533 2342 diis
1556 2311 1778 2349 attribuerunt,
1801 2311 1888 2342 velut
1912 2311 2044 2342 existens
2069 2311 2175 2342 solum
2198 2311 2388 2342 immortale.

1405 2357 1423 2376 *
1445 2357 1540 2388 Nunc
1563 2362 1670 2387 autem
1692 2355 1875 2387 testificatur
1896 2356 1977 2386 ratio
2002 2355 2091 2396 quod
2113 2355 2351 2396 incorruptibile
2375 2362 2406 2387 et
2432 2356 2479 2386 in-

1473 2400 1668 2441 generabile,
1701 2400 1805 2431 adhuc
1836 2406 1944 2431 autem
1974 2399 2167 2441 impassibile
2197 2400 2302 2431 omnis
2335 2400 2479 2432 mortalis

1473 2444 1664 2476 difficultatis
1688 2451 1744 2475 est.

1405 2490 1520 2522 Adhuc
1548 2495 1655 2520 autem
1684 2489 1751 2519 sine
1773 2489 1900 2528 labore,
1924 2495 2091 2529 propterea
2121 2489 2211 2530 quod
2241 2489 2328 2520 nulla
2359 2489 2479 2530 indiget

1470 2534 1610 2565 violenta
1625 2533 1807 2565 necessitate
1827 2544 1908 2574 quae
1924 2533 2072 2572 detineat,
2082 2533 2254 2574 prohibens
2278 2533 2350 2564 ferri
2365 2532 2478 2574 aptum

1471 2585 1583 2610 natum
1598 2578 1705 2619 ipsum
1722 2578 1820 2608 aliter.
1838 2577 1945 2609 Omne
1968 2577 2053 2608 enim
2073 2578 2133 2608 tale
2157 2578 2257 2618 magis
2278 2578 2477 2609 laboriosum

1470 2630 1592 2665 quanto
1615 2622 1747 2664 quidem
1770 2622 1882 2663 utique
1909 2622 2132 2663 sempiternius
2156 2622 2210 2662 sit,
2243 2629 2273 2654 et
2296 2622 2476 2663 dispositio-

1470 2668 1519 2699 nis
1543 2667 1684 2709 optimae
1708 2677 1828 2707 expers.

1401 2714 1418 2733 *
1441 2714 1575 2754 Propter
1597 2712 1687 2753 quod
1710 2711 1841 2753 quidem
1864 2721 1969 2752 neque
1992 2711 2168 2742 secundum
2197 2712 2362 2753 antiquam
2384 2711 2475 2743 fabu-

1468 2758 1535 2789 lam
1557 2757 1785 2798 suspicandum
1808 2756 1940 2795 habere,
1965 2756 2021 2797 qui
2049 2756 2159 2787 dicunt
2181 2757 2308 2787 Atlante
2332 2757 2474 2797 quodam

1468 2802 1529 2843 ipsi
1545 2812 1628 2842 opus
1644 2811 1712 2831 esse
1735 2801 1775 2831 ad
1798 2801 1943 2832 salutem.
1964 2801 2120 2832 Videntur
2139 2801 2225 2832 enim
2244 2808 2275 2832 et
2297 2801 2383 2832 hunc
2399 2811 2474 2832 con-

1468 2847 1632 2878 stituentes
1649 2855 1831 2876 sermonem
1847 2845 1981 2876 eandem
1997 2845 2112 2876 habere
2129 2845 2344 2886 suspicionem
2358 2845 2406 2876 his
2418 2846 2473 2886 qui

1468 2891 1644 2932 posterius:
1668 2897 1704 2921 ut
1727 2890 1814 2921 enim
1837 2891 1876 2920 de
1903 2890 2087 2930 gravitatem
2116 2890 2304 2921 habentibus
2328 2896 2358 2920 et
2381 2897 2474 2920 terre-

1468 2936 1517 2966 nis
1541 2935 1692 2967 omnibus
1715 2934 1764 2965 his
1778 2945 1860 2976 quae
1879 2945 2007 2965 sursum
2023 2935 2221 2975 corporibuS,
2245 2934 2474 2965 substituerunt

1467 2981 1527 3021 ipsi
1550 2979 1695 3011 fabulose
1711 2979 1930 3010 necessitatem
1953 2979 2135 3009 animatam.
2159 2979 2272 3020 Neque
2287 2978 2397 3019 utique
2411 2978 2473 3009 hoc

1468 3025 1568 3055 modo
1593 3024 1832 3064 suspicandum.

1400 3070 1418 3088 *
1447 3070 1560 3110 Neque
1593 3075 1723 3109 propter
1753 3067 2071 3108 circumgyrationem
2102 3066 2257 3097 celerioris
2288 3066 2472 3098 existentem

1467 3114 1594 3144 lationis
1618 3112 1746 3153 propria
1768 3112 1992 3149 inclinatione,
2016 3111 2119 3141 adhuc
2143 3111 2253 3141 salvari
2280 3117 2368 3142 tanto
2393 3118 2472 3142 tem-

1449 3161 1557 3198 ‘pore,
1582 3157 1858 3198 quemadmodum
1882 3155 2092 3195 Empedocles
2115 3155 2228 3196 inquit.

1400 3203 1418 3222 *
1440 3203 1503 3234 Sed
1526 3202 1630 3232 adhuc
1653 3211 1757 3242 neque
1780 3200 1818 3230 ab
1847 3200 1952 3230 anima
1974 3199 2159 3230 rationabile
2190 3207 2322 3240 cogente
2345 3210 2472 3232 manere

1468 3246 1708 3287 sempiternum.

1401 3292 1513 3332 Neque
1537 3290 1623 3321 enim
1653 3289 1777 3319 animae
1809 3288 1959 3328 possibile
1983 3295 2029 3318 est
2052 3298 2119 3319 esse
2151 3289 2248 3319 talem
2275 3289 2373 3331 vitam
2405 3290 2472 3321 sine

1468 3334 1591 3366 tristitia
1607 3340 1638 3364 et
1659 3333 1794 3364 beatam.
1810 3333 1945 3363 Necesse
1962 3332 2059 3371 enim,
2076 3339 2106 3364 et
2122 3340 2214 3364 motu
2232 3343 2307 3364 cum
2322 3333 2473 3365 violentia

1471 3379 1631 3416 existente,
1652 3377 1677 3408 si
1697 3377 1829 3417 quidem
1851 3383 1960 3407 movet
1983 3376 2054 3407 ferri
2078 3383 2153 3418 apto
2177 3384 2252 3408 nato
2275 3378 2382 3418 primo
2404 3389 2472 3410 cor—

1469 3432 1547 3463 pore
1571 3422 1669 3460 aliter,
1695 3428 1725 3452 et
1747 3427 1856 3452 movet
1882 3421 2049 3460 continue,
2073 3421 2139 3452 sine
2162 3422 2327 3453 vacatione
2351 3433 2418 3454 esse
2442 3430 2474 3455 et

1471 3466 1560 3497 omni
1585 3475 1691 3496 carens
1714 3465 1829 3496 robore
1852 3466 2010 3505 prudenti.
2035 3465 2201 3507 Siquidem
2224 3477 2328 3508 neque
2352 3474 2388 3498 ut
2406 3468 2472 3499 ani-

1469 3521 1540 3541 mae
1563 3509 1749 3540 mortalium
1772 3509 1959 3540 animalium
1988 3517 2034 3541 est
2061 3511 2186 3552 requies
2216 3511 2296 3542 circa
2319 3522 2472 3543 somnum

1469 3555 1550 3585 facta
1581 3554 1721 3594 corporis
1754 3554 1916 3585 remissio:
1947 3555 2002 3585 sed
2031 3555 2243 3587 necessarium
2270 3557 2472 3588 sustentantis

1470 3598 1585 3629 Ixionis
1609 3598 1776 3629 cuiusdam
1799 3598 1900 3629 fatum
1922 3599 2055 3630 retinere
2078 3599 2182 3641 ipsam
2201 3601 2425 3642 sempiternam
2442 3608 2472 3632 et

1468 3642 1729 3674 inconteribilem.

2517 1295 2526 1304 ·
2536 1293 2595 1322 Cap.
2604 1301 2621 1317 1.
2631 1294 2701 1318 Text.
2713 1303 2730 1318 r.

2511 1784 2521 1794 ·
2535 1783 2603 1806 Text.
2617 1790 2639 1806 2.

2508 2365 2518 2376 “
2532 2365 2600 2388 Text.
2613 2371 2634 2394 3.

2502 2717 2511 2725 ·
2526 2716 2595 2738 Text.
2610 2723 2634 2743 4.

2500 3076 2508 3085 ⁸
2524 3075 2591 3098 Text.
2606 3082 2625 3104 5.

2499 3206 2508 3214 ·
2523 3204 2592 3227 Text.
2607 3205 2630 3227 6.
