2782 4134
4 630 156 662 „adinvicem
167 643 216 660 om.

46 1121 118 1148 ’τ

98 1657 122 1675 Δ.

53 1754 58 1760 ⁵
99 1763 141 1784 u.-

60 2343 75 2350 Ἀ
121 2348 160 2374 h.

79 2453 148 2478 ‘n

71 2491 77 2501 ..

76 2510 203 2532 'mm

119 2571 182 2589 ’Μ-

1091 284 1203 322 cAP.
1233 285 1304 332 v1‚
1335 282 1481 321 LECT.
1512 285 1564 320 lx

299 375 335 400 2.
356 363 487 400 Primo
510 375 599 411 ergo
618 363 729 412 ponit
755 363 978 412 opinionem
999 366 1250 412 Anaxagorae
1280 372 1316 401 et

244 415 467 463 Democriti,
489 416 554 465 qui
574 416 748 453 dixerunt
767 424 937 453 cometas
958 429 1039 454 esse
1067 418 1313 466 symphasim,

244 469 340 506 idest
369 469 708 518 coapparitionem,
729 470 923 506 stellarum
954 471 1172 507 errantium.
1204 471 1315 518 Quae

244 530 332 559 sunt
351 522 531 572 quinque,
553 522 694 559 scilicet
714 523 912 569 Saturnus,
934 523 1084 572 Iupiter,
1108 524 1224 571 Mars,
1240 524 1314 560 Ve-

244 588 315 613 nus
345 583 381 612 et
408 574 641 621 Mercurius;
671 587 836 623 quarum
865 576 1027 625 aliquae,
1058 589 1148 613 cum
1177 589 1315 625 appro-

243 629 431 679 pinquant
467 628 684 666 adinvicem
712 628 749 674 ²³⁶,
778 629 957 666 videntur
990 641 1031 666 se
1068 637 1243 676 tangere3
1280 637 1316 666 et

243 682 295 719 ita
312 681 465 719 videtur
482 694 561 718 una
589 682 706 728 stella,
729 689 765 718 et
784 690 941 731 apparet
961 682 995 718 ei
1016 694 1141 728 coma,
1160 690 1316 731 propter

245 742 492 784 augmentum
513 734 677 772 luminis.

300 790 335 826 3.
367 789 587 826 Secundam
607 788 830 837 opinionem
859 788 969 837 ponit
996 787 1063 825 ibi:
1093 788 1314 825 Italicorum

244 847 371 879 autem
391 849 461 879 etc.
492 842 543 878 Et
570 841 638 878 fuit
666 841 911 890 quorundam
940 841 1283 890 Pythagoricorum
1298 840 1316 870 Ρ

244 895 284 932 in
312 895 416 933 Italia
445 894 790 943 commorantium,
821 896 887 944 qui
915 895 1089 933 dixerunt
1123 903 1315 933 cometam

246 961 329 986 esse
365 961 484 986 unam
520 948 568 986 de
601 948 714 986 stellis
751 949 982 995 errantibus;
1011 949 1078 987 sed
1116 962 1195 987 non
1234 961 1314 986 esse

239 1002 496 1051 phantasiam,
518 1001 615 1039 idest
641 1002 847 1050 visionem,
878 1003 979 1050 eius,
1013 1003 1083 1040 nisi
1111 1010 1199 1052 post
1219 1003 1315 1039 mul-

244 1062 328 1093 tum
352 1063 517 1105 tempus,
536 1063 694 1105 propter
721 1057 796 1093 hoc
825 1057 931 1106 quod
958 1057 1114 1103 excedit,
1135 1057 1231 1094 idest
1259 1069 1316 1093 re-

243 1108 346 1147 cedit
364 1121 387 1146 a
406 1109 498 1157 sole,
519 1109 717 1147 modicum
737 1115 766 1155 γ;
788 1110 885 1147 sicut
904 1118 941 1148 et
960 1110 1095 1147 accidit
1114 1110 1213 1147 circa
1232 1110 1316 1147 stel-

245 1163 324 1200 lam
358 1162 688 1212 Mercuriisquae
723 1163 815 1212 quia
847 1164 1046 1201 modicum
1079 1164 1314 1213 digreditur,

245 1214 558 1265 idestelengatur
578 1229 600 1254 a
618 1217 711 1265 sole,
731 1218 948 1266 frequenter
975 1229 1054 1254 non
1076 1225 1245 1266 apparet,
1266 1217 1316 1254 ita

244 1270 352 1320 quod
379 1277 468 1319 post
494 1271 653 1319 longum
682 1278 835 1320 tempus
864 1268 878 1292 δ
902 1278 1104 1320 appareat,
1134 1283 1222 1308 cum
1251 1271 1316 1308 diu

245 1335 326 1362 non
353 1331 540 1373 apparuit.
836 1334 838 1337 ’

297 1388 336 1425 4.
348 1377 520 1414 Tertiam
539 1377 763 1426 opinionem
771 1377 880 1427 ponit
889 1377 959 1414 ibi:
976 1377 1155 1415 Similiter
1163 1378 1220 1414 his
1231 1385 1314 1415 etc.:

244 1439 344 1481 quae
365 1430 434 1468 fuit
452 1431 698 1480 quorundam
723 1431 964 1480 sequentium
985 1431 1261 1480 Hippocratem
1283 1439 1318 1468 et

244 1485 481 1537 Aeschylum
511 1484 591 1521 eius
611 1484 850 1533 discipulum.
866 1490 887 1521 ⁸.
920 1485 1031 1532 Quae
1050 1484 1207 1533 quidem
1237 1485 1318 1534 opi-

245 1537 310 1576 nio
329 1537 369 1575 in
396 1538 472 1575 hoc
491 1537 623 1575 similis
653 1545 708 1575 est
727 1537 930 1586 secundae,
952 1538 1058 1586 quod
1085 1539 1214 1587 posuit
1232 1539 1316 1575 stel-

245 1591 323 1629 lam
352 1599 546 1629 cometam
561 1603 659 1628 ·esse
687 1603 807 1628 unam
841 1592 888 1629 de
919 1591 1152 1629 errantibus:
1183 1592 1251 1629 sed
1279 1592 1317 1629 in

244 1645 321 1683 hoc
349 1644 476 1682 differt
502 1645 551 1682 ab
581 1656 637 1692 ea,
659 1645 766 1693 quod
784 1644 805 1667 '¹‘
832 1645 1002 1682 secunda
1031 1645 1162 1695 opinio
1190 1646 1318 1695 posuit

243 1699 352 1750 quod
378 1698 440 1736 illa
467 1698 573 1736 stella
593 1698 750 1736 erratica
777 1699 894 1736 habet
913 1711 1067 1736 comam
1097 1711 1142 1736 ex
1161 1712 1219 1745 se;
1249 1699 1317 1737 sed

243 1752 315 1791 ista
331 1751 352 1774 '¹‘
370 1751 479 1790 tertia
507 1751 638 1801 opinio
657 1752 767 1802 ponit
786 1752 892 1801 quod
919 1765 998 1790 non
1018 1753 1134 1790 habet
1162 1765 1316 1790 comam

245 1818 291 1844 ex
319 1806 455 1855 seipsa,
477 1806 546 1843 sed
565 1818 655 1842 cum
684 1805 730 1843 sit
749 1818 890 1853 erranS,
913 1818 958 1843 ex
986 1807 1073 1843 loco
1111 1807 1316 1856 aliquando

243 1859 381 1910 accipit
409 1871 576 1896 comam.
599 1859 702 1907 Quia
722 1859 898 1897 dicebant
917 1860 1021 1909 quod
1041 1860 1090 1897 ab
1110 1860 1193 1910 ipsa
1213 1861 1317 1898 stella

243 1913 441 1952 attrahitur
460 1912 618 1962 quidam
637 1913 795 1960 humor;
824 1920 859 1950 et
887 1925 975 1950 curn
995 1921 1183 1962 ponerent
1210 1914 1316 1963 quod

243 1966 350 2005 'visus
378 1966 489 2004 fieret
508 1966 811 2014 extramittendo‚
832 1975 1045 2016 posuerunt
1063 1967 1169 2016 quod
1188 1968 1316 2005 radius

243 2019 400 2058 visualis
414 2019 632 2069 pertingens
644 2020 692 2058 ad
708 2020 813 2057 illum
828 2020 1035 2057 humorem
1051 2027 1251 2059 attractum
1267 2022 1315 2058 ab

245 2085 292 2112 ea
309 2073 342 2122 *,
359 2073 610 2123 repercutitur
626 2085 752 2122 usque
767 2074 816 2111 ad
835 2075 975 2120 solem;
997 2081 1033 2111 et
1051 2074 1104 2111 sic
1119 2074 1179 2112 ille
1193 2087 1318 2124 vapor

245 2134 424 2165 attractus
458 2134 514 2164 est
547 2127 657 2177 quasi
690 2128 891 2176 quoddam
925 2128 1125 2176 speculum
1160 2128 1315 2177 igneum

245 2180 335 2218 solis
364 2182 476 2228 (nam
505 2180 743 2230 repercussio
765 2189 821 2218 est
840 2193 955 2218 causa
983 2182 1087 2231 quod
1116 2181 1259 2231 aliquid
1278 2181 1317 2219 in

246 2235 403 2285 speculo
431 2234 640 2282 videatur);
670 2241 706 2271 et
732 2234 783 2271 ita
812 2234 942 2272 dicunt
969 2234 1052 2271 fieri
1080 2247 1247 2272 comam.

305 2288 337 2326 5.
375 2287 554 2336 Assignat
590 2295 720 2325 autern
764 2295 1044 2337 consequenter
1076 2301 1230 2325 causam
1269 2288 1316 2326 de

246 2349 422 2391 tempore
451 2341 709 2391 apparitionis.
740 2342 790 2378 Et
817 2341 905 2379 dicit
937 2341 957 2363 *
986 2342 1091 2391 quod
1120 2342 1225 2379 stella
1254 2354 1317 2378 co-

247 2402 350 2432 meta
365 2400 525 2444 apparet
530 2401 620 2444 post
627 2395 837 2444 plurimum
857 2401 1001 2444 tempus
1019 2395 1183 2432 aliorum
1198 2401 1317 2432 astro-

246 2461 352 2496 rum,
373 2448 470 2486 idest
496 2448 616 2496 magis
640 2449 851 2485 occultatur
876 2461 994 2497 quam
1014 2448 1164 2497 aliquae
1183 2448 1204 2470 ²¹²
1222 2448 1317 2486 aliae

246 2503 387 2550 stellae,
404 2502 494 2552 quia
512 2501 726 2539 tardissime
753 2501 910 2539 discedit
923 2501 944 2524 ’¹‘
963 2514 986 2539 a
1004 2503 1084 2539 sole
1104 2502 1318 2540 secundum

245 2564 410 2606 tempus,
426 2555 604 2593 videlicet
623 2568 712 2592 cum
732 2555 920 2605 peregerit
937 2555 958 2577 '¹‘
972 2563 1095 2592 totum
1117 2568 1231 2592 suum
1252 2555 1318 2592 cir-

247 2610 389 2648 culum.
416 2610 534 2657 Quod
562 2609 727 2659 appellat
753 2609 1000 2657 suhdeficere:
1020 2609 1196 2646 dicuntur
1216 2609 1318 2646 enim

299 2768 326 2805 β)
338 2769 399 2803 fuit
416 2768 595 2802 quorundam.
607 2768 730 2803 -savere
744 2768 853 2801 quidam
869 2769 889 2793 P
904 2776 934 2793 ex
954 2776 1041 2793 errore
1059 2768 1254 2802 typographico,
1269 2776 1317 2801 pro

239 2807 322 2848 [uere
345 2805 469 2838 quidam,
493 2804 566 2837 quod
590 2803 669 2829 habet
693 2804 734 2829 ed.
758 2803 834 2829 1561.
853 2818 870 2822 -
889 2805 952 2829 Post
980 2805 1045 2829 duas
1070 2805 1150 2829 lineas
1175 2812 1223 2838 pro
1246 2804 1317 2842 eius,

246 2848 330 2912 umsss
347 2841 489 2902 »lineatam
502 2889 521 2895 -
532 2876 570 2901 ad
588 2875 722 2901 modicum
736 2875 790 2900 ΑΒ.
803 2890 821 2894 -
834 2876 885 2900 Pro
903 2878 930 2900 et
947 2875 1054 2905 accidit,
1069 2878 1096 2900 et
1111 2875 1215 2901 accedit
1229 2875 1287 2900 edd.
1301 2882 1319 2899 α

247 2918 274 2938 et
294 2920 304 2938 ι
326 2911 357 2937 61
368 2931 376 2944 ‚
395 2912 467 2946 quod
484 2911 584 2938 accidit
602 2911 636 2942 1>;
655 2919 703 2944 pro
722 2911 884 2944 digreditur,
903 2911 1079 2945 disgregatur
1097 2911 1144 2936 Pa.

2364 285 2440 332 349

1370 364 1498 400 stellae
1523 371 1690 401 errantes
1709 364 1938 413 subdeficere
1957 371 2131 413 respectu
2150 364 2263 413 primi
2285 373 2434 412 motus;

1369 417 1431 454 vel
1450 417 1470 438 ‘³‘
1490 417 1578 466 quia
1598 425 1803 455 moventur
1829 425 1938 454 motu
1959 417 2159 464 contrario,
2177 426 2213 454 et
2232 417 2286 454 sic
2304 418 2436 455 viden-

1370 478 1431 507 tur
1458 470 1671 508 secundum
1690 470 1890 519 proprium
1919 478 2069 507 motum
2092 470 2351 519 posteriorari3
2371 473 2433 508 vel

1370 523 1471 572 quia,
1503 523 1599 561 sicut
1630 524 1789 573 quidam
1823 524 2020 571 dixerunt,
2055 523 2198 561 tardius
2231 532 2437 561 moventur

1370 588 1488 624 quam
1507 577 1676 625 primum
1696 578 1856 624 caelum,
1877 578 1982 625 quod
2002 577 2163 615 revolvit
2182 577 2313 614 omnia
2331 585 2439 614 motu

1370 629 1518 666 diurno.
1552 630 1614 666 Sic
1642 638 1770 667 autem
1809 631 1986 668 dicebant
2018 632 2123 680 quod
2151 630 2256 667 stella
2289 638 2439 667 cometa

1371 682 1572 719 subdeficit
1588 696 1610 719 a
1625 684 1717 730 sole,
1729 691 1852 721 totum
1869 697 1982 721 suurn
2003 684 2186 721 circulum
2201 683 2437 732 peragendo:

1371 742 1407 771 et
1425 735 1526 782 ideo,
1544 748 1632 773 curn
1649 736 1799 774 redierit
1818 738 1866 775 ad
1885 738 1991 774 illum
2011 737 2216 774 terminum
2232 749 2278 774 ex
2292 749 2368 786 quo
2383 737 2438 774 in-

1372 788 1530 836 coepit*
1551 788 1758 837 discedere,
1785 790 1922 827 iterum
1951 798 2119 840 apparet,
2141 803 2343 840 quousque
2372 789 2437 827 ite-

1371 853 1457 878 rum
1487 842 1738 890 coniungatur
1766 843 1846 880 soli.
1875 845 1923 881 Et
1948 844 2124 882 dicebant
2153 844 2266 882 etiarn
2284 843 2305 866 ’¹‘
2333 844 2439 893 quod

1371 894 1441 931 ista
1469 895 1574 932 stella
1602 895 1641 932 in
1660 908 1730 932 suo
1752 904 1861 933 motu
1889 897 2030 935 recedit
2048 911 2071 935 a
2090 898 2170 935 sole
2189 897 2220 945 ²¹⁸,
2250 910 2329 935 non
2357 905 2438 934 tan-

1370 955 1452 985 turn
1472 949 1686 986 secundum
1706 949 1991 998 longitudinem,
2003 951 2070 988 sed
2091 951 2204 988 etiam
2224 951 2438 988 secundum

1370 1001 1618 1049 latitudinem,
1641 1002 1832 1040 declinans
1852 1003 1900 1040 ad
1920 1012 2065 1041 aretum
2086 1013 2121 1042 et
2140 1012 2323 1053 austrum,
2343 1004 2439 1042 idest

1371 1055 1419 1092 ad
1462 1055 1761 1104 septentrionem
1791 1064 1828 1093 et
1860 1057 2070 1094 meridiem.

1426 1109 1462 1145 6.
1483 1109 1659 1157 Assignat
1688 1109 1801 1146 etiam
1820 1109 1841 1131 ‘¹‘
1865 1118 2142 1159 consequenter
2162 1123 2317 1148 causam
2338 1111 2436 1148 circa

1370 1162 1499 1198 locum
1519 1162 1764 1211 apparitionis
1778 1163 1890 1200 huius
1909 1165 2047 1201 stella‘e.
2059 1165 2108 1201 Et
2123 1164 2211 1201 dicit
2225 1165 2329 1213 quod
2343 1165 2439 1201 haec

1371 1216 1477 1252 stella
1500 1228 1579 1253 non
1599 1224 1756 1266 apparet
1775 1216 1814 1253 in
1842 1217 1971 1254 medio
1996 1217 2162 1254 duorum
2188 1218 2436 1267 tropicorum,

1371 1268 1511 1306 scilicet
1527 1270 1664 1306 Cancri
1680 1277 1716 1306 et
1731 1270 1969 1319 Capricorni:
1991 1271 2079 1320 quia
2092 1271 2276 1320 perillam
2290 1279 2437 1320 partem

1372 1322 1465 1359 caeli
1485 1322 1664 1360 movetur
1683 1324 1739 1360 sol
1760 1331 1796 1360 et
1816 1324 2006 1361 consumit
2033 1324 2310 1372 humiditatem,
2334 1325 2437 1362 unde

1371 1375 1409 1413 in
1429 1388 1474 1413 ea
1493 1384 1599 1425 parte
1620 1377 1712 1413 caeli
1727 1389 1805 1414 non
1823 1384 1948 1426 potest
1966 1378 2190 1426 praedicta*
2204 1379 2309 1415 stella
2328 1385 2437 1415 attra-

1371 1430 1461 1466 here
1482 1442 1633 1479 aquam.
1665 1430 1742 1468 Sed
1772 1443 1859 1467 cum
1890 1431 2052 1468 declinat
2071 1431 2119 1469 ad
2139 1439 2320 1479 austrum,
2337 1444 2438 1468 rece-

1372 1484 1466 1520 dens
1495 1495 1517 1520 a
1545 1483 1607 1520 via
1636 1484 1742 1531 solis,
1772 1484 1916 1521 invenit
1944 1484 2095 1533 copiam
2124 1484 2176 1521 ibi
2204 1485 2286 1522 talis
2314 1485 2437 1522 hurni-

1371 1536 1506 1583 ditatis,
1537 1549 1583 1574 eo
1612 1537 1717 1585 quod
1741 1550 1820 1574 non
1849 1544 1904 1574 est
1933 1545 2161 1586 consumpta
2190 1551 2212 1575 a
2240 1539 2331 1575 sole.
2362 1539 2438 1575 Sed

1370 1597 1526 1640 propter
1551 1590 1813 1639 obliquitatem
1842 1591 2060 1639 horizontis,
2081 1591 2192 1628 nobis
2212 1591 2276 1640 qui
2295 1591 2437 1628 habita-

1372 1656 1458 1681 mus
1480 1643 1517 1680 in
1544 1651 1650 1693 parte
1684 1644 1979 1693 septentrionali,
1999 1657 2087 1694 pars
2117 1645 2245 1682 circuli
2271 1645 2438 1694 paralleli

1372 1710 1470 1747 quae
1491 1704 1547 1734 est
1574 1709 1689 1746 supra
1716 1705 1856 1734 terram
1886 1705 1942 1735 est
1964 1710 2094 1747 parva,
2116 1711 2214 1748 quae
2234 1706 2363 1736 autem
2384 1706 2439 1735 est

1372 1751 1443 1788 sub
1467 1759 1567 1788 terra
1587 1759 1642 1788 est
1665 1751 1803 1788 maior:
1834 1758 1870 1788 et
1890 1752 1942 1788 sic
1962 1753 2030 1799 sol,
2052 1751 2115 1801 qui
2135 1752 2183 1789 de
2202 1760 2326 1800 nocte,
2349 1765 2436 1789 cum

1370 1805 1522 1842 videtur
1550 1812 1720 1851 cometa,
1752 1812 1808 1842 est
1836 1805 1906 1841 sub
1935 1813 2046 1852 terra,
2076 1813 2223 1842 tantum
2253 1806 2361 1843 distat
2389 1807 2437 1843 ab

1370 1859 1534 1896 humore
1563 1865 1720 1895 attracto
1749 1870 1771 1894 a
1799 1859 1916 1906 stella,
1942 1859 2047 1908 quod
2075 1871 2155 1896 non
2181 1867 2307 1908 potest
2333 1859 2438 1897 visus

1369 1912 1571 1950 hominum
1599 1911 1784 1961 repercuti
1803 1912 1851 1949 ab
1875 1912 2040 1949 humore
2068 1913 2117 1950 ad
2146 1914 2284 1960 solem;
2314 1925 2438 1962 neque

1371 1966 1400 2003 si
1421 1966 1478 2003 sol
1498 1965 1544 2002 sit
1561 1965 1801 2015 propinquus
1815 1965 1836 1986 '¹‘
1854 1966 2009 2014 tropico,
2030 1965 2169 2003 scilicet
2189 1967 2437 2016 Capricorno,

1370 2031 1496 2068 neque
1520 2019 1550 2056 si
1571 2018 1616 2055 sit
1631 2019 1668 2055 in
1688 2019 1836 2056 aestivis
1855 2019 2099 2066 versionibus,
2120 2020 2216 2057 idest
2235 2020 2272 2057 in
2292 2021 2438 2070 tropico

1370 2073 1528 2120 aestivo,
1550 2072 1615 2122 qui
1633 2072 1654 2093 '¹‘
1673 2079 1728 2109 est
1748 2073 1907 2109 Cancer.
1936 2072 2178 2122 Ubicumque
2199 2074 2301 2111 enim
2330 2074 2440 2111 fuerit

1370 2127 1427 2164 sol
1456 2126 1527 2163 sub
1556 2134 1667 2173 terra,
1689 2125 1757 2163 erit
1779 2125 1903 2162 maior
1932 2125 2106 2164 distantia
2135 2126 2213 2164 eius
2243 2127 2291 2165 ad
2318 2141 2439 2177 vapo-

1370 2192 1452 2222 rem
1481 2186 1718 2216 contractum
1755 2191 1873 2228 quam
1908 2179 1954 2216 sit
1982 2180 2216 2217 conveniens
2245 2193 2438 2230 repercus-

1370 2233 1488 2281 sioni,
1517 2233 1580 2270 vel
1609 2245 1655 2269 ex
1683 2232 1847 2280 circulo,
1876 2233 1939 2270 vel
1968 2245 2012 2270 ex
2048 2233 2242 2272 latitudine
2280 2235 2437 2273 zodiaci.

1371 2287 1449 2324 Sed
1474 2286 1630 2335 quando
1659 2286 1764 2323 stella
1790 2285 1851 2323 illa
1869 2285 1889 2307 ²¹⁶
1917 2286 2139 2336 relinquitur
2158 2301 2180 2324 a
2200 2288 2280 2324 sole
2304 2301 2439 2326 versus

1371 2342 1547 2386 boream,
1578 2339 1674 2376 idest
1701 2338 1750 2376 ad
1779 2340 2114 2388 septentrionalem
2150 2348 2319 2390 partem,
2349 2350 2440 2379 tunc

1370 2401 1496 2443 potest
1524 2392 1693 2442 recipere
1722 2405 1894 2430 comam:
1925 2393 2015 2441 quia
2043 2393 2094 2431 ibi
2124 2401 2180 2431 est
2207 2396 2370 2432 multum
2392 2395 2454 2433 dev

1371 2446 1609 2494 humiditate,
1631 2453 1667 2483 et
1685 2446 1900 2495 peripheria
1928 2446 2093 2484 circuli*
2121 2460 2219 2496 quae
2249 2456 2304 2486 est
2327 2462 2441 2498 super

1372 2500 1612 2538 horizontem
1633 2506 1688 2536 est
1706 2499 1758 2536 ibi
1783 2512 1935 2548 magna,
1957 2508 1993 2537 et
2012 2513 2111 2550 quae
2140 2509 2195 2538 est
2223 2503 2355 2539 subtus
2385 2511 2440 2540 est

1372 2567 1513 2604 parva,
1544 2561 1580 2590 et
1608 2553 1660 2590 sic
1690 2553 1738 2590 de
1766 2553 1863 2590 facili
1890 2553 1996 2591 visus
2028 2555 2232 2592 hominum
2260 2556 2440 2594 refractus

1372 2615 1500 2657 potest
1526 2606 1740 2656 pertingere
1770 2606 1819 2644 ad
1848 2607 1978 2644 solem.

1425 2767 1450 2803 ὃ)
1466 2769 1575 2801 longum
1591 2772 1702 2801 tempus.
1715 2783 1735 2788 ·-
1747 2769 1858 2794 multum
1873 2772 1976 2801 tempus
1990 2770 2043 2794 AB.
2052 2783 2071 2788 —
2085 2769 2163 2794 Iidem
2178 2777 2226 2802 pro
2240 2777 2292 2794 non
2306 2771 2441 2802 apparuit,

1373 2804 1551 2836 disparuerit5
1570 2804 1628 2828 edd.
1647 2811 1665 2829 a
1684 2810 1709 2829 et
1731 2803 1793 2829 1561
1817 2811 1869 2829 non
1889 2804 2057 2836 apparuerit.

1413 2839 1449 2873 -ε)
1469 2847 1537 2871 quae
1549 2839 1634 2874 suit...
1654 2840 1821 2871 discipulum.
1839 2854 1859 2859 -
1876 2847 1944 2872 quae
1954 2840 2014 2873 suit
2031 2840 2196 2872 sequentium
2215 2840 2353 2865 cuiusdam
2372 2841 2442 2873 Hip-

1369 2875 1490 2908 pocratis
1503 2878 1530 2900 et
1542 2875 1669 2908 Aeschyli
1688 2875 1812 2907 discipuli
1830 2876 1885 2901 eius
1899 2876 1953 2900 AB.
1971 2888 1991 2894 -·
2008 2875 2112 2900 stellam
2127 2883 2180 2900 om.
2192 2876 2214 2900 A
2220 2883 2227 2907 ;
2247 2883 2294 2908 pro
2313 2883 2393 2901 unam
2407 2877 2441 2901 de

1374 2911 1535 2940 errantibus,
1554 2911 1672 2943 aliquam
1691 2911 1725 2936 de
1742 2911 1825 2936 stellis
1843 2911 1966 2936 erraticis
1983 2911 2037 2936 ΑΒ.

2467 428 2478 438 “
2493 428 2530 449 vel
2542 434 2590 450 om.
2606 435 2646 450 Pa.

2467 798 2475 805 ·
2490 797 2571 825 incipit
2584 804 2622 819 Ρα-

2467 852 2475 859 ·
2491 851 2561 872 etiam
2576 857 2624 872 om.
2640 857 2662 872 Β.

2467 909 2475 917 ·
2491 914 2506 928 a
2522 908 2574 929 sole
2589 914 2639 930 om.
2655 915 2676 930 Β.

2466 1121 2476 1129 ·
2491 1122 2567 1141 autem
2582 1126 2603 1142 Α.

2466 1386 2476 1397 ’
2487 1386 2615 1413 praedicta
2630 1392 2679 1408 om.

2466 1418 2505 1433 να.

2467 1975 2477 1985 “
2483 1975 2640 2003 propinquior
2649 1981 2671 1996 Α.

2466 2080 2541 2108 “quod
2545 2087 2593 2102 ma
2598 2080 2630 2102 sit
2635 2086 2664 2101 pa
2669 2096 2675 2101 .

2468 2299 2477 2307 ⁶
2491 2297 2533 2318 illa
2549 2303 2597 2319 om.
2607 2303 2645 2318 pa.

2468 2459 2478 2469 '
2493 2457 2556 2479 caeli
2568 2463 2606 2478 pa.
