2782 4134
139 2575 148 2584 “
171 2575 326 2603 Philosophus

138 2601 192 2623 add.
207 2608 231 2624 Β.

137 2676 149 2687 ’
163 2676 198 2698 Cf.
210 2677 262 2698 lect.
273 2683 350 2704 praec.

140 3154 150 3163 '
165 3156 188 3175 et
201 3160 281 3182 margo
297 3155 350 3177 Vat.

139 3185 167 3201 20
183 3186 202 3202 2.

140 3207 150 3216 ⁶
185 3206 216 3228 ib.
233 3207 251 3234 1,
266 3207 349 3235 lect.v,

140 3238 164 3254 11.
173 3238 192 3254 2.

140 3309 150 3318 '
164 3307 224 3330 lbid.

140 2992 150 3002 '
161 2992 222 3017 (Om.
233 2993 262 3018 in)
274 2995 350 3015 rectus

239 3260 253 3294 β

383 259 461 294 412

1092 238 1679 279 METEOROLOGICORUM
1708 238 1802 274 LIB.
1834 239 1866 275 II

1069 472 1436 528 LECTIO
1495 471 1890 528 OCTAVA

1144 625 1201 655 DE
1225 624 1354 656 MOTU
1378 624 1538 655 LOCALI
1562 625 1810 656 VENTORUM

381 767 424 797 Ἡ
447 759 485 795 δέ
510 762 595 806 φοραὶ
610 759 692 800 λοξῆ
719 757 830 791 αὐτῶν
852 756 963 789 ἐστιν·
991 757 1064 798 περὶ
1082 754 1146 832 ξαρ
1166 754 1230 791 τήν
1247 755 1311 801 γῆν
1331 753 1450 786 πνέου-

451 819 515 848 σιν,
542 807 585 843 εἰς
612 804 704 847 ὀρθὸν
728 801 904 848 γινομένης
930 800 992 838 τῆς
1017 800 1082 832 ἀνα
1106 798 1285 844 υμιάσεως,
1307 798 1360 832 ὅτι
1382 800 1449 836 πᾶς

453 853 468 884 ὁ
493 850 602 891 κύκλῳ
630 850 693 893 ἀήρ
718 846 903 879 συνέπεται
927 845 973 886 τῇ
999 846 1102 887 φορᾷ·

383 893 436 929 διὸ
459 897 518 927 καὶ
545 893 743 937 ἀπορήσειεν
763 890 801 923 ἄν
821 902 885 931 τις,
905 888 1096 932 ποτέρωθεν
1115 889 1135 924 ’ἢ
1156 886 1244 933 ἀρχή
1264 889 1330 920 τῶν
1353 899 1449 920 πνευ-

449 939 567 984 μάτων
593 937 678 978 ἐστὶ,
698 935 841 979 πότερον
871 933 1009 975 ἄνωθεν,
1029 932 1050 970 ἦ
1066 932 1239 967 κάτωθεν·
1267 934 1287 968 ἦ
1306 932 1365 976 μὲν
1383 931 1448 978 γάρ

448 986 572 1020 κίνησις
600 980 736 1022 ἄνωθεν,
761 981 819 1011 καὶ
846 980 920 1023 πρὶν
947 982 1054 1019 πνεῖν,
1082 980 1098 1011 ὁ
1123 973 1151 1009 δ’
1183 977 1246 1022 ἀήρ
1273 972 1447 1018 ἐπίδηλος,

448 1027 510 1059 κᾶν
546 1025 569 1067 ἦ
598 1026 717 1070 νέφος,
752 1023 774 1060 ἦ
809 1022 933 1067 ἀχλύς·
967 1026 1124 1067 σημαίνει
1155 1021 1220 1068 γάρ
1251 1021 1448 1065 κινουμένην

450 1061 644 1117 πνεύματος
671 1068 778 1113 ἀρχήν
803 1070 878 1111 πρὶν
904 1069 1051 1112 φανερῶς
1077 1065 1274 1104 ἐληλυθέναι
1297 1066 1357 1098 τὸν
1378 1066 1449 1098 ἅνε-

475 1128 528 1157 ον,
555 1117 598 1153 ὠς
626 1113 750 1147 ἀνωθεν
782 1113 898 1144 αὐτῶν
929 1112 1078 1157 ἑχόντων
1105 1111 1169 1148 τήν
1197 1110 1319 1156 ἀρχήν.
1353 1109 1448 1143 Ἐπεὶ

448 1128 477 1194 ς’
508 1161 598 1193 ἐστὶν
626 1159 745 1202 ἄνεμος
779 1155 908 1194 πλῆθός
935 1168 969 1188 τι
995 1157 1058 1195 τῆς
1084 1157 1120 1188 ἐκ
1143 1157 1206 1202 γῆς
1232 1156 1333 1200 ξηρᾶς
1369 1155 1449 1188 ἀνα-

448 1204 632 1250 θυμιάσεως
657 1201 850 1246 κινούμενον
877 1202 951 1246 περὶ
977 1201 1041 1238 τήν
1066 1202 1144 1247 γῆν,
1172 1195 1276 1236 δῆλον
1305 1198 1359 1233 ὅτι
1385 1201 1447 1237 τῆς

448 1250 506 1295 μὲν
530 1248 690 1285 κινήσεως
715 1247 736 1283 ἡ
765 1245 852 1291 ἀρχή
881 1244 1023 1287 ἄνωθεν,
1051 1247 1114 1284 τῆς
1140 1242 1170 1279 δ’
1199 1244 1277 1283 ὕλης
1302 1246 1360 1276 καὶ
1386 1245 1450 1282 τῆς

447 1293 607 1341 γενέσεως
640 1290 810 1324 κάτωθεν·
841 1289 861 1333 ᾗ
886 1290 946 1334 μὲν
971 1290 1036 1335 γοὶρ
1066 1292 1238 1335 ῥευσεῖται
1264 1289 1306 1321 τὸ
1334 1289 1446 1331 ἀνιὸν,

447 1337 568 1371 εκεῖθεν
587 1337 628 1370 τὸ
651 1338 780 1369 αἴτιον·
808 1335 829 1372 ἡ
855 1335 920 1380 γάρ
939 1335 1026 1379 φορά
1041 1336 1108 1367 τῶν
1127 1334 1326 1380 πορρωτέρω
1351 1335 1448 1387 κυρία

447 1384 508 1420 τῆς
532 1382 615 1428 γῆς·
640 1382 699 1412 καὶ
725 1379 798 1424 ἅμα
830 1378 985 1412 κάτωθεν
1011 1379 1071 1423 μὲν
1096 1380 1140 1418 εἰς
1168 1378 1262 1423 ὀρθὸν
1290 1379 1448 1423 ἀναφέρε-

447 1439 519 1468 ται,
545 1427 603 1458 καὶ
628 1426 695 1458 πᾶν
720 1423 830 1470 ἰσχύει
855 1425 986 1469 μᾶλλον
1012 1423 1132 1470 ἐγγύς·
1158 1425 1179 1461 ’ἡ
1207 1420 1244 1456 δὲ
1270 1423 1334 1461 τῆς
1358 1422 1450 1469 γενέ-

446 1484 526 1509 σεως
554 1469 640 1516 ἀρχῆ
665 1465 770 1506 δῆλον
795 1469 837 1507 ὠς
863 1469 899 1501 ἐκ
924 1469 988 1506 τῆς
1012 1470 1075 1515 γῆς
1102 1469 1207 1501 ἐστιν.

373 1516 449 1551 ’Ὀτι
467 1511 494 1548 δ’
518 1514 553 1547 ἐκ
571 1515 702 1547 πολλῶν
724 1512 981 1557 ἀναθυμιάσεων
999 1514 1179 1545 συνιουσῶν
1199 1511 1297 1545 κατα
1315 1511 1447 1554 μικρόν,

446 1560 554 1604 ὥσπερ
581 1561 615 1591 αἱ
641 1559 708 1591 τῶν
735 1560 900 1602 ποταμῶν
937 1558 1040 1602 ἀρχαὶ
1069 1560 1226 1604 γίνονται
1251 1556 1449 1600 νοτιζούσης

446 1606 510 1642 τῆς
533 1604 617 1650 γῆς,
643 1598 747 1639 δῆλον
771 1604 830 1637 καὶ
856 1603 910 1635 ἐπὶ
937 1603 1003 1634 τῶν
1029 1603 1151 1658 ἔργων·
1179 1600 1252 1635 ὅθεν
1279 1601 1342 1648 γάρ
1369 1600 1450 1634 ἑκά-

445 1661 549 1682 στοτε
580 1647 755 1688 πνέουσιν,
783 1645 969 1692 ἐλάχισται
1001 1659 1129 1685 παντες
1160 1647 1244 1687 εἰσὶ,
1273 1647 1446 1691 προϊόντες

445 1690 482 1726 δὲ
506 1694 565 1725 καὶ
583 1691 692 1736 πόρρω
709 1693 860 1736 λαμπροὶ
882 1690 1051 1724 πνέουσιν.
1078 1691 1158 1724 Ἔτι
1175 1686 1213 1724 δὲ
1232 1693 1290 1723 καὶ
1309 1691 1356 1724 τοὶ
1373 1693 1445 1735 περὶ

446 1738 510 1775 τήν
537 1737 659 1781 ἄρκτον
686 1734 718 1768 ἑν
744 1737 792 1778 τῷ
818 1737 957 1790 χειμῶνι
981 1735 1111 1780 νήνεμα
1139 1738 1198 1768 καὶ
1226 1735 1339 1767 ἄπνοα
1363 1736 1442 1768 κατ’

447 1782 554 1815 αὐτον
589 1781 715 1813 ἐκεῖνον
747 1780 807 1814 τὸν
841 1792 972 1822 τοπον,
1008 1778 1099 1813 ἀλλά
1130 1780 1172 1813 τὸ
1205 1780 1302 1812 κατά
1330 1780 1446 1824 μικρὸν

447 1826 618 1860 ἀποπνέον
643 1827 700 1857 καὶ
725 1824 894 1857 λανθάνον
921 1823 984 1866 ἔξω
1010 1824 1126 1870 προϊὸν
1151 1819 1217 1862 ἤδη
1244 1825 1378 1869 πνεῦμα
1398 1826 1447 1871 γί-

446 1883 542 1903 νεται
564 1868 737 1914 λαμπρόν.

379 1917 434 1953 Τίς
459 1916 517 1960 μὲν
543 1914 598 1947 οὖν
630 1915 721 1947 ἔστιν
751 1914 772 1950 ’ἦ
803 1914 865 1946 τοῦ
897 1911 1020 1958 ἀνέμου
1045 1913 1158 1956 φύσις,
1184 1915 1243 1945 καὶ
1268 1913 1336 1950 πῶς
1361 1915 1447 1959 γίνε-

448 1972 522 2002 ται,
542 1959 593 1992 ἔτι
617 1954 648 1990 δ’
669 1958 809 2003 αὐχμῶν
835 1970 872 1991 τε
899 1957 974 2003 πέρι
997 1959 1056 1990 καὶ
1081 1956 1280 2003 ἐπομβρίας,
1306 1958 1365 1989 καὶ
1389 1952 1449 1990 διαὶ

447 2005 508 2038 τίν’
538 2004 653 2037 αἰτίαν
681 2005 740 2035 καὶ
766 2002 941 2035 παύονται
974 2005 1032 2034 καὶ
1064 2005 1221 2049 γίνονται
1251 2001 1342 2046 μετά
1367 2002 1447 2040 τούς

447 2049 608 2093 ὄμβρους,
637 2043 697 2080 διαὶ
720 2049 754 2079 τί
781 2059 818 2080 τε
844 2046 960 2090 βορέαι
992 2048 1051 2079 καὶ
1075 2046 1172 2079 νότοι
1197 2048 1353 2079 πλεῖστοι
1378 2047 1446 2079 τῶν

448 2093 576 2137 ἀνέμων
596 2093 690 2134 εἰσὶν,
708 2094 859 2137 εἴρηται·
886 2092 966 2136 πρὸς
984 2091 1021 2123 δὲ
1045 2091 1183 2130 τούτοις
1206 2093 1265 2124 καὶ
1284 2092 1357 2135 περὶ
1383 2092 1445 2129 τῆς

444 2139 545 2182 φορᾶς
571 2138 698 2170 αὐτῶν.

437 2235 584 2262 SYNOP51S.
609 2251 643 2255 —
671 2243 694 2262 1.
710 2234 922 2271 Argumentum
943 2239 972 2261 et
993 2232 1095 2261 divisio
1116 2239 1218 2261 textus.
1239 2249 1259 2254 -
1285 2233 1390 2267 Qualis
1410 2233 1447 2260 sit

378 2280 471 2303 motus
492 2279 652 2302 ventorum.
674 2275 771 2302 Motus
792 2273 844 2301 iste
859 2273 890 2301 fit
905 2273 934 2300 in
949 2273 1117 2309 oppositum
1139 2272 1328 2301 exhalationis
1344 2273 1445 2310 impel-

377 2314 460 2342 lentis
481 2323 593 2349 aerem;
615 2314 665 2342 sed
680 2313 748 2350 quia
769 2313 905 2350 impulsio
927 2313 998 2341 haec
1019 2322 1053 2341 ex
1068 2319 1150 2341 motu
1172 2313 1243 2341 caeli
1264 2313 1351 2341 habet
1366 2313 1446 2350 quod

378 2354 414 2382 sit
435 2354 566 2390 obliqua,
588 2353 654 2382 ideo
675 2353 751 2381 venti
773 2362 834 2381 non
855 2353 985 2381 feruntur
1006 2352 1036 2380 in
1057 2359 1183 2388 rectum,
1206 2362 1301 2390 neque
1330 2362 1445 2381 sursum

378 2400 427 2422 aut
441 2394 585 2429 deorsum,
607 2394 658 2421 sed
679 2393 709 2421 in
724 2393 874 2430 obliquum
897 2393 972 2421 circa
992 2399 1109 2421 terram.
1124 2410 1143 2414 -
1157 2393 1211 2421 Hic
1232 2400 1330 2421 tamen
1349 2399 1446 2421 motus

379 2440 420 2462 est
434 2440 519 2461 vento
541 2433 686 2461 naturalis.
702 2449 720 2454 -—
737 2441 763 2461 2.
777 2432 941 2461 Subdivisio
963 2439 1065 2461 textus.
1080 2449 1100 2453 —
1118 2433 1200 2461 Unde
1215 2433 1293 2461 venti
1307 2433 1447 2471 incipiant

378 2473 498 2502 moveri.
514 2473 688 2510 Principium
710 2479 807 2501 motus
828 2479 871 2501 est
885 2482 999 2501 sursum
1021 2472 1052 2501 in
1065 2482 1144 2501 aere:
1167 2482 1200 2501 ex
1216 2472 1265 2501 illo
1287 2472 1365 2501 enim
1381 2473 1447 2502 loco

502 2575 629 2623 ‚Ji-'⁴⁸³
643 2574 819 2614 ostquam
838 2566 858 2588 ’¹‘
878 2565 1145 2603 determinavit
1163 2566 1211 2603 de
1231 2565 1442 2614 generatio-

601 2622 631 2668 ς,

643 2631 689 2655 ne
708 2626 923 2666 ventorum,
944 2619 1005 2656 hic
1022 2619 1249 2656 determinat
1269 2619 1317 2656 de
1333 2626 1442 2656 motu

592 2675 601 2691 ‘⁴
619 2672 812 2723 ipsorum
831 2672 862 2709 ³⁸.
894 2673 943 2709 Et
977 2672 1075 2709 circa
1103 2673 1178 2709 hoc
1203 2672 1281 2709 duo
1310 2672 1439 2710 facit“:

528 2715 539 2728 s
590 2718 766 2774 ι’ρῑίπιο
801 2725 964 2763 ostendit
998 2725 1118 2774 qualis
1147 2726 1191 2762 sit
1215 2733 1343 2762 motus
1378 2738 1441 2762 eo-

378 2789 479 2823 rum;
510 2778 677 2814 secundo
698 2778 850 2826 inquirit
869 2779 916 2816 de
936 2778 1122 2828 principio
1143 2787 1271 2816 motus
1292 2791 1438 2827 eorum,

377 2829 449 2867 ibi:
478 2831 638 2878 Propter
665 2833 765 2879 quod
791 2837 826 2868 et
851 2831 1068 2869 dubitabit*
1088 2840 1157 2869 etc.

430 2883 530 2919 Dicit
550 2895 637 2932 ergo
657 2884 780 2933 primo
797 2885 913 2933 quod,
935 2885 1111 2934 quamvis
1132 2885 1316 2923 exhalatio
1341 2898 1440 2935 quae

379 2943 434 2972 est
460 2936 687 2985 principium
706 2945 921 2985 ventorum,
943 2951 1094 2975 sursum
1123 2940 1292 2975 elevetur
1319 2938 1356 2976 in
1386 2952 1441 2976 re-

379 2996 491 3036 ctum,
513 2997 641 3026 tamen
668 2999 794 3027 motus
823 3003 957 3028 eorum
987 3004 1065 3029 non
1086 2999 1142 3029 est
1169 2992 1208 3028 in
1237 2992 1438 3029 rectum*:

377 3041 471 3078 flant
499 3043 599 3079 enirn
627 3043 730 3080 venti
769 3043 867 3081 circa
901 3052 1040 3081 terram
1079 3046 1128 3082 ab
1164 3057 1240 3082 una
1267 3053 1374 3094 parte
1403 3045 1442 3082 in

378 3093 489 3131 aliam
518 3097 785 3143 procedentes,
816 3097 910 3134 sicut
938 3098 986 3134 ab
1017 3097 1160 3135 oriente
1193 3098 1231 3135 in
1265 3098 1440 3135 occiden-

378 3154 466 3194 tem,
495 3149 556 3184 vel
575 3148 595 3170 ’¹‘
624 3161 643 3185 e
664 3162 862 3187 converSO.
899 3151 948 3187 Et
976 3163 1090 3188 causa
1118 3151 1200 3188 talis
1229 3159 1356 3189 motus
1385 3159 1441 3188 est

379 3200 493 3248 quod,
519 3208 560 3237 ut
587 3214 700 3250 supra
718 3202 738 3224 *
766 3203 906 3240 dictum
933 3211 997 3251 est,
1028 3204 1199 3253 superior
1226 3217 1314 3253 pars
1343 3204 1440 3242 aeris

379 3251 493 3289 fertur
505 3252 523 3282 Ρ
538 3253 763 3292 circulariter
777 3256 986 3293 secundum
1003 3265 1151 3294 motum
1169 3257 1279 3304 caeli;
1301 3265 1336 3294 et
1355 3258 1440 3295 licet

378 3303 417 3341 in
444 3305 505 3342 illo
534 3307 717 3355 superiori
745 3320 830 3345 aere
860 3321 938 3346 non
966 3310 1058 3347 flant
1076 3311 1191 3358 venti,
1217 3319 1259 3348 ut
1286 3323 1401 3360 supra
1420 3311 1440 3333 '¹‘

432 3442 459 3475 α)
479 3443 531 3468 duo
543 3444 623 3477 jacit.
642 3459 659 3463 —
678 3446 731 3470 tria
744 3447 815 3480 facit
834 3447 879 3477 Pa,
900 3452 924 3472 et
943 3453 1003 3480 post
1021 3449 1152 3475 dubitabit
1170 3453 1219 3476 etc.
1237 3451 1336 3475 addunt
1360 3451 1440 3476 tertio

378 3478 493 3503 ostendit
510 3479 640 3510 quomodo
659 3481 730 3505 venti
749 3483 900 3513 procedunt
918 3490 934 3507 a
953 3490 1000 3508 suo
1015 3485 1162 3517 principio,
1183 3485 1234 3510 ibi:
1254 3486 1332 3516 Quod
1350 3489 1439 3511 autem

378 3513 593 3539 exhalationibus
606 3518 668 3544 etc.;
687 3517 733 3540 sed
752 3524 782 3540 ex
802 3518 925 3550 principio
939 3526 1010 3543 num.
1025 3527 1081 3552 seq.
1095 3521 1156 3545 satis
1170 3526 1276 3553 apparet
1288 3526 1385 3546 textum
1401 3521 1438 3546 Pa

1502 756 1520 775 *
1531 756 1624 787 Latio
1640 764 1748 788 autem
1763 757 1910 798 ipsorum
1926 759 2058 800 obliqua
2070 767 2126 791 est.
2147 759 2239 791 Circa
2254 766 2371 792 terram
2387 760 2474 791 enim
2489 760 2578 800 flant,

1570 801 1604 831 in
1627 809 1750 833 rectum
1769 802 1851 833 facta
1870 803 2078 843 exhalatione,
2103 804 2179 846 quia
2201 805 2308 835 omnis
2324 804 2381 846 qui
2395 804 2430 836 in
2444 805 2577 837 circuitu

1571 855 1623 876 aer
1647 847 1853 888 consequitur
1875 847 2039 879 lationem.

1502 889 1636 929 Propter
1659 891 1749 932 quod
1773 898 1804 922 et
1826 891 1983 923 dubitabit
2006 892 2118 934 utique
2141 893 2256 934 aliquis
2280 893 2366 924 unde
2383 893 2578 934 principium

1571 936 1742 977 spirituum
1767 942 1831 974 est,
1856 942 1965 967 utrum
1988 937 2027 967 de
2051 947 2148 978 supra
2171 944 2226 968 aut
2249 932 2288 968 de
2313 938 2435 969 subtus.
2466 938 2578 970 Motus

1571 981 1703 1022 quidem
1720 979 1806 1010 enim
1830 980 1966 1021 desuper
1989 987 2046 1019 est,
2059 988 2090 1012 et
2102 987 2174 1012 ante
2197 981 2289 1013 flare:
2315 992 2367 1013 aer
2389 989 2498 1013 autem
2514 982 2577 1014 evi—

1571 1026 1660 1064 dens,
1686 1024 1711 1055 si
1735 1024 1832 1055 fuerit
1852 1025 1953 1055 nubes
1977 1031 2033 1056 aut
2056 1025 2178 1066 caligo;
2202 1025 2357 1066 significat
2379 1026 2467 1058 enim
2489 1034 2579 1058 mota

1571 1070 1700 1111 spiritus
1723 1068 1918 1109 principium
1941 1076 2014 1100 ante
2034 1069 2200 1101 manifeste
2215 1070 2322 1102 venire
2337 1077 2485 1110 ventum,
2509 1077 2577 1102 tan—

1570 1125 1669 1156 quam
1697 1113 1834 1154 desuper
1856 1113 1932 1154 ipsis
1962 1113 2152 1145 habentibus
2175 1114 2380 1155 principium.
2414 1114 2579 1153 Quoniam

1571 1166 1679 1190 autem
1703 1165 1750 1189 est
1772 1165 1886 1188 ventus
1916 1158 2092 1189 multitudo
2123 1159 2282 1200 quaedam
2315 1158 2414 1190 siccae
2437 1169 2476 1190 ex
2498 1166 2580 1191 terra

1570 1202 1776 1235 exhalationis
1799 1209 1888 1233 mota
1904 1202 1985 1233 circa
2001 1209 2127 1241 terram,
2151 1203 2259 1243 palam
2274 1203 2364 1244 quod
2387 1210 2496 1235 motus
2511 1203 2580 1246 qui-

1571 1249 1644 1279 dem
1663 1246 1856 1288 principium
1881 1247 2027 1288 desuper,
2044 1247 2194 1278 materiae
2218 1254 2326 1278 autem
2349 1254 2380 1279 et
2402 1246 2580 1289 generatio-

1570 1293 1619 1323 nis
1636 1293 1675 1323 de
1692 1292 1821 1323 subtus:
1846 1301 1911 1332 qua
1933 1291 2066 1332 quidem
2089 1291 2175 1322 enim
2194 1291 2296 1323 tendit
2313 1292 2404 1333 quod
2426 1291 2578 1333 ascendit,

1569 1337 1644 1367 inde
1668 1346 1771 1368 causa.
1804 1336 1896 1367 Latio
1920 1336 2007 1366 enim
2030 1346 2145 1367 eorum
2167 1346 2250 1378 quae
2278 1336 2407 1376 longius
2437 1346 2456 1367 a
2477 1343 2576 1377 tm,

1570 1381 1720 1419 domina;
1744 1387 1775 1411 et
1791 1380 1887 1411 simul
1910 1381 1949 1412 de
1972 1381 2084 1412 subtus
2108 1381 2241 1422 quidem
2255 1379 2289 1411 in
2304 1387 2428 1412 rectum
2448 1390 2579 1415 sunum

1570 1425 1730 1464 feruntur;
1755 1432 1786 1456 et
1801 1435 1898 1456 omne
1921 1425 2005 1456 valet
2028 1425 2128 1466 magis
2147 1435 2259 1466 prope.
2284 1425 2506 1459 Generationin
2521 1435 2578 1461 au—

1570 1476 1636 1500 tem
1659 1469 1854 1510 principium
1877 1469 1983 1510 palam
2007 1470 2096 1511 quod
2121 1480 2158 1501 ex
2181 1477 2262 1501 terra
2285 1476 2341 1502 est.

1503 1513 1601 1550 Quod
1617 1522 1725 1545 autem
1748 1514 1999 1545 exhalationibus
2024 1513 2285 1545 convenientibus
2309 1514 2488 1546 secundum
2509 1523 2579 1546 mo-

1569 1559 1689 1597 dicum,
1709 1558 1791 1590 sicut
1813 1558 1988 1589 fluviorum
2012 1559 2166 1599 principia
2188 1558 2271 1590 fiunt
2294 1565 2462 1590 emanante
2484 1565 2577 1599 tem,

1569 1603 1675 1644 palam
1699 1610 1730 1634 et
1751 1603 1785 1633 in
1809 1603 1969 1643 operibus.
2004 1603 2097 1634 Unde
2120 1609 2229 1634 autem
2251 1602 2450 1643 singulariter
2479 1602 2577 1643 flant,

1570 1647 1696 1678 minimi
1713 1657 1824 1678 omnes
1841 1653 1928 1678 sunt:
1953 1648 2161 1688 procedentes
2184 1654 2293 1679 autem
2313 1654 2344 1679 et
2358 1647 2466 1689 longe,
2480 1646 2581 1680 validt

1569 1691 1656 1723 flant.
1681 1692 1796 1723 Adhuc
1813 1698 1921 1723 autem
1937 1699 1968 1724 et
1983 1702 2066 1733 quae
2081 1692 2162 1723 circa
2177 1698 2310 1731 arctum,
2320 1691 2354 1722 in
2368 1691 2474 1724 hieme
2490 1697 2577 1724 tran-

1570 1736 1669 1778 quilla
1692 1743 1722 1767 et
1738 1735 1804 1766 sine
1827 1735 1904 1767 flatu
1929 1736 2107 1768 secundum
2129 1737 2238 1777 ipsum
2259 1735 2354 1768 illum
2376 1736 2505 1768 locum:
2520 1737 2576 1768 sed

1569 1781 1747 1811 secundum
1774 1780 1941 1812 modicum
1964 1781 2096 1812 ulterius
2119 1781 2198 1812 flans
2228 1787 2260 1812 et
2277 1781 2378 1812 latens
2401 1787 2487 1812 extra
2501 1790 2576 1822 pro·

1569 1825 1694 1864 cedenS,
1718 1825 1784 1856 iam
1807 1825 1935 1866 spiritus
1957 1824 1994 1856 fit
2015 1825 2158 1866 insignis.

1502 1915 1593 1952 Quae
1610 1913 1742 1955 quidem
1765 1921 1812 1945 est
1831 1913 1916 1945 venti
1940 1921 2063 1951 natura,
2081 1921 2112 1945 et
2135 1914 2304 1956 quomodo
2327 1913 2374 1954 fit,
2390 1913 2495 1946 adhuc
2517 1923 2574 1946 au-

1569 1966 1634 1990 tem
1658 1958 1698 1989 de
1728 1959 1864 1990 siccitate
1895 1965 1926 1990 et
1948 1959 1987 1989 de
2019 1958 2232 1998 imbrositate‚
2257 1965 2287 1990 et
2313 1965 2445 2000 propter
2473 1967 2574 2001 quam
2615 1964 2621 1967 ’

1568 2012 1697 2034 causam
1726 2010 1849 2034 cessant
1871 2010 1902 2034 et
1924 2002 2006 2034 fiunt
2029 2010 2103 2044 post
2125 2003 2262 2042 imbres,
2290 2010 2322 2034 et
2343 2009 2475 2044 propter
2495 2002 2575 2045 quid

1569 2048 1684 2079 boreae
1714 2055 1745 2079 et
1768 2048 1836 2079 noti
1866 2047 1997 2088 plurimi
2027 2054 2199 2079 ventorum
2229 2054 2323 2087 sunt,
2354 2047 2477 2079 dictum
2506 2053 2573 2079 est:

1569 2092 1672 2123 adhuc
1695 2099 1803 2124 autem
1828 2099 1858 2123 et
1881 2092 1920 2124 de
1942 2092 2062 2123 latione
2085 2092 2241 2134 ipsorum.

1499 2233 1599 2270 incipit
1614 2239 1711 2261 motus
1722 2233 1809 2268 venti,
1821 2233 1850 2261 in
1862 2242 1950 2271 quern
1965 2233 2057 2262 tendit
2071 2233 2214 2262 exhalatio
2228 2233 2313 2263 sicca.
2328 2234 2386 2262 Sed
2398 2232 2575 2271 principium

1500 2273 1648 2302 materiale
1668 2273 1863 2310 generationis
1884 2273 1962 2302 venti
1983 2280 2027 2302 est
2047 2274 2185 2302 deorsum
2206 2273 2237 2302 in
2251 2280 2336 2310 terra,
2358 2283 2393 2302 ex
2406 2282 2466 2312 qua
2482 2274 2574 2304 resol—

1500 2319 1606 2342 vuntur
1627 2313 1824 2342 exhalationes
1844 2313 1945 2342 siccae.
1959 2330 1980 2335 —
1995 2314 2021 2342 3.
2042 2314 2194 2349 Quomodo
2216 2314 2294 2342 venti
2309 2315 2508 2353 procedunto
2520 2323 2574 2344 suo

1496 2353 1654 2391 principio.
1684 2353 1764 2382 Sicut
1784 2353 1926 2390 principia
1952 2353 2109 2382 fluviorum
2137 2353 2277 2391 paulatim
2305 2360 2518 2392 congregantur
2537 2363 2574 2384 ex

1501 2393 1619 2421 diversis
1645 2393 1775 2430 partibus
1801 2401 1909 2429 terrae,
1938 2393 1978 2422 ita
1999 2393 2086 2422 etiam
2111 2393 2252 2431 paulatim
2279 2394 2316 2422 ab
2339 2393 2574 2424 exhalationibus

1500 2433 1634 2462 adunatis
1649 2440 1862 2471 congregantur
1875 2433 1961 2462 venti.
1984 2434 2051 2462 Duo
2066 2431 2153 2472 signa'
2161 2434 2199 2462 ad
2213 2434 2270 2463 hoc
2284 2434 2538 2464 manifestandum.
2552 2451 2574 2457 -

1501 2473 1720 2510 Recapitulatio.

1497 2566 1640 2604 dictum
1666 2573 1732 2613 est,
1754 2566 1822 2604 sed
1842 2566 1880 2604 in
1906 2578 1994 2603 aere
2013 2566 2181 2604 inferiori
2201 2567 2266 2617 qui
2296 2574 2352 2605 est
2370 2567 2466 2606 infra
2489 2567 2571 2606 alti·

1495 2619 1668 2657 tudinem
1687 2619 1877 2657 montium
1903 2632 2187 2669 supremorum,
2207 2629 2339 2658 tamen
2365 2621 2435 2659 iste
2454 2621 2570 2660 etiam

1496 2684 1561 2709 aer
1580 2672 1721 2721 aliquid
1740 2673 1940 2722 participat
1959 2673 2006 2711 de
2027 2681 2136 2711 motu
2156 2674 2374 2723 superioris,
2395 2674 2482 2712 licet
2499 2674 2571 2713 ista

1497 2726 1691 2763 circulatio
1727 2739 1806 2764 non
1835 2727 2084 2776 compleatur.
2124 2728 2174 2765 Et
2202 2740 2247 2764 ex
2274 2728 2350 2765 hoc
2387 2727 2570 2777 contingit

1495 2779 1602 2827 quod
1622 2779 1878 2817 exhalationes
1907 2788 2200 2818 commoventes
2224 2793 2366 2829 aerem,
2386 2793 2467 2819 non
2484 2793 2569 2819 mo-

1494 2840 1587 2869 vent
1606 2833 1731 2882 ipsum
1759 2833 1798 2870 in
1827 2845 1978 2870 sursum
2007 2841 2072 2871 aut
2098 2834 2137 2871 in
2166 2834 2361 2882 deorsum,
2381 2835 2488 2883 quod
2510 2834 2567 2873 vi-

1495 2885 1606 2923 detur
1625 2885 1772 2934 exigere
1793 2886 1976 2924 subtilitas
1997 2887 2243 2927 exhalationis
2272 2887 2485 2936 calefactae,
2501 2895 2568 2926 aut

1495 2938 1702 2987 frigiditatis
1730 2939 1807 2977 iam
1837 2940 2113 2987 condensatae;
2142 2940 2212 2978 sed
2235 2948 2487 2979 commovent
2503 2953 2566 2980 ae-

1495 3005 1577 3030 rem
1598 2992 1636 3030 in
1656 2993 1868 3042 obliquum,
1899 2993 2007 3043 quasi
2035 3006 2123 3031 aere
2143 2994 2328 3032 retinente
2347 2993 2490 3045 aliquid
2517 2994 2566 3033 de

1493 3053 1656 3095 utroque
1685 3054 1794 3084 motu
1813 3051 1839 3084 ⁷.
1870 3047 1981 3084 Unde
2001 3059 2081 3084 non
2101 3055 2251 3097 oportet
2279 3048 2386 3096 quod
2413 3059 2567 3098 semper

1495 3106 1623 3136 motus
1650 3099 1754 3136 venti
1784 3100 1830 3137 sit
1858 3101 1906 3137 ad
1939 3100 2200 3147 occidentem,
2230 3101 2325 3138 sicut
2353 3108 2409 3139 est
2437 3108 2566 3140 motus

1496 3152 1607 3200 caeli,
1638 3153 1705 3190 sed
1734 3153 1776 3190 fit
1799 3153 1838 3190 in
1867 3153 2089 3203 oppositum
2119 3154 2367 3192 exhalationis
2395 3155 2566 3205 compel-

1495 3205 1621 3252 lentis;
1650 3218 1750 3254 quae
1773 3214 1904 3243 tamen
1924 3207 2103 3256 impulsio
2125 3219 2170 3245 ex
2189 3215 2299 3245 motu
2327 3207 2421 3246 caeli
2449 3208 2566 3246 habet

1495 3259 1599 3307 quod
1619 3259 1665 3295 sit
1685 3259 1883 3309 obliqua·
1900 3260 1984 3297 Nec
2003 3268 2160 3310 propter
2177 3261 2252 3298 hoc
2271 3261 2441 3310 sequitur
2459 3261 2564 3311 quod

1495 3319 1623 3348 motus
1641 3312 1747 3349 venti
1767 3325 1845 3349 non
1873 3313 1919 3350 sit
1946 3313 2137 3362 naturalis,
2153 3314 2243 3364 quia
2262 3314 2463 3363 obliquitas
2483 3314 2565 3353 eius

1549 3450 1653 3494 §ipa-rs
1666 3453 1737 3478 aer1's
1745 3453 1847 3486 fertur.
1859 3467 1878 3472 -
1889 3461 1938 3479 aer
1950 3458 1976 3480 et
1991 3458 2084 3480 ventus
2097 3458 2238 3480 moventur
2251 3455 2298 3480 Pa.
2307 3469 2326 3475 -
2340 3455 2397 3480 Lin.
2408 3463 2466 3490 neq.
2475 3456 2497 3481 B
2509 3463 2564 3482 om.

1493 3494 1635 3556 supsslmdeh
1646 3526 1758 3556 utroque
1777 3527 1858 3549 motu.
1872 3538 1892 3544 -
1903 3532 1941 3550 ex
1960 3527 2071 3558 utroque
2091 3529 2164 3551 motu
2183 3523 2214 3550 B.
2227 3539 2246 3546 -
2264 3526 2336 3551 Idem
2356 3526 2476 3559 sequenti
2495 3525 2563 3552 linea

378 3547 559 3580 interpolatum
579 3557 646 3574 esse.
665 3564 683 3568 -
701 3551 723 3575 Α
742 3551 851 3576 absolvit
870 3554 1083 3579 commentarium
1109 3563 1168 3580 cum
1188 3556 1306 3581 citatione
1325 3557 1439 3589 Propter
1493 3565 1541 3590 pro
1559 3558 1628 3583 sicut
1646 3562 1686 3584 est
1705 3562 1792 3584 motus
1810 3559 1885 3589 caeli,
1904 3560 1973 3585 sicut
1991 3564 2113 3586 movetur
2131 3561 2248 3592 caelum3
2270 3566 2296 3586 et
2316 3568 2365 3594 pro
2378 3561 2562 3587 &haimonis

378 3583 449 3615 quod
467 3586 494 3608 et
513 3584 643 3609 dubitabit
661 3588 709 3610 etc.
715 3592 723 3614 ;
743 3586 773 3610 cf.
792 3586 988 3613 praefationem.

1491 3593 1678 3625 compellentis,
1698 3594 1879 3620 exhalationis
1898 3596 2061 3621 excellentis.

2606 750 2782 806 wei-affl

2772 824 2782 895 ὲ

2751 901 2782 993 '3

2770 995 2782 1083 i

2776 1082 2782 1133 ⁴.
