2782 4134
154 2868 210 2915 ἕιῦιὲ.
223 2868 274 2890 lect.
290 2875 366 2896 praec.

158 3185 166 3193 '
182 3184 239 3211 quid
251 3191 288 3206 Aa.

156 3395 164 3402 “
180 3395 303 3416 secundum
318 3402 366 3418 om.

154 3426 193 3442 ra.

154 3447 165 3458 ⁸
180 3450 232 3469 aunt
246 3454 282 3469 ΑΒ.

407 277 480 313 382

471 347 674 396 διορύττων,
695 350 785 389 ὅπως
810 351 858 395 μή
883 345 1052 394 διαφθαρῇ
1079 349 1121 381 τό
1145 349 1253 393 ῥεῦμα
1278 349 1341 380 τοῦ
1362 359 1474 379 ποτα-

472 397 804 440 μοῧ,1συμμιγείσης
838 395 901 432 τῆς
933 393 1125 430 θαλάττης.
1158 393 1306 437 Φανερὸν
1335 390 1391 424 οὖν
1418 391 1471 424 ὅτι

471 440 636 473 θάλαττα
655 441 775 472 πάντα
793 441 855 482 μία
877 440 996 471 ταῦτα
1020 437 1162 482 συνεχής
1189 435 1246 474 ἦν·
1273 432 1326 468 διό
1350 437 1408 468 καὶ
1425 436 1473 469 τοὶ

472 486 546 529 περὶ
563 485 628 522 τήν
652 483 778 526 Λιβύην
805 483 868 519 τήν
888 484 1079 526 Ἀμμωνίαν
1105 481 1220 526 χώραν
1239 480 1472 523 ταπεινότερα

471 531 631 574 φαίνεται
662 531 721 561 καὶ
752 527 932 569 κοιλότερα
965 526 1060 569 παρά
1089 528 1192 570 λόγον
1216 526 1286 564 γτῆς
1317 524 1471 557 κάτωθεν

471 572 598 618 χώρας·
625 568 728 610 δῆλον
753 572 818 618 γάρ
843 572 885 608 ὠς
912 569 1084 616 ἑγχώσεως
1110 571 1169 615 μὲν
1186 568 1380 615 γενομένης,
1400 568 1471 615 ἐγέ-

470 629 569 650 νοντο
600 619 716 662 λίμναι
745 618 803 648 καὶ
836 614 973 659 χέρσος,
1006 626 1029 670 χ
1052 613 1127 646 όνου
1160 609 1197 646 δὲ
1222 613 1404 657 *ενομένου
1431 613 1471 646 τό

472 662 711 706 ἑναπολειφθέν
735 662 793 692 καὶ
813 658 982 702 λιμνάσαν
1009 626 1094 703 &gap
1113 626 1385 704 {npoevese'veovw
1404 653 1470 695 ἤδη

471 702 625 750 φροῦδον.
654 705 762 737 Ἀλλά
778 703 844 747 μην
869 704 926 734 καὶ
945 703 992 735 τά
1008 705 1082 746 περὶ
1100 703 1163 740 τήν
1181 704 1335 736 Μαιῶτιν
1351 704 1470 747 λίμνην

471 745 655 783 ἐπιδέδωκε
688 750 732 791 τῇ
766 747 953 792 προσ-χώσει
987 749 1052 780 τῶν
1088 749 1255 791 ποταμῶν
1282 749 1469 788 τοσοῦτον,

470 794 558 827 ὥστε
584 795 698 835 πολλῷ
719 791 856 825 ἐλάττω
875 791 1006 837 μεγέθει
1025 794 1130 824 πλοῖα
1148 794 1204 824 νῦν
1222 793 1370 824 εἰσπλεῖν
1390 792 1470 835 πρὸς

471 840 534 876 τήν
553 840 713 884 ἐργασίαν
736 835 756 873 ἦ
776 836 850 873 ἔτος
869 835 1072 876 ἑξηκοστόν·
1099 836 1181 869 ὥστ’
1203 838 1240 869 ἐκ
1265 836 1393 869 τούτου
1413 836 1471 881 ῥά-

469 879 539 915 διον
576 879 846 928 ἀναλογίσασθαι
877 879 930 912 ὅτι
961 883 1019 913 καὶ
1046 882 1087 914 τὸ
1114 883 1271 926 πρῶτον,
1297 881 1408 925 ὥσπερ
1435 883 1469 912 αἱ

470 929 594 960 πολλαὶ
620 927 686 959 τῶν
718 925 840 967 λιμνῶν
857 949 866 963 ,
891 926 951 956 καὶ
977 925 1067 963 αὕτη
1095 926 1189 972 ἔργον
1217 927 1289 958 ἐστὶ
1316 926 1381 958 τῶν
1409 937 1469 957 πο-

469 973 605 1015 ταμῶν,
631 972 689 1002 καὶ
715 970 756 1002 τό
781 970 981 1002 τελευταῖον
1008 971 1124 1003 πᾶσαν
1152 970 1282 1016 ἀνάγκη
1309 968 1467 1015 γενέσθαι

469 1015 583 1059 ξηράν.
617 1016 693 1047 Ἔτι
718 1010 747 1045 δ’
770 1014 785 1045 ὀ
803 1012 974 1058 Βόσπορος
1002 1014 1052 1047 ἀεὶ
1078 1015 1137 1059 μὲν
1162 1017 1212 1060 ρεἴ
1234 1010 1293 1046 διά
1314 1014 1354 1046 τὸ
1374 1025 1471 1057 προς-

466 1064 623 1109 χοῦσθαι,
644 1064 703 1094 καὶ
721 1063 812 1094 ἔστιν
832 1061 884 1094 ’έτι
902 1063 1020 1096 ταῦτα
1045 1066 1102 1095 καὶ
1129 1067 1200 1099 τοῖς
1220 1063 1364 1118 ὄμμασιν
1386 1060 1468 1093 ἰδεῖν

469 1110 503 1142 ὃν
529 1120 607 1141 τινα
632 1106 806 1147 συνέβαινε
832 1105 979 1149 τρόπον·
1008 1106 1066 1139 ὅτε
1091 1107 1156 1153 γάρ
1180 1107 1248 1139 ἀπο
1270 1107 1333 1145 τῆς
1352 1107 1468 1144 Ἀσίας

468 1153 553 1197 ᾐόνα
579 1151 750 1188 ποιήσειεν
770 1152 786 1183 ὁ
802 1152 892 1195 ῥοῦς,
912 1151 954 1183 τὸ
979 1151 1116 1184 ὄπισθεν
1140 1152 1239 1196 λίμνη
1267 1152 1398 1197 ἐγίνετο
1416 1162 1469 1195 μι-

465 1199 531 1242 κρά
554 1197 595 1230 τὸ
621 1198 768 1241 πρῶτον,
790 1193 852 1227 εἶτ’
875 1195 1054 1238 ἐξηράνθη,
1073 1196 1164 1240 μετά
1188 1195 1226 1228 δὲ
1251 1197 1358 1228 τοῦτο
1382 1196 1467 1233 ἄλλη

468 1242 536 1276 ἀπό
562 1241 696 1278 ταύτης
722 1240 803 1283 ᾐών,
829 1242 887 1272 καὶ
913 1241 1011 1284 λίμνη
1040 1241 1097 1273 ἀπ’
1128 1238 1251 1281 αὐτῆς,
1277 1243 1335 1272 καὶ
1361 1241 1468 1273 τοῦτο

468 1288 518 1321 ἀεὶ
551 1286 642 1318 οὕτω
672 1284 866 1325 συνέβαινεν
900 1285 1037 1328 ὁμοίως·
1066 1285 1193 1318 τούτου
1222 1281 1261 1317 δὲ
1291 1284 1467 1331 γινομένου

467 1330 642 1371 πολλάκις,
664 1328 795 1376 ἀνάγκη
815 1327 992 1373 προϊόντος
1010 1330 1074 1361 τοῦ
1092 1329 1213 1374 χρόνου
1231 1330 1341 1373 ὥσπερ
1359 1341 1470 1362 ποτα-

466 1376 527 1420 μόν
554 1374 729 1422 γενέσθαι,
757 1373 854 1411 τέλος
879 1368 917 1405 δὲ
941 1375 999 1405 καὶ
1025 1374 1150 1406 τοῦτον
1176 1373 1287 1417 ξηρόν.

397 1420 545 1465 Φανερόν
570 1423 696 1461 τοίνυν,
716 1419 789 1452 ἐπεὶ
808 1416 880 1451 ὅτε
905 1417 1023 1463 χρόνος
1048 1416 1113 1463 οὐχ
1137 1419 1314 1450 ὑπολείπει
1342 1419 1401 1450 καὶ
1427 1417 1468 1450 τὰ

466 1464 543 1497 ὅλον
575 1461 702 1505 ἀίδιον,
738 1462 791 1496 ὅτι
821 1461 887 1495 οὔθ’
925 1463 940 1495 ὁ
974 1462 1102 1500 Τάναϊς
1134 1462 1311 1506 ποταμός,
1349 1460 1418 1494 οὗθ’
1451 1463 1467 1494 ὁ

463 1511 579 1548 Νεῖλος
621 1510 672 1542 ἀεὶ
698 1508 795 1553 ἔρρει,
816 1507 889 1540 ἀλλ’
920 1505 960 1546 ἦν
987 1507 1074 1539 ποτὲ
1099 1507 1195 1551 ξηρὸς
1219 1509 1235 1539 ὁ
1262 1507 1369 1545 τόπος
1396 1505 1467 1539 ὅθεν

463 1554 609 1599 ῥέουσιν·
628 1553 670 1586 τό
687 1553 752 1599 γάρ
778 1552 873 1598 ἔργον
895 1553 966 1599 ἔχει
986 1552 1099 1585 αὐτῶν
1123 1551 1241 1596 πέρας,
1262 1553 1278 1584 ὀ
1295 1546 1333 1583 δὲ
1350 1551 1468 1596 χρόνος

465 1600 525 1631 οὐκ
546 1599 628 1644 ἔχει.
663 1599 804 1641 Ὁμοίως
828 1596 866 1630 δὲ
891 1598 999 1631 τοῦτο
1030 1597 1090 1628 καὶ
1116 1597 1171 1628 ἐπὶ
1197 1597 1264 1629 τῶν
1285 1596 1394 1629 ἄλλων
1415 1597 1468 1641 άρ-

464 1642 560 1687 μόσει
578 1643 745 1685 ποταμῶν
769 1642 893 1689 λέγειν.
913 1641 1022 1674 Ἀλλά
1047 1640 1114 1684 μην
1140 1642 1231 1685 εἴπερ
1259 1643 1287 1673 οἱ
1312 1642 1466 1684 ποταμοὶ

464 1690 620 1734 γίνονται
637 1686 899 1730 καὶφθείρονται
915 1688 972 1718 καὶ
987 1685 1033 1730 μή
1054 1686 1104 1719 ἀεὶ
1121 1687 1149 1717 οἱ
1169 1685 1269 1718 αὐτοὶ
1286 1684 1389 1718 τόποι
1405 1686 1467 1723 τῆς

463 1733 526 1778 γῆς
545 1728 686 1776 ἔνυδροι,
707 1732 766 1763 καὶ
792 1731 856 1768 τήν
882 1730 1065 1763 θάλατταν
1085 1729 1216 1776 ἀνάγκη
1236 1729 1467 1774 μεταβάλλειν

465 1779 598 1820 ὁμοίως.
633 1777 699 1814 Τῆς
724 1770 762 1807 δὲ
786 1775 966 1813 θαλάττης
991 1775 1039 1807 τά
1055 1775 1114 1819 μὲν
1134 1774 1402 1815 ἀπολειπούσης,
1421 1774 1468 1807 τά

463 1819 492 1855 δ’
515 1820 676 1859 ἐπιούσης
704 1820 768 1861 ἀεὶ,
788 1820 928 1865 φανερόν
956 1818 1009 1852 ὅτι
1035 1820 1098 1857 τῆς
1117 1818 1228 1856 πάσης
1246 1819 1309 1865 γῆς
1330 1817 1391 1851 οὐκ
1414 1818 1466 1851 ἀεὶ

465 1866 512 1901 τά
537 1866 631 1899 αὐτά
647 1865 696 1898 τά
710 1864 770 1909 μέν
792 1866 867 1898 ἐστι
893 1864 1072 1906 θάλαττα,
1091 1864 1140 1896 τοὶ
1155 1859 1184 1895 δ’
1206 1863 1356 1906 ἤπειρος,
1378 1860 1468 1896 ἀλλά

464 1910 676 1956 μεταβάλλει
709 1910 757 1951 τῷ
788 1907 895 1956 χρόνῳ
928 1907 1060 1941 πάντα.

397 1956 491 1990 Διότι
522 1956 580 2000 μὲν
614 1953 671 1987 οὗν
707 1953 767 1987 οὐκ
809 1954 860 1987 ἀεὶ
895 1951 1014 1986 ταύτά
1046 1953 1125 1985 οὔτε
1162 1951 1363 1997 χερσεύεται
1404 1952 1467 1989 τῆς

463 2001 547 2047 γῆς,
574 1999 655 2032 οὔτε
681 1997 806 2032 πλωτά
829 1999 916 2039 ἐστι,
938 1999 996 2030 καὶ
1021 1993 1080 2030 διά
1103 1998 1166 2030 τίν’
1205 1998 1321 2029 αἰτίαν
1348 1998 1468 2030 ταῦτα

463 2045 639 2089 συμβαίνει
657 2068 666 2085 ,
696 2045 846 2088 εἴρηται·
875 2043 995 2087 ὁμοίως
1027 2037 1065 2074 δὲ
1094 2043 1153 2074 καὶ
1189 2037 1248 2074 διαὶ
1282 2043 1315 2074 τί
1341 2043 1371 2074 οἱ
1408 2040 1467 2084 μὲν

465 2089 602 2130 ἀέναοι,
635 2091 665 2121 οἱ
690 2085 717 2121 δ’
747 2086 784 2120 οὗ
810 2088 878 2138 ‘cdiv
904 2087 1069 2131 ποταμῶν
1095 2087 1188 2118 εἰσιν.

456 2187 606 2214 8ΥΝοΡεῐε.
624 2202 658 2206 -
677 2195 699 2214 r.
712 2186 924 2222 Argumentum
939 2191 1041 2212 textus.
1055 2201 1072 2205 —
1083 2185 1149 2212 Non
1164 2193 1277 2220 semper
1288 2184 1390 2212 eadem
1402 2183 1467 2211 loca

396 2233 462 2254 sunt
477 2235 588 2263 aquosa
608 2226 653 2253 vel
671 2225 767 2259 arida;
790 2225 840 2253 sed
856 2225 911 2252 hoc
926 2230 1106 2260 permutatur
1127 2224 1287 2251 secundum
1310 2223 1391 2260 quod
1411 2223 1465 2250 flu-

396 2266 475 2294 mina
496 2272 669 2303 generantur
682 2265 718 2293 de
739 2274 817 2292 novo
839 2265 883 2292 vel
898 2264 1043 2292 deficiunt.
1066 2265 1107 2291 Ex
1123 2273 1183 2300 quo
1198 2263 1388 2300 consequitur
1401 2272 1466 2299 per—

395 2306 516 2334 mutatio
532 2305 607 2334 circa
621 2312 736 2340 terram,
749 2311 781 2332 ut
802 2313 876 2341 quae
897 2313 975 2332 nunc
990 2310 1033 2331 est
1049 2303 1139 2338 arida,
1155 2303 1204 2331 fiat
1219 2312 1308 2338 mare,
1323 2309 1351 2331 et
1365 2312 1380 2331 e
1395 2311 1465 2331 con-

394 2354 488 2374 verso.
502 2362 522 2366 —
543 2353 570 2373 2.
593 2346 702 2373 Textus
724 2344 837 2373 divisio.
851 2361 871 2365 —
893 2344 988 2372 Causa
1012 2343 1183 2382 praedictae
1205 2343 1464 2371 transmutationis.

394 2385 492 2414 Virtus
512 2392 613 2420 terrae,
629 2386 702 2413 sicut
723 2393 847 2421 corpora
867 2383 1036 2412 animalium
1059 2389 1086 2411 et
1107 2383 1282 2420 plantarum,
1304 2383 1390 2411 habet
1411 2392 1465 2411 suo

395 2426 486 2454 modo
502 2431 608 2453 statum
623 2431 651 2453 et
672 2430 858 2458 senectutem,
874 2424 1035 2452 secundum
1055 2423 1181 2451 calidum
1203 2429 1231 2451 et
1252 2422 1396 2460 frigidum,
1412 2423 1465 2450 hu-

395 2465 506 2493 midum
524 2471 552 2493 et
566 2465 683 2493 siccum.
699 2465 730 2492 ln
745 2471 820 2492 terra
841 2470 938 2492 tamen
953 2464 1025 2492 haec
1039 2462 1243 2491 transmutatio
1258 2471 1319 2490 non
1334 2462 1366 2490 fit
1379 2462 1466 2490 simul

395 2505 555 2533 secundum
576 2511 682 2540 totum,
704 2505 754 2532 sed
776 2503 934 2532 successive
956 2503 1116 2531 secundum
1141 2502 1268 2530 diversas
1293 2508 1403 2538 partes;
1426 2501 1465 2530 ita

395 2546 475 2581 quod
496 2546 564 2572 dum
587 2545 658 2572 haec
679 2553 745 2580 pars
767 2543 924 2571 exsiccatur
945 2549 974 2571 et
994 2542 1105 2577 arescit,
1121 2542 1177 2570 alia
1198 2542 1229 2570 fit
1249 2551 1361 2578 aquosa
1382 2548 1410 2569 et
1423 2541 1464 2569 vi-

395 2584 487 2613 rescit.
504 2584 551 2613 Sic
565 2593 644 2621 ergo,
660 2584 730 2611 dum
749 2583 779 2611 in
801 2582 945 2619 aliquibus
959 2582 1089 2619 partibus
1104 2588 1196 2610 terrae
1210 2582 1304 2610 fontes
1319 2581 1463 2609 exsiccan-

395 2630 450 2659 tur,
462 2630 490 2652 et
503 2630 622 2661 propter
635 2624 692 2652 hoc
706 2622 828 2651 flumina
841 2622 937 2659 primo
953 2621 1124 2650 minuuntur
1134 2631 1167 2650 ac
1182 2622 1300 2650 tandem
1315 2620 1463 2655 deficiunt,

395 2663 426 2691 in
439 2663 502 2692 aliis
516 2663 646 2700 partibus
665 2663 700 2691 de
722 2671 801 2691 novo
823 2662 957 2690 oriuntur
977 2661 1071 2690 fontes
1093 2668 1120 2690 et
1138 2667 1312 2698 generantur
1332 2660 1462 2689 flumina.

535 2782 557 2793 .-
653 2764 830 2804 ostquam
845 2754 1102 2803 Philosophus
1122 2753 1286 2791 ostendit
1305 2766 1460 2791 causam

524 2835 530 2847 x
550 2842 570 2856 V,
633 2808 905 2857 generationis
924 2807 1146 2854 fluviorum,
1159 2807 1220 2844 hic
1235 2807 1462 2844 determinat

512 2858 621 2907 ⁵&ssss
631 2862 700 2907 de
730 2861 929 2899 duratione
962 2873 1096 2898 eorum
1125 2860 1156 2897 *.
1183 2861 1232 2897 Et
1261 2860 1358 2898 circa
1386 2861 1461 2898 hoc

654 2915 730 2953 duo
742 2915 840 2952 facit.
853 2914 983 2951 Primo
999 2913 1106 2963 ponit
1116 2913 1339 2963 opinionem
1350 2926 1460 2951 suam

628 2970 677 3006 Et
705 2968 794 3006 dicit
812 2968 917 3017 quod
936 2980 1016 3005 non
1044 2979 1197 3016 semper
1221 2967 1357 3004 eadem
1377 2968 1461 3004 loca

394 3030 514 3059 terrae
534 3027 622 3058 sunt
641 3034 787 3070 aquosa
805 3022 867 3059 vel
892 3021 1015 3067 arida;
1045 3020 1112 3058 sed
1131 3021 1207 3058 hoc
1225 3028 1462 3070 permutatur

394 3076 604 3112 secundum
623 3075 728 3124 quod
749 3074 857 3112 fluvii
876 3082 1104 3122 generantur
1124 3074 1171 3111 de
1191 3086 1295 3111 novo
1314 3074 1376 3111 vel
1397 3074 1460 3111 de-

394 3128 536 3165 ficiunt.
558 3129 718 3178 Propter
736 3141 854 3177 quam
875 3140 1031 3165 causam
1051 3127 1094 3164 fit
1112 3127 1341 3176 permutatio
1363 3127 1461 3164 circa

394 3188 544 3228 terram,
565 3189 606 3218 ut
630 3194 727 3230 quae
750 3181 770 3203 *
798 3194 900 3218 nunc
929 3189 984 3218 est
1013 3180 1129 3227 arida,
1159 3181 1365 3229 aliquando
1395 3181 1461 3218 fiat

394 3246 510 3280 mare,
532 3242 568 3271 et
588 3247 607 3270 e
628 3247 834 3281 converso;
859 3241 895 3271 et
914 3246 993 3272 non
1015 3246 1168 3283 semper
1186 3234 1225 3270 in
1244 3246 1322 3271 una
1342 3241 1378 3271 et
1398 3247 1460 3271 ea-

395 3287 483 3323 dem
504 3294 609 3335 parte
623 3295 743 3324 terrae
759 3287 831 3325 sint
850 3299 955 3325 mare
969 3288 1031 3324 vel
1051 3295 1150 3324 terra
1165 3286 1275 3325 sicca.
1294 3287 1370 3324 Sed
1385 3287 1460 3324 hoc

395 3351 473 3376 non
488 3339 622 3377 accidit
637 3353 738 3388 casu,
751 3341 818 3378 sed
833 3340 1045 3378 secundum
1061 3340 1256 3389 quendam
1271 3340 1457 3387 ordinem,

396 3398 432 3427 et
455 3393 665 3430 secundum
680 3393 700 3415 '¹‘
719 3393 885 3442 aliquam
914 3393 1195 3431 circulationem
1223 3393 1333 3439 caeli;
1363 3393 1460 3431 sicut

396 3451 432 3479 et
461 3457 595 3482 omnes
614 3447 947 3484 transmutationes
972 3459 1069 3496 quae
1090 3447 1187 3484 fiunt
1205 3447 1225 3469 '¹‘
1244 3447 1282 3484 in
1306 3446 1384 3484 istis
1404 3447 1458 3484 in-

395 3497 604 3545 ferioribus,
635 3499 857 3536 ordinantur
885 3501 1098 3538 secundum
1128 3507 1276 3538 motum
1307 3500 1411 3537 caeli.

1121 271 1711 309 METEOROLOGICORUM
1738 271 1833 308 LIB.
1864 272 1878 307 Ι

1595 350 1704 380 omnia
1721 360 1823 381 unum
1842 360 1928 381 mare
1945 350 2020 381 huic
2037 350 2227 381 continuum
2244 357 2333 382 esset.
2359 352 2492 392 Propter
2508 353 2597 393 quod

1595 401 1625 425 et
1648 404 1730 435 quae
1754 395 1835 425 circa
1850 395 1995 436 Libyam,
2011 394 2221 426 Ammoniam
2237 395 2411 435 regionem,
2426 396 2598 428 humiliora

1594 438 1741 469 videntur
1754 446 1784 470 et
1796 439 2004 479 profundiora
2019 446 2141 478 praeter
2156 439 2312 470 rationem
2327 439 2483 471 inferioris
2495 442 2596 481 regio-

1595 482 1654 513 nis.
1680 484 1790 514 Palam
1805 483 1902 522 enim,
1919 484 2008 524 quod
2025 483 2225 514 atterratione
2242 483 2332 521 facta,
2350 484 2431 515 facta
2447 492 2521 516 sunt
2537 492 2598 516 sta-

1594 537 1655 567 gna
1671 534 1701 558 et
1719 528 1822 566 arida;
1846 534 1991 568 tempore
2014 534 2122 558 autem
2138 527 2232 566 facto,
2250 527 2396 559 derelicta
2410 535 2441 559 et
2456 536 2609 570 stagnata,

1596 582 1678 612 aqua
1702 572 1855 603 desiccata
1871 579 1917 602 est
1930 572 1995 602 iarn
2018 571 2199 602 annihilata.
2224 574 2266 602 At
2281 582 2356 603 vero
2374 579 2404 603 et
2419 583 2501 614 quae
2516 573 2597 604 circa

1593 616 1788 646 Maeotidem
1810 616 1964 646 Paludem
1992 616 2181 646 addiderunt
2205 616 2398 647 atterrationi
2421 617 2595 648 fluviorum

1594 666 1737 698 tantum,
1768 667 1804 691 ut
1833 660 1937 691 multo
1968 660 2109 691 minores
2139 661 2484 700 magnitudine-naves
2511 672 2597 692 nunc

1593 704 1736 735 innatent
1752 705 1791 735 ad
1806 705 2036 745 operationem,
2051 715 2150 745 quam
2165 715 2250 735 anno
2266 705 2471 745 sexagesimo.
2490 706 2596 743 Quare

1594 759 1631 779 ex
1653 749 1715 780 hoc
1740 749 1828 779 facile
1853 749 2131 789 proportionaliter
2154 749 2295 789 accipere
2314 750 2404 790 quod
2425 757 2456 781 et
2474 750 2594 790 primo:

1592 793 1674 824 sicut
1697 793 1798 824 multa
1821 800 2017 833 stagnorum,
2042 801 2072 824 et
2095 793 2157 824 hoc
2180 804 2263 834 opus
2287 800 2333 824 est
2360 793 2544 833 fluviorum,
2566 801 2597 826 et

1593 838 1721 868 tandem
1734 847 1860 868 necesse
1873 847 1970 868 omne
1982 837 2049 868 fieri
2059 837 2190 869 siccum.
2203 838 2319 869 Adhuc
2331 845 2440 869 autem
2451 838 2596 879 Bospho-

1593 892 1646 912 rus
1664 891 1791 922 semper
1809 881 1941 922 quidem
1955 881 2025 912 fluit
2042 889 2173 923 propter
2194 882 2351 914 atterrari:
2372 890 2403 914 et
2425 890 2471 914 est
2492 883 2596 914 adhuc

1592 925 1697 956 videre
1721 925 1822 956 oculis
1845 936 1990 966 quonam
2008 926 2119 958 accidit
2134 927 2245 958 modo.
2263 927 2403 964 Quando
2418 937 2494 958 vero
2510 927 2597 958 enim

1592 970 1631 1000 ab
1654 969 1730 1000 Asia
1753 970 2015 1010 interceptionem
2035 970 2168 1002 faciebat
2190 971 2305 1010 fluxus,
2329 972 2418 1012 quod
2438 971 2596 1012 posterius

1592 1011 1712 1044 facturn
1744 1014 1804 1044 fuit
1834 1020 1983 1054 stagnum
2013 1025 2166 1054 parvum,
2198 1015 2312 1046 deinde
2336 1015 2526 1047 exsiccatum
2550 1022 2597 1047 est

1592 1058 1722 1098 utique:
1747 1065 1821 1098 post
1843 1057 1906 1088 hoc
1933 1065 2042 1089 autem
2073 1058 2134 1090 alia
2161 1069 2244 1100 quae
2271 1060 2309 1090 ab
2341 1060 2536 1101 intercepto,
2565 1066 2597 1091 et

1592 1109 1740 1142 stagnum
1756 1103 1795 1132 ab
1811 1102 1885 1140 hac;
1903 1109 1934 1133 et
1948 1102 2011 1133 hoc
2027 1112 2152 1143 semper
2167 1103 2309 1134 similiter
2325 1104 2437 1135 accidit
2449 1104 2502 1136 sic.
2523 1105 2596 1136 Hoc

1591 1154 1699 1177 autem
1722 1146 1805 1177 facto
1829 1156 1940 1186 saepe,
1968 1156 2095 1177 necesse
2123 1154 2267 1188 ternpore
2295 1149 2486 1188 procedente
2508 1148 2597 1180 velut

1591 1191 1727 1222 fluvium
1750 1190 1834 1229 fieri;
1858 1191 1988 1221 tandem
2012 1197 2119 1222 autem
2143 1198 2174 1223 et
2195 1192 2282 1223 hunc
2305 1192 2435 1224 siccum.

1523 1419 1728 1451 Manifestum
1741 1420 1847 1460 igitur,
1863 1420 2019 1461 quoniam
2035 1426 2066 1450 et
2082 1426 2209 1461 tempus
2223 1430 2290 1451 non
2307 1419 2424 1460 deficit,
2443 1427 2475 1452 et
2487 1427 2595 1453 totum

1590 1471 1772 1503 aeternum,
1809 1465 1898 1505 quod
1928 1474 2032 1506 neque
2066 1464 2184 1496 Tanais
2215 1474 2319 1506 neque
2347 1465 2440 1496 Nilus
2469 1475 2596 1507 semper

1590 1508 1697 1548 fluxit,
1721 1509 1778 1539 sed
1801 1516 1866 1540 erat
1895 1509 2067 1549 aliquando
2091 1509 2192 1540 siccus
2220 1509 2311 1541 locus
2334 1519 2353 1540 a
2376 1519 2443 1551 quo
2471 1509 2594 1542 fluunt:

1590 1563 1674 1594 opus
1697 1554 1784 1584 enim
1811 1553 1906 1584 habet
1934 1553 2080 1594 ipsorum
2110 1553 2301 1593 terminum,
2329 1561 2458 1594 tempus
2486 1551 2596 1587 autem

1590 1608 1656 1628 non
1679 1598 1783 1628 habet.
1808 1597 1958 1629 Similiter
1980 1604 2088 1628 autem
2111 1597 2173 1629 hoc
2197 1605 2228 1629 et
2249 1598 2283 1629 in
2299 1598 2367 1629 aliis
2390 1598 2495 1630 fluviis
2515 1608 2594 1641 ‘con-

1590 1642 1674 1682 gruit
1697 1642 1810 1673 dicere.
1833 1644 1877 1673 At
1898 1651 1986 1680 vero,
2003 1641 2029 1672 si
2045 1642 2176 1683 quidem
2191 1642 2280 1673 fluvii
2295 1642 2377 1674 fiunt
2400 1649 2432 1674 et
2452 1647 2595 1675 corrum-

1591 1694 1727 1727 puntur,
1752 1693 1783 1717 et
1805 1696 1872 1717 non
1895 1696 2021 1726 semper
2044 1686 2154 1718 eadem
2182 1686 2254 1718 loca
2276 1694 2375 1718 terrae
2398 1697 2540 1729 aquosa,
2564 1693 2596 1720 et

1591 1741 1677 1761 mare
1701 1740 1826 1761 necesse
1842 1730 2015 1771 permutari
2031 1730 2183 1762 similiter.
2199 1731 2279 1762 Mari
2303 1738 2411 1762 autem
2431 1731 2510 1763 haec
2524 1732 2595 1774 qui-

1590 1776 1664 1805 dem
1688 1775 1860 1813 deserente,
1879 1775 1957 1806 haec
1972 1781 2080 1805 autem
2099 1776 2354 1816 supergrediente
2373 1785 2509 1817 semper,
2525 1786 2592 1808 ma-

1590 1819 1742 1850 nifestum
1767 1820 1857 1862 quod
1881 1819 1986 1850 omnis
2012 1825 2110 1851 terrae
2136 1829 2203 1850 non
2227 1830 2353 1860 semper
2375 1820 2488 1852 eadem
2515 1820 2594 1852 haec

1589 1864 1721 1905 quidem
1743 1863 1812 1904 ipsa
1835 1870 1910 1894 sunt
1928 1873 2026 1902 mare,
2041 1863 2119 1895 haec
2141 1870 2250 1895 autem
2265 1864 2367 1903 arida;
2391 1864 2448 1896 sed
2464 1874 2594 1906 permu-

1588 1915 1695 1939 tantur
1717 1915 1862 1948 tempore
1885 1907 2005 1938 omnia.

1522 1952 1607 1990 Quia
1629 1952 1761 1993 quidem
1783 1952 1878 1992 igitur
1900 1962 1967 1983 non
1991 1961 2116 1992 semper
2139 1952 2251 1983 eadem
2280 1962 2384 1994 neque
2409 1951 2506 1990 arida'
2520 1959 2596 1986 sunt

1588 2004 1698 2035 terrae,
1715 2007 1818 2038 neque
1835 1996 1982 2027 natabilia
2006 2003 2098 2035 sunt,
2122 2003 2153 2028 et
2175 2003 2306 2038 propter
2335 2007 2435 2039 quam
2465 2006 2595 2031 causam

1589 2041 1666 2072 haec
1689 2041 1851 2080 accidunt,
1876 2041 1998 2072 dictum
2021 2048 2084 2072 est:
2110 2040 2252 2072 similiter
2274 2048 2383 2073 autem
2405 2049 2437 2073 et
2464 2049 2596 2083 propter

1589 2085 1668 2126 quid
1683 2085 1716 2116 hi
1735 2085 1867 2127 quidem
1882 2085 2038 2126 perpetui,
2055 2085 2088 2117 hi
2104 2092 2212 2116 autem
2234 2095 2301 2116 non
2317 2092 2392 2118 sunt
2409 2085 2594 2119 fluviorum.

1520 2183 1608 2211 Facta
1625 2189 1722 2211 autem
1737 2182 1979 2211 transmutatione
1994 2181 2070 2211 circa
2083 2181 2214 2218 flumina,
2229 2182 2261 2211 fit
2275 2189 2487 2220 consequenter
2499 2189 2595 2213 ms-

1520 2222 1643 2251 mutatio
1658 2222 1733 2251 circa
1748 2231 1828 2251 mare
1839 2228 1867 2251 et
1881 2222 2002 2251 aridam.
2016 2239 2036 2244 -
2052 2222 2078 2251 3.
2098 2223 2200 2257 Quare
2214 2222 2323 2251 lateant
2337 2223 2595 2253 transmutationes

1520 2262 1601 2290 istae.
1617 2261 1730 2291 Accidit
1744 2263 1801 2291 hoc
1816 2261 1884 2299 quia
1898 2262 1971 2291 fiunt
1985 2262 2014 2290 in
2026 2262 2207 2299 temporibus
2220 2262 2406 2300 longissimis,
2426 2269 2455 2292 et
2468 2262 2548 2301 prius
2561 2263 2595 2292 fit

1519 2301 1650 2330 interitus
1664 2302 1753 2331 totius
1767 2302 1869 2340 gentis,
1881 2311 1970 2340 quam
1986 2309 2101 2339 maneat
2112 2302 2255 2332 memoria
2265 2303 2329 2332 tulis
2343 2302 2594 2333 transmutationis

1519 2351 1537 2370 a
1551 2341 1694 2379 principio
1715 2352 1808 2379 usque
1829 2343 1867 2371 ad
1888 2341 1985 2371 finem.
2000 2359 2020 2363 —-
2040 2351 2069 2379 4.
2084 2341 2252 2371 Excluditur
2273 2351 2361 2371 causa
2378 2341 2594 2380 praedictarum

1519 2382 1795 2411 transmutationum
1807 2383 1844 2411 ab
1855 2381 1918 2411 aliis
1928 2382 2098 2420 excogitata.
2113 2383 2188 2411 Nam
2202 2389 2306 2420 putant
2315 2383 2390 2411 hanc
2401 2391 2519 2412 causam
2529 2392 2593 2413 esse

1519 2422 1711 2450 mutationem
1731 2421 1822 2450 totius
1843 2421 1961 2451 mun'di:
1984 2422 2035 2450 sed
2057 2421 2201 2451 derisibile
2220 2422 2342 2458 videtur,
2357 2429 2478 2460 propter
2497 2429 2593 2453 muta-

1518 2461 1630 2490 tionem
1645 2461 1675 2490 in
1690 2461 1785 2498 parvis
1799 2461 1938 2498 partibus,
1950 2471 2059 2498 ponere
2074 2462 2265 2490 mutationem
2279 2462 2310 2491 in
2324 2469 2402 2498 toto;
2421 2462 2592 2501 magnitudo

1518 2508 1615 2530 autem
1637 2508 1730 2530 terrae
1745 2501 1828 2538 quasi
1842 2501 1914 2530 nihil
1932 2507 1975 2530 est
1989 2501 2018 2531 in
2033 2501 2253 2539 comparatione
2268 2503 2305 2530 ad
2319 2509 2414 2531 totum
2435 2502 2558 2533 caelum.
2572 2519 2592 2526 -

1521 2541 1547 2569 5.
1569 2541 1735 2569 Resumitur
1756 2550 1823 2569 vera
1844 2550 1931 2570 causa
1955 2541 2119 2578 praedictae
2145 2541 2405 2571 transmutationis.
2426 2558 2447 2564 -—
2467 2543 2495 2572 6.
2510 2542 2592 2572 Assi-

1518 2587 1623 2618 gnatur
1637 2590 1670 2609 ex
1685 2580 1838 2618 praedictis
1853 2590 1940 2609 causa
1951 2581 2146 2610 diuturnitatis
2157 2581 2324 2610 fluviorum.
2335 2598 2356 2603 —
2366 2591 2394 2619 7.
2409 2581 2480 2611 Tria
2494 2590 2591 2612 exem-

1518 2620 1568 2657 pla
1594 2621 1632 2649 ad
1662 2620 1906 2649 manifestandum
1934 2621 2090 2657 praedicta.
2113 2638 2131 2643 -
2153 2622 2180 2650 8.
2207 2621 2366 2650 Conclusio
2395 2621 2592 2660 principaliter

1518 2660 1637 2689 intenta.
1658 2677 1678 2681 -
1698 2660 1917 2698 Recapitulatio‚
1939 2661 2091 2690 manifesta
2112 2661 2142 2689 in
2163 2667 2252 2690 textu.

1569 2765 1604 2791 2.
1627 2753 1808 2791 Secundo
1830 2754 1900 2791 ibi:
1921 2754 2155 2803 Principium
2175 2760 2302 2792 autem
2324 2762 2406 2802 etc„
2430 2755 2588 2794 manife-

1515 2815 1587 2844 stat
1605 2807 1711 2856 quod
1731 2807 1886 2845 dixerat.
1907 2808 1957 2845 Et
1976 2807 2074 2845 circa
2102 2808 2178 2845 hoc
2197 2807 2274 2845 duo
2295 2808 2382 2846 facit
2400 2814 2435 2846 ⁸:
2460 2808 2587 2858 primo

1515 2860 1679 2909 assignat
1707 2873 1863 2898 causam
1882 2873 2001 2898 unam
2032 2861 2111 2898 eius
2131 2862 2237 2911 quod
2266 2861 2411 2899 dictum
2431 2868 2505 2909 est3
2529 2874 2587 2900 se-

1515 2914 1642 2952 cundo
1673 2914 1836 2951 excludit
1863 2915 2058 2964 quandam
2088 2926 2244 2952 causam
2272 2915 2320 2952 ab
2350 2914 2429 2952 aliis
2453 2915 2586 2965 opina-

1514 2974 1610 3014 tam„
1626 2966 1699 3004 ibi:
1725 2967 1800 3010 Qui
1817 2967 1966 3016 quidem
1986 2967 2104 3018 igitur
2122 2967 2362 3017 respiciunt*
2383 2975 2452 3007 etc.
2475 2967 2586 3007 Circa
2613 2982 2623 2993 ·

1513 3020 1683 3070 primum
1713 3020 1789 3057 duo
1819 3020 1921 3059 facit:
1950 3021 2076 3070 primo
2105 3021 2270 3070 assignat
2301 3033 2457 3059 causam
2475 3033 2585 3072 prae-

1515 3073 1636 3111 dictae
1656 3074 1998 3121 transmutationis;
2020 3075 2189 3112 secundo
2210 3075 2375 3123 assignat
2393 3087 2551 3113 causam
2565 3074 2586 3098 ⁸⁸
2610 3088 2622 3101 ·

1515 3140 1633 3176 quare
1659 3127 1853 3176 praedicta
1871 3128 2136 3166 transmutatio
2156 3129 2283 3176 lateat,
2305 3128 2378 3166 ibi:
2406 3129 2584 3178 Sedpro-

1509 3186 1639 3230 pterea
1668 3181 1770 3229 quod
1784 3180 1874 3230 fit*
1902 3188 1971 3219 etc.

1567 3233 1667 3271 Dicit
1705 3246 1795 3282 ergo
1833 3234 1959 3283 primo
1997 3235 2102 3283 quod
2131 3245 2246 3272 causa
2283 3242 2320 3272 et
2354 3234 2584 3285 principium

1513 3287 1836 3325 transmutationis
1863 3287 2079 3336 praedictae
2107 3288 2183 3325 hoc
2210 3286 2231 3309 '¹‘
2260 3295 2334 3335 est,
2364 3287 2471 3338 quod
2507 3287 2583 3326 vir·
2611 3298 2620 3308 ·

1512 3347 1572 3377 tus
1606 3348 1728 3378 terrae
1763 3341 1879 3378 habet
1910 3353 1981 3378 suo
2015 3341 2135 3379 modo
2173 3348 2313 3378 statum
2348 3348 2385 3378 et
2412 3348 2583 3379 senectu-

1513 3401 1612 3442 tem,
1642 3394 1738 3432 sicut
1771 3406 1933 3444 corpora
1966 3394 2188 3432 animalium
2218 3402 2255 3432 et
2281 3395 2510 3444 plantarum.
2540 3395 2584 3432 In

1512 3447 1588 3484 hoc
1615 3454 1745 3485 tamen
1774 3454 1830 3484 est
1859 3445 2081 3496 differentia,
2103 3448 2208 3498 quod
2228 3447 2404 3485 animalia
2423 3454 2460 3485 et
2477 3447 2584 3497 plan-

1512 3507 1572 3549 tae
1614 3500 1806 3550 patiuntur
1849 3508 1989 3538 statum
2023 3509 2059 3538 et
2096 3509 2352 3549 senectutem,
2382 3513 2462 3539 non
2499 3513 2583 3538 suc-

449 3653 476 3689 α)
494 3655 615 3680 Secundo
629 3655 677 3680 ibi.-
697 3655 860 3688 Principium
880 3659 967 3682 autem
987 3660 1072 3682 etc...
1090 3658 1125 3682 Et
1143 3658 1216 3683 circa
1235 3658 1283 3684 hoc
1302 3658 1355 3683 duo
1363 3659 1443 3693 facit.
1457 3673 1475 3679 -
1490 3659 1612 3685 Secundo
1627 3659 1676 3684 ibi.-
1690 3659 1852 3693 Mamssrestat
1863 3662 1966 3689 autem,
1981 3659 2053 3684 circa
2067 3659 2188 3691 primum
2208 3658 2262 3683 duo
2274 3657 2348 3692 facit
2364 3657 2418 3683 ΑΒ.
