2554 4062
198 272 259 298 Vlll

200 343 399 384 Alterum
421 339 486 381 est
518 337 630 379 enim
652 332 887 376 secundum
922 326 1309 371 considerationem
1342 329 1534 364 nostram
1558 320 1651 375 ipsa
1683 315 1849 372 species
1877 313 2098 369 sphaerae,
2123 317 2165 352 et
2197 310 2379 351 alterurn

202 405 339 445 forma
383 402 587 456 sphaerae
628 398 671 438 in
717 394 893 437 materia
925 389 1134 438 sensibili,
1168 393 1298 443 prout
1343 384 1608 440 significatur
1649 393 1746 422 cum
1787 377 1938 419 dicitur
1975 386 2106 416 aurea
2138 372 2210 413 vel
2253 383 2380 413 aerea

204 464 403 520 sphaera:
439 469 479 503 et
511 460 701 502 similiter
732 455 846 498 aliud
880 460 945 496 est
977 453 1069 507 ipsa
1100 451 1238 492 forma
1270 447 1423 495 circuli,
1459 452 1501 486 et
1533 442 1649 485 aliud
1683 447 1748 483 est
1782 439 1902 495 quod
1936 437 2088 479 dicitur
2121 447 2273 476 aereus
2306 439 2381 475 aut

204 528 371 582 ligneus
406 523 628 565 circulus...
652 520 764 574 quia,
798 530 894 558 cum
928 515 1108 556 dicimus
1141 510 1259 566 quod
1285 509 1394 564 quid
1420 510 1519 549 erat
1547 519 1656 553 esse,
1695 503 1807 545 idest
1845 500 2110 543 definitivam
2143 497 2378 544 rationem,

199 589 410 643 :sphaerae
441 591 513 626 aut
545 582 705 630 circuli,
743 593 830 621 non
862 577 1063 632 ponimus
1097 575 1139 615 in
1174 573 1265 614 eius
1314 571 1478 612 ratione
1511 581 1690 610 aureum
1722 571 1796 607 aut
1828 575 2023 611 aereum;
2055 567 2262 614 tanquam
2295 558 2380 599 hoc

198 649 324 704 ·quod
357 647 536 688 dicimus
557 657 732 686 aureum
765 646 837 682 aut
858 651 1043 686 aereum,
1065 650 1153 677 non
1176 635 1260 676 sint
1283 633 1337 675 de
1360 645 1511 674 eorum
1533 628 1785 676 substantia,
1810 639 1941 682 quam
1974 623 2135 666 scilicet
2166 620 2382 677 significat

206 710 408 752 definitio.
438 719 452 745 ι·
483 707 595 760 Quia
621 718 724 746 vero
758 703 841 743 hoc
873 700 993 755 quod
1016 699 1176 740 dictum
1211 702 1275 738 est
1305 695 1476 736 videtur
1498 693 1636 748 magis
1671 690 1850 732 dubium
1874 689 1916 729 in
1939 687 2068 728 rebus
2102 683 2377 730 naturalibus,

212 785 227 809 z
257 784 436 826 quarum
467 770 628 810 formae
660 779 747 807 non
780 769 962 819 possunt
995 774 1090 803 esse
1123 773 1202 801 nec
1234 757 1410 813 intelligi
1433 756 1525 797 sine
1549 754 1725 796 materia
1746 750 1958 799 sensibili,
1990 767 2005 786 ›
2040 747 2198 788 idcirco
2227 745 2378 801 pergit,

205 840 332 887 atque
364 832 548 886 idipsum
587 828 825 869 manifestat
855 825 898 866 in
931 824 1071 866 rebus.
1092 820 1378 868 sensibilibus,
1412 817 1620 859 subdens:
1664 834 1677 852 ι
1708 815 1896 857 Formae
1929 810 2156 858 naturales,
2180 808 2381 864 quamvis

206 909 292 936 non
325 893 490 948 possint
520 889 695 945 intelligi
737 888 830 929 sine
863 886 1039 928 materia
1071 882 1261 926 sensibili
1299 882 1341 922 in
1380 879 1620 927 communi,
1658 882 1843 933 possunt
1879 881 2024 916 tamen
2066 871 2245 927 intelligi
2287 871 2381 912 sine

206 956 380 998 materia
411 953 598 995 sensibili
630 952 808 1006 signata,
833 961 945 1003 quae
979 953 1044 989 est
1075 943 1426 987 individuationis
1449 948 1491 983 et
1522 939 1828 996 singularitatis
1855 936 2131 993 principium;
2166 934 2276 975 sicut
2303 946 2381 988 pes

206 1031 291 1059 non
325 1022 466 1071 potest
496 1013 671 1069 intelligi
702 1013 794 1053 sine
817 1010 1014 1052 carnibus
1048 1014 1090 1049 et
1122 1007 1305 1054 ossibus,
1330 1010 1474 1059 potest
1495 1010 1639 1045 tamen
1672 1000 1849 1056 intelligi
1883 1000 1974 1041 sine
2009 998 2074 1039 his
2109 996 2309 1038 carnibus
2338 1001 2382 1036 et

205 1080 270 1121 his
303 1079 520 1119 ossibus.»
559 1077 607 1116 In
640 1073 900 1116 naturalibus
934 1084 1050 1127 ergo,
1091 1087 1105 1106 ‹
1128 1070 1170 1110 in
1204 1068 1361 1122 quibus
1395 1066 1478 1107 hoc
1509 1065 1663 1106 accidit
1696 1063 1934 1118 quodnon
1967 1059 2216 1116 intelligitur
2242 1058 2382 1099 forma

206 1141 296 1182 sine
329 1139 513 1186 materia,
537 1138 617 1178 alia
650 1142 714 1178 est
746 1135 850 1176 ratio
885 1134 944 1175 rei
977 1133 1019 1173 in
1062 1130 1280 1173 communi
1321 1133 1520 1183 acceptae
1555 1133 1597 1167 et
1630 1126 1672 1166 in
1705 1124 1932 1182 singulari,
1965 1123 2077 1164 sicut
2114 1120 2303 1163 hominis
2338 1125 2381 1161 et

206 1203 328 1243 huius
362 1200 565 1248 hominis;
599 1205 701 1253 puta
732 1198 767 1238 si
802 1197 992 1237 dicamus
1026 1194 1146 1248 quod
1178 1191 1293 1233 aliud
1327 1196 1392 1232 est
1424 1203 1514 1231 esse
1545 1188 1703 1230 circulo
1738 1193 1787 1228 et·
1811 1186 1910 1227 huic
1943 1185 2120 1233 circulo,
2154 1183 2267 1224 idest
2297 1182 2381 1224 alia

206 1270 270 1304 est
301 1263 407 1304 ratio
442 1261 657 1302 definitiva
679 1259 911 1313 utriusque.
935 1258 992 1298 Et
1007 1256 1128 1309 ,haec
1151 1254 1338 1309 quidem,
1361 1252 1522 1294 scilicet
1543 1251 1649 1292 ratio
1685 1250 1744 1290 rei
1777 1249 1820 1290 in
1853 1247 2085 1295 communi,
2109 1252 2176 1287 est
2205 1245 2377 1300 spectes,

205 1325 314 1366 idest
345 1324 437 1378 ipsa
468 1323 573 1363 ratio
608 1321 782 1376 speciei:
815 1321 920 1361 haec
953 1324 1107 1366 autem,
1132 1317 1292 1358 scilicet
1324 1315 1430 1356 ratio
1465 1314 1524 1355 rei
1558 1314 1601 1354 in
1634 1311 1886 1368 particulari,
1920 1308 2135 1365 significat
2167 1307 2380 1348 rationem

204 1386 359 1441 speciei
392 1385 433 1425 in
467 1384 641 1425 materia
683 1381 980 1429 determinata,
1016 1386 1058 1421 et
1091 1385 1156 1420 est
1187 1378 1241 1419 de
1285 1390 1465 1418 numero
1500 1375 1793 1432 singularium.
1826 1391 1840 1410 2
1881 1397 1900 1404 -
1933 1371 2136 1413 Numeris
2170 1375 2316 1411 autem
2353 1380 2378 1423 7

205 1454 245 1489 et
278 1449 304 1488 8
338 1446 529 1488 eiusdem
571 1444 783 1492 lectionis,
827 1442 941 1484 aliud
973 1441 1246 1496 principium,
1290 1438 1562 1494 praecedenti
1601 1437 1748 1485 affine,
1793 1442 1835 1477 et
1866 1448 1943 1490 per
1975 1433 2096 1489 quod
2134 1432 2381 1488 assignatur

204 1509 308 1550 ratio
342 1506 698 1562 multiplicationis
732 1504 1051 1546 individuorum
1084 1503 1126 1544 in
1161 1502 1312 1543 eadem
1345 1501 1505 1556 specie,
1541 1501 1606 1542 his
1638 1499 1784 1540 verbis
1819 1497 2085 1539 enunciatur:
2126 1513 2142 1532 ‹
2171 1507 2378 1549 quorum-

204 1583 381 1624 cumque
413 1572 478 1610 est
492 1568 647 1623 forma
669 1569 713 1608 in
735 1567 929 1613 materia,
954 1568 1035 1607 aut
1053 1567 1158 1606 sunt
1175 1567 1257 1605 aut
1273 1564 1483 1617 contingit
1500 1576 1592 1603 esse
1612 1562 1751 1617 plura
1773 1559 1998 1602 individua
2020 1559 2151 1599 unius
2169 1557 2335 1612 speciei.
2357 1574 2371 1592 ο

203 1632 330 1673 Ratio
363 1644 466 1672 vero
501 1636 565 1671 est
592 1648 607 1667 c
630 1629 740 1684 quia,
776 1642 872 1670 cum
906 1627 1081 1668 materia
1103 1627 1272 1682 signata
1304 1639 1391 1667 non
1425 1625 1480 1666 sit
1512 1625 1566 1666 de
1599 1624 1765 1665 ratione
1798 1622 1970 1677 speciei,
1995 1621 2104 1662 ratio
2126 1619 2286 1675 speciei
2313 1619 2379 1661 in·

205 1694 443 1735 differenter
463 1698 606 1746 potest
636 1691 791 1732 salvari
813 1691 855 1731 in
888 1690 966 1730 hac
1000 1690 1174 1730 materia
1196 1688 1365 1744 signata
1387 1694 1429 1728 et
1461 1687 1503 1728 in
1532 1687 1622 1728 illa:
1658 1692 1700 1727 et
1733 1685 1791 1726 ita
1823 1690 2007 1739 possunt
2040 1696 2136 1724 esse
2158 1682 2280 1738 plura
2313 1681 2378 1723 in-

203 1755 377 1796 dividua
409 1754 533 1795 unius
569 1753 737 1807 speciei.
769 1771 782 1787 »
824 1752 986 1793 Contra
1017 1764 1122 1792 vero
1161 1753 1176 1787 ‹'
1206 1751 1276 1791 illa
1308 1763 1420 1804 quae
1454 1749 1636 1804 ipsamet
1668 1753 1768 1789 sunt
1799 1747 1963 1788 formae
1997 1751 2040 1786 et
2071 1745 2239 1800 species
2272 1744 2378 1786 sub-

202 1817 408 1864 sistentes,
442 1816 550 1856 sicut
581 1814 843 1856 substantiae
874 1818 1107 1868 separatae,
1142 1825 1230 1853 non
1262 1817 1446 1866 possunt
1479 1824 1575 1852 esse
1608 1811 1730 1866 plura
1762 1809 1888 1850 unius
1922 1807 2095 1863 speciei.
2121 1826 2134 1843 »

325 1879 367 1919 A
398 1878 578 1918 lectione
599 1889 691 1917 xxn
722 1889 860 1930 usque
882 1875 937 1916 ad
970 1875 1099 1916 finem
1132 1874 1256 1929 primi
1279 1874 1385 1922 libri,
1409 1879 1554 1914 versat
1574 1886 1607 1914 s.
1627 1873 1822 1914 Thomas
1856 1884 1953 1912 cum
1983 1869 2219 1911 Aristotele
2241 1881 2378 1923 quae-

202 1940 384 1980 stionem
416 1945 636 1993 tantopere
669 1938 883 1994 agitatam,
918 1937 972 1978 de
1005 1937 1171 1992 origine
1205 1943 1247 1978 et
1280 1936 1504 1977 duratione
1537 1935 1698 1983 mundi,
1733 1940 1876 1975 utrum
1909 1932 2071 1974 scilicet
2102 1930 2292 1973 mundus
2323 1930 2380 1973 sit

202 2002 370 2057 genitus
411 2002 479 2042 vel
512 2000 744 2056 ingenitus,
781 1999 1063 2054 corruptibilis
1097 1999 1166 2040 vel
1208 1997 1549 2053 incorruptibilis.
1591 1998 1713 2038 Haec
1752 2002 1896 2037 autem
1939 1994 2090 2036 ultima
2121 2007 2219 2049 pars
2253 2006 2378 2049 prae-

202 2063 332 2104 sentis
365 2063 479 2111 libri,
514 2075 624 2117 quae
657 2068 756 2103 octo
790 2061 995 2102 lectiones
1029 2061 1344 2116 complectitur,
1379 2073 1480 2115 prae
1513 2060 1663 2101 ceteris
1698 2059 1826 2100 etiam
1859 2056 2052 2099 abundat
2084 2056 2303 2112 principiis
2336 2061 2381 2098 et

203 2124 468 2166 documentis
501 2124 555 2165 ad
588 2124 836 2165 rationalem
869 2123 1184 2178 philosophiam
1217 2123 1522 2178 spectantibus.
1566 2122 1634 2163 Ne
1668 2121 1784 2162 nimii
1819 2120 1954 2162 simus
1988 2119 2030 2160 in
2064 2119 2143 2160 hac
2177 2132 2240 2167 re,
2274 2117 2379 2160 satis

204 2187 279 2228 erit
310 2187 511 2227 nonnulla
543 2186 788 2242 indigitare,
823 2192 950 2240 prout
982 2185 1113 2227 menti
1147 2191 1384 2226 occurrunt.
1430 2185 1486 2225 Et
1517 2184 1669 2238 primo,
1704 2183 1888 2224 lectione
1920 2193 2029 2223 XXIV
2061 2194 2110 2222 se
2143 2181 2270 2223 offert
2301 2193 2378 2222 ex-

202 2248 369 2302 plicatio
394 2248 655 2289 diversarum
679 2247 1038 2303 significationum
1067 2248 1249 2301 ingeniti
1277 2253 1319 2288 et
1334 2247 1482 2301 geniti,
1506 2245 1843 2300 zbtcorruptibilzk
1876 2250 1918 2286 et
1950 2243 2269 2298 corruptibile:
2301 2243 2379 2286 ha-

202 2323 380 2364 rumque
402 2309 612 2351 variarum
645 2309 1159 2365 significationum,·quas
1192 2309 1449 2351 Aristoteles
1482 2308 1624 2357 tradit,
1660 2307 1870 2349 rationem
1903 2319 1936 2347 s.
1954 2306 2151 2347 Thomas
2184 2305 2380 2362 assignat

206 2385 319 2412 num.
344 2383 392 2423 4,
427 2371 592 2412 dicens:
634 2389 648 2408 «
680 2371 908 2412 Generatio
953 2371 1156 2426 importat
1198 2371 1358 2425 aliquid
1403 2383 1655 2418 commune,
1690 2368 1811 2424 quod
1855 2374 1921 2410 est
1955 2368 2142 2423 incipere
2187 2380 2303 2417 esse;
2337 2373 2381 2409 et

203 2433 327 2474 etiam
361 2434 559 2488 importat
601 2434 926 2474 determinatum
959 2433 1138 2474 modum
1173 2432 1366 2481 essendi,
1411 2432 1572 2473 scilicet
1604 2444 1680 2486 per
1721 2430 2154 2472 transformationem.
2190 2429 2379 2486 Negatio

202 2494 329 2550 igitur
360 2508 469 2549 quae
511 2495 761 2550 importatur
799 2495 881 2535 hoc
918 2495 1093 2536 nomine
1135 2495 1392 2548 mgem'tum,
1431 2507 1520 2535 uno
1560 2494 1695 2535 modo
1737 2499 1882 2548 potest
1922 2505 2082 2548 negare
2125 2498 2378 2547 utrumque,

202 2556 359 2596 scilicet
390 2556 705 2611 incoeptionem
739 2563 780 2597 et
812 2556 991 2597 modum
1026 2556 1275 2611 incipiendi;
1310 2557 1378 2597 vel
1402 2562 1546 2611 potest
1567 2556 1709 2597 solum
1744 2567 1903 2611 negare
1932 2554 2112 2596 modum
2135 2554 2379 2610 incipiendi.

203 2617 259 2658 Et
291 2623 516 2672 utrumque
549 2618 757 2673 contingit
790 2618 1026 2672 dupliciter:
1061 2631 1148 2659 uno
1182 2618 1316 2660 modo
1350 2618 1588 2660 secundum
1622 2623 1792 2667 actum,
1830 2617 1914 2658 alio
1960 2617 2095 2659 modo
2137 2617 2379 2659 secundum

203 2679 447 2733 potentiam.
472 2680 518 2721 Si
552 2680 678 2735 igitur
710 2679 925 2734 praedicta
956 2680 1130 2736 negatio
1164 2693 1251 2721 non
1286 2686 1416 2736 neget
1447 2680 1780 2735 incoeptionem,
1810 2679 1889 2721 sed
1922 2680 2065 2721 solum
2099 2679 2281 2721 modum
2313 2679 2379 2721 in-

205 2740 396 2808 cipiendi,
421 2741 480 2781 sic
514 2747 577 2782 est
609 2742 769 2795 primus
802 2741 969 2790 modus,
994 2741 1230 2783 secundum
1264 2755 1393 2796 quem
1428 2742 1580 2783 dicitur
1612 2742 1773 2797 aliquid
1807 2742 2057 2798 ingenitum,
2082 2741 2204 2797 quod
2237 2747 2383 2797 potest

203 2802 387 2856 incipere
429 2815 547 2851 esse,
585 2802 662 2844 sed
694 2816 782 2844 non
814 2815 890 2858 per
921 2804 1255 2859 generationem.
1290 2803 1338 2846 Si
1371 2817 1477 2845 vero
1521 2810 1652 2860 neget
1694 2817 1781 2845 non
1828 2804 2080 2859 potentiam,
2116 2803 2195 2846 sed
2237 2804 2381 2846 solum

204 2869 355 2911 actum,
379 2869 425 2904 ut
456 2870 558 2919 puta
590 2864 691 2919 quia
721 2870 863 2919 potest
894 2864 1078 2920 incipere
1111 2878 1207 2907 esse
1241 2872 1283 2907 et
1314 2872 1458 2921 potest
1489 2866 1696 2922 generari,
1721 2879 1808 2907 non
1841 2872 1985 2907 tamen
2019 2865 2159 2907 adhuc
2194 2866 2383 2922 incoepit

205 2937 298 2993 esse
330 2926 399 2993 yel
434 2932 498 2967 est
529 2932 790 2981 generatum,
815 2927 876 2967 sic
900 2933 964 2967 est
995 2927 1210 2969 secundus
1233 2928 1401 2969 modus.
1437 2928 1485 2970 Si
1507 2942 1613 2970 vero
1637 2941 1725 2970 non
1754 2929 1896 2970 solum
1920 2934 2051 2985 neget
2073 2928 2253 2970 modum
2277 2928 2381 2970 inci-

204 2986 357 3040 piendi,
382 2986 490 3028 sicut
522 2988 563 3028 in
597 2988 734 3042 primo
769 2988 914 3036 modo,
939 3001 1017 3029 nec
1050 2989 1192 3031 solum
1215 2996 1356 3031 actum
1389 2991 1692 3046 generationis,
1717 2991 1827 3032 sicut
1858 2991 1900 3032 in
1923 2990 2129 3039 secund0,
2153 2990 2231 3032 sed
2254 2990 2382 3033 simul

205 3047 382 3116 modum
404 3048 686 3104 incoeptionis
721 3055 762 3090 et
794 3050 1122 3104 incoeptionem,
1146 3058 1188 3092 et
1221 3058 1429 3106 quantum
1461 3052 1517 3093 ad
1550 3058 1692 3094 actum
1727 3059 1769 3094 et
1801 3058 2011 3107 quantum
2040 3052 2095 3094 ad
2119 3053 2382 3108 potentiam;

206 3121 266 3177 sic
289 3115 353 3177 est
373 3110 518 3178 tertius
542 3111 708 3160 modus,
733 3112 806 3166 qui
831 3118 895 3152 est
916 3113 1260 3166 perfectissimus,
1283 3113 1522 3155 secundum
1545 3128 1675 3170 quern
1698 3115 1870 3170 proprie
1894 3121 1937 3156 et
1958 3115 2206 3170 simpliciter
2229 3115 2384 3157 dicitur

207 3170 364 3238 aliquid
398 3173 642 3227 ingenitum.
669 3192 682 3209 ι
733 3174 926 3215 Numero
960 3181 1103 3216 autem
1137 3177 1182 3224 6,
1217 3175 1271 3216 ad
1305 3176 1664 3218 manifestandum
1697 3190 1829 3232 quare
1863 3177 1947 3219 alio
1981 3177 2132 3219 ordine
2167 3177 2386 3233 disposuit

209 3231 460 3300 Aristoteles
492 3235 635 3275 varios
669 3235 825 3276 modos
859 3236 1017 3290 quibus
1039 3237 1200 3291 aliquid
1224 3237 1375 3278 dicitur
1395 3239 1652 3292 ingenitum,
1689 3246 1731 3280 et
1757 3239 1842 3281 alio
1866 3238 2017 3282 ordine
2040 3238 2200 3281 modos
2223 3238 2383 3294 quibus

210 3291 358 3361 dicitur
384 3295 597 3363 genitum,
633 3296 674 3337 in
706 3297 818 3338 hunc
851 3297 1030 3340 modum
1073 3299 1366 3341 ratiocinatur:
1408 3318 1422 3337 ‹
1453 3301 1551 3342 Hoc
1585 3301 1728 3343 subtili
1762 3301 1926 3344 ratione
1970 3300 2230 3344 Aristoteles
2273 3300 2382 3343 fecit.

209 3354 357 3394 Voluit
390 3369 500 3397 enim
533 3357 669 3411 primo
704 3372 862 3412 ponere
895 3360 1052 3402 modos
1086 3361 1374 3416 imperfectOS,
1410 3369 1452 3403 et
1484 3363 1633 3405 ultimo
1668 3364 1826 3406 modos
1869 3363 2104 3419 pei-sectos:
2140 3362 2385 3404 differenter

210 3421 350 3456 autem
383 3429 428 3457 se
461 3418 618 3486 habent
640 3420 811 3475 negatio
835 3427 876 3461 et
907 3422 1130 3463 affirmatio
1166 3423 1276 3465 circa
1308 3425 1526 3479 proprium
1562 3431 1603 3467 et
1636 3439 1879 3467 commune.
1914 3425 2028 3467 Nam
2062 3425 2237 3480 negatio
2271 3438 2384 3480 quae

210 3483 338 3531 negat
369 3491 612 3549 proprium&
632 3487 696 3521 est
719 3482 975 3536 imperfecta;
1011 3485 1184 3540 negatio
1208 3492 1350 3527 autem
1385 3501 1496 3541 quae
1530 3494 1660 3544 negat
1685 3500 1928 3535 commune,
1953 3492 2019 3527 est
2051 3486 2248 3541 perfecta,
2283 3487 2386 3541 quia

211 3545 366 3607 negato
401 3553 614 3582 communi
649 3550 828 3598 negatur
860 3546 1098 3599 proprium:
1135 3554 1176 3588 et
1209 3547 1307 3589 ideo
1342 3549 1537 3590 ultimum
1572 3550 1752 3591 modum
1785 3549 1969 3602 mgeniti
1998 3549 2121 3602 quasi
2151 3549 2385 3604 perfectum

208 3607 363 3652 posuit,
388 3615 474 3655 quo
508 3610 685 3658 negatur
718 3605 930 3660 incoeptio
954 3607 995 3648 in
1018 3609 1285 3651 communi
1311 3610 1400 3651 Sed
1427 3611 1652 3653 affirmatio
1676 3610 1836 3666 proprii
1861 3617 1926 3651 est
1943 3611 2144 3665 perfecta,
2169 3611 2272 3666 quia
2305 3624 2384 3666 po-
