2782 4134
1132 292 1244 330 CAP.
1275 294 1324 341 11,
1354 293 1505 330 LECT.
1535 294 1586 331 v1

2378 295 2452 342 245

1050 508 1350 565 LECTIO
1390 512 1675 569 SEXTA

285 657 382 689 TUM
406 657 667 689 RATIONIBUS
691 658 974 698 INTRJNSECIS,
998 659 1094 689 TUM
1118 660 1259 691 DICTIS
1282 662 1480 693 ALIORUM
1504 665 1887 706 PHlLOSOPHORUM,
1913 667 2195 700 IMPROBATUR
2218 669 2430 701 PLATONIS

463 714 635 746 POSITIO
658 714 716 745 DE
740 714 869 746 MOTU
893 715 1166 747 INORDINATO
1190 717 1526 750 ELEMENTORUM
1549 722 1667 752 ANTE
1690 723 1830 754 MUNDI
1855 724 2247 758 CONSTITUTIONEM

262 844 308 877 Τὸ
334 841 424 876 αὐτὰ
448 836 486 874 δὲ
512 842 619 874 τοῦτο
644 841 838 886 συμβαίνειν
866 839 1053 888 ἀναγκαῖον
1079 841 1141 874 κᾶν
1166 842 1209 883 εἰ,
1226 841 1336 875 καθά-

331 900 391 932 περ
417 887 450 919 ἒν
481 887 529 928 τῷ
562 887 691 930 Τιμαίῳ
723 885 943 932 γέγραπται,
975 888 1049 931 πρὶν
1083 885 1241 933 γενέσθαι
1272 887 1333 919 τόν

327 932 453 976 κόσμον
480 931 622 962 ἐκινεῖτο
641 930 690 962 τοὶ
707 934 864 975 στοιχεῖα
887 931 1062 969 ἀτάκτως.
1098 931 1247 976 Ἀνάγκη
1269 931 1333 978 γάρ

329 975 350 1014 ἦ
367 977 477 1017 βίαιον
496 972 582 1007 εἶναι
607 974 672 1012 τήν
694 977 821 1012 κίνησιν
841 974 861 1012 ἦ
878 976 975 1008 κατά
990 975 1098 1020 φύσιν.
1125 977 1163 1007 Εἰ
1180 976 1217 1009 δὲ
1237 977 1333 1009 κατά

328 1021 423 1065 φύσιν
451 1021 614 1061 ἐκινεῖτο,
643 1018 774 1065 ἀνάγκη
804 1019 929 1064 κόσμον
962 1017 1065 1062 εἶναι,
1094 1020 1152 1053 ἑάν
1179 1033 1230 1058 τις
1257 1020 1333 1061 βού-

326 1068 434 1103 ληται
459 1064 590 1109 θεωρεῖν
617 1064 825 1102 ἐπιστήσας·
854 1064 894 1096 τό
921 1076 959 1096 τε
977 1066 1041 1111 γάρ
1061 1066 1194 1110 πρῶτον
1219 1067 1330 1097 κινοῦν

330 1110 461 1156 ἀνάγκη
486 1113 587 1141 κινεῖν
614 1108 718 1150 αὐτό,
735 1108 930 1152 κινούμενον
955 1109 1051 1141 κατά
1075 1110 1184 1153 φύσιν,
1203 1111 1261 1142 καὶ
1285 1110 1332 1142 τά

326 1154 509 1199 κινούμενα
533 1153 580 1198 μή
601 1153 673 1194 βία,
694 1154 726 1185 ἐν
745 1158 814 1191 τοῖς
834 1154 965 1191 οἰκείοις
983 1155 1176 1198 ἠρεμοῦντα
1195 1155 1328 1196 τόποις,

329 1203 437 1232 ποιεῖν
462 1197 566 1242 ἥνπερ
591 1197 705 1243 ἔχουσι
730 1199 786 1229 νῦν
805 1198 917 1239 τάξιν,
939 1199 986 1231 τά
1002 1198 1061 1243 μὲν
1080 1199 1180 1243 βάρος
1200 1200 1328 1245 ἔχοντα

217 1243 460 1279 „ssimum
493 1243 616 1286 μέσον,
644 1243 688 1275 τοὶ
713 1237 751 1274 δὲ
781 1242 984 1287 κουφότητα
1017 1244 1085 1277 ἀπὸ
1110 1245 1173 1276 τοῦ
1205 1243 1327 1288 μέσου·

327 1290 463 1326 ταύτην
489 1286 519 1320 δ’
548 1288 564 1319 ὀ
587 1285 711 1331 κόσμος
736 1287 806 1332 ἔχει
832 1288 897 1325 τήν
921 1283 1093 1329 διάταξιν.

252 1378 331 1412 Ἔτι
355 1372 394 1410 δὲ
423 1378 590 1410 τοσοῦτον
622 1374 815 1420 ἑπανέροιτ’
845 1375 884 1408 α”ν
909 1387 978 1417 τις,
1005 1376 1149 1421 πότερον
1179 1371 1326 1409 δυνατὸν

327 1420 349 1460 ἦ
376 1421 439 1467 οὐχ
463 1421 566 1453 οἶόντ’
596 1417 636 1458 ἦν
668 1419 848 1464 κινούμενα
875 1420 1036 1459 ἀτάκτως
1065 1423 1124 1452 καὶ
1148 1421 1327 1476 μίγνυσθαι

327 1467 496 1504 τοιαύτας
526 1463 630 1510 μίξεις
661 1464 754 1505 ἔνια,
791 1464 826 1505 ἐξ
850 1464 893 1495 ὦν
917 1467 1124 1497 συνίσταται
1155 1477 1203 1498 τα
1232 1466 1329 1498 κατά

325 1511 420 1557 φύσιν
446 1509 677 1554 συνιστάμενα
701 1509 862 1553 σώματα,
888 1508 977 1555 λέγω
1002 1506 1031 1541 δ’
1061 1511 1129 1542 οἶον
1156 1511 1245 1543 ὀστᾶ
1262 1512 1326 1543 καὶ

325 1555 467 1600 σάρκας,
492 1553 647 1596 καθάπερ
667 1549 903 1597 Ἐμπεδοκλῆς
921 1556 998 1597 φησὶ
1017 1554 1168 1600 γίνεσθαι
1189 1556 1245 1588 ἐπὶ
1263 1556 1326 1593 τῆς

325 1600 528 1645 φιλότητος·
553 1598 647 1644 λέγει
670 1598 734 1643 γάρ
759 1598 801 1635 ὡς

367 1645 496 1676 Πολλαὶ
519 1643 580 1688 μὲν
604 1641 724 1686 κόρσαι
750 1639 933 1686 ἀναύχενες
959 1641 1191 1682 ἐβλάστησαν.

254 1684 333 1727 Τοῖς
357 1684 385 1721 δ’
409 1689 533 1733 ἄπειρα
558 1688 590 1719 ὲν
618 1687 742 1731 ἀπείρῳ
760 1686 809 1718 τά
832 1686 1013 1732 κινούμενα
1034 1689 1202 1730 ποιοῦσιν,
1221 1689 1248 1720 εἱ
1266 1689 1325 1734 μὲν

324 1734 358 1766 ἓν
384 1733 426 1765 τὰ
448 1733 575 1772 κινοῦν,
597 1730 728 1777 ἀνάγκη
755 1733 835 1775 μίαν
853 1730 1010 1776 φέρεσθαι
1027 1731 1144 1777 φοράν,
1164 1732 1244 1766 ὥστ’
1268 1735 1326 1766 οὐκ

287 1790 290 1792 ’
326 1777 488 1815 ἀτάκτως
507 1775 743 1818 κινηθήσεται,
762 1776 791 1807 εἰ
811 1771 840 1807 δ’
863 1777 986 1820 ἄπειρα
1008 1777 1055 1809 τά
1073 1778 1249 1820 κινοῦντα,
1267 1781 1325 1811 καὶ

323 1822 388 1860 τάς
412 1822 514 1867 φοράς
541 1822 728 1868 ἀναγκαῖον
763 1819 920 1865 ἀπείρους
946 1818 1050 1854 εἶναι·
1078 1823 1106 1854 εἰ
1130 1823 1195 1868 γάρ
1222 1835 1327 1856 πεπε-

324 1867 503 1912 ρασμέναι,
526 1865 623 1907 τάξις
648 1877 698 1902 τις
725 1865 843 1897 ἔσται·
870 1866 908 1897 οὐ
933 1866 997 1912 γάρ
1023 1867 1071 1908 τῷ
1096 1870 1143 1912 μή
1169 1867 1329 1912 φέρεσθαι

324 1913 369 1950 εἰς
395 1912 437 1954 τό
463 1910 551 1944 αὐτὸ
578 1911 598 1947 ἡ
626 1909 755 1951 ἀταξία
783 1910 976 1954 συμβαίνει·
1004 1907 1083 1944 οὐδὲ
1106 1912 1171 1958 γάρ
1197 1914 1252 1944 νῦν
1279 1914 1324 1952 εἰς

324 1957 366 1990 τὸ
391 1954 479 1988 αὐτὸ
504 1954 645 1999 φέρεται
676 1954 813 1996 πάντα,
843 1955 934 1988 ἀλλά
957 1956 1005 1988 τά
1028 1958 1176 2003 συγγενῆ
1209 1957 1322 2002 μόνον.

247 2002 327 2035 Ἔτι
352 2000 393 2032 τὸ
421 1999 582 2038 ἀτάκτως
607 1997 703 2031 οὐθέν
729 1997 822 2032 ἐστιν
848 1999 964 2044 ἕτερον
986 1999 1006 2036 ἦ
1025 2001 1066 2033 τὸ
1088 2002 1184 2045 παραὶ
1207 2002 1322 2046 φύσιν·

323 2046 344 2083 ’ἡ
369 2045 434 2091 γάρ
468 2043 564 2086 τάξις
598 2045 619 2081 ἡ
645 2046 754 2076 οἰκεία
786 2045 853 2076 τῶν
886 2044 1056 2082 αἰσθητῶν
1089 2046 1183 2089 φύσις
1216 2048 1321 2080 ἐστίν.

316 2089 426 2123 Ἀλλά
440 2089 506 2134 μην
523 2090 583 2121 καὶ
601 2089 708 2122 τοῦτο
728 2088 860 2121 ἄτοπον
884 2090 943 2121 καὶΙ
963 2087 1150 2133 ἀδύνατον,
1170 2091 1211 2124 τό
1231 2092 1326 2125 ἀπει-

321 2147 376 2180 ρον
403 2134 559 2168 ἄτακτον
584 2133 672 2178 ἔχειν
697 2135 843 2170 κίνησιν·
870 2133 945 2166 ἔστι
964 2135 1029 2181 γάρ
1056 2137 1077 2173 ἡ
1102 2136 1196 2180 φύσις
1214 2137 1322 2175 ἐκείνη

322 2181 390 2213 τῶν
416 2177 630 2225 πραγμάτων
657 2177 730 2210 οἵαν
758 2178 828 2223 ἔχει
853 2178 900 2212 τά
924 2180 1028 2211 πλείω
1053 2182 1111 2213 καὶ
1136 2180 1194 2214 τὸν
1219 2183 1322 2214 πλείω

365 2224 459 2256 όνον·
485 2223 679 2280 συμβαίνειν
714 2221 769 2254 οὖν
801 2223 919 2260 αὐτοῖς
946 2225 1148 2258 τούναντίον
1175 2226 1239 2262 τήν
1264 2227 1323 2270 μὲν

320 2237 473 2310 ἀεί-ἀξίαν
505 2279 591 2300 ειναι
623 2267 720 2299 κατά
751 2266 867 2311 φύσιν,
895 2268 958 2305 τήν
985 2264 1022 2301 δέ
1048 2270 1146 2311 τάξιν
1179 2272 1237 2302 καὶ
1264 2271 1323 2304 τὸν

318 2313 445 2358 κόσμον
472 2312 568 2358 παρά
583 2311 678 2355 φύσιν
692 2324 699 2331 ·
724 2315 841 2344 καίτοι
867 2308 963 2345 οὐδὲν
984 2315 1026 2352 ὠς
1044 2314 1146 2360 ἔτυχε
1164 2317 1322 2361 γίγνεται

321 2359 388 2391 τῶν
413 2358 510 2391 κατά
533 2356 641 2403 φύσιν.

244 2404 358 2436 Ἔοικε
383 2398 421 2435 δὲ
453 2402 562 2436 τοῦτο’
589 2414 627 2448 γε
661 2402 750 2434 αὐτὸ
781 2402 892 2439 καλῶς
923 2402 1158 2450 Ἀναξαγόρας
1182 2404 1320 2444 λαβεῖν·

321 2446 356 2489 ἐξ
377 2446 546 2484 ἀκινήτων
567 2446 632 2493 γάρ
656 2445 801 2491 ἄρχεται
825 2452 1055 2490 κοσμοποιεῖν.
1082 2449 1268 2491 Πειρῶνται
1284 2445 1322 2482 δέ

317 2493 377 2524 καὶ
403 2494 432 2524 οἱ
459 2492 556 2525 ἄλλοι
576 2491 809 2537 συγκρίνοντές
831 2504 900 2529 πως
919 2491 1020 2524 πάλιν
1045 2497 1145 2524 κινεῖν
1169 2495 1227 2525 καὶ
1248 2492 1324 2526 δια-

317 2539 452 2581 κρίνειν.
484 2537 545 2568 Ἐκ
569 2531 764 2568 διεστώτων
782 2533 820 2568 δὲ
843 2539 901 2568 καὶ
926 2537 1126 2582 κινουμένων
1151 2538 1210 2570 οὐκ
1227 2538 1321 2570 εὔλο-

319 2593 379 2628 γον
405 2585 512 2614 ποιεῖν
538 2580 602 2617 τήν
627 2579 768 2627 γένεσιν.
797 2581 853 2613 Διὸ
877 2582 936 2612 καὶ
955 2578 1192 2626 Ἐμπεδοκλῆς
1211 2595 1322 2628 παρα-

318 2627 429 2658 λείπει
455 2627 519 2662 τῆν
545 2623 600 2658 ἐπὶ
625 2625 687 2663 τῆς
717 2625 919 2681 φιλότητος·
946 2627 984 2658 οὐ
1009 2627 1074 2673 γάρ
1101 2626 1140 2660 ἂν
1166 2623 1320 2665 ἠδύνατο

319 2671 490 2707 συστῆσαι
522 2670 582 2702 τὸν
609 2670 750 2715 οὖρανον
783 2672 819 2703 ἐκ
851 2671 1102 2715 κεχωρισμένων
1127 2673 1186 2715 μέν
1210 2684 1323 2706 κατα-

318 2714 503 2758 σκευάζων,
522 2714 691 2761 σύγκρισιν
713 2711 751 2747 δὲ
769 2717 871 2748 ποιῶν
896 2717 957 2749 διά
981 2717 1045 2754 τήν
1066 2716 1256 2760 φιλότητα·
1285 2719 1320 2750 ἐκ

319 2754 580 2815 διακεκριμένων
613 2758 678 2805 γάρ
702 2759 904 2798 συνέστηκεν
933 2762 948 2792 ὁ
972 2761 1096 2805 κόσμος
1133 2763 1199 2795 τῶν
1230 2774 1321 2795 στοι-

319 2806 430 2849 χείων.
478 2802 561 2837 Ωστ’
581 2804 769 2850 ἀναγκαῖον
794 2806 945 2852 Ιγίνεσθαι
971 2804 1005 2846 ἐξ
1032 2807 1103 2844 ἐνός
1127 2809 1184 2838 καὶ
1203 2819 1320 2854 συγκε-

317 2848 485 2892 κριμένου.

243 2892 322 2927 Ὅτι
346 2894 406 2938 μὲν
431 2895 543 2926 τοίνυν
574 2894 648 2926 ἐστὶ
681 2893 805 2937 φυσική
838 2906 888 2932 τις
920 2898 1046 2932 κίνησις
1079 2894 1226 2928 ἑκάστου
1252 2896 1319 2928 τῶν

319 2937 508 2982 σωμάτων,
542 2938 582 2974 ἦν
615 2938 653 2970 οὐ
681 2938 737 2979 βίᾳ
769 2940 946 2972 κινοῦνται
978 2935 1057 2971 οὐδὲ
1082 2940 1178 2984 παρά
1208 2939 1318 2984 φύσιν,

319 2983 458 3027 φανερὸν
485 2983 521 3015 ἐκ
546 2981 697 3016 τούτων·

306 3080 456 3108 SYNOPSIS.
473 3097 508 3101 —
530 3089 553 3108 1.
576 3081 788 3118 Argumentum
810 3087 838 3108 et
864 3081 965 3109 divisio
987 3088 1088 3110 textus.
1102 3098 1122 3103 -
1137 3089 1164 3110 2.
1187 3083 1322 3116 Quatuor

250 3118 412 3148 rationibus
433 3120 614 3156 improbatur
634 3120 762 3148 Platonis
785 3120 894 3157 opinio,
917 3122 997 3158 quod
1016 3128 1170 3158 antequam
1193 3123 1319 3149 mundus

251 3159 341 3195 fieret,
361 3160 504 3188 elementa
517 3161 709 3188 movebantur
723 3167 806 3189 motu
820 3160 995 3189 inordinato.
1011 3163 1039 3197 α)
1054 3163 1096 3189 Ex
1111 3162 1164 3189 hac
1179 3161 1318 3197 opinione

251 3199 330 3227 idem
350 3199 556 3228 inconveniens
578 3200 720 3237 sequitur,
743 3210 776 3228 ac
798 3210 831 3228 ex
853 3200 1010 3228 Democriti
1032 3207 1060 3228 et
1081 3201 1219 3237 Leucippi
1240 3201 1318 3237 posi-

250 3238 331 3267 tione
345 3240 391 3275 (cf.
405 3239 468 3268 lect.
483 3249 578 3276 praec.
595 3249 624 3267 n.
639 3249 659 3274 4
673 3241 739 3277 sq.).
755 3241 829 3268 Nam
845 3240 891 3268 ille
906 3247 1003 3268 motus
1018 3240 1229 3268 elementorum
1244 3247 1318 3268 esset

251 3285 301 3307 aut
310 3279 454 3307 violentus
469 3286 519 3307 aut
533 3280 680 3307 naturalis.
697 3279 727 3307 Si
742 3279 894 3314 violentus,
911 3279 987 3307 idem
1004 3280 1133 3316 sequitur
1143 3289 1178 3307 ac
1189 3289 1222 3307 ex
1234 3289 1316 3316 prae-

250 3318 327 3347 dicta
341 3319 489 3355 opinione.
509 3319 540 3346 Si
554 3328 623 3347 vero
638 3319 784 3354 naturalis,
800 3328 868 3355 ergo
887 3326 929 3347 est
950 3325 1051 3347 contra
1065 3319 1260 3355 suppositum:
1277 3319 1317 3347 sic

250 3357 328 3386 enim
350 3359 476 3386 mundus
498 3365 572 3386 esset
592 3358 650 3386 iam
678 3358 858 3386 constitutus.
879 3360 953 3386 Nam
978 3358 1073 3386 omnis
1096 3365 1207 3392 motus,
1230 3359 1316 3386 etiam

249 3398 410 3425 secundum
432 3398 592 3433 Platonem,
607 3397 753 3426 reducitur
773 3398 803 3425 in
824 3398 950 3434 primum
972 3407 1093 3425 movens
1115 3398 1187 3425 sicut
1205 3397 1233 3425 in
1249 3407 1316 3426 cau-

249 3446 327 3464 sam:
350 3446 435 3474 ergo,
457 3437 481 3465 si
509 3437 651 3465 elementa
672 3438 878 3471 movebantur,
901 3446 1018 3464 necesse
1045 3444 1087 3464 est
1114 3437 1207 3465 dicere
1236 3438 1316 3474 quod

249 3475 378 3513 primum
405 3485 526 3504 movens
556 3477 715 3504 secundum
744 3482 877 3504 naturam
899 3477 1042 3504 movebat.
1066 3477 1122 3503 Sed
1144 3476 1167 3504 si
1189 3476 1313 3512 primum

250 3525 372 3544 movens
394 3522 491 3543 movet
517 3515 697 3550 naturaliter,
727 3525 851 3551 corpora
877 3525 950 3552 quae
971 3515 1060 3551 ipsius
1089 3515 1249 3543 motionem
1271 3525 1316 3543 se-

250 3562 387 3592 quuntur,
409 3565 470 3583 non
491 3562 644 3583 moventur
664 3564 717 3583 nec
739 3555 889 3592 quiescunt
910 3555 1061 3590 violenter,
1085 3556 1135 3582 sed
1156 3555 1315 3582 secundum

250 3595 383 3623 ordinem
405 3604 492 3632 quem
514 3604 591 3622 nunc
612 3595 728 3623 habent.
752 3596 806 3623 Iste
821 3601 917 3622 autem
933 3601 974 3622 est
989 3595 1062 3622 ordo
1078 3594 1178 3622 mundi
1194 3594 1315 3622 existen-

248 3634 301 3663 tis:
317 3635 448 3672 sequitur
462 3643 530 3672 ergo
545 3635 626 3672 quod
641 3635 766 3663 mundus
782 3641 855 3662 esset
869 3641 1025 3671 antequam
1041 3635 1128 3662 fieret.
1144 3651 1163 3654 —
1180 3635 1205 3662 3.
1221 3634 1248 3670 b)
1265 3635 1315 3662 Se-

1386 849 1511 880 *vldem
1534 858 1641 881 autem
1657 852 1719 883 hoc
1734 854 1872 885 accidere
1895 857 2107 888 necessarium
2130 858 2251 899 utique,
2276 859 2313 898 si,
2337 869 2450 900 quem-

1454 894 1631 925 admodum
1661 896 1693 926 in
1717 897 1851 929 Timaeo
1876 901 2028 940 scriptum
2056 909 2121 940 est,
2145 910 2217 933 ante
2241 903 2359 934 facturn
2384 914 2451 934 esse

1453 939 1613 969 mundum
1626 941 1835 972 movebantur
1848 944 2001 976 elementa
2016 946 2201 978 inordinate.
2213 948 2346 978 Necesse
2366 948 2452 978 enim

1453 990 1508 1013 aut
1530 983 1708 1015 violentum
1731 995 1797 1016 esse
1816 995 1942 1019 motum
1966 997 2020 1020 aut
2043 992 2219 1022 secundum
2243 998 2397 1023 naturam.
2419 992 2452 1023 Si

1452 1034 1559 1058 autem
1583 1029 1760 1059 secundum
1783 1038 1928 1063 naturam
1956 1036 2183 1074 movebantur,
2207 1046 2333 1066 necesse
2356 1047 2450 1066 mun—

1452 1072 1531 1122 dum
1561 1082 1645 1123 esse,
1677 1073 1702 1103 si
1726 1074 1797 1114 quis
1825 1078 1987 1108 attendens
2013 1079 2086 1110 velit
2116 1080 2323 1112 considerare.
2356 1081 2451 1112 Tunc

1451 1126 1536 1146 emm
1559 1127 1701 1157 prlmum
1716 1128 1848 1149 movens
1865 1131 1990 1152 necesse
2005 1133 2133 1154 movere
2157 1123 2298 1164 seipsum
2321 1131 2450 1156 motum

1451 1162 1628 1192 secundum
1659 1169 1822 1201 naturam;
1854 1171 1885 1194 et
1909 1173 1996 1196 mota
2025 1177 2090 1197 non
2115 1168 2282 1207 violentia,
2313 1169 2348 1199 in
2374 1179 2448 1209 pro-

1449 1204 1525 1244 priis
1542 1205 1735 1246 quiescentia
1750 1206 1840 1245 locis,
1858 1208 1956 1240 facere
1971 1221 2068 1250 quem
2084 1212 2214 1252 quidem
2228 1213 2346 1244 habent
2363 1223 2449 1244 nunc

1449 1249 1612 1288 ordinem,
1628 1260 1709 1291 quae
1726 1251 1858 1291 quidem
1873 1253 2056 1292 gravitatem
2068 1256 2213 1287 habentia
2228 1257 2268 1287 ad
2286 1257 2429 1288 medium
2438 1280 2447 1296 ‚

1448 1303 1530 1333 quae
1553 1301 1661 1324 autem
1690 1295 1849 1326 levitatem
1872 1297 2017 1329 habentia
2041 1310 2059 1329 a
2080 1301 2197 1331 medio.
2226 1302 2318 1333 Hanc
2341 1308 2448 1332 autem

1448 1338 1588 1368 mundus
1612 1338 1707 1369 habet
1730 1339 1981 1379 dispositionem.

1380 1381 1397 1400 *
1411 1381 1527 1412 Adhuc
1545 1389 1663 1420 autem,
1683 1390 1808 1414 tantum
1826 1393 1955 1426 quaeret
1973 1387 2083 1429 utique
2101 1388 2224 1429 aliquis,
2243 1395 2351 1420 utrum
2373 1400 2448 1430 pos·
2474 1398 2485 1408 *

1447 1426 1535 1456 sibile
1559 1434 1614 1458 aut
1643 1427 1840 1468 impossibile
1865 1437 1929 1460 erat
1951 1439 2039 1461 mota
2066 1431 2242 1463 inordinate
2272 1440 2303 1464 et
2324 1434 2448 1464 misceri

1446 1471 1561 1502 talibus
1578 1471 1720 1502 mixturis
1737 1473 1909 1513 quaedam,
1928 1484 1964 1505 ex
1980 1476 2095 1516 quibus
2112 1483 2256 1508 constant
2271 1479 2448 1509 secundum

1447 1522 1592 1546 naturam
1616 1516 1787 1547 constituta
1810 1526 1959 1558 corpora:
1985 1520 2056 1550 dico
2075 1527 2192 1559 autem,
2217 1529 2304 1562 puta,
2328 1533 2400 1553 ossa
2419 1529 2449 1553 et

1447 1570 1565 1598 carnes,
1585 1561 1862 1601 quemadmodum
1877 1563 2086 1603 Empedocles
2109 1565 2213 1606 inquit
2230 1565 2297 1596 fieri
2318 1566 2351 1597 in
2370 1567 2448 1597 ami-

1447 1604 1536 1635 citia:
1562 1604 1635 1636 dicit
1659 1605 1744 1635 enim
1767 1607 1857 1646 quod

1491 1649 1668 1680 Multorum
1694 1650 1796 1690 capita
1818 1650 1885 1681 sine
1909 1652 2025 1683 cervice
2047 1653 2312 1692 germinaverunt.

1378 1693 1396 1712 *
1411 1694 1471 1724 His
1488 1700 1596 1724 autem
1615 1694 1670 1735 qui
1686 1694 1810 1725 infinita
1828 1695 1860 1725 in
1879 1695 2003 1727 infinito
2023 1704 2111 1728 mota
2127 1697 2255 1737 faciunt,
2272 1699 2298 1729 si
2317 1699 2447 1740 quidem
2473 1709 2484 1719 ³

1446 1748 1550 1769 unum
1581 1748 1729 1777 movenS,
1754 1749 1879 1770 necesse
1911 1750 1974 1770 una
1998 1740 2069 1771 ferri
2092 1742 2226 1773 latione:
2260 1753 2357 1783 quare
2379 1754 2447 1775 non

1446 1782 1623 1813 inordinate
1647 1784 1873 1815 movebuntur.
1898 1784 1930 1815 Si
1954 1792 2060 1816 autern
2083 1786 2205 1817 infinita
2228 1788 2398 1827 moventia,
2416 1796 2446 1820 et

1444 1828 1578 1859 lationes
1597 1827 1735 1859 infinitas
1750 1829 1962 1859 necessarium
1978 1840 2067 1860 esse:
2079 1830 2111 1861 Si
2127 1831 2212 1862 enim
2232 1831 2348 1870 finitae,
2365 1833 2445 1863 ordo

1445 1872 1559 1913 aliquis
1583 1879 1642 1903 est:
1667 1883 1733 1903 non
1757 1873 1842 1903 enim
1857 1883 1894 1903 ex
1910 1884 1976 1904 non
1991 1874 2062 1905 ferri
2085 1875 2118 1905 in
2136 1875 2232 1915 idem,
2255 1876 2446 1908 inordinatio

1447 1917 1574 1948 accidit:
1600 1927 1703 1958 neque
1728 1917 1814 1947 enini
1830 1928 1915 1948 nunc
1933 1918 1966 1948 in
1985 1917 2070 1949 idem
2094 1919 2237 1951 feruntur
2255 1921 2374 1960 omnia,
2391 1923 2446 1952 sed

1446 1972 1528 2003 quae
1553 1961 1696 1992 eiusdem
1719 1962 1839 2001 generis
1864 1962 1979 1993 solum.

1377 2005 1393 2021 ’¹‘
1409 2007 1524 2037 Adhuc
1543 2013 1662 2044 autem,
1679 2006 1856 2037 inordinate
1876 2007 1954 2037 nihil
1972 2014 2019 2038 est
2034 2007 2119 2038 aliud
2136 2018 2234 2049 quarn
2250 2016 2372 2049 praeter
2390 2020 2446 2040 na·
2474 2019 2484 2029 ·

1444 2058 1564 2082 turam:
1589 2051 1669 2081 ordo
1693 2051 1780 2081 enim
1803 2051 1931 2091 propria
1954 2052 2150 2083 sensibilium
2173 2060 2284 2084 natura
2305 2060 2361 2085 est.
2385 2054 2447 2085 Sed

1444 2096 1548 2126 adhuc
1572 2102 1603 2126 et
1625 2096 1686 2126 hoc
1709 2095 1934 2126 inconveniens
1951 2104 1981 2127 et
2000 2096 2206 2136 impossibile,
2223 2097 2383 2129 infinitum
2399 2098 2446 2129 in-

1445 2140 1628 2171 ordinatum
1651 2140 1764 2170 habere
1788 2147 1930 2171 motum:
1955 2148 2001 2171 est
2024 2141 2108 2171 enim
2132 2149 2243 2172 natura
2257 2142 2310 2173 illa
2328 2153 2445 2182 rerum,

1444 2185 1573 2226 qualem
1589 2185 1706 2216 habent
1731 2184 1823 2225 plura
1838 2192 1868 2215 et
1884 2185 2023 2225 plurimo
2040 2192 2192 2226 tempore.
2214 2187 2337 2218 Accidit
2351 2187 2446 2227 igitur

1443 2230 1520 2270 ipsis
1537 2229 1744 2260 contrarium:
1761 2229 2029 2260 inordinationem
2044 2230 2173 2271 quidem
2189 2241 2255 2261 esse
2270 2232 2446 2262 secundum

1445 2281 1602 2311 naturam,
1627 2274 1771 2304 ordinem
1788 2281 1895 2304 autern
1911 2281 1942 2305 et
1956 2275 2115 2305 mundum
2138 2282 2260 2316 praeter
2282 2282 2443 2315 naturam,

1443 2319 1590 2360 quamvis
1613 2318 1692 2348 nihil
1715 2325 1752 2349 ut
1774 2319 1928 2359 contingit
1951 2319 1989 2350 sit
2017 2329 2129 2350 eorum
2159 2329 2241 2361 quae
2269 2321 2444 2352 secundum

1445 2371 1600 2394 naturam.

1375 2408 1393 2428 *
1408 2408 1541 2440 Videtur
1556 2415 1662 2439 autem
1678 2407 1740 2438 hoc
1755 2407 1862 2448 ipsum
1879 2408 1973 2439 etiam
1991 2411 2192 2449 Anaxagoras
2208 2419 2331 2440 sumere
2348 2410 2442 2440 bene:

1443 2463 1480 2484 ex
1503 2452 1722 2484 immobilibus
1748 2453 1833 2483 enim
1851 2452 1980 2483 inchoat
1995 2453 2154 2484 mundum
2171 2453 2280 2485 facere.
2305 2455 2444 2485 Tentant

1443 2504 1551 2528 autem
1575 2504 1605 2528 et
1628 2497 1692 2535 alii,
1717 2504 1941 2537 congregantes
1965 2497 2153 2538 aliqualiter,
2177 2498 2292 2529 iterum
2315 2509 2442 2529 movere

1444 2549 1475 2572 et
1490 2551 1660 2582 segregare.
1679 2542 1725 2572 Ex
1741 2542 1927 2572 distantibus
1944 2549 2051 2572 autem
2067 2549 2097 2573 et
2112 2542 2207 2573 motis
2224 2553 2289 2572 non
2306 2543 2443 2573 rationa-

1442 2587 1505 2617 bile
1529 2586 1629 2617 facere
1652 2586 1898 2626 generationem.
1923 2587 2055 2627 Propter
2075 2587 2163 2627 quod
2183 2594 2214 2618 et
2230 2587 2442 2628 Empedocles

1442 2631 1661 2672 praetermittit
1684 2641 1755 2661 eam
1778 2641 1860 2672 quae
1879 2631 1912 2661 in
1928 2631 2078 2662 amicitia:
2103 2641 2207 2672 neque
2231 2632 2315 2662 enirn
2332 2631 2442 2672 utique

1442 2683 1566 2717 poterat
1594 2676 1783 2706 constituere
1807 2676 1930 2706 caelum
1954 2686 1990 2706 ex
2014 2675 2179 2715 segregatis
2208 2676 2337 2716 quidem
2367 2686 2442 2707 con-

1443 2727 1584 2758 struens,
1609 2720 1886 2760 congregationem
1910 2727 2016 2750 autem
2041 2720 2156 2750 faciens
2180 2727 2309 2760 propter
2336 2720 2441 2751 amici-

1443 2765 1534 2795 tiam:
1560 2775 1596 2795 ex
1620 2764 1801 2804 disgregatis
1826 2764 1911 2794 enim
1935 2771 1981 2795 est
2005 2764 2193 2795 constitutus
2217 2765 2357 2795 mundus
2381 2765 2441 2795 ele-

1442 2809 1568 2840 mentis.
1594 2809 1702 2851 Itaque
1726 2809 1937 2839 necessarium
1960 2808 2026 2839 fieri
2050 2818 2086 2839 ex
2102 2819 2168 2839 uno
2193 2815 2223 2839 et
2240 2815 2440 2849 congregato,

1373 2898 1391 2917 *
1410 2898 1509 2935 Quod
1531 2897 1662 2938 quidem
1685 2897 1779 2937 igitur
1805 2904 1851 2927 est
1874 2897 2022 2927 naturalis
2047 2896 2177 2936 quidam
2199 2903 2307 2927 motus
2331 2896 2439 2927 unius—

1442 2942 1596 2982 cuiusque
1612 2951 1794 2981 corporum,
1813 2951 1879 2982 quo
1896 2951 1961 2971 non
1974 2941 2005 2970 vi
2016 2947 2186 2971 moventur
2203 2950 2307 2981 neque
2318 2947 2440 2980 praeter

1441 2993 1597 3025 naturam,
1622 2985 1827 3016 manifestum
1850 2995 1887 3015 ex
1909 2985 1967 3015 his.

1376 3082 1471 3110 cunda
1492 3081 1565 3109 ratio
1587 3081 1617 3109 in
1638 3081 1715 3108 idern
1736 3080 1828 3108 tendit
1848 3089 1882 3108 ac
1902 3080 2003 3116 prima,
2026 3080 2076 3107 sed
2096 3079 2218 3107 sumitur
2231 3089 2264 3107 ex
2279 3085 2358 3116 parte
2373 3089 2437 3108 cor-

1375 3131 1480 3158 porum
1503 3121 1667 3149 mixtorum.
1690 3120 1719 3148 Si
1741 3120 1890 3154 elementa,
1913 3126 2069 3155 antequam
2090 3119 2216 3146 mundus
2237 3119 2331 3154 fieret,
2357 3119 2436 3147 inor-

1375 3162 1471 3189 dinate
1499 3162 1704 3195 movebantur,
1730 3160 1774 3187 vel
1796 3166 1855 3187 erat
1879 3159 2015 3195 possibile
2044 3159 2124 3194 quod
2145 3167 2178 3186 ex
2199 3158 2267 3195 ipsis
2289 3158 2329 3187 sic
2349 3159 2436 3187 motis

1374 3200 1616 3229 constituerentur
1630 3208 1753 3235 corpora
1775 3208 1848 3235 quae
1870 3205 1936 3226 sunt
1957 3198 2116 3226 secundum
2137 3205 2287 3234 naturam;
2309 3199 2354 3226 vel
2375 3205 2436 3227 erat

1373 3240 1558 3276 impossibile.
1581 3239 1610 3266 Si
1632 3239 1806 3272 seeundum,
1830 3247 1897 3274 ergo
1919 3247 1980 3265 non
2001 3238 2123 3265 omnino
2149 3237 2311 3266 inordinate
2336 3248 2435 3266 move-

1372 3281 1489 3307 bantur:
1512 3289 1573 3306 non
1588 3278 1664 3306 enim
1686 3283 1820 3314 poterant
1834 3277 2027 3305 indifferenter
2041 3277 2215 3313 quibuslibet
2230 3277 2355 3306 motibus
2371 3287 2435 3306 mo-

1371 3319 1439 3346 veri.
1455 3319 1485 3346 Si
1500 3318 1635 3354 primum,
1651 3327 1719 3354 ergo
1735 3317 1792 3344 iam
1807 3323 1867 3344 erat
1881 3317 2024 3352 completa
2045 3316 2146 3344 mundi
2161 3317 2325 3352 dispositio,
2348 3317 2434 3345 etiam

1372 3359 1469 3395 quoad
1498 3358 1593 3385 mixta.
1609 3374 1627 3377 —
1641 3366 1668 3392 4.
1691 3359 1716 3391 c)
1738 3356 1836 3383 Tertia
1857 3356 1930 3384 ratio
1952 3356 2109 3384 coassumit
2129 3356 2305 3392 positionem
2326 3358 2435 3385 Demo-

1372 3397 1433 3425 criti
1448 3403 1475 3425 et
1490 3396 1636 3432 Leucippi,
1653 3396 1701 3432 qui
1716 3395 1847 3423 dixerunt
1862 3395 1972 3423 infinita
1990 3405 2114 3432 corpora
2128 3396 2309 3424 indivisibilia
2324 3397 2434 3425 moveri

1371 3437 1400 3464 in
1424 3436 1516 3472 spatio
1538 3436 1660 3463 infinito.
1683 3435 1713 3463 Si
1735 3441 1762 3463 et
1782 3435 1835 3471 ipsi
1863 3435 1990 3463 dicerent
2016 3444 2082 3463 cum
2110 3436 2231 3464 Platone
2259 3437 2340 3473 quod
2367 3443 2434 3464 ante

1370 3477 1512 3503 mundum
1533 3484 1656 3511 corpora
1684 3474 1845 3502 inordinate
1867 3476 2074 3510 movebantur,
2096 3475 2208 3503 infinita
2236 3475 2283 3503 illa
2311 3485 2434 3513 corpora

1369 3522 1554 3543 moverentur
1574 3516 1610 3542 ab
1632 3524 1691 3542 uno
1715 3521 1847 3542 movente
1869 3515 2027 3542 secundum
2043 3514 2177 3551 speciem,
2192 3515 2236 3544 vel
2251 3516 2287 3544 ab
2302 3515 2430 3544 infinitis.

1369 3555 1399 3582 Si
1420 3556 1456 3582 ab
1478 3564 1547 3589 uno,
1570 3563 1638 3591 ergo
1659 3554 1800 3582 ferrentur
1820 3564 1879 3582 una
1899 3554 1993 3591 specie
2015 3561 2111 3583 motus
2132 3555 2240 3590 locans,
2263 3561 2290 3583 et
2311 3555 2351 3584 sic
2371 3565 2432 3583 non

1367 3594 1530 3622 inordinate
1553 3600 1751 3622 moverentur:
1774 3600 1816 3622 est
1837 3594 1914 3622 enim
1936 3594 2032 3631 aliqua
2052 3594 2197 3623 ordinatio
2219 3602 2329 3630 motus,
2352 3596 2432 3631 quod

1369 3634 1468 3662 omnia
1496 3634 1626 3662 feruntur
1646 3634 1676 3662 in
1697 3633 1783 3662 idem.
1810 3633 1840 3661 Si
1860 3635 1896 3662 ab
1924 3634 2058 3670 infinitis,
2086 3644 2155 3671 ergo
2181 3641 2275 3663 essent
2303 3634 2431 3663 infinitae

2479 862 2624 911 :resfffiffm
2639 870 2665 886 ¹¹·

2498 1397 2567 1420 Text.
2581 1403 2617 1420 22.

2498 1708 2566 1731 Text.
2580 1714 2615 1737 23.

2498 2019 2565 2041 Text.
2580 2025 2616 2046 24.

2470 2418 2480 2428 *
2494 2416 2562 2439 Text.
2577 2423 2610 2446 25,

2467 2902 2476 2911 “
2490 2901 2559 2923 Text.
2572 2902 2612 2924 26.
