<?xml version="1.0" encoding="UTF-8"?>
<!DOCTYPE html PUBLIC "-//W3C//DTD XHTML 1.0 Transitional//EN"
    "http://www.w3.org/TR/xhtml1/DTD/xhtml1-transitional.dtd">
<html xmlns="http://www.w3.org/1999/xhtml" xml:lang="en" lang="en">
 <head>
  <title>
</title>
<meta http-equiv="Content-Type" content="text/html;charset=utf-8" />
  <meta name='ocr-system' content='tesseract 3.04.00' />
  <meta name='ocr-capabilities' content='ocr_page ocr_carea ocr_par ocr_line ocrx_word'/>
</head>
<body>
  <div class='ocr_page' id='page_1' title='image "./operaomniaiussui03thom/operaomniaiussui03thom_0455.png"; bbox 0 0 2782 4134; ppageno 0'>
   <div class='ocr_carea' id='block_1_1' title="bbox 0 364 194 4132">
    <p class='ocr_par' dir='ltr' id='par_1_1' title="bbox 0 364 194 4132">
     <span class='ocr_line' id='line_1_1' title="bbox 0 364 194 4132; baseline 0 -3443"><span class='ocrx_word' id='word_1_1' title='bbox 0 364 194 4132; x_wconf 95' lang='lat' dir='ltr'>   </span> 
     </span>
    </p>
   </div>
   <div class='ocr_carea' id='block_1_2' title="bbox 1109 209 1590 256">
    <p class='ocr_par' dir='ltr' id='par_1_2' title="bbox 1109 209 1590 256">
     <span class='ocr_line' id='line_1_2' title="bbox 1109 209 1590 256; baseline -0.002 -10"><span class='ocrx_word' id='word_1_2' title='bbox 1109 210 1210 246; x_wconf 92' lang='lat' dir='ltr'>CAP</span> <span class='ocrx_word' id='word_1_3' title='bbox 1239 209 1309 256; x_wconf 93' lang='lat' dir='ltr'>lV,</span> <span class='ocrx_word' id='word_1_4' title='bbox 1339 209 1491 246; x_wconf 90' lang='lat' dir='ltr'><strong>LECT.</strong></span> <span class='ocrx_word' id='word_1_5' title='bbox 1519 209 1590 246; x_wconf 93' lang='lat' dir='ltr'>VII</span> 
     </span>
    </p>
   </div>
   <div class='ocr_carea' id='block_1_3' title="bbox 2369 221 2442 256">
    <p class='ocr_par' dir='ltr' id='par_1_3' title="bbox 2369 221 2442 256">
     <span class='ocr_line' id='line_1_3' title="bbox 2369 221 2442 256; baseline -0.014 -9"><span class='ocrx_word' id='word_1_6' title='bbox 2369 221 2442 256; x_wconf 89' lang='lat'>411</span> 
     </span>
    </p>
   </div>
   <div class='ocr_carea' id='block_1_4' title="bbox 252 287 2451 337">
    <p class='ocr_par' dir='ltr' id='par_1_4' title="bbox 252 287 2451 337">
     <span class='ocr_line' id='line_1_4' title="bbox 252 287 2451 337; baseline -0.001 -11"><span class='ocrx_word' id='word_1_7' title='bbox 252 288 399 336; x_wconf 89' lang='lat' dir='ltr'>minor,</span> <span class='ocrx_word' id='word_1_8' title='bbox 436 288 674 326; x_wconf 89' lang='lat' dir='ltr'>circumeunt</span> <span class='ocrx_word' id='word_1_9' title='bbox 700 294 716 319; x_wconf 78' lang='grc' dir='ltr'><strong>Ρ</strong></span> <span class='ocrx_word' id='word_1_10' title='bbox 742 288 878 337; x_wconf 89' lang='lat' dir='ltr'>polum</span> <span class='ocrx_word' id='word_1_11' title='bbox 912 288 1247 336; x_wconf 85' lang='lat' dir='ltr'>septentrionalem</span> <span class='ocrx_word' id='word_1_12' title='bbox 1276 288 1323 326; x_wconf 91' lang='lat' dir='ltr'>de</span> <span class='ocrx_word' id='word_1_13' title='bbox 1377 288 1492 325; x_wconf 88' lang='lat' dir='ltr'>malia</span> <span class='ocrx_word' id='word_1_14' title='bbox 1520 288 1670 336; x_wconf 82' lang='lat' dir='ltr'>frigora.</span> <span class='ocrx_word' id='word_1_15' title='bbox 1697 288 1761 325; x_wconf 91' lang='lat' dir='ltr'>Sic</span> <span class='ocrx_word' id='word_1_16' title='bbox 1781 287 1891 336; x_wconf 88' lang='lat' dir='ltr'>igitur</span> <span class='ocrx_word' id='word_1_17' title='bbox 1918 295 2075 337; x_wconf 93' lang='lat' dir='ltr'>propter</span> <span class='ocrx_word' id='word_1_18' title='bbox 2093 288 2169 324; x_wconf 93' lang='lat' dir='ltr'>hoc</span> <span class='ocrx_word' id='word_1_19' title='bbox 2188 287 2295 337; x_wconf 90' lang='lat' dir='ltr'>quod</span> <span class='ocrx_word' id='word_1_20' title='bbox 2313 288 2370 324; x_wconf 92' lang='lat' dir='ltr'>sol</span> <span class='ocrx_word' id='word_1_21' title='bbox 2390 300 2451 325; x_wconf 89' lang='lat' dir='ltr'>ac-</span> 
     </span>
    </p>
   </div>
   <div class='ocr_carea' id='block_1_5' title="bbox 249 340 1326 709">
    <p class='ocr_par' dir='ltr' id='par_1_5' title="bbox 249 340 1326 709">
     <span class='ocr_line' id='line_1_5' title="bbox 250 340 1324 391; baseline -0.003 -11"><span class='ocrx_word' id='word_1_22' title='bbox 250 341 499 391; x_wconf 90' lang='lat' dir='ltr'>propinquo),</span> <span class='ocrx_word' id='word_1_23' title='bbox 516 349 552 379; x_wconf 90' lang='lat' dir='ltr'>et</span> <span class='ocrx_word' id='word_1_24' title='bbox 565 342 705 379; x_wconf 90' lang='lat' dir='ltr'>iterum</span> <span class='ocrx_word' id='word_1_25' title='bbox 720 354 743 378; x_wconf 89' lang='lat' dir='ltr'>a</span> <span class='ocrx_word' id='word_1_26' title='bbox 757 340 935 378; x_wconf 85' lang='lat' dir='ltr'>meridie:</span> <span class='ocrx_word' id='word_1_27' title='bbox 956 341 1053 377; x_wconf 90' lang='lat' dir='ltr'>inter</span> <span class='ocrx_word' id='word_1_28' title='bbox 1072 353 1207 378; x_wconf 90' lang='lat' dir='ltr'>omnes</span> <span class='ocrx_word' id='word_1_29' title='bbox 1223 341 1324 378; x_wconf 89' lang='lat' dir='ltr'>enim</span> 
     </span>
     <span class='ocr_line' id='line_1_6' title="bbox 249 393 1326 443; baseline -0.002 -11"><span class='ocrx_word' id='word_1_30' title='bbox 249 402 389 433; x_wconf 84' lang='lat' dir='ltr'>ventos</span> <span class='ocrx_word' id='word_1_31' title='bbox 408 394 531 443; x_wconf 86' lang='lat' dir='ltr'>magis</span> <span class='ocrx_word' id='word_1_32' title='bbox 549 395 748 432; x_wconf 84' lang='lat' dir='ltr'>abundant</span> <span class='ocrx_word' id='word_1_33' title='bbox 774 394 927 440; x_wconf 85' lang='lat' dir='ltr'>boreae,</span> <span class='ocrx_word' id='word_1_34' title='bbox 943 393 1009 442; x_wconf 91' lang='lat' dir='ltr'>qui</span> <span class='ocrx_word' id='word_1_35' title='bbox 1029 402 1115 431; x_wconf 93' lang='lat' dir='ltr'>sunt</span> <span class='ocrx_word' id='word_1_36' title='bbox 1133 407 1156 430; x_wconf 90' lang='lat' dir='ltr'>a</span> <span class='ocrx_word' id='word_1_37' title='bbox 1176 402 1326 443; x_wconf 89' lang='lat' dir='ltr'>septen-</span> 
     </span>
     <span class='ocr_line' id='line_1_7' title="bbox 251 446 1325 496; baseline -0.001 -11"><span class='ocrx_word' id='word_1_38' title='bbox 251 447 395 495; x_wconf 85' lang='lat' dir='ltr'>trione,</span> <span class='ocrx_word' id='word_1_39' title='bbox 435 455 472 484; x_wconf 91' lang='lat' dir='ltr'>et</span> <span class='ocrx_word' id='word_1_40' title='bbox 499 447 634 494; x_wconf 88' lang='lat' dir='ltr'>austri,</span> <span class='ocrx_word' id='word_1_41' title='bbox 664 446 730 496; x_wconf 90' lang='lat' dir='ltr'>qui</span> <span class='ocrx_word' id='word_1_42' title='bbox 757 453 844 483; x_wconf 91' lang='lat' dir='ltr'>sunt</span> <span class='ocrx_word' id='word_1_43' title='bbox 872 458 894 483; x_wconf 90' lang='lat' dir='ltr'>a</span> <span class='ocrx_word' id='word_1_44' title='bbox 927 446 1096 484; x_wconf 89' lang='lat' dir='ltr'>meridie.</span> <span class='ocrx_word' id='word_1_45' title='bbox 1135 448 1185 484; x_wconf 91' lang='lat' dir='ltr'>Et</span> <span class='ocrx_word' id='word_1_46' title='bbox 1211 447 1325 484; x_wconf 91' lang='lat' dir='ltr'>huius</span> 
     </span>
     <span class='ocr_line' id='line_1_8' title="bbox 253 499 1323 549; baseline -0.002 -11"><span class='ocrx_word' id='word_1_47' title='bbox 253 499 370 538; x_wconf 78' lang='lat' dir='ltr'>causa</span> <span class='ocrx_word' id='word_1_48' title='bbox 388 507 456 548; x_wconf 91' lang='lat' dir='ltr'>est,</span> <span class='ocrx_word' id='word_1_49' title='bbox 477 500 567 549; x_wconf 90' lang='lat' dir='ltr'>quia</span> <span class='ocrx_word' id='word_1_50' title='bbox 595 512 711 549; x_wconf 91' lang='lat' dir='ltr'>super</span> <span class='ocrx_word' id='word_1_51' title='bbox 738 499 808 537; x_wconf 90' lang='lat' dir='ltr'>ista</span> <span class='ocrx_word' id='word_1_52' title='bbox 827 500 914 536; x_wconf 91' lang='lat' dir='ltr'>loca</span> <span class='ocrx_word' id='word_1_53' title='bbox 940 511 1021 536; x_wconf 89' lang='lat' dir='ltr'>non</span> <span class='ocrx_word' id='word_1_54' title='bbox 1049 507 1231 537; x_wconf 90' lang='lat' dir='ltr'>movetur</span> <span class='ocrx_word' id='word_1_55' title='bbox 1254 500 1323 546; x_wconf 92' lang='lat' dir='ltr'>sol,</span> 
     </span>
     <span class='ocr_line' id='line_1_9' title="bbox 252 552 1324 601; baseline -0.002 -10"><span class='ocrx_word' id='word_1_56' title='bbox 252 553 323 592; x_wconf 90' lang='lat' dir='ltr'>sed</span> <span class='ocrx_word' id='word_1_57' title='bbox 349 553 496 591; x_wconf 88' lang='lat' dir='ltr'>accedit</span> <span class='ocrx_word' id='word_1_58' title='bbox 523 553 573 590; x_wconf 93' lang='lat' dir='ltr'>ad</span> <span class='ocrx_word' id='word_1_59' title='bbox 610 565 656 590; x_wconf 88' lang='lat' dir='ltr'>ea</span> <span class='ocrx_word' id='word_1_60' title='bbox 685 560 721 589; x_wconf 93' lang='lat' dir='ltr'>et</span> <span class='ocrx_word' id='word_1_61' title='bbox 749 552 891 590; x_wconf 90' lang='lat' dir='ltr'>recedit</span> <span class='ocrx_word' id='word_1_62' title='bbox 928 553 976 589; x_wconf 93' lang='lat' dir='ltr'>ab</span> <span class='ocrx_word' id='word_1_63' title='bbox 1006 552 1071 589; x_wconf 91' lang='lat' dir='ltr'>eis.</span> <span class='ocrx_word' id='word_1_64' title='bbox 1100 553 1163 590; x_wconf 90' lang='lat' dir='ltr'>Ad</span> <span class='ocrx_word' id='word_1_65' title='bbox 1190 553 1324 601; x_wconf 89' lang='lat' dir='ltr'>polum</span> 
     </span>
     <span class='ocr_line' id='line_1_10' title="bbox 253 605 1326 656; baseline -0.003 -11"><span class='ocrx_word' id='word_1_66' title='bbox 253 606 412 656; x_wconf 90' lang='lat' dir='ltr'>quidem</span> <span class='ocrx_word' id='word_1_67' title='bbox 425 606 762 656; x_wconf 82' lang='lat' dir='ltr'>septentrionalem</span> <span class='ocrx_word' id='word_1_68' title='bbox 780 605 947 643; x_wconf 86' lang='lat' dir='ltr'>maxime</span> <span class='ocrx_word' id='word_1_69' title='bbox 963 605 1120 652; x_wconf 87' lang='lat' dir='ltr'>accedit,</span> <span class='ocrx_word' id='word_1_70' title='bbox 1137 617 1227 642; x_wconf 90' lang='lat' dir='ltr'>curn</span> <span class='ocrx_word' id='word_1_71' title='bbox 1241 618 1326 654; x_wconf 89' lang='lat' dir='ltr'>per-</span> 
     </span>
     <span class='ocr_line' id='line_1_11' title="bbox 251 657 1325 709; baseline -0.003 -11"><span class='ocrx_word' id='word_1_72' title='bbox 251 659 359 698; x_wconf 85' lang='lat' dir='ltr'>venit</span> <span class='ocrx_word' id='word_1_73' title='bbox 395 659 445 697; x_wconf 83' lang='lat' dir='ltr'>ad</span> <span class='ocrx_word' id='word_1_74' title='bbox 471 659 702 709; x_wconf 89' lang='lat' dir='ltr'>principium</span> <span class='ocrx_word' id='word_1_75' title='bbox 740 658 896 696; x_wconf 90' lang='lat' dir='ltr'>Cancri:</span> <span class='ocrx_word' id='word_1_76' title='bbox 927 666 964 695; x_wconf 91' lang='lat' dir='ltr'>et</span> <span class='ocrx_word' id='word_1_77' title='bbox 990 666 1081 695; x_wconf 91' lang='lat' dir='ltr'>tunc</span> <span class='ocrx_word' id='word_1_78' title='bbox 1117 657 1249 707; x_wconf 88' lang='lat' dir='ltr'>incipit</span> <span class='ocrx_word' id='word_1_79' title='bbox 1276 659 1325 695; x_wconf 91' lang='lat' dir='ltr'>ab</span> 
     </span>
    </p>
   </div>
   <div class='ocr_carea' id='block_1_6' title="bbox 84 703 1327 761">
    <p class='ocr_par' dir='ltr' id='par_1_6' title="bbox 84 703 1327 761">
     <span class='ocr_line' id='line_1_12' title="bbox 84 703 1327 761; baseline -0.003 -9"><span class='ocrx_word' id='word_1_80' title='bbox 84 703 105 747; x_wconf 43' lang='lat'>³&gt;</span> <span class='ocrx_word' id='word_1_81' title='bbox 175 725 225 760; x_wconf 64' lang='lat' dir='ltr'>m·</span> <span class='ocrx_word' id='word_1_82' title='bbox 254 725 301 751; x_wconf 92' lang='lat' dir='ltr'>eo</span> <span class='ocrx_word' id='word_1_83' title='bbox 320 713 502 752; x_wconf 84' lang='lat' dir='ltr'>recedere</span> <span class='ocrx_word' id='word_1_84' title='bbox 522 713 704 751; x_wconf 83' lang='lat' dir='ltr'>continue</span> <span class='ocrx_word' id='word_1_85' title='bbox 717 711 738 734; x_wconf 86' lang='grc'>*</span> <span class='ocrx_word' id='word_1_86' title='bbox 753 711 886 760; x_wconf 86' lang='lat' dir='ltr'>magis,</span> <span class='ocrx_word' id='word_1_87' title='bbox 907 722 1109 761; x_wconf 88' lang='lat' dir='ltr'>quousque</span> <span class='ocrx_word' id='word_1_88' title='bbox 1128 711 1327 760; x_wconf 83' lang='lat' dir='ltr'>perveniat</span> 
     </span>
    </p>
   </div>
   <div class='ocr_carea' id='block_1_7' title="bbox 139 762 1328 1242">
    <p class='ocr_par' dir='ltr' id='par_1_7' title="bbox 139 762 1328 1242">
     <span class='ocr_line' id='line_1_13' title="bbox 250 762 1326 816; baseline -0.004 -11"><span class='ocrx_word' id='word_1_89' title='bbox 250 762 305 805; x_wconf 77' lang='lat' dir='ltr'>&#39;ad</span> <span class='ocrx_word' id='word_1_90' title='bbox 322 765 552 816; x_wconf 85' lang='lat' dir='ltr'>principium</span> <span class='ocrx_word' id='word_1_91' title='bbox 579 765 823 815; x_wconf 89' lang='lat' dir='ltr'>Capricorni;</span> <span class='ocrx_word' id='word_1_92' title='bbox 843 772 934 802; x_wconf 87' lang='lat' dir='ltr'>tunc</span> <span class='ocrx_word' id='word_1_93' title='bbox 954 765 1058 802; x_wconf 90' lang='lat' dir='ltr'>enim</span> <span class='ocrx_word' id='word_1_94' title='bbox 1077 764 1245 802; x_wconf 84' lang='lat' dir='ltr'>maxime</span> <span class='ocrx_word' id='word_1_95' title='bbox 1266 777 1326 801; x_wconf 91' lang='lat' dir='ltr'>ac-</span> 
     </span>
     <span class='ocr_line' id='line_1_14' title="bbox 229 818 1326 868; baseline -0.003 -10"><span class='ocrx_word' id='word_1_96' title='bbox 229 840 231 842; x_wconf 89' lang='lat'>·</span> <span class='ocrx_word' id='word_1_97' title='bbox 254 819 356 858; x_wconf 82' lang='lat' dir='ltr'>cedit</span> <span class='ocrx_word' id='word_1_98' title='bbox 380 819 432 857; x_wconf 83' lang='lat' dir='ltr'>ad</span> <span class='ocrx_word' id='word_1_99' title='bbox 457 820 593 868; x_wconf 92' lang='lat' dir='ltr'>polum</span> <span class='ocrx_word' id='word_1_100' title='bbox 621 818 869 866; x_wconf 84' lang='lat' dir='ltr'>contrarium,</span> <span class='ocrx_word' id='word_1_101' title='bbox 898 830 921 855; x_wconf 90' lang='lat' dir='ltr'>a</span> <span class='ocrx_word' id='word_1_102' title='bbox 948 831 1026 867; x_wconf 92' lang='lat' dir='ltr'>quo</span> <span class='ocrx_word' id='word_1_103' title='bbox 1055 818 1194 856; x_wconf 88' lang='lat' dir='ltr'>iterum</span> <span class='ocrx_word' id='word_1_104' title='bbox 1223 830 1326 855; x_wconf 87' lang='lat' dir='ltr'>rece-</span> 
     </span>
     <span class='ocr_line' id='line_1_15' title="bbox 252 870 1328 921; baseline -0.003 -10"><span class='ocrx_word' id='word_1_105' title='bbox 252 870 351 911; x_wconf 78' lang='lat' dir='ltr'>‘dens</span> <span class='ocrx_word' id='word_1_106' title='bbox 378 870 609 911; x_wconf 79' lang='lat' dir='ltr'>circulariter</span> <span class='ocrx_word' id='word_1_107' title='bbox 640 871 738 910; x_wconf 88' lang='lat' dir='ltr'>redit</span> <span class='ocrx_word' id='word_1_108' title='bbox 765 872 812 909; x_wconf 88' lang='lat' dir='ltr'>ad</span> <span class='ocrx_word' id='word_1_109' title='bbox 840 871 1071 921; x_wconf 90' lang='lat' dir='ltr'>principium</span> <span class='ocrx_word' id='word_1_110' title='bbox 1101 871 1252 909; x_wconf 88' lang='lat' dir='ltr'>Cancri.</span> <span class='ocrx_word' id='word_1_111' title='bbox 1278 872 1328 908; x_wconf 93' lang='lat' dir='ltr'>Et</span> 
     </span>
     <span class='ocr_line' id='line_1_16' title="bbox 231 923 1326 987; baseline -0.003 -22.95"><span class='ocrx_word' id='word_1_112' title='bbox 231 923 412 987; x_wconf 70' lang='lat' dir='ltr'>‘propter</span> <span class='ocrx_word' id='word_1_113' title='bbox 429 925 506 964; x_wconf 88' lang='lat' dir='ltr'>hoc</span> <span class='ocrx_word' id='word_1_114' title='bbox 518 926 616 964; x_wconf 90' lang='lat' dir='ltr'>haec</span> <span class='ocrx_word' id='word_1_115' title='bbox 634 925 748 964; x_wconf 86' lang='lat' dir='ltr'>duo·</span> <span class='ocrx_word' id='word_1_116' title='bbox 766 932 919 974; x_wconf 90' lang='lat' dir='ltr'>puncta,</span> <span class='ocrx_word' id='word_1_117' title='bbox 937 925 1078 963; x_wconf 92' lang='lat' dir='ltr'>scilicet</span> <span class='ocrx_word' id='word_1_118' title='bbox 1094 924 1326 975; x_wconf 88' lang='lat' dir='ltr'>principium</span> 
     </span>
     <span class='ocr_line' id='line_1_17' title="bbox 231 973 1327 1040; baseline -0.002 -22.972"><span class='ocrx_word' id='word_1_119' title='bbox 231 977 402 1040; x_wconf 56' lang='lat' dir='ltr'>§aucti</span> <span class='ocrx_word' id='word_1_120' title='bbox 422 987 459 1017; x_wconf 93' lang='lat' dir='ltr'>et</span> <span class='ocrx_word' id='word_1_121' title='bbox 479 973 714 1029; x_wconf 87' lang='lat' dir='ltr'>Capricorni,</span> <span class='ocrx_word' id='word_1_122' title='bbox 736 978 913 1016; x_wconf 83' lang='lat' dir='ltr'>dicuntur</span> <span class='ocrx_word' id='word_1_123' title='bbox 939 978 1123 1028; x_wconf 83' lang='lat' dir='ltr'>tropica,1</span> <span class='ocrx_word' id='word_1_124' title='bbox 1111 978 1208 1016; x_wconf 90' lang='lat' dir='ltr'>idest</span> <span class='ocrx_word' id='word_1_125' title='bbox 1237 990 1327 1015; x_wconf 86' lang='lat' dir='ltr'>con—</span> 
     </span>
     <span class='ocr_line' id='line_1_18' title="bbox 232 1031 1326 1082; baseline -0.003 -10.947"><span class='ocrx_word' id='word_1_126' title='bbox 232 1032 423 1077; x_wconf 57' lang='grc' dir='ltr'>ἵει-εἰναι·</span> <span class='ocrx_word' id='word_1_127' title='bbox 439 1040 477 1070; x_wconf 88' lang='lat' dir='ltr'>et</span> <span class='ocrx_word' id='word_1_128' title='bbox 489 1033 645 1081; x_wconf 85' lang='lat' dir='ltr'>quando</span> <span class='ocrx_word' id='word_1_129' title='bbox 661 1039 718 1070; x_wconf 90' lang='lat' dir='ltr'>est</span> <span class='ocrx_word' id='word_1_130' title='bbox 730 1031 770 1069; x_wconf 91' lang='lat' dir='ltr'>in</span> <span class='ocrx_word' id='word_1_131' title='bbox 783 1031 971 1082; x_wconf 89' lang='lat' dir='ltr'>principio</span> <span class='ocrx_word' id='word_1_132' title='bbox 985 1031 1136 1079; x_wconf 89' lang='lat' dir='ltr'>Cancri,</span> <span class='ocrx_word' id='word_1_133' title='bbox 1147 1031 1191 1069; x_wconf 91' lang='lat' dir='ltr'>fit</span> <span class='ocrx_word' id='word_1_134' title='bbox 1198 1031 1326 1069; x_wconf 89' lang='lat' dir='ltr'>versio</span> 
     </span>
     <span class='ocr_line' id='line_1_19' title="bbox 139 1084 1326 1144; baseline -0.003 -19"><span class='ocrx_word' id='word_1_135' title='bbox 139 1127 145 1134; x_wconf 58' lang='grc'><strong><em>,</em></strong></span> <span class='ocrx_word' id='word_1_136' title='bbox 231 1085 411 1133; x_wconf 63' lang='lat' dir='ltr'>aestiva,</span> <span class='ocrx_word' id='word_1_137' title='bbox 427 1086 585 1138; x_wconf 83' lang='lat' dir='ltr'>quando</span> <span class='ocrx_word' id='word_1_138' title='bbox 605 1093 735 1123; x_wconf 89' lang='lat' dir='ltr'>autem</span> <span class='ocrx_word' id='word_1_139' title='bbox 755 1093 812 1123; x_wconf 90' lang='lat' dir='ltr'>est</span> <span class='ocrx_word' id='word_1_140' title='bbox 830 1085 869 1122; x_wconf 89' lang='lat' dir='ltr'>in</span> <span class='ocrx_word' id='word_1_141' title='bbox 886 1085 1071 1135; x_wconf 91' lang='lat' dir='ltr'>principio</span> <span class='ocrx_word' id='word_1_142' title='bbox 1088 1084 1326 1144; x_wconf 86' lang='lat' dir='ltr'>Capricorni,</span> 
     </span>
     <span class='ocr_line' id='line_1_20' title="bbox 159 1136 1328 1186; baseline -0.003 -9.043"><span class='ocrx_word' id='word_1_143' title='bbox 159 1175 163 1186; x_wconf 75' lang='grc'>,</span> <span class='ocrx_word' id='word_1_144' title='bbox 191 1147 194 1150; x_wconf 83' lang='grc'><strong><em>’</em></strong></span> <span class='ocrx_word' id='word_1_145' title='bbox 247 1139 383 1178; x_wconf 57' lang='lat' dir='ltr'>”versio</span> <span class='ocrx_word' id='word_1_146' title='bbox 401 1136 589 1177; x_wconf 87' lang='lat' dir='ltr'>hiemalis</span> <span class='ocrx_word' id='word_1_147' title='bbox 617 1139 724 1183; x_wconf 90' lang='lat' dir='ltr'>Ultra</span> <span class='ocrx_word' id='word_1_148' title='bbox 747 1145 878 1176; x_wconf 88' lang='lat' dir='ltr'>autem</span> <span class='ocrx_word' id='word_1_149' title='bbox 900 1139 998 1176; x_wconf 88' lang='lat' dir='ltr'>haec</span> <span class='ocrx_word' id='word_1_150' title='bbox 1016 1138 1094 1176; x_wconf 92' lang='lat' dir='ltr'>duo</span> <span class='ocrx_word' id='word_1_151' title='bbox 1114 1137 1221 1186; x_wconf 88' lang='lat' dir='ltr'>signa</span> <span class='ocrx_word' id='word_1_152' title='bbox 1248 1150 1328 1174; x_wconf 93' lang='lat' dir='ltr'>non</span> 
     </span>
     <span class='ocr_line' id='line_1_21' title="bbox 142 1190 1327 1242; baseline -0.003 -11"><span class='ocrx_word' id='word_1_153' title='bbox 142 1198 165 1220; x_wconf 62' lang='lat'>‘⁴</span> <span class='ocrx_word' id='word_1_154' title='bbox 236 1214 241 1219; x_wconf 64' lang='lat'>==</span> <span class='ocrx_word' id='word_1_155' title='bbox 331 1191 334 1194; x_wconf 77' lang='grc'><strong>’</strong></span> <span class='ocrx_word' id='word_1_156' title='bbox 374 1190 383 1200; x_wconf 80' lang='lat'>&#39;</span> <span class='ocrx_word' id='word_1_157' title='bbox 414 1190 737 1231; x_wconf 56' lang='lat' dir='ltr'>adaffirutrum‘</span> <span class='ocrx_word' id='word_1_158' title='bbox 752 1192 947 1242; x_wconf 82' lang='lat' dir='ltr'>polorum.</span> <span class='ocrx_word' id='word_1_159' title='bbox 969 1191 1047 1229; x_wconf 91' lang='lat' dir='ltr'>Sed</span> <span class='ocrx_word' id='word_1_160' title='bbox 1070 1203 1186 1240; x_wconf 90' lang='lat' dir='ltr'>super</span> <span class='ocrx_word' id='word_1_161' title='bbox 1204 1190 1327 1228; x_wconf 91' lang='lat' dir='ltr'>orien-</span> 
     </span>
    </p>
   </div>
   <div class='ocr_carea' id='block_1_8' title="bbox 242 1187 405 1266">
    <p class='ocr_par' dir='ltr' id='par_1_8' title="bbox 242 1187 405 1266">
     <span class='ocr_line' id='line_1_22' title="bbox 242 1187 405 1266; baseline 0 0"><span class='ocrx_word' id='word_1_162' title='bbox 242 1187 405 1266; x_wconf 95' lang='lat' dir='ltr'>  </span> 
     </span>
    </p>
   </div>
   <div class='ocr_carea' id='block_1_9' title="bbox 178 1243 1328 1351">
    <p class='ocr_par' dir='ltr' id='par_1_9' title="bbox 230 1241 1328 1351">
     <span class='ocr_line' id='line_1_23' title="bbox 236 1243 1328 1295; baseline -0.004 -11"><span class='ocrx_word' id='word_1_163' title='bbox 236 1264 238 1267; x_wconf 96' lang='lat'>·</span> <span class='ocrx_word' id='word_1_164' title='bbox 339 1253 394 1285; x_wconf 85' lang='lat' dir='ltr'>.e.t</span> <span class='ocrx_word' id='word_1_165' title='bbox 409 1245 652 1284; x_wconf 88' lang='lat' dir='ltr'>occidentem</span> <span class='ocrx_word' id='word_1_166' title='bbox 670 1257 826 1295; x_wconf 83' lang='lat' dir='ltr'>semper</span> <span class='ocrx_word' id='word_1_167' title='bbox 843 1245 972 1283; x_wconf 80' lang='lat' dir='ltr'>fermr.</span> <span class='ocrx_word' id='word_1_168' title='bbox 993 1244 1044 1281; x_wconf 92' lang='lat' dir='ltr'>Et</span> <span class='ocrx_word' id='word_1_169' title='bbox 1065 1243 1184 1282; x_wconf 87' lang='lat' dir='ltr'>ideo·</span> <span class='ocrx_word' id='word_1_170' title='bbox 1175 1255 1215 1281; x_wconf 79' lang='lat' dir='ltr'>in</span> <span class='ocrx_word' id='word_1_171' title='bbox 1233 1243 1328 1282; x_wconf 89' lang='lat' dir='ltr'>locis</span> 
     </span>
     <span class='ocr_line' id='line_1_24' title="bbox 178 1280 1328 1351; baseline -0.005 -11.716"><span class='ocrx_word' id='word_1_172' title='bbox 178 1280 536 1351; x_wconf 54' lang='lat' dir='ltr'>mimeram&amp;</span> <span class='ocrx_word' id='word_1_173' title='bbox 550 1311 592 1337; x_wconf 87' lang='lat' dir='ltr'>se</span> <span class='ocrx_word' id='word_1_174' title='bbox 604 1299 750 1337; x_wconf 86' lang='lat' dir='ltr'>habent</span> <span class='ocrx_word' id='word_1_175' title='bbox 763 1298 813 1336; x_wconf 85' lang='lat' dir='ltr'>ad</span> <span class='ocrx_word' id='word_1_176' title='bbox 821 1297 927 1336; x_wconf 84' lang='lat' dir='ltr'>viam</span> <span class='ocrx_word' id='word_1_177' title='bbox 937 1297 1039 1345; x_wconf 89' lang='lat' dir='ltr'>solis,</span> <span class='ocrx_word' id='word_1_178' title='bbox 1047 1297 1190 1335; x_wconf 89' lang='lat' dir='ltr'>multae</span> <span class='ocrx_word' id='word_1_179' title='bbox 1204 1297 1328 1334; x_wconf 92' lang='lat' dir='ltr'>nubes</span> 
     </span>
    </p>
   </div>
   <div class='ocr_carea' id='block_1_10' title="bbox 178 1350 1328 1464">
    <p class='ocr_par' dir='ltr' id='par_1_10' title="bbox 178 1350 1328 1455">
     <span class='ocr_line' id='line_1_25' title="bbox 178 1350 1328 1406; baseline -0.005 -13.722"><span class='ocrx_word' id='word_1_180' title='bbox 178 1360 552 1406; x_wconf 50' lang='lat' dir='ltr'>mesalum&amp;</span> <span class='ocrx_word' id='word_1_181' title='bbox 581 1351 672 1402; x_wconf 79' lang='lat' dir='ltr'>quia</span> <span class='ocrx_word' id='word_1_182' title='bbox 699 1351 1033 1401; x_wconf 76' lang='lat' dir='ltr'>appropinquante</span> <span class='ocrx_word' id='word_1_183' title='bbox 1061 1350 1164 1398; x_wconf 91' lang='lat' dir='ltr'>sole,</span> <span class='ocrx_word' id='word_1_184' title='bbox 1193 1350 1238 1387; x_wconf 89' lang='lat' dir='ltr'>fit</span> <span class='ocrx_word' id='word_1_185' title='bbox 1265 1362 1328 1387; x_wconf 84' lang='lat' dir='ltr'>ex·</span> 
     </span>
     <span class='ocr_line' id='line_1_26' title="bbox 194 1402 1328 1464; baseline -0.005 -18.82"><span class='ocrx_word' id='word_1_186' title='bbox 194 1402 570 1445; x_wconf 52' lang='lat' dir='ltr'>thumidi</span> <span class='ocrx_word' id='word_1_187' title='bbox 587 1412 761 1464; x_wconf 44' lang='lat' dir='ltr'>propter.</span> <span class='ocrx_word' id='word_1_188' title='bbox 764 1405 951 1450; x_wconf 85' lang='lat' dir='ltr'>calorem;</span> <span class='ocrx_word' id='word_1_189' title='bbox 975 1403 1179 1441; x_wconf 86' lang='lat' dir='ltr'>recedente</span> <span class='ocrx_word' id='word_1_190' title='bbox 1197 1411 1328 1440; x_wconf 88' lang='lat' dir='ltr'>autern</span> 
     </span>
    </p>
   </div>
   <div class='ocr_carea' id='block_1_11' title="bbox 148 1423 1329 1518">
    <p class='ocr_par' dir='ltr' id='par_1_11' title="bbox 148 1423 1329 1518">
     <span class='ocr_line' id='line_1_27' title="bbox 148 1423 1329 1518; baseline -0.008 -16"><span class='ocrx_word' id='word_1_191' title='bbox 148 1423 185 1503; x_wconf 29' lang='grc' dir='ltr'>ὲ..</span> <span class='ocrx_word' id='word_1_192' title='bbox 199 1456 369 1518; x_wconf 53' lang='lat' dir='ltr'>effla</span> <span class='ocrx_word' id='word_1_193' title='bbox 364 1458 425 1518; x_wconf 77' lang='lat' dir='ltr'>ad</span> <span class='ocrx_word' id='word_1_194' title='bbox 441 1459 573 1498; x_wconf 85' lang='lat' dir='ltr'>locum</span> <span class='ocrx_word' id='word_1_195' title='bbox 601 1457 851 1506; x_wconf 82' lang='lat' dir='ltr'>contrarium,</span> <span class='ocrx_word' id='word_1_196' title='bbox 879 1457 978 1495; x_wconf 89' lang='lat' dir='ltr'>fiunt</span> <span class='ocrx_word' id='word_1_197' title='bbox 1002 1456 1159 1506; x_wconf 86' lang='lat' dir='ltr'>pluviae</span> <span class='ocrx_word' id='word_1_198' title='bbox 1187 1463 1224 1494; x_wconf 93' lang='lat' dir='ltr'>et</span> <span class='ocrx_word' id='word_1_199' title='bbox 1250 1456 1329 1494; x_wconf 93' lang='lat' dir='ltr'>hie-</span> 
     </span>
    </p>
   </div>
   <div class='ocr_carea' id='block_1_12' title="bbox 228 1528 399 1628">
    <p class='ocr_par' dir='ltr' id='par_1_12' title="bbox 228 1528 399 1628">
     <span class='ocr_line' id='line_1_28' title="bbox 228 1528 399 1572; baseline 0 -19"><span class='ocrx_word' id='word_1_200' title='bbox 228 1528 399 1572; x_wconf 40' lang='lat' dir='ltr'>mm,</span> 
     </span>
     <span class='ocr_line' id='line_1_29' title="bbox 231 1578 377 1628; baseline -0.015 -18.771"><span class='ocrx_word' id='word_1_201' title='bbox 231 1578 377 1628; x_wconf 51' lang='lat' dir='ltr'>guan-</span> 
     </span>
    </p>
   </div>
   <div class='ocr_carea' id='block_1_13' title="bbox 424 1615 1330 1678">
    <p class='ocr_par' dir='ltr' id='par_1_13' title="bbox 411 1605 1330 1678">
     <span class='ocr_line' id='line_1_30' title="bbox 424 1615 1330 1678; baseline -0.003 -35.042"><span class='ocrx_word' id='word_1_202' title='bbox 424 1620 593 1678; x_wconf 48' lang='lat' dir='ltr'>mur...</span> <span class='ocrx_word' id='word_1_203' title='bbox 604 1617 813 1643; x_wconf 58' lang='lat' dir='ltr'>circumun-</span> <span class='ocrx_word' id='word_1_204' title='bbox 792 1616 890 1650; x_wconf 68' lang='lat' dir='ltr'>-4m‘a</span> <span class='ocrx_word' id='word_1_205' title='bbox 904 1615 974 1642; x_wconf 77' lang='lat' dir='ltr'>duae</span> <span class='ocrx_word' id='word_1_206' title='bbox 991 1616 1076 1642; x_wconf 71' lang='lat' dir='ltr'>Ursas</span> <span class='ocrx_word' id='word_1_207' title='bbox 1089 1615 1179 1642; x_wconf 77' lang='lat' dir='ltr'>maior</span> <span class='ocrx_word' id='word_1_208' title='bbox 1195 1619 1222 1642; x_wconf 80' lang='lat' dir='ltr'>ee</span> <span class='ocrx_word' id='word_1_209' title='bbox 1241 1616 1330 1640; x_wconf 79' lang='lat' dir='ltr'>minor</span> 
     </span>
    </p>
   </div>
   <div class='ocr_carea' id='block_1_14' title="bbox 230 1617 453 1774">
    <p class='ocr_par' dir='ltr' id='par_1_14' title="bbox 230 1617 453 1774">
     <span class='ocr_line' id='line_1_31' title="bbox 230 1617 453 1774; baseline 0.013 -107"><span class='ocrx_word' id='word_1_210' title='bbox 230 1617 453 1774; x_wconf 95' lang='lat' dir='ltr'>    </span> 
     </span>
    </p>
   </div>
   <div class='ocr_carea' id='block_1_15' title="bbox 299 1686 1328 1794">
    <p class='ocr_par' dir='ltr' id='par_1_15' title="bbox 299 1686 1328 1794">
     <span class='ocr_line' id='line_1_32' title="bbox 299 1686 1328 1719; baseline -0.003 -5"><span class='ocrx_word' id='word_1_211' title='bbox 299 1702 303 1709; x_wconf 59' lang='grc' dir='ltr'><strong><em>ι</em></strong></span> <span class='ocrx_word' id='word_1_212' title='bbox 430 1687 526 1715; x_wconf 65' lang='lat' dir='ltr'>dhre.—</span> <span class='ocrx_word' id='word_1_213' title='bbox 537 1687 602 1714; x_wconf 79' lang='lat' dir='ltr'>haec</span> <span class='ocrx_word' id='word_1_214' title='bbox 613 1694 668 1714; x_wconf 86' lang='lat' dir='ltr'>om.</span> <span class='ocrx_word' id='word_1_215' title='bbox 677 1687 763 1716; x_wconf 61' lang='lat' dir='ltr'>AR·</span> <span class='ocrx_word' id='word_1_216' title='bbox 774 1687 835 1713; x_wconf 81' lang='lat' dir='ltr'>Mox</span> <span class='ocrx_word' id='word_1_217' title='bbox 847 1692 907 1712; x_wconf 76' lang='lat' dir='ltr'>ante</span> <span class='ocrx_word' id='word_1_218' title='bbox 918 1687 1017 1715; x_wconf 75' lang='lat' dir='ltr'>Cancri·</span> <span class='ocrx_word' id='word_1_219' title='bbox 1029 1687 1070 1712; x_wconf 82' lang='lat' dir='ltr'>Pa</span> <span class='ocrx_word' id='word_1_220' title='bbox 1082 1686 1328 1719; x_wconf 76' lang='lat' dir='ltr'>om.pr1nc1&#39;p1&#39;um;</span> 
     </span>
     <span class='ocr_line' id='line_1_33' title="bbox 311 1720 752 1756; baseline -0.007 -5"><span class='ocrx_word' id='word_1_221' title='bbox 311 1720 452 1754; x_wconf 58' lang='lat' dir='ltr'>Mt·</span> <span class='ocrx_word' id='word_1_222' title='bbox 467 1722 514 1749; x_wconf 77' lang='grc' dir='ltr'>ΑΒ</span> <span class='ocrx_word' id='word_1_223' title='bbox 532 1724 624 1756; x_wconf 78' lang='lat' dir='ltr'>legunt</span> <span class='ocrx_word' id='word_1_224' title='bbox 642 1723 752 1749; x_wconf 73' lang='lat' dir='ltr'>dicitur.</span> 
     </span>
     <span class='ocr_line' id='line_1_34' title="bbox 310 1752 1328 1794; baseline -0.003 -9"><span class='ocrx_word' id='word_1_225' title='bbox 310 1752 580 1794; x_wconf 51' lang='lat' dir='ltr'>&#39;fflss&#39;alterutrum-</span> <span class='ocrx_word' id='word_1_226' title='bbox 597 1773 616 1778; x_wconf 97' lang='lat'><em>-</em></span> <span class='ocrx_word' id='word_1_227' title='bbox 634 1766 727 1784; x_wconf 70' lang='lat' dir='ltr'>versus</span> <span class='ocrx_word' id='word_1_228' title='bbox 744 1758 907 1784; x_wconf 77' lang='lat' dir='ltr'>alterutrum</span> <span class='ocrx_word' id='word_1_229' title='bbox 922 1758 976 1784; x_wconf 76' lang='lat' dir='ltr'>AB.</span> <span class='ocrx_word' id='word_1_230' title='bbox 993 1771 1013 1778; x_wconf 89' lang='lat'>-</span> <span class='ocrx_word' id='word_1_231' title='bbox 1030 1757 1082 1783; x_wconf 86' lang='lat' dir='ltr'>Pro</span> <span class='ocrx_word' id='word_1_232' title='bbox 1099 1764 1181 1790; x_wconf 70' lang='lat' dir='ltr'>super</span> <span class='ocrx_word' id='word_1_233' title='bbox 1198 1757 1328 1783; x_wconf 79' lang='lat' dir='ltr'>orientem</span> 
     </span>
    </p>
   </div>
   <div class='ocr_carea' id='block_1_16' title="bbox 183 1774 1329 1828">
    <p class='ocr_par' dir='ltr' id='par_1_16' title="bbox 133 1774 1329 1828">
     <span class='ocr_line' id='line_1_35' title="bbox 183 1774 1329 1828; baseline 0.01 -15.498"><span class='ocrx_word' id='word_1_234' title='bbox 183 1774 198 1800; x_wconf 25' lang='lat'>³⁴</span> <span class='ocrx_word' id='word_1_235' title='bbox 239 1795 285 1825; x_wconf 45' lang='grc' dir='ltr'>,α</span> <span class='ocrx_word' id='word_1_236' title='bbox 300 1794 472 1825; x_wconf 57' lang='lat' dir='ltr'>occidentem,</span> <span class='ocrx_word' id='word_1_237' title='bbox 491 1802 584 1820; x_wconf 76' lang='lat' dir='ltr'>versus</span> <span class='ocrx_word' id='word_1_238' title='bbox 599 1794 647 1828; x_wconf 84' lang='lat' dir='ltr'>(ad</span> <span class='ocrx_word' id='word_1_239' title='bbox 658 1794 690 1828; x_wconf 83' lang='lat' dir='ltr'>B)</span> <span class='ocrx_word' id='word_1_240' title='bbox 709 1794 872 1820; x_wconf 75' lang='lat' dir='ltr'>occidentem</span> <span class='ocrx_word' id='word_1_241' title='bbox 891 1796 919 1820; x_wconf 77' lang='lat' dir='ltr'>et</span> <span class='ocrx_word' id='word_1_242' title='bbox 936 1794 1067 1820; x_wconf 75' lang='lat' dir='ltr'>orientem</span> <span class='ocrx_word' id='word_1_243' title='bbox 1079 1794 1134 1819; x_wconf 86' lang='grc' dir='ltr'>ΑΒ.</span> <span class='ocrx_word' id='word_1_244' title='bbox 1147 1807 1167 1812; x_wconf 99' lang='grc'>-</span> <span class='ocrx_word' id='word_1_245' title='bbox 1177 1794 1266 1818; x_wconf 77' lang='lat' dir='ltr'>Altera</span> <span class='ocrx_word' id='word_1_246' title='bbox 1284 1793 1329 1818; x_wconf 70' lang='grc' dir='ltr'>ΗΠ·</span> 
     </span>
    </p>
   </div>
   <div class='ocr_carea' id='block_1_17' title="bbox 245 2543 306 2837">
    <p class='ocr_par' dir='ltr' id='par_1_17' title="bbox 245 2543 306 2837">
     <span class='ocr_line' id='line_1_36' title="bbox 245 2564 269 2837; textangle 90"><span class='ocrx_word' id='word_1_247' title='bbox 255 2830 266 2837; x_wconf 73' lang='lat' dir='ltr'>v</span> <span class='ocrx_word' id='word_1_248' title='bbox 254 2778 265 2782; x_wconf 83' lang='grc' dir='ltr'>ι</span> <span class='ocrx_word' id='word_1_249' title='bbox 251 2712 262 2737; x_wconf 72' lang='grc' dir='ltr'>·-Δ</span> <span class='ocrx_word' id='word_1_250' title='bbox 245 2663 269 2686; x_wconf 62' lang='lat'>¹3-</span> <span class='ocrx_word' id='word_1_251' title='bbox 250 2564 262 2570; x_wconf 60' lang='grc' dir='ltr'>φ</span> 
     </span>
     <span class='ocr_line' id='line_1_37' title="bbox 253 2543 306 2782; textangle 90"><span class='ocrx_word' id='word_1_252' title='bbox 271 2774 275 2782; x_wconf 71' lang='grc'><strong><em>”</em></strong></span> <span class='ocrx_word' id='word_1_253' title='bbox 271 2704 288 2737; x_wconf 40' lang='grc' dir='ltr'>Ὺ,</span> <span class='ocrx_word' id='word_1_254' title='bbox 278 2660 300 2680; x_wconf 53' lang='lat' dir='ltr'>j:</span> <span class='ocrx_word' id='word_1_255' title='bbox 253 2608 306 2633; x_wconf 54' lang='grc' dir='ltr'>Ξ</span> <span class='ocrx_word' id='word_1_256' title='bbox 270 2543 290 2579; x_wconf 57' lang='lat'>:¹</span> 
     </span>
    </p>
   </div>
   <div class='ocr_carea' id='block_1_18' title="bbox 1379 340 2454 1505">
    <p class='ocr_par' dir='ltr' id='par_1_18' title="bbox 1379 340 2454 1505">
     <span class='ocr_line' id='line_1_38' title="bbox 1380 340 2449 390; baseline -0.001 -12"><span class='ocrx_word' id='word_1_257' title='bbox 1380 341 1479 379; x_wconf 86' lang='lat' dir='ltr'>cedit</span> <span class='ocrx_word' id='word_1_258' title='bbox 1507 341 1556 378; x_wconf 92' lang='lat' dir='ltr'>ad</span> <span class='ocrx_word' id='word_1_259' title='bbox 1584 340 1752 390; x_wconf 90' lang='lat' dir='ltr'>tropicos</span> <span class='ocrx_word' id='word_1_260' title='bbox 1779 341 1843 378; x_wconf 91' lang='lat' dir='ltr'>vel</span> <span class='ocrx_word' id='word_1_261' title='bbox 1862 340 2017 388; x_wconf 90' lang='lat' dir='ltr'>recedit,</span> <span class='ocrx_word' id='word_1_262' title='bbox 2037 341 2080 377; x_wconf 89' lang='lat' dir='ltr'>fit</span> <span class='ocrx_word' id='word_1_263' title='bbox 2099 348 2222 378; x_wconf 89' lang='lat' dir='ltr'>aestas</span> <span class='ocrx_word' id='word_1_264' title='bbox 2251 348 2286 378; x_wconf 91' lang='lat' dir='ltr'>et</span> <span class='ocrx_word' id='word_1_265' title='bbox 2313 340 2449 388; x_wconf 89' lang='lat' dir='ltr'>hiems,</span> 
     </span>
     <span class='ocr_line' id='line_1_39' title="bbox 1380 393 2450 443; baseline -0.001 -12"><span class='ocrx_word' id='word_1_266' title='bbox 1380 402 1417 431; x_wconf 95' lang='lat' dir='ltr'>et</span> <span class='ocrx_word' id='word_1_267' title='bbox 1445 395 1615 431; x_wconf 89' lang='lat' dir='ltr'>elevatur</span> <span class='ocrx_word' id='word_1_268' title='bbox 1642 406 1744 443; x_wconf 88' lang='lat' dir='ltr'>aqua</span> <span class='ocrx_word' id='word_1_269' title='bbox 1780 405 1851 443; x_wconf 90' lang='lat' dir='ltr'>per</span> <span class='ocrx_word' id='word_1_270' title='bbox 1879 393 2212 442; x_wconf 86' lang='lat' dir='ltr'>evaporationem,</span> <span class='ocrx_word' id='word_1_271' title='bbox 2243 401 2279 430; x_wconf 91' lang='lat' dir='ltr'>et</span> <span class='ocrx_word' id='word_1_272' title='bbox 2312 393 2450 431; x_wconf 88' lang='lat' dir='ltr'>iterum</span> 
     </span>
     <span class='ocr_line' id='line_1_40' title="bbox 1379 446 2449 496; baseline 0 -12"><span class='ocrx_word' id='word_1_273' title='bbox 1379 447 1483 496; x_wconf 90' lang='lat' dir='ltr'>pluit.</span> <span class='ocrx_word' id='word_1_274' title='bbox 1515 447 1617 494; x_wconf 88' lang='lat' dir='ltr'>Quia</span> <span class='ocrx_word' id='word_1_275' title='bbox 1643 453 1736 485; x_wconf 85' lang='lat' dir='ltr'>cum</span> <span class='ocrx_word' id='word_1_276' title='bbox 1755 447 1794 484; x_wconf 93' lang='lat' dir='ltr'>in</span> <span class='ocrx_word' id='word_1_277' title='bbox 1822 447 1928 484; x_wconf 90' lang='lat' dir='ltr'>caelo</span> <span class='ocrx_word' id='word_1_278' title='bbox 1948 446 1968 468; x_wconf 76' lang='lat'>’¹‘</span> <span class='ocrx_word' id='word_1_279' title='bbox 1987 446 2133 484; x_wconf 92' lang='lat' dir='ltr'>accedit</span> <span class='ocrx_word' id='word_1_280' title='bbox 2161 447 2218 484; x_wconf 94' lang='lat' dir='ltr'>sol</span> <span class='ocrx_word' id='word_1_281' title='bbox 2237 447 2286 484; x_wconf 93' lang='lat' dir='ltr'>ad</span> <span class='ocrx_word' id='word_1_282' title='bbox 2313 447 2449 496; x_wconf 87' lang='lat' dir='ltr'>princi-</span> 
     </span>
     <span class='ocr_line' id='line_1_41' title="bbox 1379 499 2451 549; baseline -0.001 -12"><span class='ocrx_word' id='word_1_283' title='bbox 1379 500 1487 549; x_wconf 89' lang='lat' dir='ltr'>pium</span> <span class='ocrx_word' id='word_1_284' title='bbox 1508 500 1657 548; x_wconf 88' lang='lat' dir='ltr'>Cancri,</span> <span class='ocrx_word' id='word_1_285' title='bbox 1678 501 1722 538; x_wconf 88' lang='lat' dir='ltr'>fit</span> <span class='ocrx_word' id='word_1_286' title='bbox 1739 507 1862 538; x_wconf 90' lang='lat' dir='ltr'>aestas</span> <span class='ocrx_word' id='word_1_287' title='bbox 1882 499 2006 548; x_wconf 86' lang='lat' dir='ltr'>nobis,</span> <span class='ocrx_word' id='word_1_288' title='bbox 2028 507 2064 537; x_wconf 92' lang='lat' dir='ltr'>et</span> <span class='ocrx_word' id='word_1_289' title='bbox 2083 500 2281 537; x_wconf 87' lang='lat' dir='ltr'>elevantur</span> <span class='ocrx_word' id='word_1_290' title='bbox 2298 500 2451 549; x_wconf 90' lang='lat' dir='ltr'>plurimi</span> 
     </span>
     <span class='ocr_line' id='line_1_42' title="bbox 1379 551 2451 603; baseline -0.001 -13"><span class='ocrx_word' id='word_1_291' title='bbox 1379 566 1546 602; x_wconf 90' lang='lat' dir='ltr'>vapores</span> <span class='ocrx_word' id='word_1_292' title='bbox 1565 561 1723 603; x_wconf 88' lang='lat' dir='ltr'>propter</span> <span class='ocrx_word' id='word_1_293' title='bbox 1742 555 1910 591; x_wconf 89' lang='lat' dir='ltr'>calorem</span> <span class='ocrx_word' id='word_1_294' title='bbox 1931 565 1976 590; x_wconf 88' lang='lat' dir='ltr'>ex</span> <span class='ocrx_word' id='word_1_295' title='bbox 2002 553 2194 590; x_wconf 90' lang='lat' dir='ltr'>vicinitate</span> <span class='ocrx_word' id='word_1_296' title='bbox 2224 552 2332 590; x_wconf 90' lang='lat' dir='ltr'>solis:</span> <span class='ocrx_word' id='word_1_297' title='bbox 2362 551 2451 589; x_wconf 81' lang='lat' dir='ltr'>cu&#39;m</span> 
     </span>
     <span class='ocr_line' id='line_1_43' title="bbox 1381 605 2451 656; baseline 0 -14"><span class='ocrx_word' id='word_1_298' title='bbox 1381 613 1510 643; x_wconf 89' lang='lat' dir='ltr'>autem</span> <span class='ocrx_word' id='word_1_299' title='bbox 1530 607 1677 644; x_wconf 90' lang='lat' dir='ltr'>accedit</span> <span class='ocrx_word' id='word_1_300' title='bbox 1695 607 1745 644; x_wconf 91' lang='lat' dir='ltr'>ad</span> <span class='ocrx_word' id='word_1_301' title='bbox 1763 606 1993 656; x_wconf 90' lang='lat' dir='ltr'>principium</span> <span class='ocrx_word' id='word_1_302' title='bbox 2013 605 2249 655; x_wconf 88' lang='lat' dir='ltr'>Capricorni,</span> <span class='ocrx_word' id='word_1_303' title='bbox 2269 606 2314 643; x_wconf 89' lang='lat' dir='ltr'>fit</span> <span class='ocrx_word' id='word_1_304' title='bbox 2340 606 2451 643; x_wconf 92' lang='lat' dir='ltr'>nobis</span> 
     </span>
     <span class='ocr_line' id='line_1_44' title="bbox 1380 658 2453 708; baseline 0.001 -13"><span class='ocrx_word' id='word_1_305' title='bbox 1380 659 1496 707; x_wconf 87' lang='lat' dir='ltr'>frigus</span> <span class='ocrx_word' id='word_1_306' title='bbox 1525 667 1562 696; x_wconf 91' lang='lat' dir='ltr'>et</span> <span class='ocrx_word' id='word_1_307' title='bbox 1589 659 1724 707; x_wconf 84' lang='lat' dir='ltr'>hiems,</span> <span class='ocrx_word' id='word_1_308' title='bbox 1751 668 1787 696; x_wconf 93' lang='lat' dir='ltr'>et</span> <span class='ocrx_word' id='word_1_309' title='bbox 1814 658 2018 697; x_wconf 90' lang='lat' dir='ltr'>multitudo</span> <span class='ocrx_word' id='word_1_310' title='bbox 2046 659 2276 708; x_wconf 85' lang='lat' dir='ltr'>pluviarum,</span> <span class='ocrx_word' id='word_1_311' title='bbox 2295 667 2453 708; x_wconf 91' lang='lat' dir='ltr'>propter</span> 
     </span>
     <span class='ocr_line' id='line_1_45' title="bbox 1382 712 2452 764; baseline 0.001 -16"><span class='ocrx_word' id='word_1_312' title='bbox 1382 712 1663 760; x_wconf 88' lang='lat' dir='ltr'>elongationem</span> <span class='ocrx_word' id='word_1_313' title='bbox 1693 713 1782 749; x_wconf 91' lang='lat' dir='ltr'>solis</span> <span class='ocrx_word' id='word_1_314' title='bbox 1810 725 1833 764; x_wconf 89' lang='lat' dir='ltr'>a</span> <span class='ocrx_word' id='word_1_315' title='bbox 1869 712 1993 750; x_wconf 89' lang='lat' dir='ltr'>nobis.</span> <span class='ocrx_word' id='word_1_316' title='bbox 2027 713 2074 750; x_wconf 92' lang='lat' dir='ltr'><strong>E</strong></span> <span class='ocrx_word' id='word_1_317' title='bbox 2095 724 2284 750; x_wconf 90' lang='lat' dir='ltr'>converso</span> <span class='ocrx_word' id='word_1_318' title='bbox 2323 720 2452 750; x_wconf 91' lang='lat' dir='ltr'>autem</span> 
     </span>
     <span class='ocr_line' id='line_1_46' title="bbox 1381 763 2450 815; baseline 0.001 -14"><span class='ocrx_word' id='word_1_319' title='bbox 1381 764 1544 802; x_wconf 88' lang='lat' dir='ltr'>accidit</span> <span class='ocrx_word' id='word_1_320' title='bbox 1536 777 1575 813; x_wconf 83' lang='lat' dir='ltr'>m</span> <span class='ocrx_word' id='word_1_321' title='bbox 1602 764 1664 802; x_wconf 92' lang='lat' dir='ltr'>illa</span> <span class='ocrx_word' id='word_1_322' title='bbox 1691 772 1799 814; x_wconf 83' lang='lat' dir='ltr'>parte</span> <span class='ocrx_word' id='word_1_323' title='bbox 1823 773 1945 815; x_wconf 86' lang='lat' dir='ltr'>terrae</span> <span class='ocrx_word' id='word_1_324' title='bbox 1973 763 2051 803; x_wconf 87' lang='lat' dir='ltr'>sita</span> <span class='ocrx_word' id='word_1_325' title='bbox 2068 766 2150 803; x_wconf 79' lang='lat' dir='ltr'>ad⁰</span> <span class='ocrx_word' id='word_1_326' title='bbox 2160 765 2284 803; x_wconf 87' lang='lat' dir='ltr'>alium</span> <span class='ocrx_word' id='word_1_327' title='bbox 2302 766 2450 814; x_wconf 89' lang='lat' dir='ltr'>polum.</span> 
     </span>
     <span class='ocr_line' id='line_1_47' title="bbox 1383 817 2452 868; baseline 0.002 -14"><span class='ocrx_word' id='word_1_328' title='bbox 1383 818 1484 865; x_wconf 90' lang='lat' dir='ltr'>Quia</span> <span class='ocrx_word' id='word_1_329' title='bbox 1511 817 1621 865; x_wconf 89' lang='lat' dir='ltr'>igitur</span> <span class='ocrx_word' id='word_1_330' title='bbox 1647 818 1686 868; x_wconf 83' lang='lat' dir='ltr'>in</span> <span class='ocrx_word' id='word_1_331' title='bbox 1713 818 1791 855; x_wconf 91' lang='lat' dir='ltr'>istis</span> <span class='ocrx_word' id='word_1_332' title='bbox 1819 819 1929 856; x_wconf 88' lang='lat' dir='ltr'>locis</span> <span class='ocrx_word' id='word_1_333' title='bbox 1950 819 2018 868; x_wconf 90' lang='lat' dir='ltr'>qui</span> <span class='ocrx_word' id='word_1_334' title='bbox 2041 826 2130 856; x_wconf 90' lang='lat' dir='ltr'>sunt</span> <span class='ocrx_word' id='word_1_335' title='bbox 2165 818 2216 856; x_wconf 89' lang='lat' dir='ltr'>ad</span> <span class='ocrx_word' id='word_1_336' title='bbox 2252 818 2452 856; x_wconf 87' lang='lat' dir='ltr'>meridiem</span> 
     </span>
     <span class='ocr_line' id='line_1_48' title="bbox 1383 864 2453 932; baseline 0.001 -24"><span class='ocrx_word' id='word_1_337' title='bbox 1383 878 1420 908; x_wconf 92' lang='lat' dir='ltr'>et</span> <span class='ocrx_word' id='word_1_338' title='bbox 1447 865 1759 931; x_wconf 80' lang='lat' dir='ltr'>septentrionem,</span> <span class='ocrx_word' id='word_1_339' title='bbox 1779 872 1958 920; x_wconf 91' lang='lat' dir='ltr'>plurima</span> <span class='ocrx_word' id='word_1_340' title='bbox 1974 871 2075 921; x_wconf 88' lang='lat' dir='ltr'>aqua</span> <span class='ocrx_word' id='word_1_341' title='bbox 2102 864 2314 920; x_wconf 82' lang='lat' dir='ltr'>descendit,-</span> <span class='ocrx_word' id='word_1_342' title='bbox 2338 883 2453 932; x_wconf 81' lang='lat' dir='ltr'>opor-</span> 
     </span>
     <span class='ocr_line' id='line_1_49' title="bbox 1381 901 2454 974; baseline 0.001 -13"><span class='ocrx_word' id='word_1_343' title='bbox 1381 931 1434 962; x_wconf 89' lang='lat' dir='ltr'>tet</span> <span class='ocrx_word' id='word_1_344' title='bbox 1462 923 1568 974; x_wconf 84' lang='lat' dir='ltr'>quod</span> <span class='ocrx_word' id='word_1_345' title='bbox 1595 924 1647 961; x_wconf 94' lang='lat' dir='ltr'>ibi</span> <span class='ocrx_word' id='word_1_346' title='bbox 1676 924 1790 961; x_wconf 90' lang='lat' dir='ltr'>etiam</span> <span class='ocrx_word' id='word_1_347' title='bbox 1818 925 1983 974; x_wconf 88' lang='lat' dir='ltr'>plurima</span> <span class='ocrx_word' id='word_1_348' title='bbox 2019 926 2087 962; x_wconf 89' lang='lat' dir='ltr'>fiat</span> <span class='ocrx_word' id='word_1_349' title='bbox 2120 901 2328 972; x_wconf 86' lang='lat' dir='ltr'>exhalatio;</span> <span class='ocrx_word' id='word_1_350' title='bbox 2357 925 2454 962; x_wconf 89' lang='lat' dir='ltr'>sicut</span> 
     </span>
     <span class='ocr_line' id='line_1_50' title="bbox 1383 977 2453 1026; baseline 0.001 -12"><span class='ocrx_word' id='word_1_351' title='bbox 1383 990 1430 1015; x_wconf 83' lang='lat' dir='ltr'>ex</span> <span class='ocrx_word' id='word_1_352' title='bbox 1449 977 1557 1026; x_wconf 89' lang='lat' dir='ltr'>lignis</span> <span class='ocrx_word' id='word_1_353' title='bbox 1583 977 1770 1015; x_wconf 90' lang='lat' dir='ltr'>viridibus</span> <span class='ocrx_word' id='word_1_354' title='bbox 1796 985 1832 1014; x_wconf 92' lang='lat' dir='ltr'>et</span> <span class='ocrx_word' id='word_1_355' title='bbox 1858 977 2066 1015; x_wconf 76' lang='lat' dir='ltr'>humidis*</span> <span class='ocrx_word' id='word_1_356' title='bbox 2085 978 2209 1021; x_wconf 86' lang='lat' dir='ltr'>maior</span> <span class='ocrx_word' id='word_1_357' title='bbox 2227 978 2378 1024; x_wconf 77' lang='lat' dir='ltr'>exhalat</span> <span class='ocrx_word' id='word_1_358' title='bbox 2396 979 2453 1015; x_wconf 80' lang='lat' dir='ltr'>fu-</span> 
     </span>
     <span class='ocr_line' id='line_1_51' title="bbox 1382 1029 2454 1079; baseline 0 -11"><span class='ocrx_word' id='word_1_359' title='bbox 1382 1043 1471 1069; x_wconf 91' lang='lat' dir='ltr'>mus</span> <span class='ocrx_word' id='word_1_360' title='bbox 1489 1039 1617 1079; x_wconf 75' lang='lat' dir='ltr'>quam·</span> <span class='ocrx_word' id='word_1_361' title='bbox 1633 1042 1680 1073; x_wconf 85' lang='lat' dir='ltr'>ex</span> <span class='ocrx_word' id='word_1_362' title='bbox 1698 1029 1817 1068; x_wconf 90' lang='lat' dir='ltr'>siccis.</span> <span class='ocrx_word' id='word_1_363' title='bbox 1845 1031 1968 1078; x_wconf 88' lang='lat' dir='ltr'>Unde,</span> <span class='ocrx_word' id='word_1_364' title='bbox 1990 1043 2079 1068; x_wconf 90' lang='lat' dir='ltr'>cum</span> <span class='ocrx_word' id='word_1_365' title='bbox 2100 1030 2388 1069; x_wconf 85' lang='lat' dir='ltr'>exhalatiotalis</span> <span class='ocrx_word' id='word_1_366' title='bbox 2407 1031 2454 1068; x_wconf 90' lang='lat' dir='ltr'>sit</span> 
     </span>
     <span class='ocr_line' id='line_1_52' title="bbox 1381 1083 2452 1133; baseline 0 -12"><span class='ocrx_word' id='word_1_367' title='bbox 1381 1083 1615 1133; x_wconf 86' lang='lat' dir='ltr'>principium·</span> <span class='ocrx_word' id='word_1_368' title='bbox 1639 1091 1861 1133; x_wconf 81' lang='lat' dir='ltr'>ventorum,</span> <span class='ocrx_word' id='word_1_369' title='bbox 1878 1084 2098 1121; x_wconf 90' lang='lat' dir='ltr'>rationabile</span> <span class='ocrx_word' id='word_1_370' title='bbox 2119 1091 2175 1122; x_wconf 89' lang='lat' dir='ltr'>est</span> <span class='ocrx_word' id='word_1_371' title='bbox 2200 1084 2306 1133; x_wconf 92' lang='lat' dir='ltr'>quod</span> <span class='ocrx_word' id='word_1_372' title='bbox 2324 1085 2452 1133; x_wconf 90' lang='lat' dir='ltr'>plures</span> 
     </span>
     <span class='ocr_line' id='line_1_53' title="bbox 1384 1136 2453 1186; baseline 0.001 -12"><span class='ocrx_word' id='word_1_373' title='bbox 1384 1145 1420 1174; x_wconf 93' lang='lat' dir='ltr'>et</span> <span class='ocrx_word' id='word_1_374' title='bbox 1439 1137 1595 1174; x_wconf 86' lang='lat' dir='ltr'>maximi</span> <span class='ocrx_word' id='word_1_375' title='bbox 1621 1136 1826 1174; x_wconf 88' lang='lat' dir='ltr'>ventorum</span> <span class='ocrx_word' id='word_1_376' title='bbox 1856 1136 1939 1184; x_wconf 92' lang='lat' dir='ltr'>sint,</span> <span class='ocrx_word' id='word_1_377' title='bbox 1960 1137 2026 1186; x_wconf 92' lang='lat' dir='ltr'>qui</span> <span class='ocrx_word' id='word_1_378' title='bbox 2052 1137 2147 1174; x_wconf 89' lang='lat' dir='ltr'>flant</span> <span class='ocrx_word' id='word_1_379' title='bbox 2175 1149 2197 1175; x_wconf 84' lang='lat' dir='ltr'>a</span> <span class='ocrx_word' id='word_1_380' title='bbox 2229 1137 2387 1175; x_wconf 89' lang='lat' dir='ltr'>meridie</span> <span class='ocrx_word' id='word_1_381' title='bbox 2417 1145 2453 1175; x_wconf 88' lang='lat' dir='ltr'>et</span> 
     </span>
     <span class='ocr_line' id='line_1_54' title="bbox 1382 1190 2454 1240; baseline -0.001 -12"><span class='ocrx_word' id='word_1_382' title='bbox 1382 1197 1571 1238; x_wconf 85' lang='lat' dir='ltr'>vocantur</span> <span class='ocrx_word' id='word_1_383' title='bbox 1598 1190 1725 1236; x_wconf 89' lang='lat' dir='ltr'>austri,</span> <span class='ocrx_word' id='word_1_384' title='bbox 1747 1197 1784 1226; x_wconf 93' lang='lat' dir='ltr'>et</span> <span class='ocrx_word' id='word_1_385' title='bbox 1802 1190 1867 1239; x_wconf 90' lang='lat' dir='ltr'>qui</span> <span class='ocrx_word' id='word_1_386' title='bbox 1887 1202 1910 1227; x_wconf 91' lang='lat' dir='ltr'>a</span> <span class='ocrx_word' id='word_1_387' title='bbox 1929 1190 2198 1240; x_wconf 84' lang='lat' dir='ltr'>septentrione</span> <span class='ocrx_word' id='word_1_388' title='bbox 2213 1197 2250 1228; x_wconf 92' lang='lat' dir='ltr'>et</span> <span class='ocrx_word' id='word_1_389' title='bbox 2266 1198 2454 1234; x_wconf 79' lang='lat' dir='ltr'>vocantur</span> 
     </span>
     <span class='ocr_line' id='line_1_55' title="bbox 1382 1241 2451 1293; baseline 0 -13"><span class='ocrx_word' id='word_1_390' title='bbox 1382 1243 1537 1280; x_wconf 89' lang='lat' dir='ltr'>boreae.</span> <span class='ocrx_word' id='word_1_391' title='bbox 1562 1264 1587 1271; x_wconf 90' lang='lat'>-</span> <span class='ocrx_word' id='word_1_392' title='bbox 1608 1242 1942 1280; x_wconf 89' lang='lat' dir='ltr'>Considerandum</span> <span class='ocrx_word' id='word_1_393' title='bbox 1973 1251 2028 1280; x_wconf 90' lang='lat' dir='ltr'>est</span> <span class='ocrx_word' id='word_1_394' title='bbox 2054 1241 2215 1280; x_wconf 76' lang='lat' dir='ltr'>tamen?</span> <span class='ocrx_word' id='word_1_395' title='bbox 2235 1243 2340 1293; x_wconf 89' lang='lat' dir='ltr'>quod</span> <span class='ocrx_word' id='word_1_396' title='bbox 2367 1243 2451 1280; x_wconf 94' lang='lat' dir='ltr'>Ari-</span> 
     </span>
     <span class='ocr_line' id='line_1_56' title="bbox 1383 1295 2452 1347; baseline 0.001 -14"><span class='ocrx_word' id='word_1_397' title='bbox 1383 1296 1536 1334; x_wconf 90' lang='lat' dir='ltr'>stoteles</span> <span class='ocrx_word' id='word_1_398' title='bbox 1554 1295 1616 1333; x_wconf 87' lang='lat' dir='ltr'>hic</span> <span class='ocrx_word' id='word_1_399' title='bbox 1636 1295 1725 1334; x_wconf 90' lang='lat' dir='ltr'>dicit</span> <span class='ocrx_word' id='word_1_400' title='bbox 1743 1303 1914 1343; x_wconf 83' lang='lat' dir='ltr'>austrum</span> <span class='ocrx_word' id='word_1_401' title='bbox 1927 1296 2022 1334; x_wconf 89' lang='lat' dir='ltr'>flare</span> <span class='ocrx_word' id='word_1_402' title='bbox 2043 1297 2091 1333; x_wconf 90' lang='lat' dir='ltr'>ab</span> <span class='ocrx_word' id='word_1_403' title='bbox 2106 1296 2181 1347; x_wconf 86' lang='lat' dir='ltr'>alio</span> <span class='ocrx_word' id='word_1_404' title='bbox 2199 1297 2303 1346; x_wconf 89' lang='lat' dir='ltr'>p010‚</span> <span class='ocrx_word' id='word_1_405' title='bbox 2319 1309 2452 1334; x_wconf 92' lang='lat' dir='ltr'>secun-</span> 
     </span>
     <span class='ocr_line' id='line_1_57' title="bbox 1383 1349 2453 1398; baseline 0 -11"><span class='ocrx_word' id='word_1_406' title='bbox 1383 1350 1478 1387; x_wconf 89' lang='lat' dir='ltr'>dum</span> <span class='ocrx_word' id='word_1_407' title='bbox 1507 1349 1668 1386; x_wconf 90' lang='lat' dir='ltr'>aliorum</span> <span class='ocrx_word' id='word_1_408' title='bbox 1687 1349 1939 1398; x_wconf 86' lang='lat' dir='ltr'>opinionem:</span> <span class='ocrx_word' id='word_1_409' title='bbox 1959 1350 2038 1387; x_wconf 80' lang='lat' dir='ltr'>&#39;sed</span> <span class='ocrx_word' id='word_1_410' title='bbox 2066 1349 2296 1387; x_wconf 88' lang='lat' dir='ltr'>contrarium</span> <span class='ocrx_word' id='word_1_411' title='bbox 2323 1349 2453 1387; x_wconf 80' lang='lat' dir='ltr'>infra*</span> 
     </span>
     <span class='ocr_line' id='line_1_58' title="bbox 1383 1402 2452 1451; baseline 0.001 -12"><span class='ocrx_word' id='word_1_412' title='bbox 1383 1402 1483 1440; x_wconf 90' lang='lat' dir='ltr'>dicet</span> <span class='ocrx_word' id='word_1_413' title='bbox 1501 1402 1715 1440; x_wconf 89' lang='lat' dir='ltr'>secundum</span> <span class='ocrx_word' id='word_1_414' title='bbox 1734 1415 1845 1439; x_wconf 90' lang='lat' dir='ltr'>suam</span> <span class='ocrx_word' id='word_1_415' title='bbox 1865 1402 2099 1451; x_wconf 91' lang='lat' dir='ltr'>opinionem,</span> <span class='ocrx_word' id='word_1_416' title='bbox 2115 1410 2152 1439; x_wconf 95' lang='lat' dir='ltr'>et</span> <span class='ocrx_word' id='word_1_417' title='bbox 2165 1402 2277 1440; x_wconf 85' lang='lat' dir='ltr'>aliam</span> <span class='ocrx_word' id='word_1_418' title='bbox 2296 1415 2452 1440; x_wconf 89' lang='lat' dir='ltr'>causam</span> 
     </span>
     <span class='ocr_line' id='line_1_59' title="bbox 1383 1455 2216 1505; baseline -0.001 -12"><span class='ocrx_word' id='word_1_419' title='bbox 1383 1455 1587 1505; x_wconf 82' lang='lat' dir='ltr'>assignabit</span> <span class='ocrx_word' id='word_1_420' title='bbox 1615 1456 1662 1494; x_wconf 89' lang='lat' dir='ltr'>de</span> <span class='ocrx_word' id='word_1_421' title='bbox 1689 1456 1934 1493; x_wconf 86' lang='lat' dir='ltr'>vehementia</span> <span class='ocrx_word' id='word_1_422' title='bbox 1961 1455 2073 1493; x_wconf 90' lang='lat' dir='ltr'>huius</span> <span class='ocrx_word' id='word_1_423' title='bbox 2100 1456 2216 1493; x_wconf 91' lang='lat' dir='ltr'>venti.</span> 
     </span>
    </p>
   </div>
   <div class='ocr_carea' id='block_1_19' title="bbox 1382 1607 2452 1822">
    <p class='ocr_par' dir='ltr' id='par_1_19' title="bbox 1383 1607 2452 1684">
     <span class='ocr_line' id='line_1_60' title="bbox 1383 1607 2452 1648; baseline 0 -8"><span class='ocrx_word' id='word_1_424' title='bbox 1383 1623 1432 1648; x_wconf 87' lang='lat' dir='ltr'>pro</span> <span class='ocrx_word' id='word_1_425' title='bbox 1449 1615 1600 1641; x_wconf 77' lang='lat' dir='ltr'>lateraliter</span> <span class='ocrx_word' id='word_1_426' title='bbox 1618 1616 1693 1641; x_wconf 89' lang='lat' dir='ltr'>codd.</span> <span class='ocrx_word' id='word_1_427' title='bbox 1706 1607 1732 1641; x_wconf 82' lang='lat' dir='ltr'>et</span> <span class='ocrx_word' id='word_1_428' title='bbox 1744 1615 1803 1640; x_wconf 88' lang='lat' dir='ltr'>edd.</span> <span class='ocrx_word' id='word_1_429' title='bbox 1816 1614 1912 1641; x_wconf 85' lang='lat' dir='ltr'>habent</span> <span class='ocrx_word' id='word_1_430' title='bbox 1924 1615 2065 1645; x_wconf 81' lang='lat' dir='ltr'>linealiter,</span> <span class='ocrx_word' id='word_1_431' title='bbox 2080 1615 2152 1648; x_wconf 91' lang='lat' dir='ltr'>quod</span> <span class='ocrx_word' id='word_1_432' title='bbox 2165 1619 2236 1647; x_wconf 80' lang='lat' dir='ltr'>patet</span> <span class='ocrx_word' id='word_1_433' title='bbox 2254 1622 2313 1640; x_wconf 85' lang='lat' dir='ltr'>esse</span> <span class='ocrx_word' id='word_1_434' title='bbox 2328 1615 2452 1640; x_wconf 89' lang='lat' dir='ltr'>mendum</span> 
     </span>
     <span class='ocr_line' id='line_1_61' title="bbox 1383 1650 1825 1684; baseline -0.002 -8"><span class='ocrx_word' id='word_1_435' title='bbox 1383 1650 1542 1684; x_wconf 78' lang='lat' dir='ltr'>scriptorum</span> <span class='ocrx_word' id='word_1_436' title='bbox 1548 1659 1556 1683; x_wconf 80' lang='lat'>3</span> <span class='ocrx_word' id='word_1_437' title='bbox 1575 1650 1608 1676; x_wconf 84' lang='lat' dir='ltr'>cf.</span> <span class='ocrx_word' id='word_1_438' title='bbox 1623 1651 1700 1676; x_wconf 81' lang='lat' dir='ltr'>etiam</span> <span class='ocrx_word' id='word_1_439' title='bbox 1718 1656 1825 1676; x_wconf 87' lang='lat' dir='ltr'>textum.</span> 
     </span>
    </p>

    <p class='ocr_par' dir='ltr' id='par_1_20' title="bbox 1382 1685 2452 1822">
     <span class='ocr_line' id='line_1_62' title="bbox 1436 1685 2452 1719; baseline 0 -8"><span class='ocrx_word' id='word_1_440' title='bbox 1436 1686 1462 1719; x_wconf 81' lang='grc' dir='ltr'>υ)</span> <span class='ocrx_word' id='word_1_441' title='bbox 1481 1685 1535 1711; x_wconf 76' lang='lat' dir='ltr'>sita</span> <span class='ocrx_word' id='word_1_442' title='bbox 1552 1686 1598 1712; x_wconf 78' lang='lat' dir='ltr'>ad.</span> <span class='ocrx_word' id='word_1_443' title='bbox 1615 1699 1635 1705; x_wconf 91' lang='lat'><em>-</em></span> <span class='ocrx_word' id='word_1_444' title='bbox 1653 1693 1722 1719; x_wconf 83' lang='lat' dir='ltr'>quae</span> <span class='ocrx_word' id='word_1_445' title='bbox 1739 1693 1832 1711; x_wconf 77' lang='lat' dir='ltr'>versus</span> <span class='ocrx_word' id='word_1_446' title='bbox 1851 1686 1904 1710; x_wconf 83' lang='lat' dir='ltr'>AB.</span> <span class='ocrx_word' id='word_1_447' title='bbox 1917 1700 1936 1705; x_wconf 91' lang='lat'><em>-</em></span> <span class='ocrx_word' id='word_1_448' title='bbox 1948 1685 2028 1711; x_wconf 87' lang='lat' dir='ltr'>Iidem</span> <span class='ocrx_word' id='word_1_449' title='bbox 2046 1693 2101 1711; x_wconf 87' lang='lat' dir='ltr'>om.</span> <span class='ocrx_word' id='word_1_450' title='bbox 2120 1685 2212 1719; x_wconf 74' lang='lat' dir='ltr'>igitur,</span> <span class='ocrx_word' id='word_1_451' title='bbox 2231 1686 2278 1710; x_wconf 87' lang='lat' dir='ltr'>sed</span> <span class='ocrx_word' id='word_1_452' title='bbox 2297 1690 2452 1711; x_wconf 79' lang='lat' dir='ltr'>structuram</span> 
     </span>
     <span class='ocr_line' id='line_1_63' title="bbox 1382 1722 1940 1791; baseline -0.004 -8"><span class='ocrx_word' id='word_1_453' title='bbox 1382 1722 1526 1791; x_wconf 36' lang='lat' dir='ltr'>tangue—et</span> <span class='ocrx_word' id='word_1_454' title='bbox 1543 1760 1641 1783; x_wconf 74' lang='lat' dir='ltr'>tamen.</span> <span class='ocrx_word' id='word_1_455' title='bbox 1658 1771 1678 1777; x_wconf 95' lang='lat'>-</span> <span class='ocrx_word' id='word_1_456' title='bbox 1695 1760 1736 1783; x_wconf 78' lang='lat' dir='ltr'>est</span> <span class='ocrx_word' id='word_1_457' title='bbox 1753 1759 1843 1782; x_wconf 75' lang='lat' dir='ltr'>autem</span> <span class='ocrx_word' id='word_1_458' title='bbox 1862 1757 1909 1782; x_wconf 87' lang='lat' dir='ltr'>Pa.</span> <span class='ocrx_word' id='word_1_459' title='bbox 1920 1771 1940 1777; x_wconf 92' lang='lat'>-</span> 
     </span>
     <span class='ocr_line' id='line_1_64' title="bbox 1383 1792 1634 1822; baseline 0 -4"><span class='ocrx_word' id='word_1_460' title='bbox 1383 1793 1452 1818; x_wconf 84' lang='lat' dir='ltr'>ridie</span> <span class='ocrx_word' id='word_1_461' title='bbox 1456 1800 1466 1822; x_wconf 86' lang='lat'><strong><em>;</em></strong></span> <span class='ocrx_word' id='word_1_462' title='bbox 1485 1792 1516 1818; x_wconf 82' lang='lat' dir='ltr'>cf.</span> <span class='ocrx_word' id='word_1_463' title='bbox 1530 1793 1580 1818; x_wconf 86' lang='lat' dir='ltr'>loc.</span> <span class='ocrx_word' id='word_1_464' title='bbox 1593 1793 1634 1818; x_wconf 89' lang='lat' dir='ltr'>cit.</span> 
     </span>
    </p>
   </div>
   <div class='ocr_carea' id='block_1_20' title="bbox 1951 1757 2453 1790">
    <p class='ocr_par' dir='ltr' id='par_1_21' title="bbox 1951 1757 2453 1790">
     <span class='ocr_line' id='line_1_65' title="bbox 1951 1757 2453 1790; baseline 0.002 -8"><span class='ocrx_word' id='word_1_465' title='bbox 1951 1757 2066 1782; x_wconf 80' lang='lat' dir='ltr'>Eaedem</span> <span class='ocrx_word' id='word_1_466' title='bbox 2085 1765 2134 1790; x_wconf 88' lang='lat' dir='ltr'>pro</span> <span class='ocrx_word' id='word_1_467' title='bbox 2151 1757 2185 1782; x_wconf 82' lang='lat' dir='ltr'>ab</span> <span class='ocrx_word' id='word_1_468' title='bbox 2203 1757 2257 1782; x_wconf 83' lang='lat' dir='ltr'>alio</span> <span class='ocrx_word' id='word_1_469' title='bbox 2271 1757 2345 1789; x_wconf 83' lang='lat' dir='ltr'>polo,</span> <span class='ocrx_word' id='word_1_470' title='bbox 2363 1765 2381 1783; x_wconf 86' lang='lat' dir='ltr'>a</span> <span class='ocrx_word' id='word_1_471' title='bbox 2399 1765 2453 1783; x_wconf 87' lang='lat' dir='ltr'>me-</span> 
     </span>
    </p>
   </div>
   <div class='ocr_carea' id='block_1_21' title="bbox 951 2485 1760 2824">
    <p class='ocr_par' dir='ltr' id='par_1_22' title="bbox 951 2485 1760 2824">
     <span class='ocr_line' id='line_1_66' title="bbox 951 2485 1760 2824; baseline 0 1310"><span class='ocrx_word' id='word_1_472' title='bbox 951 2485 1760 2824; x_wconf 95' lang='lat' dir='ltr'> </span> 
     </span>
    </p>
   </div>
   <div class='ocr_carea' id='block_1_22' title="bbox 2476 453 2693 500">
    <p class='ocr_par' dir='ltr' id='par_1_23' title="bbox 2476 453 2693 500">
     <span class='ocr_line' id='line_1_67' title="bbox 2476 453 2693 475; baseline 0.009 -2"><span class='ocrx_word' id='word_1_473' title='bbox 2476 453 2487 463; x_wconf 73' lang='lat'><em>*</em></span> <span class='ocrx_word' id='word_1_474' title='bbox 2510 453 2534 474; x_wconf 81' lang='lat' dir='ltr'>in</span> <span class='ocrx_word' id='word_1_475' title='bbox 2556 453 2623 474; x_wconf 84' lang='lat' dir='ltr'>caelo</span> <span class='ocrx_word' id='word_1_476' title='bbox 2644 458 2693 475; x_wconf 86' lang='lat' dir='ltr'>om.</span> 
     </span>
     <span class='ocr_line' id='line_1_68' title="bbox 2477 485 2515 500; baseline 0 0"><span class='ocrx_word' id='word_1_477' title='bbox 2477 485 2515 500; x_wconf 68' lang='grc' dir='ltr'>ΑΒ.</span> 
     </span>
    </p>
   </div>
   <div class='ocr_carea' id='block_1_23' title="bbox 2479 984 2694 1032">
    <p class='ocr_par' dir='ltr' id='par_1_24' title="bbox 2479 984 2694 1032">
     <span class='ocr_line' id='line_1_69' title="bbox 2479 984 2694 1032; baseline 0.009 -27"><span class='ocrx_word' id='word_1_478' title='bbox 2479 984 2524 1032; x_wconf 51' lang='grc' dir='ltr'>ΖΒΑ</span> <span class='ocrx_word' id='word_1_479' title='bbox 2533 984 2634 1006; x_wconf 76' lang='lat' dir='ltr'>humidis</span> <span class='ocrx_word' id='word_1_480' title='bbox 2643 991 2694 1007; x_wconf 88' lang='lat' dir='ltr'>om.</span> 
     </span>
    </p>
   </div>
   <div class='ocr_carea' id='block_1_24' title="bbox 2479 1355 2600 1377">
    <p class='ocr_par' dir='ltr' id='par_1_25' title="bbox 2479 1355 2600 1377">
     <span class='ocr_line' id='line_1_70' title="bbox 2479 1355 2600 1377; baseline 0.008 -1"><span class='ocrx_word' id='word_1_481' title='bbox 2479 1355 2489 1366; x_wconf 80' lang='lat'><strong><em>&#39;</em></strong></span> <span class='ocrx_word' id='word_1_482' title='bbox 2504 1355 2569 1377; x_wconf 83' lang='lat' dir='ltr'>Lect.</span> <span class='ocrx_word' id='word_1_483' title='bbox 2576 1361 2600 1377; x_wconf 84' lang='lat' dir='ltr'>x.</span> 
     </span>
    </p>
   </div>
  </div>
 </body>
</html>
