2782 4134
261 1427 278 1452 λ

164 1537 174 1547 “
189 1538 266 1558 tamen
281 1542 328 1558 om.
338 1542 375 1558 AB.

165 1962 172 1971 ·
189 1967 218 1982 ex
233 1962 284 1983 add.
299 1968 336 1984 ΑΒ.

261 2074 274 2090 V

165 2179 172 2187 ·
189 2184 218 2200 ex
231 2185 267 2200 ΑΒ.

163 2233 171 2242 ·
187 2232 247 2253 enim
261 2238 299 2254 ΑΒ.

162 2337 173 2347 ⁸
190 2337 219 2358 ab
238 2338 307 2365 aquis
327 2344 374 2360 om.

163 2369 201 2385 ra.

163 2494 174 2505 ⁸
188 2496 212 2516 et
225 2501 273 2517 om.
284 2502 321 2517 ΑΒ.

407 283 482 330 392

407 374 453 398 ex
473 373 549 409 qua
569 368 798 410 acceperunt
825 361 974 409 signum
1003 361 1051 397 ad
1080 360 1133 396 sic
1161 358 1400 408 opinandum
1425 358 1472 394 de

407 415 499 451 sole.
522 415 599 452 Sed
619 427 698 451 non
714 422 769 451 est
783 413 916 451 simile.
934 413 1034 460 Quia
1048 413 1209 449 flamma
1228 424 1306 448 non
1322 422 1474 459 semper

407 474 537 504 manet
559 467 707 515 eadem,
728 467 796 504 sed
817 467 993 504 continue
1007 466 1051 503 fit
1065 477 1179 511 nova,
1195 477 1264 513 per
1277 465 1353 501 hoc
1368 463 1474 512 quod

407 520 564 557 materia
593 520 664 557 alia
693 528 729 557 et
756 519 829 557 alia
858 519 1036 556 continue
1064 518 1342 563 inflammatur3
1372 529 1472 566 quae

407 573 564 621 quidem
592 573 696 622 prius
725 581 780 609 est
798 572 969 618 humida,
999 578 1087 619 apta
1105 569 1412 617 inflammationi,
1438 577 1474 606 et

406 638 476 675 per
502 627 630 674 ignem
649 626 811 662 totaliter
831 625 1040 662 desiccatur
1058 630 1078 670 ‘,
1104 630 1141 660 et
1160 623 1295 660 desinit
1324 623 1473 660 inflam-

407 679 515 726 mari,
528 686 564 716 et
578 679 743 716 succedit
758 678 839 714 alia.
853 678 902 713 Et
915 677 968 713 sic
982 684 1085 725 patet
1099 676 1206 724 quod
1221 677 1379 713 flamma
1393 683 1472 713 non

407 732 583 769 nutritur:
605 732 693 780 quia
712 730 818 780 quod
837 729 998 766 nutritur
1013 736 1165 778 oportet
1179 725 1336 767 manere
1355 729 1472 776 idem,

406 792 448 822 ut
466 792 569 833 patet
587 784 625 821 in
645 783 871 821 animalibus
887 790 924 819 et
936 783 1092 831 plantis;
1109 783 1177 820 sed
1191 783 1350 820 flamma
1365 783 1473 832 quasi

407 839 509 875 nullo
526 845 696 886 tempore
711 843 920 885 permanet,
933 843 975 873 ut
985 836 1129 873 dictum
1141 844 1207 874 est.
1221 837 1296 874 Sed
1307 837 1383 873 hoc
1394 849 1472 873 non

405 898 530 939 potest
554 890 723 927 accidere
745 889 842 926 circa
870 890 1010 926 solem:
1041 890 1130 939 quia
1149 890 1179 927 si
1199 890 1252 927 sic
1271 890 1475 927 nutriretur

406 943 617 980 secundum
637 942 742 990 quod
761 942 832 990 ipsi
852 942 996 990 dicunt,
1015 943 1193 980 continue
1213 943 1472 990 innovaretur,

407 1004 442 1033 et
461 1009 539 1033 non
559 996 683 1032 solum
703 996 823 1032 semel
842 995 880 1032 in
896 995 969 1043 die,
985 995 1082 1033 sicut
1098 996 1228 1045 posuit
1246 996 1470 1033 Heraclitus.

459 1049 628 1086 Tertiam
649 1048 836 1086 rationem
862 1048 971 1097 ponit
987 1049 1059 1086 ibi:
1088 1050 1224 1086 Adhuc
1251 1055 1376 1086 autem
1402 1056 1471 1085 etc.

405 1103 454 1139 Et
482 1102 571 1139 dicit
589 1101 695 1149 quod
724 1101 884 1139 elevatio
903 1102 1060 1151 vaporis
1082 1102 1231 1140 humidi
1260 1104 1308 1140 ad
1337 1103 1470 1149 solem,

405 1155 534 1191 similis
554 1163 608 1192 est
623 1161 636 1175 κ
652 1155 888 1192 calefactioni
907 1168 1096 1204 aquarum
1115 1156 1155 1193 in
1176 1156 1259 1193 ollis
1278 1156 1364 1204 igne
1384 1168 1472 1205 sup-

402 1208 539 1257 posito.
570 1208 669 1256 Ignis
698 1215 827 1246 autern
856 1208 993 1246 ardens
1019 1209 1089 1246 sub
1111 1210 1185 1246 olla
1214 1221 1294 1246 non
1312 1209 1474 1246 nutritur

403 1262 450 1298 ab
471 1273 572 1309 aqua
591 1270 836 1311 evaporante.
863 1262 976 1300 Unde
996 1275 1067 1300 nec
1087 1262 1202 1300 etiarn
1222 1263 1292 1310 sol,
1313 1262 1344 1300 si
1363 1263 1474 1300 faciat

404 1327 613 1363 evaporare
642 1322 786 1352 tantam
814 1327 968 1364 aquam.

457 1368 644 1414 Quartam
665 1368 851 1406 rationem
874 1369 984 1417 ponit
1010 1368 1084 1405 ibi:
1113 1369 1387 1406 Jnconveniens
1405 1381 1472 1406 au-

403 1427 475 1458 tem
505 1428 574 1458 ete.
605 1421 654 1458 Et
682 1422 770 1458 dicit
798 1422 906 1470 quod
927 1421 1220 1460 ,inconveniens
1238 1420 1251 1443 λ
1279 1421 1347 1459 fuit
1366 1422 1472 1472 quod

404 1474 649 1511 attribuerent
669 1482 817 1512 tantum
837 1475 908 1512 soli
927 1475 1215 1522 nutrimentum,
1238 1482 1274 1512 et
1293 1488 1372 1512 non
1392 1475 1473 1513 aliis

404 1527 527 1575 stellis,
557 1529 606 1565 ad
626 1540 761 1566 eorum
782 1529 956 1575 salutem,
977 1541 1065 1565 cum
1083 1535 1215 1566 tamen
1233 1528 1253 1550 '¹‘
1280 1537 1473 1577 ponantur

405 1582 452 1618 ab
482 1581 535 1618 eis
564 1581 696 1630 igneae
725 1589 894 1619 naturae.
925 1583 1037 1629 Quae
1067 1582 1225 1630 quidem
1259 1589 1358 1619 astra
1386 1590 1473 1620 sunt

404 1643 459 1672 tot
487 1642 523 1671 et
549 1642 628 1672 tam
658 1648 810 1683 magna,
831 1636 936 1685 quod
964 1642 1043 1672 tota
1062 1647 1164 1684 aqua
1182 1647 1262 1672 non
1281 1636 1473 1677 sufficeret

405 1689 454 1726 ad
482 1688 757 1726 nutrimentum
787 1701 933 1726 eorum.
1331 1702 1333 1705 ·

460 1742 643 1789 Quintam
672 1742 858 1779 rationem
887 1741 995 1791 ponit
1013 1741 1064 1778 ibi
1079 1748 1114 1778 με
1139 1741 1246 1779 Idem
1265 1747 1391 1779 autem
1411 1754 1473 1779 ac-

404 1796 492 1832 cidit
509 1803 577 1832 etc.
609 1797 657 1832 Et
677 1795 765 1833 dicit
783 1796 882 1832 hanc
906 1795 1094 1832 rationem
1115 1807 1197 1832 esse
1218 1795 1474 1832 communiter

406 1857 442 1886 et
470 1857 600 1886 contra
638 1849 748 1886 istam
778 1849 1024 1898 opinionem,
1064 1856 1102 1885 et
1130 1855 1262 1886 contra
1297 1849 1379 1886 illos
1407 1849 1473 1898 qui

406 1903 579 1940 dixerunt
603 1902 708 1951 quod
727 1915 749 1939 a
767 1902 956 1951 principio
975 1909 1055 1939 tota
1073 1909 1173 1939 terra
1192 1909 1272 1939 erat
1292 1909 1473 1951 cooperta

404 1956 523 2005 aquis,
545 1963 581 1993 et
599 1964 744 2005 postea,
765 1956 785 1978 ²¹²
804 1968 905 2004 aqua
925 1963 1136 2005 vaporante
1157 1967 1204 1992 ex
1225 1956 1350 1993 calore
1370 1955 1471 2003 solis,

405 2022 487 2046 esse
515 2010 657 2047 factum
678 2022 825 2056 aerem;
856 2016 892 2046 et
911 2009 965 2046 sic
983 2017 1107 2046 totum
1135 2009 1285 2046 caelum
1307 2017 1363 2046 est
1382 2021 1471 2057 aug-

404 2071 629 2110 mentatum,
645 2075 714 2112 per
732 2064 807 2100 hoc
827 2062 932 2111 quod
951 2075 1029 2110 aer,
1047 2075 1136 2100 curn
1151 2062 1198 2100 sit
1217 2062 1336 2100 rarior
1350 2068 1372 2109 ⁹,
1389 2063 1473 2112 plus

403 2123 565 2165 occupat
593 2117 640 2154 de
670 2118 755 2154 loco
785 2129 901 2165 quam
938 2128 1040 2165 aqua
1069 2128 1112 2153 ex
1143 2128 1219 2165 qua
1248 2123 1470 2164 generatur;

403 2178 440 2208 et
458 2170 667 2219 hochuod
690 2170 743 2206 sic
772 2178 828 2207 est
855 2170 1064 2207 resolutum
1085 2170 1133 2206 ab
1153 2169 1174 2191 *
1202 2170 1322 2219 aquis,
1344 2177 1474 2206 causat

401 2232 538 2261 ventos
571 2232 608 2260 et
634 2231 784 2260 motum
812 2223 916 2260 caeli.
946 2224 1115 2272 Utraque
1149 2222 1261 2271 igitur
1287 2222 1307 2245 ²⁸²
1334 2223 1472 2260 harum

403 2277 630 2326 opinionum
660 2277 864 2314 destruitur
882 2289 951 2325 per
978 2277 1054 2314 hoc
1074 2276 1180 2326 quod
1199 2276 1399 2314 manifeste
1418 2276 1474 2314 vi-

404 2331 540 2373 demus
577 2330 670 2367 illud
701 2330 807 2380 quod
836 2330 1005 2367 elevatur
1042 2342 1195 2367 sursum
1223 2330 1272 2367 ab
1307 2329 1416 2379 aquis
1440 2329 1472 2378 ²¹⁸,

403 2384 538 2421 iterum
569 2384 690 2422 redire
719 2384 767 2422 ad
795 2391 951 2429 terram3
983 2391 1018 2420 et
1043 2384 1074 2421 si
1103 2396 1181 2421 non
1209 2395 1279 2432 per
1305 2383 1471 2421 eundern

403 2438 532 2475 locum
562 2445 598 2474 et
626 2437 796 2474 similiter
822 2450 892 2486 per
920 2449 1056 2474 omnes
1085 2436 1258 2484 regiones
1278 2436 1384 2485 (quia
1407 2436 1472 2473 ali-

404 2491 571 2540 quando,
598 2498 634 2528 et
652 2491 672 2513 ²¹⁸
700 2490 738 2528 in
766 2490 998 2539 quibusdam
1023 2490 1253 2538 regionibus,
1273 2491 1357 2538 plus
1383 2502 1472 2526 eva·

403 2552 514 2593 porat
541 2556 659 2592 quam
694 2545 800 2592 pluat
827 2543 922 2590 ibi),
952 2543 1019 2580 sed
1048 2551 1178 2581 tamen
1207 2543 1246 2580 in
1283 2542 1472 2591 aliquibus

404 2597 507 2644 locis,
540 2609 609 2646 per
637 2597 802 2646 aliquam
831 2596 1110 2634 ordinationem
1138 2596 1334 2644 temporis,
1355 2608 1472 2632 omne

405 2651 509 2700 quod
538 2662 689 2687 sursum
719 2651 899 2696 elevatur,
930 2649 1026 2687 redit
1054 2650 1190 2687 iterum
1221 2650 1270 2687 ad
1290 2657 1429 2686 terram
1446 2647 1470 2686 ξ.

405 2706 453 2742 Et
473 2703 526 2741 sic
544 2711 648 2752 patet
662 2703 766 2752 quod
781 2716 907 2752 neque
927 2703 1124 2752 superiora
1144 2715 1307 2751 corpora
1322 2703 1472 2740 aluntur

457 2863 476 2898 ι)
495 2866 522 2888 et
536 2870 588 2896 per
607 2863 695 2896 ignem
715 2862 836 2887 totaliter
858 2862 1017 2887 desiccatur.
1034 2876 1055 2881 -
1068 2868 1120 2894 per
1140 2861 1227 2895 ignem
1247 2861 1367 2887 totaliter
1385 2860 1472 2886 exsic-

403 2903 481 2925 catur
499 2900 546 2924 Pa.
564 2913 583 2917 -
601 2898 620 2923 P
640 2903 698 2922 ante
717 2898 789 2930 quod
801 2899 915 2932 flamma
935 2898 993 2922 add.
1012 2901 1047 2922 et.

456 2935 482 2969 κ)
497 2934 591 2960 similis
605 2937 652 2958 est.
664 2947 683 2952 -
696 2933 864 2958 assimilatur
878 2934 932 2957 AB.
945 2947 964 2953 -
978 2933 1058 2958 lidem
1072 2940 1121 2965 pro
1135 2933 1161 2958 in
1175 2932 1235 2958 ollis
1249 2932 1311 2966 igne
1325 2931 1470 2964 supposito,

404 2971 488 2997 mollis
507 2968 738 3002 suppraemendo(
747 2968 782 3002 ?).

455 3005 485 3040 λ)
507 3006 542 3030 Et
562 3005 627 3030 dicit
646 3005 717 3037 quod
730 3004 924 3030 inconveniens.
937 3018 957 3023 —
969 3004 1026 3029 Hoc
1045 3003 1252 3034 homoteleuton,
1265 3004 1335 3036 quod
1349 3011 1402 3028 om.
1417 3004 1470 3032 ΑΒ,

403 3043 522 3067 addimus
544 3046 574 3066 ut
598 3039 676 3065 textui
699 3046 726 3066 et
743 3040 868 3065 methodo
893 3048 916 3065 s.
930 3039 1049 3064 Thomae
1072 3038 1222 3070 satisfiet-en
1247 3039 1310 3072 quid
1329 3040 1414 3071 legant
1433 3039 1471 3064 Pa

404 3079 461 3102 vide
480 3077 506 3102 in
526 3082 579 3102 not.
593 3075 616 3102 Θ.

458 3112 486 3147 μ)
509 3112 635 3143 Quintam
656 3112 787 3138 rationem
803 3111 883 3143 ponit
903 3111 978 3136 ibi.-
993 3111 1095 3142 Quinta
1113 3113 1201 3136 autem
1222 3110 1292 3135 rat1’o
1309 3110 1422 3142 ponitur
1437 3110 1473 3135 ibi

405 3148 450 3173 Pa.
468 3161 488 3168 -
506 3148 619 3172 Eaedem
639 3155 686 3180 pro
705 3151 731 3173 et
749 3151 844 3173 contra
863 3147 942 3172 istam
962 3147 1112 3180 opinionem
1131 3149 1158 3172 et
1175 3149 1271 3172 contra
1291 3146 1357 3176 flios,
1377 3149 1471 3172 contra

404 3184 472 3209 hanc
490 3183 640 3215 opinionem
660 3186 686 3208 et
704 3187 799 3209 contra
818 3190 870 3208 eos.

458 3219 481 3252 ν)
495 3227 554 3244 cum
569 3219 604 3244 sit
617 3218 716 3244 rarior.
726 3233 743 3238 —
753 3217 788 3244 cd
799 3217 858 3251 (pro
873 3218 915 3251 cu)
929 3218 964 3243 sit
977 3218 1069 3243 rarior
1083 3218 1123 3243 ed.
1138 3225 1164 3248 a,
1179 3217 1218 3243 sic
1230 3217 1322 3243 rarior
1336 3217 1378 3243 ed.
1396 3216 1470 3248 1561,

404 3254 439 3279 sit
458 3254 547 3279 rarior
567 3255 594 3279 P.

459 3288 483 3323 Ε)
503 3290 573 3314 redit
593 3289 687 3315 iterum
706 3290 744 3315 ad
758 3293 868 3314 terram.
881 3303 900 3309 —
914 3290 1019 3315 reditur
1033 3290 1065 3320 A,
1080 3289 1186 3314 reditur
1205 3291 1294 3314 terrae
1311 3289 1347 3319 B;
1367 3289 1472 3314 reditur

405 3324 505 3349 videtur
524 3326 652 3357 corruptio
671 3334 718 3358 pro
738 3325 874 3355 redditur,
895 3325 928 3351 cf.
943 3330 1050 3350 textum.

459 3359 484 3393 ο)
506 3360 571 3384 ilIud
591 3361 695 3392 quidem
747 3364 831 3386 totum
851 3362 979 3390 elevatur.
992 3374 1011 3379 —
1025 3361 1063 3386 Pa
1080 3369 1133 3386 om.
1150 3360 1256 3393 quidem
1276 3363 1301 3384 et
1320 3363 1421 3390 totum‚·
1440 3360 1472 3385 cf.

406 3399 511 3419 textum.

459 3430 488 3463 π)
509 3430 563 3454 Sed
581 3431 714 3456 solutio...
728 3431 798 3463 quod
816 3432 896 3457 Iocus.
914 3444 933 3451 --
952 3432 986 3457 Ita
1006 3432 1083 3464 plano
1105 3439 1185 3457 sensu
1204 3432 1315 3462 codices,
1330 3435 1356 3456 et
1370 3431 1471 3456 consor·

407 3464 482 3489 miter
501 3466 531 3489 ad
552 3466 660 3490 litteram
675 3472 771 3497 textus;
791 3472 902 3492 attamen
918 3467 943 3492 in
962 3467 1087 3500 principio
1102 3475 1150 3501 pro
1164 3467 1261 3492 solutio
1275 3472 1395 3500 corrupte
1410 3468 1471 3492 scri-

407 3500 470 3524 bunt
483 3497 544 3525 sole.
562 3501 598 3525 Pa
618 3501 654 3526 sic
670 3502 768 3534 legunt:
784 3502 830 3526 sed
842 3503 927 3527 solum
941 3506 980 3528 est
995 3506 1068 3528 mota
1083 3502 1215 3528 dubitatio
1229 3505 1324 3528 contra
1338 3502 1387 3528 hoc
1401 3503 1472 3535 quod

1114 278 1704 331 METEOROLOGICORUM
1732 279 1827 314 LlB.
1858 279 1891 314 11

1530 369 1574 394 ex
1601 356 1830 406 vaporibus3
1852 369 1979 406 neque
1999 357 2126 406 aliqua
2143 369 2232 406 pars
2250 357 2407 406 vaporis
2426 365 2599 396 remanet

1528 422 1605 457 aer,
1636 418 1673 447 et
1701 410 1773 447 alia
1800 410 1938 447 iterum
1967 410 2064 447 redit
2091 410 2130 446 in
2158 422 2314 458 aquam.

1582 475 1618 511 7.
1635 462 1785 501 Deinde
1802 476 1890 500 cum
1907 463 2009 500 dicit:
2026 463 2194 500 Potabile
2212 464 2361 511 quidem
2377 464 2494 514 igitur
2513 471 2596 512 etc„

1529 528 1575 552 ex
1596 529 1642 553 eo
1663 517 1768 565 quod
1788 529 1903 565 supra
1922 516 1942 538 '¹‘
1959 516 2217 565 praemissum
2239 524 2305 564 est,
2327 517 2519 555 concludit
2537 530 2597 555 so-
2624 530 2634 540 ·

1528 569 1713 607 lutionem
1732 569 1950 618 praedictae
1969 569 1989 591 ²¹⁴
2018 569 2273 607 dubitationis.
2304 570 2354 607 Et
2377 570 2465 607 dicit
2492 571 2598 620 quod

1529 635 1618 660 cum
1637 635 1761 672 vapor
1785 624 1954 660 elevetur
1982 622 2167 671 superius,
2188 622 2280 660 illud
2306 622 2463 672 quidem
2491 624 2599 672 quod

1529 683 1584 713 est
1612 676 1722 713 dulce
1751 684 1788 713 et
1814 676 1995 725 potabile,
2025 683 2146 713 totum
2178 676 2348 714 elevatur
2366 681 2379 697 ⁰
2408 676 2595 725 superius,

1527 737 1685 778 propter
1703 729 1742 767 id
1770 730 1875 778 quod
1897 736 1952 766 est
1979 729 2116 767 levius:
2146 729 2240 766 illud
2268 736 2396 766 autem
2416 730 2523 779 quod
2543 738 2599 768 est

1529 783 1683 830 salsum,
1713 783 1802 831 quia
1829 782 1981 830 gravius
2010 789 2077 828 est,
2105 790 2235 819 manet
2262 782 2458 830 deorsum,
2488 783 2598 832 quasi

1527 835 1566 872 in
1583 836 1740 884 proprio
1765 836 1863 873 loco.
1894 836 1981 872 Hoc
2001 835 2103 872 enim
2122 835 2275 873 videtur
2294 835 2566 874 rationabiliter
2578 836 2599 859 '¹‘

1529 896 1565 925 et
1594 889 1867 926 convenienter
1894 901 1978 926 esse
2007 888 2150 926 dictum
2178 889 2217 926 in
2245 889 2456 938 praemissa
2479 889 2500 912 *
2529 889 2598 927 du-

1528 942 1721 988 bitatione,
1743 941 1916 978 scilicet*
1934 941 2040 990 quod
2069 954 2174 979 mare
2200 950 2256 979 est
2283 944 2390 980 locus
2418 943 2598 980 naturalis

1528 1007 1669 1044 aquae:
1698 994 1952 1031 irrationabile
1973 994 2076 1031 enim
2097 1002 2154 1032 est
2181 995 2212 1032 si
2240 1008 2342 1044 aqua
2360 1009 2440 1033 non
2458 997 2599 1034 habeat

1526 1048 1724 1097 proprium
1753 1048 1882 1084 locum
1910 1048 2134 1095 naturalem,
2155 1048 2250 1085 sicut
2264 1048 2284 1071 ’¹‘
2303 1049 2376 1086 alia
2395 1051 2596 1088 elementa.

1529 1102 1607 1139 Sed
1634 1100 1772 1138 solutio
1793 1107 1922 1137 motae
1942 1100 2186 1138 dubitationis
2216 1109 2348 1139 contra
2366 1103 2442 1140 hoc
2461 1115 2508 1140 ex
2526 1103 2598 1140 sal-

1528 1155 1658 1192 sedine
1686 1166 1823 1203 aquae,
1844 1160 1900 1190 est
1919 1154 2024 1202 quod
2043 1155 2150 1191 locus
2165 1159 2184 1176 ¹²
2203 1167 2321 1204 quem
2349 1166 2456 1193 mare
2485 1168 2598 1195 occu-

1527 1216 1603 1258 pat,
1631 1215 1687 1245 est
1713 1208 1821 1244 locus
1849 1207 2027 1244 naturalis
2056 1219 2191 1256 aquae,
2220 1207 2450 1256 inquantum
2479 1221 2598 1258 aqua:

1528 1263 1596 1300 sed
1633 1269 1761 1299 tamen
1799 1260 1952 1298 videtur
1990 1272 2072 1297 esse
2114 1261 2222 1298 locus
2258 1262 2439 1299 naturalis
2475 1274 2599 1312 aquae

1527 1315 1644 1352 maris
1672 1315 1820 1361 solum,
1856 1321 2014 1363 propter
2050 1314 2125 1351 hoc
2154 1314 2260 1363 quod
2297 1315 2440 1353 salsum
2469 1323 2601 1355 manet

1527 1369 1708 1406 deorsum
1733 1375 1890 1417 propter
1917 1367 2154 1415 gravitatem,
2176 1368 2287 1405 dulce
2307 1376 2436 1406 autem
2455 1381 2599 1419 evapo-

1528 1421 1624 1459 ravit
1659 1433 1811 1458 sursum
1839 1429 1996 1470 propter
2023 1420 2228 1458 levitatem.
2258 1422 2308 1458 Et
2334 1422 2444 1471 ponit
2471 1434 2599 1461 exem-

1526 1476 1634 1524 plum
1664 1475 1711 1512 de
1740 1487 1786 1511 eo
1819 1475 1927 1523 quod
1961 1474 2097 1512 accidit
2124 1474 2163 1512 in
2191 1475 2416 1524 corporibus
2453 1475 2599 1515 anima-

1526 1529 1620 1566 lium
1645 1534 1671 1565 Ρ.
1702 1528 1814 1575 Quia,
1846 1540 1935 1565 cum
1964 1527 2070 1565 cibus
2099 1535 2316 1577 assumptus
2344 1528 2391 1566 sit
2415 1528 2536 1567 dulcis
2562 1536 2600 1568 et

1527 1581 1728 1629 humidus,
1757 1581 1974 1630 hypostasis
2011 1593 2110 1629 quae
2144 1589 2317 1619 remanet
2350 1594 2396 1619 ex
2424 1582 2532 1630 cibo,
2561 1589 2600 1621 et

1528 1635 1768 1685 superfluum
1797 1634 1978 1682 alimenti,
1999 1642 2157 1684 apparet
2184 1647 2361 1672 amarum
2381 1643 2418 1673 et
2441 1636 2598 1684 salsum,

1527 1696 1731 1739 propterea
1751 1688 1840 1737 quia
1867 1688 1960 1725 illud
1979 1689 2083 1736 quod
2108 1695 2164 1725 est
2183 1688 2306 1736 dulce,
2323 1696 2379 1726 est
2398 1695 2600 1737 attractum

1528 1755 1551 1779 a
1570 1742 1695 1779 calore
1715 1741 1877 1778 naturali
1896 1741 1946 1778 ad
1966 1753 2120 1778 carnem
2150 1748 2187 1778 et
2209 1742 2259 1779 ad
2287 1742 2496 1791 quamlibet
2513 1754 2600 1792 par-

1527 1803 1606 1832 tem
1636 1794 1824 1843 corporis,
1861 1794 1957 1831 sicut
1984 1794 2176 1842 quaelibet
2203 1802 2291 1844 apta
2325 1803 2415 1833 nata
2446 1803 2504 1834 est
2529 1807 2599 1835 nu-

1527 1848 1604 1886 triri
1624 1854 1649 1885 ⁶.
1681 1849 1755 1885 Per
1773 1848 1849 1885 hoc
1869 1859 1959 1896 ergo
1981 1847 2172 1885 concludit
2190 1860 2213 1885 a
2232 1848 2343 1885 simili
2363 1849 2482 1897 quod,
2502 1849 2600 1888 sicut

1527 1901 1802 1939 inconveniens
1838 1908 1937 1938 esset
1964 1901 1994 1938 si
2023 1901 2108 1950 quis
2139 1908 2291 1950 putaret
2326 1901 2434 1950 quod
2465 1909 2601 1941 venter

1527 1968 1606 1992 non
1636 1962 1735 1992 esset
1771 1955 1878 1992 locus
1914 1954 2007 2001 cibi,
2042 1954 2110 1991 sed
2144 1954 2271 1992 solum
2308 1955 2599 2004 superfluitatis,

1527 2009 1616 2058 quia
1646 2008 1739 2046 dum
1768 2007 1984 2045 nutriuntur
2011 2008 2205 2056 membra,
2234 2008 2309 2046 cito
2338 2008 2500 2048 sumitur
2517 2021 2599 2048 ma-

1527 2062 1620 2099 teria
1641 2061 1726 2110 cibi,
1748 2069 1783 2099 et
1803 2061 2042 2110 superfluum
2059 2069 2248 2109 remanet;
2277 2062 2345 2099 sed
2374 2069 2504 2101 tamen
2529 2061 2615 2109 istev

1527 2128 1607 2153 non
1635 2115 1733 2152 bene
1764 2115 2004 2162 existimaret,
2026 2115 2126 2164 quia,
2146 2122 2188 2152 ut
2206 2115 2311 2164 prius
2331 2115 2508 2163 diximus,
2527 2115 2599 2155 iste

1528 2177 1583 2206 est
1611 2170 1718 2206 locus
1747 2168 1927 2206 naturalis
1956 2168 2041 2216 cibi,
2071 2168 2300 2218 inquantum
2321 2169 2440 2218 cibus,
2465 2177 2503 2208 et
2520 2181 2602 2209 non

1527 2223 1652 2259 solum
1690 2221 1763 2259 cibi
1789 2221 1829 2259 in
1861 2229 1996 2259 ventre
2033 2222 2246 2260 existentis:
2282 2222 2454 2261 similiter
2490 2229 2528 2262 et
2558 2223 2600 2261 in

1525 2275 1725 2325 proposito
1754 2275 1823 2312 iste
1851 2276 1959 2312 locus
1987 2283 2197 2325 occupatus
2221 2288 2244 2313 a
2272 2276 2380 2324 mari,
2409 2283 2468 2315 est
2491 2277 2600 2315 loeus

1527 2329 1706 2366 naturalis
1726 2341 1862 2378 aquae.
1884 2330 1934 2366 Et
1952 2329 2078 2366 omnis
2093 2342 2194 2378 aqua
2214 2337 2394 2367 movetur
2407 2329 2599 2380 adipsum

1526 2390 1709 2431 tanquam
1729 2383 1778 2420 ad
1794 2383 1922 2419 locum
1937 2383 2138 2432 proprium
2153 2389 2186 2420 ¹¹:
2211 2383 2337 2420 fluxus
2353 2382 2456 2422 enim
2476 2395 2600 2434 aquae

1528 2443 1583 2472 est
1611 2435 1661 2473 ad
1690 2435 1728 2473 id
1756 2435 1864 2485 quod
1900 2443 1957 2472 est
1984 2436 2105 2484 magis
2133 2435 2154 2458 '¹‘
2182 2448 2417 2485 concavum,
2454 2444 2491 2475 et
2517 2437 2600 2477 talis
2627 2449 2637 2459 ·

1528 2496 1583 2526 est
1611 2489 1718 2526 locus
1746 2488 1874 2526 maris.
1911 2489 1989 2526 Sed
2018 2489 2196 2538 quamvis
2224 2489 2331 2526 locus
2358 2490 2428 2527 iste
2456 2489 2503 2528 sit
2532 2502 2600 2528 na·

1526 2541 1655 2579 turalis
1684 2554 1828 2590 aquae,
1859 2549 1987 2579 tamen
2014 2542 2107 2579 illud
2141 2542 2246 2591 quod
2276 2550 2332 2579 est
2361 2543 2490 2591 dulce,
2524 2543 2599 2581 cito

1527 2595 1644 2632 fertur
1662 2607 1827 2642 sursum,
1843 2602 2000 2644 propter
2015 2596 2138 2632 solem
2158 2595 2374 2634 elevantem
2391 2608 2599 2646 vaporem:

1527 2647 1618 2685 illud
1646 2655 1775 2685 autem
1809 2648 1916 2696 quod
1953 2655 2010 2686 est
2043 2649 2206 2697 salsum,
2241 2658 2413 2687 remanet
2445 2650 2600 2689 inferius

1526 2709 1683 2751 propter
1710 2702 1947 2750 praedictam
1977 2714 2146 2740 causam.

1526 2860 1625 2886 dictum
1645 2864 1685 2886 est
1703 2861 1736 2887 de
1747 2861 1888 2887 salsedine.
1907 2862 2009 2887 Probat
2022 2869 2088 2895 ergo
2103 2862 2175 2895 quod
2193 2862 2274 2887 Iocus.
2288 2875 2307 2881 —
2320 2862 2434 2895 Pei-gunt
2446 2862 2508 2888 AB:
2527 2863 2601 2896 quod

1526 2903 1600 2921 mare
1612 2900 1725 2929 occupat
1740 2904 1792 2922 non
1813 2895 1860 2930 (id
1879 2897 1939 2922 ideo
1958 2898 1978 2922 B
1998 2898 2045 2922 sed
2064 2896 2202 2932 expungit)
2222 2902 2262 2923 est
2275 2897 2348 2923 Iocus
2361 2897 2496 2924 naturalis
2513 2905 2601 2932 aquae

1526 2932 1683 2964 inquantum
1702 2939 1786 2965 aqua,
1806 2933 1914 2958 uidetur
1932 2936 2021 2958 tamen
2042 2933 2116 2958 locus
2134 2933 2268 2958 naturalis
2287 2933 2371 2958 maris
2385 2935 2501 2966 propter
2517 2933 2576 2960 hoc.

1579 2969 1603 3002 ρ)
1620 2968 1645 2994 in
1661 2969 1817 3001 corporibus
1835 2969 2003 2994 animalium.
2016 2983 2035 2988 -
2048 2969 2075 2994 in
2089 2969 2246 3001 corporibus
2259 2969 2406 3002 aliquando
2420 2969 2474 3001 Pa,·
2492 2968 2526 2996 cf.
2539 2969 2599 2997 lect.

1525 3004 1644 3036 praeced.
1659 3009 1712 3028 not.
1727 3012 1752 3036 η.
1765 3018 1785 3024 -·
1798 3005 1849 3029 Pro
1867 3004 1961 3034 dulcis,
1981 3004 2102 3030 diuersus
2121 3004 2174 3029 ΑΒ.

1578 3039 1605 3073 a)
1621 3043 1735 3071 apparet
1785 3040 1894 3065 nutriri.
1906 3053 1927 3060 -
1939 3043 2054 3072 apparet
2065 3046 2190 3065 amarum
2204 3040 2305 3065 salsum
2317 3042 2431 3072 propter
2443 3039 2517 3074 quod
2530 3039 2600 3067 tund

1525 3075 1596 3107 quod
1608 3079 1647 3100 est
1660 3075 1736 3101 dulce
1750 3079 1790 3100 est
1804 3076 1922 3101 activum
1933 3083 1951 3101 a
1963 3077 2054 3101 calore
2072 3075 2193 3101 naturali
2211 3075 2237 3100 in
2253 3072 2330 3101 exime*
2343 3073 2475 3136 (sbpatium
2488 3083 2545 3102 vnc-
2557 3076 2582 3102 Α

1525 3114 1551 3135 et
1565 3109 1616 3141 (est
1630 3109 1661 3144 B)
1676 3111 1702 3136 in
1718 3111 1862 3144 quamlibet
1873 3111 1955 3136 aliam
1965 3114 2074 3144 partem
2088 3110 2210 3144 corporis
2222 3111 2291 3136 sicut
2303 3110 2370 3144 quili
2385 3113 2412 3136 et
2427 3109 2585 3145 (quantem

1526 3149 1590 3171 nata
1609 3150 1649 3171 est
1667 3147 1768 3172 nutriri
1786 3147 1840 3172 ΑΒ.

1580 3181 1604 3214 τ)
1626 3182 1688 3214 quia
1708 3182 1771 3207 dum
1798 3182 1992 3208 nutriuntur...
2006 3182 2044 3208 ad
2061 3182 2148 3208 Iocum
2163 3182 2317 3215 proprium.
2334 3195 2354 3202 -
2373 3181 2598 3215 quemadmodum

1525 3217 1683 3243 nutriuntur
1702 3218 1821 3243 membra
1839 3218 1892 3243 cito
1904 3218 2021 3243 sumitur
2036 3218 2098 3243 inde
2111 3221 2138 3243 et
2149 3218 2312 3252 superfluum
2326 3221 2448 3243 remanet
2460 3217 2600 3244 subsident

1525 3252 1584 3286 (sub
1603 3261 1663 3278 cum
1683 3254 1766 3286 spatio
1785 3261 1840 3279 vac.
1855 3259 1956 3287 septem
1980 3253 2069 3279 litteris
2089 3252 2123 3288 A)
2141 3253 2266 3279 similiter
2285 3253 2311 3278 in
2333 3251 2384 3286 (est
2403 3253 2430 3279 in
2448 3251 2482 3288 Β)
2496 3260 2599 3286 pmpo·

1525 3289 1576 3314 sito
1595 3289 1667 3321 quod
1683 3289 1732 3314 iste
1746 3290 1818 3315 Iocus
1834 3288 1884 3321 (est
1899 3289 1957 3314 add.
1972 3288 2006 3324 Α)
2026 3292 2171 3322 occupatus
2185 3296 2202 3314 a
2217 3289 2288 3314 mari
2306 3291 2346 3314 est
2364 3288 2514 3314 materiatis
2525 3289 2599 3316 1⁰08!

1524 3332 1611 3356 aquae
1629 3327 1656 3349 et
1667 3325 1748 3359 fluvii
1767 3328 1793 3350 et
1811 3325 1898 3350 omnis
1915 3332 1987 3358 aqua
2005 3324 2069 3350 alibi
2091 3327 2239 3358 generatur
2257 3327 2283 3350 et
2302 3322 2340 3357 (et
2357 3332 2411 3349 om.
2424 3323 2456 3358 B)
2476 3327 2600 3350 movetur

1525 3361 1562 3385 ad
1581 3360 1666 3392 ipsum
1686 3360 1755 3386 sicut
1774 3361 1859 3386 locum
1875 3361 2018 3393 proprium
2038 3361 2092 3386 ΑΒ.
2111 3360 2185 3386 Patet
2203 3360 2228 3385 in
2248 3359 2298 3385 hoc
2317 3360 2419 3385 codice·
2432 3365 2459 3385 et
2472 3360 2598 3386 editione·

1526 3396 1672 3425 convenire.
1692 3397 1762 3429 quod
1781 3397 1859 3429 paulo
1878 3404 1965 3429 supra,
1980 3394 2117 3430 (editiones
2132 3396 2210 3421 etiam
2229 3395 2255 3420 in
2268 3394 2401 3430 versione)
2423 3395 2518 3421 habent
2535 3402 2599 3421 con-

1527 3432 1637 3456 corditer
1655 3432 1765 3456 verbum
1791 3431 1989 3461 inconveniens,
2016 3431 2087 3464 quod
2107 3431 2132 3456 in
2151 3436 2221 3456 textu
2240 3438 2334 3464 graeco
2353 3438 2405 3456 non
2424 3431 2531 3464 legitur3
2549 3429 2599 3456 ned

1526 3467 1646 3492 differunt
1671 3474 1717 3500 per
1742 3467 1791 3492 hoc
1816 3468 1887 3500 quod
1913 3467 1939 3492 in
1965 3467 2097 3492 codicibus
2123 3467 2283 3492 desideratur
2307 3466 2433 3500 expositio
2456 3466 2598 3492 verborum

1526 3510 1577 3528 non
1598 3503 1687 3535 utique
1705 3503 1875 3528 existimabit
1894 3503 1964 3533 bene,
1986 3510 2054 3536 quae
2073 3502 2099 3528 in
2117 3507 2229 3536 utroque
2248 3506 2319 3528 textu
2338 3502 2469 3535 leguntur.

1487 3591 1498 3601 K

1017 3615 1363 3619 ————-———-—-
1371 3591 1979 3643 ‘Qffissoess——ffl

2648 529 2720 552 Num.
2733 537 2759 558 4.

2625 579 2782 606 'praeratum

2625 849 2635 859 ·
2645 843 2782 878 ΠΜ

2625 902 2635 912 ·
2649 901 2753 926 Numa.
2767 904 2782 916 '³

2623 955 2635 967 ·
2643 950 2782 986 sa'floetnd

2623 1061 2634 1072 '¹
2648 1062 2674 1083 et
2685 1059 2782 1088 uid-3¹!
