2782 4134
80 2009 88 2017 ¹
104 2005 183 2028 S.·rh.
197 2005 249 2026 lect.
260 2010 289 2030 ιι;

81 2033 133 2055 Did.
142 2032 181 2054 lib.
191 2031 231 2059 lx,
241 2037 261 2052 c.
274 2037 290 2058 ι,

81 2066 104 2081 n.
118 2065 132 2087 9
146 2065 182 2086 sq.

91 2528 99 2536 ¹
122 2525 179 2573 Cag.
197 2531 228 2552 u,
247 2531 270 2546 n.
285 2530 297 2546 2

90 2551 298 2606 1⁵1i;}..⁶·}32,.¹‘³⁰¹·

185 2604 198 2630 θ

318 288 390 323 144

314 367 400 405 pars
416 352 633 391 succederet
648 350 760 387 alteri.
782 349 831 386 Et
849 347 1018 385 similiter
1038 354 1092 384 est
1112 346 1224 383 etiam
1243 345 1373 393 imagi-

314 407 484 445 nandum
504 406 542 442 in
560 405 680 452 figura
694 401 916 440 lenticulari:
939 407 974 437 et
988 400 1038 436 ita
1054 399 1166 436 etiarn
1188 406 1243 435 est
1262 398 1309 435 de
1329 398 1373 434 fi-

314 473 406 509 gura
425 457 645 504 columnari,
662 463 698 492 et
718 455 763 492 de
784 465 1026 503 quacumque
1050 452 1121 488 alia
1140 450 1371 488 huiusmodi.

367 512 478 550 Unde
514 517 616 559 patet
656 508 759 557 quod
801 507 880 544 sola
922 505 1119 554 sphaerica
1160 504 1282 552 figura
1319 510 1375 540 est

314 578 424 615 quae,
446 577 468 601 a
487 574 727 613 quacumque
746 567 851 609 parte
876 565 1090 605 moveatur,
1111 570 1190 594 non
1212 564 1375 606 occupat

315 620 361 656 de
389 629 492 655 novo
522 616 687 664 aliquem
715 615 843 650 locum
881 611 1094 648 secundum
1122 610 1289 659 aliquam
1317 609 1375 647 sui

312 677 471 721 partem,
492 669 559 706 sed
578 679 727 716 semper
753 678 829 702 una
847 677 935 713 pars
965 664 1045 701 eius
1065 663 1235 701 succedit
1257 662 1373 700 alteri.

314 724 424 763 Unde
452 722 532 760 talis
559 722 679 769 figura
707 726 763 756 est
790 716 1149 755 convenientissima
1178 717 1296 754 caelo.

366 789 403 823 4.
415 775 562 813 Deinde
577 786 663 810 cum
679 772 781 809 dicit:
797 772 932 808 Adhuc
945 776 1070 808 autem
1085 771 1119 807 si
1131 771 1279 819 quidem
1291 777 1374 817 etc„

314 830 450 879 probat
464 828 566 866 idem
581 838 649 876 per
668 825 779 862 aliam
795 824 981 861 rationem
993 824 1018 872 ζ,
1035 836 1134 872 quae
1154 823 1315 860 sumitur
1330 835 1375 859 ex

315 881 593 920 mensuratione
613 885 801 915 motuum.
831 878 880 914 Et
897 877 1022 926 primo
1042 876 1151 926 ponit
1169 877 1268 913 hanc
1287 889 1374 925 sup-

314 935 554 984 positionem,
571 931 675 981 quod
690 938 817 967 motus
833 930 926 967 caeli
946 930 992 967 sit
1006 942 1186 967 mensura
1201 929 1375 966 omnium

281 1001 287 1020 ;
314 995 501 1034 motuum,
522 993 562 1022 ut
580 983 751 1021 habitum
773 991 827 1020 est
841 983 880 1020 in
900 984 952 1020 IV
973 984 1122 1032 Physic.
1145 984 1175 1019 ³¹².
1197 983 1246 1019 Et
1264 982 1376 1019 huius

314 1041 497 1078 rationem
515 1038 689 1086 assignat,
709 1036 799 1086 quia
818 1037 920 1074 solus
940 1044 1068 1073 motus
1089 1036 1181 1073 caeli
1202 1043 1258 1072 est
1286 1047 1375 1072 con—

314 1094 438 1131 tinuus
459 1100 494 1129 et
513 1090 690 1139 regularis
710 1098 747 1127 et
765 1090 1037 1140 sempiternus:
1065 1089 1170 1126 aliter
1189 1089 1289 1126 enim
1307 1100 1377 1138 per

313 1147 438 1196 ipsum
467 1152 614 1182 motum
643 1143 735 1180 caeli
763 1156 842 1180 non
869 1150 1000 1193 posset
1032 1142 1228 1179 certificari
1257 1154 1375 1190 quan-

313 1200 395 1237 titas
414 1198 575 1236 aliorum
594 1204 783 1244 motuum,
805 1197 911 1245 quod
934 1193 999 1233 est'
1017 1207 1239 1233 mensurare
1259 1195 1374 1245 ipsos.

314 1253 353 1290 Si
382 1253 483 1289 enim
512 1263 590 1288 non
611 1258 708 1287 esset
731 1257 858 1287 motus
879 1249 972 1286 caeli
1002 1249 1213 1296 continuus,
1235 1250 1303 1286 sed
1322 1248 1376 1285 in-

311 1306 539 1355 terpolatus,
568 1316 647 1341 non
676 1310 774 1340 esset
815 1302 1020 1352 aequalitas
1057 1302 1240 1352 temporis
1282 1301 1378 1339 inter

312 1367 460 1396 motum
489 1363 772 1395 mensurantem
809 1364 845 1393 et
877 1363 1159 1402 mensuratum3
1190 1355 1221 1392 si
1250 1362 1377 1392 autem

311 1425 390 1450 non
410 1419 506 1449 esset
520 1410 709 1459 regularis,
725 1409 792 1446 sed
812 1409 1044 1458 quandoque
1064 1409 1235 1446 velocior
1259 1420 1377 1457 quan-

313 1466 439 1514 doque
476 1464 637 1511 tardior,
668 1475 746 1500 non
774 1463 930 1499 haberet
966 1462 1005 1500 in
1034 1475 1074 1499 se
1113 1462 1376 1499 certitudinem

313 1517 613 1565 determinatam,
634 1529 702 1567 per
730 1528 846 1565 quam
873 1523 1003 1565 posset
1036 1515 1231 1553 certificari
1259 1528 1377 1565 quan—

311 1573 396 1610 titas
424 1571 584 1609 aliorum
611 1577 806 1616 motuum;
836 1569 866 1606 si
894 1577 1022 1607 autem
1050 1581 1130 1606 non
1154 1577 1252 1607 esset
1280 1581 1378 1606 sem-

311 1626 501 1676 piternus,
534 1637 613 1661 non
650 1630 960 1660 mensurarentur
997 1622 1209 1660 secundum
1251 1623 1377 1672 ipsum

314 1687 440 1716 motus
469 1678 532 1727 qui
562 1678 714 1714 fuerunt
742 1683 827 1713 ante
858 1684 893 1713 et
922 1677 987 1725 qui
1017 1683 1126 1713 erunt
1152 1685 1240 1726 post
1258 1682 1289 1724 η,
1320 1689 1377 1714 se-

315 1733 483 1770 cundum
503 1730 726 1780 opinionem
749 1729 975 1779 ponentium
996 1737 1144 1766 motum
1165 1730 1377 1767 secundum

315 1797 428 1823 suum
457 1796 575 1833 genus
604 1795 686 1820 esse
716 1790 925 1820 aeternum.

368 1838 437 1875 His
457 1845 583 1875 autem
604 1835 818 1885 suppositis,
835 1843 1119 1884 argumentatur
1138 1836 1187 1874 ad
1205 1836 1379 1886 proposi-

315 1900 397 1929 tum
418 1890 481 1928 sic.
512 1889 758 1927 Manifestum
787 1897 843 1926 est
870 1889 975 1938 quod
1004 1889 1041 1926 id
1061 1889 1166 1938 quod
1187 1897 1242 1927 est
1269 1890 1378 1928 mini-

317 1957 424 1982 mum
462 1944 500 1980 in
536 1955 772 1992 unoquoque
806 1954 964 1990 genere,
995 1949 1050 1979 est
1078 1955 1258 1980 mensura
1285 1943 1380 1981 illius

317 1997 484 2047 generis,
518 2004 560 2033 ut
591 1996 752 2033 habetur
785 1995 823 2032 in
851 1997 886 2032 X
914 1995 1131 2044 Metaphys.
1155 1997 1190 2042 *,
1221 1996 1316 2034 sicut
1343 1997 1382 2034 in

318 2050 484 2088 melodia
502 2057 627 2097 tonus,
649 2056 685 2086 et
703 2049 742 2086 in
768 2048 1003 2098 ponderibus
1030 2048 1154 2096 uncia,
1185 2057 1221 2086 et
1248 2049 1286 2087 in
1315 2062 1382 2087 nu-

318 2104 432 2141 meris
447 2103 586 2149 unitas3
607 2101 850 2139 manifestum
867 2109 923 2139 est
937 2108 1065 2139 autern
1080 2102 1187 2150 quod
1201 2102 1383 2140 minimus

318 2164 445 2194 motus
475 2163 530 2193 est
549 2155 615 2203 qui
644 2162 700 2192 est
717 2155 993 2202 velocissimus,
1014 2155 1079 2203 qui
1103 2154 1243 2193 scilicet
1270 2156 1384 2194 habet

318 2210 522 2248 minimum
558 2209 605 2246 de
627 2206 819 2257 tempore,
840 2208 944 2257 quod
965 2215 1020 2245 est
1039 2220 1218 2245 mensura
1237 2217 1382 2257 motus;

320 2263 494 2301 omnium
529 2274 619 2310 ergo
657 2269 834 2298 motuum
862 2260 1125 2298 velocissimus
1163 2269 1220 2298 est
1256 2270 1384 2300 motus

321 2316 424 2354 caeli.
436 2317 485 2353 Et
499 2315 679 2364 accipitur
693 2314 754 2352 hic
769 2322 896 2351 motus
910 2313 1185 2362 velocissimus,
1197 2314 1261 2364 qui
1278 2315 1384 2352 citius

319 2369 462 2419 peragit
485 2380 638 2406 cursum
654 2380 765 2405 suum
786 2380 831 2405 ex
850 2375 956 2417 parte
976 2367 1168 2404 brevitatis
1187 2368 1383 2418 temporis,

321 2423 405 2460 licet
423 2434 502 2459 non
521 2428 757 2471 supponatur
780 2421 986 2469 aequalitas
1007 2433 1052 2458 ex
1071 2428 1177 2470 parte
1197 2421 1383 2470 magnitu-

323 2475 419 2513 dinis
447 2487 560 2524 super
587 2486 704 2523 quam
731 2474 862 2511 transit
888 2481 1026 2522 motus,
1048 2473 1142 2511 sicut
1161 2475 1386 2523 supponitur

323 2529 363 2566 in
379 2529 431 2565 VI
447 2528 593 2576 Physic.
611 2528 643 2575 ⁹¹²,
662 2527 729 2564 ubi
749 2527 883 2565 dicitur
902 2527 1006 2576 quod
1020 2527 1189 2564 velocius
1209 2535 1264 2564 est
1279 2528 1384 2577 quod

324 2581 522 2631 pertransit
535 2578 548 2601 ⁰
563 2580 600 2617 in
619 2580 758 2617 minori
772 2587 945 2629 ternpore
966 2580 1123 2628 aequale
1144 2580 1307 2630 spatium
1321 2582 1382 2619 vel

327 2634 438 2671 etiarn
467 2633 601 2670 maius.
630 2633 741 2670 Unde
765 2632 826 2670 hic
844 2632 971 2670 subdit
998 2633 1103 2682 quod
1121 2634 1385 2672 velocissimus

327 2694 454 2724 motus
483 2685 683 2723 attenditur
702 2685 912 2722 secundum
942 2685 1139 2724 minimam
1159 2687 1385 2736 magnitudi-

327 2751 428 2777 nem.
464 2740 562 2776 Inter
590 2751 723 2776 omnes
752 2746 879 2776 autern
909 2739 1024 2776 lineas
1044 2752 1142 2788 quae
1168 2741 1215 2777 ab
1245 2742 1384 2779 eodem

327 2793 365 2829 in
393 2792 495 2829 idem
525 2792 694 2840 redeunt,
725 2792 882 2829 minima
911 2800 966 2829 est
994 2792 1201 2830 circularis:
1230 2794 1319 2843 quia
1347 2794 1384 2831 in

327 2845 456 2894 figuris
476 2845 673 2882 rectilineis
701 2852 787 2882 sunt
815 2845 952 2893 anguli,
973 2846 1022 2883 ad
1042 2859 1138 2895 quos
1157 2846 1278 2884 lineae
1296 2860 1384 2896 pro-

327 2906 465 2935 tractae
485 2910 507 2935 a
526 2898 653 2936 medio
674 2906 760 2935 sunt
775 2898 949 2946 maiores,
967 2906 1003 2935 et
1022 2899 1074 2936 sic
1094 2900 1219 2948 anguli
1239 2900 1384 2939 illarum

328 2952 535 3000 figurarum
564 2951 750 2988 excedunt
785 2951 923 2989 lineam
953 2951 1185 2990 circularem.
1221 2954 1270 2991 Et
1298 2954 1385 2991 ideo

330 3011 477 3053 oportet
504 3005 608 3054 quod
637 3005 796 3052 caelum,
821 3005 925 3053 quod
955 3013 1132 3042 movetur
1160 3006 1388 3045 circulariter

330 3057 436 3106 quasi
464 3058 511 3094 ab
541 3058 679 3095 eodem
712 3057 750 3095 in
778 3057 900 3106 idem,
931 3065 968 3095 et
994 3059 1236 3096 velocissimo
1266 3068 1386 3108 motu,

384 3196 410 3230 ζ)
425 3203 476 3228 per
494 3196 574 3221 aliam
593 3197 731 3222 rationem.
744 3211 763 3216 —
775 3205 812 3222 ex
830 3198 885 3223 alia
904 3198 1009 3224 ratione
1028 3198 1063 3230 1>;
1082 3200 1173 3224 eadem
1191 3207 1239 3232 pro
1256 3207 1392 3226 mensura-

334 3231 411 3261 tione,
426 3238 556 3256 mensura.
565 3245 583 3250 -
595 3233 711 3264 Sequens
724 3232 918 3258 homoteleuton
934 3234 969 3258 Et
979 3234 1070 3266 primo
1081 3235 1190 3267 ponit...
1205 3236 1321 3261 omnium
1338 3244 1392 3262 mo-

335 3269 408 3290 tuum
427 3274 479 3291 om.
492 3267 511 3290 P
531 3271 556 3291 et
574 3268 648 3292 codd.
663 3275 716 3292 exc.
728 3268 796 3293 AsE.

387 3300 414 3334 η)
434 3301 479 3333 qui
497 3305 574 3326 erunt
587 3306 658 3334 post.
669 3316 688 3321 —-
701 3303 746 3335 qui
759 3304 872 3336 suerunt
882 3308 946 3336 post
966 3304 992 3329 Ρ.
1005 3318 1023 3323 -
1037 3305 1087 3329 Pro
1100 3306 1244 3331 secundum
1258 3314 1333 3331 suum
1347 3314 1392 3341 ge-

337 3342 386 3360 nus
404 3342 458 3361 esse
476 3339 619 3366 aeternum,
639 3338 781 3363 secundum
800 3346 876 3363 suum
895 3346 950 3364 esse
969 3343 1106 3365 aeternum
1127 3342 1201 3366 codd.
1217 3349 1270 3367 exc.
1285 3342 1343 3367 sGI.

1007 269 1078 305 DE
1107 267 1283 305 CAELO
1313 267 1384 304 ET
1413 266 1608 303 MUNDO
1639 266 1734 302 LlB.
1766 266 1797 302 ΙΙ

1428 344 1533 393 quod
1571 351 1699 381 motus
1728 344 1808 381 eius
1842 345 1888 382 sit
1916 355 2031 393 super
2067 343 2209 380 lineam
2239 343 2459 381 circularem
2479 350 2499 380 ¹.

1428 399 1477 434 Et
1505 397 1555 434 ita
1584 404 1734 446 oportet
1763 398 1870 446 quod
1898 397 2024 446 ipsum
2054 396 2099 433 sit
2127 396 2382 445 sphaericum.

1485 451 1518 488 5.
1557 450 1706 488 Deinde
1750 463 1839 488 cum
1883 451 1990 488 dicit:
2035 451 2166 486 Sumet
2204 455 2331 486 autem
2374 450 2500 499 utique

1428 504 1510 552 quis
1525 510 1608 551 etc.,
1626 504 1790 541 ostendit
1804 504 1910 553 quod
1930 504 2078 540 caelum
2100 503 2146 539 sit
2165 502 2386 552 sphaericae
2406 503 2502 551 figu-

1429 569 1506 604 rae,
1523 556 1668 594 ratione
1684 564 1837 606 sumpta
1853 569 1898 594 ex
1914 556 2139 606 corporibus
2154 555 2396 593 inferioribus
2408 557 2441 594 ²².
2453 557 2503 592 Et

1429 610 1554 659 primo
1573 610 1682 659 ponit
1700 610 1906 657 rationem3
1936 611 2106 647 secundo
2125 610 2264 659 probat
2287 609 2394 658 quod
2413 621 2503 658 sup-

1429 671 1619 712 posuerat,
1641 662 1708 700 ibi:
1738 663 1812 700 Sed
1838 669 1875 700 et
1900 663 2002 712 quod
2018 675 2142 712 aquae
2159 663 2375 712 superficies
2391 663 2411 683 *
2431 669 2501 699 etc.

1483 716 1584 753 Dicit
1605 729 1694 765 ergo
1718 716 1843 765 primo
1859 716 1964 765 quod
1985 716 2120 765 aliquis
2137 724 2264 766 potest
2283 727 2434 753 sumere
2458 715 2503 752 fi-

1431 770 1520 807 dem
1541 770 1590 807 ad
1610 771 1892 807 ostendendum
1914 770 2063 807 caelum
2082 782 2163 807 esse
2184 770 2440 819 sphaericum,
2457 781 2503 806 ex

1432 823 1656 872 corporibus
1684 822 1935 871 inferioribus,
1966 835 2064 872 quae
2085 831 2173 861 sunt
2192 824 2376 861 collocata
2405 823 2503 860 circa

1431 876 1604 913 medium
1628 876 1774 914 mundi.
1795 877 1908 925 Aqua
1929 876 2031 913 enirn
2052 884 2108 914 est
2126 876 2225 914 circa
2244 885 2397 924 terram,
2419 877 2504 913 licet

1431 942 1510 966 non
1539 941 1585 966 ex
1606 929 1721 966 -omni
1744 936 1851 978 parte
1871 935 1885 950 ⁸
1905 930 2100 979 cooperiat
2127 938 2268 968 terram
2298 930 2419 980 (quod
2448 937 2505 966 est

1431 990 1587 1031 propter
1614 982 1878 1019 necessitatem
1908 983 2162 1030 generationis
2192 991 2228 1021 et
2247 983 2504 1021 conservatio-

1431 1035 1489 1072 nis
1507 1035 1621 1082 vitae,
1642 1035 1809 1072 maxime
1831 1037 1850 1055 ⁵
1870 1035 2095 1073 animalium
2115 1044 2152 1073 et
2169 1037 2418 1086 plantarum),
2440 1049 2505 1074 aer

1432 1096 1560 1125 autern
1590 1088 1800 1125 circumdat
1827 1100 1982 1136 aquam,
2012 1089 2108 1138 ignis
2137 1097 2268 1127 autem
2297 1090 2506 1128 circumdat

1432 1153 1579 1188 aerem;
1606 1148 1643 1178 et
1662 1140 1876 1178 secundum
1905 1142 2070 1180 eandem
2100 1142 2287 1180 rationem
2308 1143 2506 1193 superiora

1432 1207 1594 1244 corpora
1614 1194 1852 1231 circumdant
1870 1194 2047 1232 inferiora
2066 1207 2190 1245 usque
2211 1197 2261 1234 ad
2280 1208 2507 1246 supremum

1432 1249 1593 1286 caelum.
1624 1246 1858 1285 Huiusmodi
1887 1247 1991 1285 enim
2017 1260 2180 1297 corpora
2208 1261 2288 1286 non
2307 1257 2395 1287 sunt
2406 1245 2506 1288 'con-

1431 1302 1551 1350 tinua,
1580 1309 1623 1338 ut
1650 1300 1695 1338 sit
1717 1302 1736 1321 *
1755 1307 1878 1338 totum
1906 1313 2029 1338 unum
2059 1313 2217 1351 corpus,
2247 1302 2337 1352 quia
2355 1302 2409 1340 sic
2427 1314 2508 1341 non

1432 1362 1531 1392 esset
1558 1354 1756 1404 quodlibet
1783 1353 1958 1403 ipsorum
1991 1354 2256 1404 sphaericum,
2286 1355 2356 1393 sed
2382 1361 2508 1393 totum

1432 1411 1535 1458 (pars
1551 1408 1653 1446 enim
1669 1407 1838 1457 corporis
1859 1407 2027 1445 continui
2047 1415 2198 1447 nonest
2212 1415 2299 1446 actu
2318 1408 2507 1457 figurata);

1432 1463 1499 1500 sed
1519 1462 1615 1499 haec
1644 1473 1806 1510 corpora
1834 1468 1992 1509 tangunt
2020 1474 2060 1499 se
2088 1461 2255 1499 invicem
2279 1462 2425 1512 absque
2445 1459 2508 1500 ali-

1433 1527 1509 1565 qua
1537 1514 1825 1564 interpolatione
1859 1514 2011 1552 alterius
2049 1514 2220 1564 corporis
2238 1514 2272 1564 ²,
2301 1515 2364 1553 vel
2393 1514 2507 1554 etiam

1431 1569 1556 1616 vacui,
1577 1575 1618 1605 ut
1636 1567 1881 1605 Democritus
1899 1568 2043 1618 posuit;
2065 1576 2100 1606 et
2118 1569 2194 1606 hoc
2213 1581 2328 1618 supra
2345 1570 2365 1591 ²⁸⁴
2384 1567 2509 1607 nomi-
2536 1573 2548 1585 ⁸

1433 1622 1537 1660 navit
1565 1621 1801 1659 continuum.
1832 1621 2064 1671 Superficies
2085 1629 2214 1659 autem
2234 1622 2349 1660 unius
2367 1623 2508 1661 horum

1433 1675 1655 1713 inferiorum
1685 1686 1891 1724 corporum
1921 1682 1977 1712 est
2003 1674 2223 1724 sphaerica:
2257 1675 2350 1714 illud
2378 1683 2509 1714 autem

1435 1729 1540 1779 quod
1564 1729 1815 1774 continuatur,
1837 1727 1933 1765 idest
1960 1727 2041 1765 sine
2069 1728 2360 1778 interpolatione
2380 1735 2399 1758 μ
2419 1741 2509 1773 con-

1435 1783 1610 1831 iungitur,
1641 1781 1790 1831 corpori
1818 1781 2018 1831 sphaerico
2049 1781 2271 1830 continenti,
2301 1789 2366 1820 aut
2393 1782 2509 1821 etiam

1435 1836 1541 1886 quod
1570 1843 1749 1873 movetur
1778 1834 1877 1872 circa
1910 1847 2049 1884 corpus
2082 1835 2324 1885 sphaericum
2354 1843 2510 1874 conten-

1435 1897 1531 1937 tum,
1557 1901 1712 1927 necesse
1737 1896 1794 1926 est
1818 1901 1901 1926 esse
1927 1888 2181 1938 sphaericum.
2211 1889 2324 1928 Unde
2349 1889 2398 1928 ab
2417 1889 2511 1928 infe-

1437 1943 1525 1981 riori
1553 1941 1709 1992 probari
1735 1948 1861 1991 potest
1889 1943 2132 1980 ascendendo
2161 1954 2286 1991 usque
2311 1943 2360 1981 ad
2380 1954 2512 1993 supre-

1438 2008 1546 2034 mum
1576 1996 1736 2042 caelum,
1757 1995 1862 2044 quod
1892 1995 2040 2032 caelum
2062 1996 2083 2016 ¹⁸
2101 1995 2147 2032 sit
2169 1995 2424 2046 sphaericum.

1492 2051 1527 2086 6.
1560 2049 1637 2086 Sed
1664 2048 1815 2085 videtur
1839 2048 1944 2098 quod
1962 2049 2058 2086 haec
2076 2048 2254 2098 probatio
2274 2061 2354 2087 non
2372 2049 2512 2087 habeat

1439 2102 1715 2140 necessitatem.
1747 2101 1787 2138 Si
1807 2101 1911 2138 enim
1936 2101 2046 2139 detur
2064 2101 2170 2151 quod
2189 2114 2290 2152 aqua
2309 2102 2357 2140 sit
2375 2102 2512 2152 sphae-

1439 2156 1538 2193 ricae
1554 2156 1710 2203 figurae,
1723 2166 1770 2191 ex
1784 2154 1858 2191 hoc
1874 2154 2073 2192 manifeste
2087 2154 2309 2194 habebitur·
2325 2156 2434 2204 quod
2447 2166 2513 2193 aer

1439 2209 1485 2246 sit
1503 2207 1722 2258 sphaericae
1742 2207 1888 2255 figurae
1908 2215 2095 2257 quantum
2111 2207 2161 2246 ad
2176 2207 2257 2246 eius
2277 2207 2511 2256 concavum3

1439 2274 1518 2299 non
1546 2268 1674 2298 autem
1702 2267 1864 2309 oportet,
1885 2267 1927 2298 ut
1944 2260 2109 2309 videtur,
2130 2261 2237 2311 quod
2256 2269 2444 2312 quantum
2462 2260 2514 2300 ad

1440 2326 1670 2352 convexum.
1775 2347 1784 2354 ,

1492 2368 1555 2405 Ad
1582 2367 1657 2404 hoc
1684 2366 1794 2415 igitur
1827 2366 2043 2404 Alexander
2075 2367 2302 2416 respondet,
2332 2367 2439 2418 quod
2467 2379 2513 2407 ex

1439 2422 1512 2459 hac
1548 2419 1873 2459 demonstratione
1909 2420 2093 2470 probatur
2124 2420 2145 2441 ⁴*
2177 2433 2340 2470 corpora
2377 2420 2513 2460 mundi
2541 2428 2550 2437 ·

1441 2487 1523 2512 esse
1551 2473 1749 2523 sphaerica
1777 2480 1964 2522 quantum
1998 2473 2049 2511 ad
2077 2485 2313 2523 concavum,
2343 2474 2440 2512 sicut
2467 2486 2514 2513 ex

1440 2527 1554 2578 priori
1569 2528 1600 2574 *,
1631 2539 1707 2577 qua
1726 2526 1770 2548 ²²*
1789 2526 2024 2576 procedebat
2042 2539 2066 2564 a
2085 2539 2267 2576 supremo
2292 2528 2398 2566 caelo
2425 2539 2514 2579 pro-
2542 2535 2551 2544 '

1441 2581 1614 2619 cedendo
1633 2582 1665 2629 *,
1694 2580 1930 2630 probabatur
1954 2579 2059 2630 quod
2083 2581 2179 2618 haec
2198 2593 2362 2631 corpora
2390 2589 2516 2620 essent

1441 2634 1637 2684 sphaerica
1669 2641 1856 2683 quantum
1890 2633 1940 2672 ad
1972 2645 2087 2671 suum
2121 2646 2356 2672 convexum:
2393 2642 2430 2672 et
2457 2647 2515 2674 se-

1441 2689 1612 2726 cundum
1641 2687 1716 2725 hoc
1749 2694 1881 2724 neutra
1914 2686 2287 2725 demonstrationum
2321 2695 2379 2726 est
2409 2688 2515 2727 suffi-

1442 2741 1543 2778 ciens
1563 2741 1644 2778 sine
1673 2740 1763 2788 alia,
1794 2740 1863 2778 sed
1886 2752 1931 2777 ex
1956 2740 2105 2778 duabus
2132 2753 2211 2778 una
2239 2741 2514 2780 demonstratio

1442 2794 1652 2832 conficitur.
1683 2794 1802 2841 Quod
1825 2793 1976 2832 videtur
1999 2806 2082 2831 esse
2108 2801 2240 2832 contra
2264 2793 2515 2833 intentionem

1441 2847 1662 2895 Aristotelis,
1691 2847 1757 2897 qui
1789 2854 1993 2896 utramque
2022 2847 2390 2899 demonstrationem
2419 2847 2515 2886 divi-

1441 2901 1513 2939 sim
1533 2899 1547 2925 ‘
1566 2900 1719 2949 inducit,
1749 2900 1857 2949 quasi
1884 2907 2046 2950 utraque
2074 2899 2121 2938 sit
2147 2912 2217 2950 per
2239 2913 2281 2938 se
2309 2901 2513 2940 sufficiens.

1443 2955 1491 2992 Et
1510 2954 1598 2992 ideo
1619 2954 1826 2992 dicendum
1847 2961 1914 3002 est,
1935 2953 2031 2991 sicut
2051 2953 2268 3004 Simplicius
2294 2953 2394 3004 dicit,
2410 2954 2516 3005 quod

1442 3020 1511 3057 per
1538 3009 1642 3046 hanc
1656 3006 2023 3045 demonstrationem
2042 3006 2274 3044 sufficienter
2291 3007 2478 3057 probatur
2495 3009 2516 3029 ¹⁹
2545 3013 2554 3023 ’

1444 3074 1606 3111 corpora
1635 3060 1769 3098 mundi
1799 3072 1882 3098 esse
1910 3060 2125 3110 sphaerica,
2147 3073 2227 3098 non
2246 3061 2373 3099 solum
2397 3073 2517 3112 quan-

1498 3201 1526 3236 λ)
1552 3202 1758 3235 interpolatione
1779 3201 1892 3227 alterius
1916 3202 2048 3234 corporis.
2065 3215 2085 3221 -
2106 3202 2323 3235 interpollatione
2347 3202 2460 3228 alterius
2482 3203 2522 3236 1²3

1444 3238 1565 3270 corporis
1583 3245 1638 3263 om.
1652 3237 1729 3263 etiam
1755 3237 1831 3262 codd.
1852 3245 1905 3262 exc.
1922 3237 1998 3267 AsG;
2019 3237 2160 3262 adiecimus
2180 3237 2249 3262 istud
2267 3237 2378 3263 verbum
2397 3237 2519 3264 clarinti·

1446 3280 1532 3298 causa.
1551 3273 1575 3298 G
1594 3274 1677 3306 prima
1697 3280 1776 3298 manu
1795 3280 1849 3297 om.
1870 3280 1921 3298 non
1941 3276 1982 3298 est
2000 3276 2096 3299 actu...
2117 3273 2228 3298 alterius
2248 3272 2386 3305 corporis:
2404 3273 2444 3298 εὔ
2463 3281 2517 3299 om.

1445 3308 1535 3341 aliqua
1554 3313 1613 3333 ante
1633 3307 1847 3341 interpolatione.

1499 3343 1528 3378 μ)
1549 3344 1617 3369 idest
1635 3344 1692 3369 sine
1711 3343 1926 3376 interpolatione.
1938 3357 1957 3362 -
1975 3343 2071 3376 BCle
2091 3347 2263 3376 cormmpunt
2282 3342 2351 3369 idest
2369 3343 2426 3369 sine
2445 3343 2471 3369 in
2490 3344 2518 3370 tn

389 3368 500 3411 0)·quod
519 3372 630 3397 velocius
648 3376 687 3397 est
705 3373 775 3405 quod
789 3375 947 3405 pertransit.
960 3389 979 3394 —
992 3376 1064 3408 quod
1077 3377 1189 3402 velocius
1203 3384 1258 3402 esse
1273 3377 1317 3402 ubi
1329 3385 1392 3410 per-
1438 3379 1505 3411 fine.
1524 3393 1542 3398 -
1556 3380 1646 3405 Statim
1666 3387 1714 3412 pro
1732 3378 1879 3412 sphaerico,
1901 3379 1971 3413 quod
1991 3386 2045 3404 om.
2061 3379 2090 3411 Ρ,
2108 3378 2216 3412 sphaeri
2234 3379 2300 3412 Bpl,
2319 3378 2463 3411 sphaeram
2482 3379 2518 3410 E;

339 3408 436 3430 transzt
453 3406 601 3438 BCDFpm,
621 3407 691 3439 quod
709 3409 820 3434 velocius
839 3416 894 3435 esse
911 3417 989 3443 quam
1000 3411 1151 3443 pertransit
1170 3412 1199 3443 E,
1214 3412 1326 3438 velocius
1338 3420 1394 3438 esse
1446 3413 1478 3438 cf.
1498 3419 1556 3439 text.
1577 3433 1580 3436 .

340 3440 410 3471 quod
425 3441 572 3472 pertransit
591 3442 636 3466 sG.

395 3474 413 3507 ι)
428 3475 463 3500 Et
477 3475 534 3500 ideo
547 3479 682 3508 oportet...
694 3478 858 3504 circularem.
871 3493 890 3498 -
904 3479 995 3510 Quoad
1010 3482 1226 3507 constructionem
1239 3482 1315 3508 huius
1333 3491 1393 3508 sen-

340 3510 441 3540 tentiae,
461 3510 490 3534 cf.
503 3510 546 3535 lib.
560 3511 577 3541 l,
591 3511 646 3536 lect.
661 3520 724 3541 mx.
739 3518 791 3538 not.
805 3512 826 3543 ξ.

395 3543 419 3578 κ)
439 3552 490 3570 non
510 3552 546 3570 ex
563 3546 635 3570 omni
648 3550 736 3579 parte.
750 3562 768 3567 -
786 3556 836 3573 non
856 3556 910 3575 om.
924 3550 1080 3583 BCpDGl.-
1099 3551 1149 3576 Pro
1166 3553 1347 3585 generationis
1366 3557 1393 3579 et

1499 3449 1523 3483 ν)
1544 3450 1683 3484 manifeste
1701 3450 1850 3475 habebitur.
1863 3463 1882 3469 -
1895 3449 2111 3484 manifestabitur
2130 3449 2150 3474 P
2169 3453 2195 3475 et
2214 3449 2290 3475 codd.
2303 3456 2359 3475 exc.
2371 3449 2450 3480 AsG3
2469 3450 2516 3475 sod

1447 3485 1668 3518 manifestabitur,
1684 3486 1755 3518 quod
1774 3485 1815 3510 hic
1835 3484 1900 3510 forte
1919 3486 2005 3511 minus
2025 3484 2130 3518 proprie
2148 3484 2285 3514 diceretur.
2303 3489 2343 3510 est
2361 3484 2442 3510 facilis
2461 3492 2518 3510 cor-

1446 3519 1530 3552 ruptio
1549 3528 1597 3553 pro
1617 3520 1725 3546 lectione
1743 3521 1775 3545 A.

1500 3553 1523 3587 ξ)
1544 3555 1659 3581 divisim.
1672 3570 1693 3575 —
1707 3556 1876 3582 divisibiliter
1895 3555 1923 3580 P.
1937 3569 1956 3576 -
1969 3555 2067 3581 Eadem
2087 3555 2174 3581 statim
2193 3563 2242 3588 pro
2256 3562 2309 3589 per
2327 3562 2355 3581 se
2372 3554 2517 3590 sufficiens,

342 3580 548 3605 conservationis
568 3581 651 3611 vitae,
670 3583 848 3614 generationis
867 3587 892 3608 et
911 3585 980 3610 vitae
998 3587 1035 3616 Α,
1056 3588 1237 3620 generationis
1256 3589 1326 3613 vitae
1345 3594 1393 3614 cet.
1442 3597 1494 3621 per
1512 3591 1659 3624 sufficiens,
1680 3599 1767 3616 errore
1786 3592 1875 3625 utique
1895 3590 2082 3625 typographico
2088 3599 2096 3623 3
2117 3591 2157 3616 ed.
2180 3589 2246 3616 1516
2266 3590 2328 3625 legit
2346 3595 2374 3616 ut
2391 3597 2440 3615 nos
2459 3597 2519 3615 cum

342 3622 395 3639 exc.
415 3614 460 3639 sE.

1448 3625 1588 3651 codicibus.

2531 556 2544 603 ξι
2555 555 2591 603 (2¹5.
2601 556 2655 578 lect.
2665 561 2744 584 praec.

2531 668 2540 677 ·
2555 666 2627 688 Num.
2641 672 2663 694 7.

2533 1042 2656 1064 'maxine
2665 1047 2748 1065 omm-

2535 1307 2748 1359 aree-“²
