2690 4062
1098 234 1210 294 CAP.
1242 235 1290 282 II,
1322 235 1475 273 LECT.
1506 238 1556 274 ΙΙΙ

2351 258 2421 282 CXV

998 469 1297 526 LECTIO
1337 471 1651 530 TERTIA

855 620 920 650 DE
951 621 1277 654 DIGESTIONE
1309 624 1374 654 ET
1406 625 1792 660 INDIGESTIONE

217 749 348 784 Δοιπόν
371 744 403 782 δ’
431 750 536 782 εἰπεῖν
569 749 618 783 τοὶ
651 748 804 796 ἐχόμενα
835 746 930 793 εἴδη,
958 750 1022 784 ὅσα
1055 755 1090 785 αἰ
1121 752 1294 798 εἰρημέναι

285 790 445 840 δυνάμεις
475 792 483 803 ’
508 793 679 841 γοίζονται
697 795 732 836 ἐξ
752 795 982 840 ὑποκειμένων
1001 798 1067 830 τῶν
1085 797 1180 842 φύσει
1205 810 1296 831 συνε-

284 839 427 874 στώτων
453 839 476 877 ἧ
499 853 534 878 η.
561 840 662 872 Ἔστι
680 839 730 877 ’δή
757 839 879 885 θερμοῦ
900 841 960 886 μὲν
979 841 1091 887 πέψις,
1110 841 1240 887 πέψεως
1257 839 1295 876 δέ

285 884 470 926 πέπανσις,
495 883 625 928 ἕψησις,
648 884 702 938 {vt
729 885 892 924 ὄπτησις·
920 885 1135 932 ψυχρότητος
1161 889 1190 923 δ’
1213 889 1296 922 ἀπε·
1315 930 1319 933 -

245 952 249 954 .
283 929 359 974 ψία,
378 929 513 968 ταύτης
537 925 568 977 δ’
593 929 744 974 ὦμοτης,
769 930 929 975 μῶλυσις,
951 931 1150 972 στοίτευσις.
1187 936 1244 966 Δεῖ
1262 930 1291 966 δ’

283 975 544 1019 ὑπολαμβάνειν
574 975 625 1029 μη
657 978 774 1020 κυρίως
804 977 924 1011 ταῦτα
956 975 1119 1023 λέγεσθαι
1143 981 1193 1012 τοὶ
1224 975 1295 1011 ὅνό-

283 1030 386 1064 ματα
410 1024 483 1058 τοῖς
509 1031 724 1066 πραγμασιν,
753 1020 824 1053 ἀλλ’
855 1021 894 1053 οὐ
918 1026 1032 1055 κεῖται
1055 1022 1205 1057 καθόλου
1222 1027 1294 1061 τοῖς

231 1074 234 1076 ’
284 1065 427 1122 ὁμοίοις,
445 1064 528 1098 ὥστ’
550 1065 589 1097 οὐ
615 1065 749 1107 ταῦτα,
777 1063 870 1098 ἀλλά
895 1067 1050 1100 τοιαῦτα
1073 1063 1127 1100 δεῖ
1149 1068 1294 1114 νομίζειν

283 1121 379 1143 ειναι·
397 1110 446 1143 τοὶ
469 1109 631 1154 εἰρημένα
655 1108 742 1147 εἴδη.
769 1111 924 1155 Εῐπωμεν
950 1106 980 1143 δ’
1005 1112 1119 1145 αὐτῶν
1146 1113 1294 1146 ἕκαστον

241 1188 247 1195 ⁴
283 1157 319 1190 τί
343 1153 452 1189 ἐστιν.
477 1153 591 1199 Πέψις-
601 1154 662 1199 μὲν
687 1151 744 1186 οὖν
763 1155 838 1188 ἐστι
859 1157 1033 1195 τελείωσις
1058 1157 1126 1190 ὑπὸ
1151 1159 1214 1191 τοῦ
1239 1168 1295 1201 φυ-

280 1200 381 1233 σηκοῦ
399 1202 479 1232 ’καῖ
489 1200 614 1232 οἰκείου
631 1198 754 1244 θερμοῦ
772 1200 809 1232 ἑκ
831 1201 900 1232 τῶν
919 1201 1159 1246 ἀντικειμένων
1187 1202 1295 1241 παθη-

283 1245 406 1279 τικῶν·
433 1245 553 1278 ταῦτα
578 1239 607 1276 δ’
636 1244 730 1277 ἐστὶν
756 1245 777 1281 ἡ
805 1245 912 1277 οἰκεία
938 1245 1072 1288 ἑκάστῳ
1099 1246 1180 1285 ὕλη·
1208 1246 1293 1280 ὅταν

282 1289 349 1338 γάρ
368 1287 492 1334 πεφθῇ,
512 1290 738 1323 τετελείωταί
757 1301 796 1321 τε
821 1291 879 1321 καὶι
899 1290 1051 1336 γέγονεν.
1078 1293 1145 1324 Καὶ
1163 1292 1184 1328 ’ἢ
1204 1292 1226 1325 οἱ
1246 1294 1293 1338 χη

282 1334 347 1373 τῆς
373 1334 578 1372 τελειώσεως
597 1334 664 1366 ύπό
689 1333 898 1378 θερμότητος
918 1337 980 1374 τῆς
1009 1336 1132 1375 οἰκείας
1153 1348 1218 1382 συμ
1245 1340 1294 1369 αί-

281 1391 345 1422 νει,
362 1378 426 1412 κᾶν
443 1375 504 1412 διαί
520 1391 612 1417 τινος
629 1379 696 1411 τῶν
718 1378 817 1417 ἐκτὸς
859 1377 992 1418 οηθείας
1010 1381 1292 1423 συνεπιτελεσθῆ,

283 1425 353 1458 οἷον
378 1425 400 1462 ἡ
426 1423 534 1470 τροφὴ
559 1423 802 1468 συμπέττεται
850 1425 887 1457 ιά
914 1425 1065 1467 λουτρῶν
1095 1428 1154 1458 καὶ
1181 1415 1291 1458 ἄλλων

283 1468 453 1503 τοιούτων
465 1481 472 1489 ·
501 1469 574 1502 ἀλλ’
595 1467 616 1506 ἥ
632 1469 664 1515 γ’
687 1468 776 1514 ἀρχή
795 1469 816 1505 ἡ
834 1468 868 1501 ἑν
887 1467 984 1511 αὐτῷ
1001 1469 1166 1514 θερμότης
1184 1471 1290 1503 ἐστίν.

225 1537 231 1540 -
282 1514 328 1548 Τό
353 1510 392 1547 δὲ
417 1513 517 1552 τέλος
542 1517 614 1552 τοῖς
639 1513 700 1557 μὲν
717 1515 739 1550 ’ἡ
757 1512 853 1557 φύσις
879 1514 968 1555 ἐστὶ,
994 1514 1090 1559 φύσις
1114 1511 1144 1547 δ’
1173 1516 1212 1553 η”ν
1237 1515 1293 1548 λε’·

282 1570 387 1607 γομεν
412 1560 455 1597 ὥς
480 1555 568 1596 εἶδος
592 1558 652 1590 καὶ
679 1556 815 1590 οὐσίαν·
843 1562 914 1597 τοϊς
939 1553 970 1590 δ’
995 1561 1040 1598 εἱς
1067 1559 1291 1605 ὑποκειμένην

283 1603 365 1637 τινοὶ
379 1604 510 1649 μορφήν
535 1602 577 1636 τό
604 1602 703 1642 τέλος
722 1603 796 1636 ἐστὶ
815 1604 878 1642 τῆς
895 1602 1040 1648 πέψεως,
1059 1603 1145 1638 ὅταν
1165 1601 1293 1638 τοιονδὶ

279 1648 428 1696 γίνηται
450 1650 510 1680 καὶ
535 1643 674 1681 τοσονδί
699 1649 742 1682 τό
768 1649 867 1694 ὑγρόν
889 1647 910 1686 ἦ
936 1649 1150 1694 ὀπτώμενον,
1172 1649 1194 1687 ἦ
1219 1649 1294 1694 ἐψό-

281 1704 403 1739 μενον,
430 1691 452 1730 ἧ
477 1692 690 1737 σηπόμενον,
717 1692 739 1731 ἦ
766 1693 876 1731 ἄλλως
907 1706 977 1732 πως
1010 1694 1291 1740 θερμαινόμενον·

282 1737 368 1772 τότε
385 1738 450 1785 γὰρ
475 1736 644 1784 χρήσιμόν
663 1737 737 1770 ἐστι
760 1739 820 1770 καὶ
845 1737 1019 1783 πεπέφθαι
1036 1741 1160 1784 φαμέν,
1179 1739 1291 1786 ὥσπερ

281 1784 325 1817 τὸ
340 1783 483 1830 γλεῦκος
502 1785 560 1814 καὶ
582 1781 631 1815 τοὶ
650 1782 684 1815 ὲν
701 1787 774 1821 τοῖς
795 1782 925 1828 φύμασι
943 1785 1187 1830 συνιστάμενα,
1206 1782 1293 1818 ὅταν

305 1827 427 1866 ι’νηται
453 1827 552 1869 πύον,
569 1829 629 1860 καὶ
655 1827 695 1861 ‘ro'
720 1823 880 1873 δάκρυον,
901 1827 987 1861 ὅταν
1011 1828 1159 1876 γένηται
1178 1829 1290 1875 λήμη·

302 1875 404 1919 μοίως
430 1869 469 1906 δὲ
491 1873 552 1905 καὶ
578 1870 705 1907 τᾶλλα.

213 1918 398 1965 Συμβαίνει
421 1916 459 1950 δὲ
485 1917 595 1950 τοῦτο
622 1916 770 1964 ποίσχειν
797 1916 947 1959 ἅπασιν,
975 1916 1063 1951 ὅταν
1087 1918 1244 1964 κρατηθῇ
1271 1920 1292 1956 ’ἦ

282 1961 345 2000 ὕλη
377 1964 436 1995 καὶ
469 1962 490 1998 ἠ
524 1962 688 2008 ύγρότης·
715 1961 807 2000 αὕτη
837 1962 902 2008 γάρ
933 1963 1028 1995 ἐστιν
1061 1964 1082 2000 ἢ
1117 1963 1291 2009 ὁριζομένη

282 2008 350 2040 ὑπό
375 2007 441 2045 τῆς
465 2006 500 2038 ἐν
526 2008 572 2049 τῇ
605 2006 702 2052 φύσει
734 2006 962 2052 θερμότητος·
989 2006 1050 2046 ἕως
1074 2009 1139 2055 γοὶρ
1167 2007 1206 2041 ἄν
1233 2009 1292 2051 ἐνῇ

280 2050 319 2086 ἂν
344 2051 439 2094 αὐτῇ
458 2051 475 2084 ὁ
491 2050 606 2098 λόγος,
626 2050 720 2096 φύσις
747 2050 844 2085 τοῦτ’
866 2052 978 2084 ἔστιν·
1005 2047 1057 2085 διὸ
1082 2055 1140 2085 καὶ
1163 2055 1293 2100 ὑγιείας

227 2108 232 2113 ·
280 2099 408 2142 σημεῖα
432 2097 481 2128 τοὶ
506 2097 674 2138 τοιαῦτα,
699 2099 759 2129 καὶ
785 2094 869 2141 οὖρα
894 2099 952 2128 καὶ
977 2097 1210 2143 ὑποχωρήσεις
1233 2100 1292 2130 καὶ

281 2139 368 2180 ὅλως
393 2142 443 2174 τοὶ
467 2141 734 2186 περιττώματα.
765 2142 832 2174 Καὶ
855 2141 999 2188 λέγεται
1025 2141 1209 2187 πεπέφθαι,
1236 2141 1294 2176 ὅτι

238 2221 246 2226 ,
279 2181 381 2224 δηλοῖ
401 2189 543 2231 κρατεῖν
569 2187 634 2224 τήν
661 2185 862 2231 θερμότητα
887 2187 952 2223 τήν
972 2186 1098 2219 οἰκείαν
1118 2188 1181 2220 τοῦ
1204 2187 1293 2232 ἀορί-

280 2242 379 2265 στου.
410 2229 564 2277 Ἀνοίγκη
590 2230 628 2264 δέ
651 2232 698 2264 τοὶ
716 2229 918 2275 πεττόμενα
937 2230 1123 2276 παχύτερα
1146 2234 1205 2264 καὶ
1222 2230 1295 2277 θερ-

282 2275 415 2323 μότερα
449 2271 555 2308 εἶναι·
582 2276 744 2309 τοιοῦτον
775 2277 842 2322 γάρ
877 2276 1046 2308 ἀποτελεῖ
1075 2277 1117 2309 τὸ
1149 2274 1292 2321 θερμόν,

282 2319 508 2367 εὖογκότερον
532 2323 591 2353 καὶ
610 2319 809 2366 παχύτερον
825 2322 883 2352 καὶ
909 2319 1102 2366 ξηρότερον.
1120 2319 1218 2365 Πέψις
1232 2322 1292 2366 μὲν

282 2363 340 2399 οὖν
357 2365 456 2399 τοῦτ’
476 2365 584 2398 ἐστίν·

217 2406 349 2455 ἀπεψία
364 2406 394 2442 δ’
418 2409 563 2445 ἀτέλεια
581 2407 618 2442 δι’
639 2407 773 2443 ἔνδειαν
793 2410 856 2448 τῆς
874 2409 1000 2447 οἰκείας
1023 2409 1251 2454 θερμότητος·
1270 2410 1292 2447 ἡ

280 2450 310 2488 δ’
331 2450 447 2488 ἔνδεια
464 2456 527 2493 τῆς
552 2453 763 2500 Θερμότητος
783 2453 953 2500 ψυχρότης
980 2454 1091 2487 ἐστίν·
1119 2455 1140 2492 ἦ
1156 2449 1186 2487 δ’
1210 2453 1292 2487 ἀτέ-

279 2499 359 2534 λειοί
383 2497 458 2533 ἐστι
479 2501 548 2533 τῶν
567 2499 805 2544 ἀντικειμένων
833 2498 1054 2540 παθητικῶν,
1082 2498 1169 2543 ἥπερ
1198 2497 1291 2531 ἐστὶν

281 2543 418 2587 ἑκάστῳ
445 2545 542 2589 φύσει
570 2543 645 2582 ὕλη.
671 2544 770 2589 Πέψις
795 2545 855 2589 μὲν
882 2542 939 2577 οὖν
963 2546 1022 2576 καὶ
1056 2543 1186 2588 ἀπεψία
1215 2544 1292 2575 διω-

282 2588 381 2634 ρίσθω
406 2591 534 2623 τοῦτον
560 2591 621 2622 τόν
647 2588 787 2635 τρόπον.

239 2707 247 2715 ,
280 2699 289 2727 ἒ
328 2708 337 2721 ,
440 2708 444 2715 ,
474 2686 629 2755 οετῳιειὶιι
653 2677 880 2754 Philolsophus
905 2677 1134 2711 determinavit
1154 2676 1193 2710 de
1213 2687 1292 2720 ope-

296 2734 299 2742 *
335 2723 367 2754 J?
429 2720 448 2747 ί·
473 2723 592 2756 rationi
617 2733 656 2755 us
704 2734 745 2755 ua
760 2723 877 2755 itatum
925 2723 1084 2755 rimarum
1112 2722 1146 2754 in
1171 2721 1292 2754 consti-

270 2756 285 2797 V—
327 2703 458 2831 ‘affini‘
473 2768 602 2800 tutione
619 2775 652 2800 et
669 2734 883 2800 dciestitutione
901 2734 965 2806 Ifei,
984 2777 1074 2799 nunc
1098 2765 1293 2799 determinat

276 2821 286 2831 ’
328 2806 416 2834 ῗχ’ὲ“
474 2811 515 2846 de
539 2811 788 2856 operationibus
813 2822 897 2856 quae
921 2811 992 2844 eius
1008 2812 1026 2831 *
1042 2818 1292 2855 consequuntur

291 2858 299 2862 ”
435 2862 438 2865 ’
474 2868 545 2890 rem
558 2857 592 2890 in
605 2868 676 2890 esse
692 2857 759 2889 iam
776 2856 968 2889 constituto.
985 2856 1027 2889 Et
1043 2856 1127 2888 circa
1141 2854 1206 2888 hoc
1223 2853 1291 2888 duo

215 2901 308 2938 facit:
325 2902 435 2947 primo
451 2901 648 2936 determinat
660 2900 700 2934 de
713 2900 832 2934 talibus
846 2912 866 2934 o
893 2899 1094 2934 erationibus
1107 2898 1291 2933 secundum

216 2959 275 2990 se3,
291 2945 439 2981 secundo
463 2945 504 2980 de
523 2945 696 2990 speciebus
713 2957 838 2986 earum,
855 2946 866 2978 i
891 2946 915 2978 i:
931 2945 1074 2990 Pepansis
1089 2946 1217 2978 autem*
1229 2953 1290 2977 etc.

217 2993 315 3028 Circa
333 2992 480 3036 primum
505 2990 573 3025 duo
589 2990 682 3024 facit:
726 2991 812 3023 rimo
832 2989 1029 3023 determinat
1047 2988 1087 3023 de
1105 2988 1290 3033 digestione

239 3049 302 3071 uae
322 3045 372 3070 est
386 3037 511 3081 prima3
530 3035 679 3069 secundo
696 3002 736 3069 <ie
756 3034 978 3078 indigestione
993 3035 1023 3067 ei
1041 3034 1206 3078 opposita,
1226 3033 1288 3076 ibi:

215 3049 375 3126 fndigestio
399 3087 500 3115 autem
521 3079 538 3097 *
561 3089 622 3114 etc.
648 3080 745 3114 Circa
775 3079 919 3124 primum
949 3080 1068 3112 iterum
1098 3078 1166 3112 duo
1196 3077 1289 3111 facit:

216 3127 327 3172 primo
351 3125 466 3160 definit
489 3124 727 3170 digestionem3
756 3123 903 3158 secundo
928 3123 1073 3157 ostendit
1099 3122 1234 3168 quando
1258 3131 1291 3156 et

219 3170 392 3217 quomodo
405 3170 476 3211 fiat,
500 3169 562 3204 ibi:
586 3170 705 3204 Accidit
727 3176 828 3203 autem
852 3169 903 3203 hoc
917 3168 934 3185 *
954 3177 1014 3202 etc.

272 3217 364 3250 Dicit
387 3227 422 3249 er
445 3226 466 3248 o
495 3216 622 3260 primo,
653 3214 745 3260 quod
801 3223 854 3247 ost
881 3213 1095 3247 determinata
1125 3211 1290 3257 reliquum

217 3269 268 3295 est
283 3260 391 3295 dicere
435 3272 452 3293 e
469 3259 718 3304 operationibus
742 3267 774 3292 ta
788 3260 858 3292 ium
883 3258 1089 3303 qualitatum,
1106 3268 1189 3301 quae
1210 3268 1287 3289 con-

217 3317 253 3339 se
277 3314 403 3339 uuntur
425 3315 477 3338 res
500 3305 566 3337 iam
591 3304 786 3337 constitutas
809 3304 844 3336 in
868 3315 957 3343 esse,
989 3314 1073 3347 quae
1097 3310 1175 3334 sunt
1198 3302 1288 3334 istae.

218 3350 248 3384 C
281 3349 327 3384 idi
349 3350 440 3383 enim
464 3349 614 3393 operatio
643 3349 678 3381 in
701 3349 805 3382 mixto
829 3356 879 3381 est
903 3347 1054 3391 digestio.
1086 3346 1290 3390 Digestionis

217 3403 330 3428 autem
353 3393 479 3438 species
503 3402 581 3426 sunt
596 3394 761 3437 pepansis,
776 3392 924 3437 hepsesis
945 3401 977 3425 et
998 3391 1131 3435 optesis.
1157 3389 1292 3433 Frigidi-

218 3440 293 3472 tatis
317 3447 428 3472 autem
460 3437 610 3482 operatio
634 3446 684 3471 est
711 3437 906 3481 indigestio:
937 3436 1031 3469 cuius
1061 3434 1290 3478 indigestionis

217 3484 344 3528 species
368 3490 446 3516 sunt
473 3491 623 3523 omotes‚
655 3482 834 3526 molynsis,
870 3490 903 3514 et
930 3480 1092 3513 stateusis.
1125 3477 1287 3512 Conside-

218 3527 359 3561 randum
383 3535 434 3561 est
456 3535 567 3560 autem
596 3527 681 3560 sicut
711 3527 781 3571 ipse
810 3526 906 3566 dicit,
937 3523 1027 3569 quod
1051 3524 1131 3557 haec
1155 3523 1290 3555 nomina

218 3583 286 3606 non
311 3581 389 3605 sunt
411 3572 545 3616 propria
568 3571 740 3616 speciebus
765 3570 969 3614 digestionis,
993 3567 1050 3601 sed
1069 3576 1146 3601 sunt
1162 3578 1290 3600 accom-

218 3616 352 3651 modata
368 3628 427 3661 per
443 3616 608 3661 quandam
625 3615 876 3649 similitudinem
893 3623 925 3647 et
943 3613 1203 3658 proportionem.

1349 758 1367 778 *
1382 759 1557 800 Reliquum
1580 769 1687 792 autem
1710 771 1757 794 est
1777 764 1878 795 dicere
1901 765 2021 796 habitas
2045 766 2175 807 species,
2200 777 2419 810 quascumque

1417 804 1671 855 dictae-virtutes
1694 815 1866 847 operantur
1888 820 1925 840 ex
1941 810 2114 851 suppositis
2138 818 2250 843 natura
2273 820 2418 844 constan-

1416 849 1502 879 tibus
1524 859 1598 900 iarn.
1616 851 1672 881 Est
1694 851 1800 893 itaque
1824 853 1915 884 calidi
1939 853 2084 894 digestio,
2103 855 2288 896 digestionis
2311 865 2419 889 autem

1415 903 1575 934 pepansrs,
1591 894 1741 935 hepsesis,
1758 898 1861 928 adhuc
1884 899 2012 938 optesis.
2029 899 2054 929 F
2057 899 2219 940 rigiditatis
2240 908 2346 933 autem
2369 903 2418 933 in-

1417 938 1570 978 digestio:
1602 939 1697 974 huius
1736 948 1843 972 autem
1878 950 2022 982 ommes,
2052 944 2228 986 molynsiS‚
2261 947 2416 978 stateusis.

1417 981 1554 1023 Oportet
1567 990 1675 1014 autern
1691 984 1866 1017 existimare
1889 997 1954 1017 non
1969 987 2097 1028 proprie
2112 989 2189 1020 haec
2210 990 2270 1021 dici
2285 991 2418 1022 nomina

1415 1027 1522 1066 rebus,
1540 1028 1596 1058 sed
1618 1038 1684 1059 non
1708 1029 1809 1061 iacent
1832 1030 2047 1062 universaliter
2076 1032 2124 1063 his
2147 1044 2230 1075 quae
2257 1029 2416 1067 similiter:

1417 1081 1515 1112 quare
1538 1082 1606 1103 non
1620 1073 1678 1104 has
1702 1074 1757 1104 sed
1772 1074 1848 1104 tales
1867 1074 1993 1116 oportet
2016 1083 2127 1117 putare
2143 1087 2210 1109 esse
2234 1078 2331 1110 dictas
2347 1090 2416 1121 spe-

1417 1116 1488 1147 cies.
1506 1117 1658 1148 Dicamus
1681 1125 1789 1149 autem
1812 1119 1958 1159 ipsorum
1981 1122 2237 1163 unumquodque
2257 1123 2335 1164 quid
2358 1131 2415 1156 est.

1415 1160 1558 1201 Digestio
1582 1161 1713 1203 quidem
1735 1162 1831 1203 igitur
1854 1171 1900 1195 est
1922 1164 2073 1205 perfectio
2093 1176 2111 1196 a
2133 1167 2268 1198 naturali
2292 1175 2322 1199 et
2345 1179 2418 1209 pro·

1415 1205 1487 1246 prio
1511 1205 1614 1236 calido
1632 1216 1668 1237 ex
1685 1207 1840 1247 oppositis
1864 1208 2004 1248 passivis.
2022 1210 2109 1241 Haec
2126 1218 2234 1242 autem
2249 1219 2324 1243 sunt
2345 1223 2418 1253 pro-

1415 1250 1484 1290 pria
1516 1250 1690 1292 unicuique
1714 1252 1852 1283 materia.
1881 1252 1965 1283 Cum
1994 1254 2080 1284 enim
2110 1255 2268 1295 digestum
2301 1256 2414 1295 fuerit,

1415 1294 1656 1336 perfectumque
1673 1303 1720 1327 est
1738 1303 1769 1327 et
1792 1297 1921 1328 factum.
1942 1298 1983 1328 Et
1998 1298 2191 1339 principium
2214 1300 2417 1340 perfectionis

1415 1349 1434 1369 a
1458 1339 1613 1371 caliditate
1637 1340 1770 1380 proprias
1787 1341 1909 1380 accidit,
1939 1348 1969 1372 et
1992 1352 2047 1382 per
2070 1343 2201 1384 aliquod
2225 1345 2415 1376 exteriorum

1415 1384 1570 1414 auxilium
1600 1391 1860 1416 consummatum
1891 1393 1954 1424 est,
1977 1387 2064 1418 velut
2092 1388 2278 1419 alimentum
2307 1390 2416 1420 condi-

1414 1428 1533 1468 geritur
1555 1435 1586 1459 et
1609 1439 1665 1469 per
1687 1429 1798 1459 balnea
1821 1436 1851 1460 et
1874 1440 1930 1470 per
1946 1430 2006 1461 alia
2021 1431 2110 1462 talia:
2136 1432 2286 1474 aliudque
2301 1434 2415 1474 princi-

1414 1473 1506 1513 pium
1522 1483 1604 1514 quae
1623 1473 1655 1503 in
1671 1473 1741 1513 ipso
1759 1474 1899 1504 caliditas
1915 1481 1970 1505 est.
1995 1475 2080 1506 Finis
2097 1483 2204 1508 autem
2219 1477 2268 1508 his
2284 1478 2415 1519 quidem

1414 1524 1526 1548 natura
1556 1524 1602 1548 est
1624 1515 1758 1560 (natura
1788 1526 1895 1549 autem
1918 1529 2016 1559 quam
2049 1520 2183 1551 dicimus
2214 1529 2250 1553 ut
2277 1523 2415 1563 speciem

1414 1569 1445 1593 et
1468 1561 1706 1605 substantiam);
1726 1562 1775 1592 his
1791 1570 1896 1593 autem
1916 1563 1949 1594 in
1973 1564 2144 1595 subiectam
2168 1567 2328 1606 quandam
2352 1567 2415 1598 for-

1413 1617 1502 1637 mam
1527 1605 1598 1636 finis
1626 1613 1673 1637 est
1699 1607 1900 1647 digestionis,
1930 1618 2004 1638 cum
2030 1609 2090 1639 tale
2118 1609 2211 1641 fuerit
2240 1611 2358 1642 factum
2385 1619 2417 1643 et

1413 1657 1539 1682 tantum
1562 1651 1744 1691 humidum,
1767 1659 1821 1682 aut
1848 1653 1985 1692 optesim
2007 1663 2147 1692 passum,
2169 1661 2223 1685 aut
2245 1655 2414 1696 hepsesim,

1414 1702 1470 1726 aut
1492 1695 1704 1736 putrefactum
1717 1719 1726 1735 ‚
1751 1703 1806 1727 aut
1829 1696 1919 1727 aliter
1941 1697 2075 1738 qualiter
2105 1699 2300 1730 calefactum.
2320 1701 2417 1731 Tunc

1414 1740 1502 1771 enim
1518 1740 1594 1771 utile
1618 1747 1676 1777 est.
1693 1748 1723 1771 et
1739 1741 1897 1781 digestum
1921 1751 1988 1772 esse
2004 1742 2148 1774 dicimus.
2166 1743 2253 1774 Sicut
2271 1751 2415 1775 mustum

1415 1792 1445 1816 et
1461 1795 1543 1826 quae
1558 1784 1590 1815 in
1608 1785 1775 1816 nascentiis
1792 1786 1977 1825 constantia,
1993 1796 2067 1817 cum
2088 1786 2168 1818 facta
2184 1787 2299 1819 fuerint
2321 1789 2415 1829 quale

1415 1836 1446 1860 et
1468 1829 1597 1860 lacrima
1633 1840 1708 1860 cum
1731 1829 1812 1861 facta
1835 1829 1928 1861 fuerit
1950 1830 2049 1862 leme:
2079 1831 2221 1863 similiter
2250 1840 2357 1864 autem
2385 1840 2417 1864 et

1415 1874 1485 1905 alia.

1348 1918 1472 1950 Accidit
1494 1925 1603 1949 autem
1626 1918 1688 1950 hoc
1712 1918 1777 1959 pati
1802 1918 1964 1958 omnibus,
1988 1929 2062 1950 cum
2086 1920 2265 1951 obtineatur
2288 1922 2417 1952 materia

1416 1970 1447 1994 et
1477 1963 1667 1994 humiditas:
1692 1963 1770 1994 haec
1802 1963 1888 1994 enim
1912 1970 1958 1994 est
1988 1974 2070 2004 quae
2102 1965 2287 1996 terminatur
2318 1966 2356 1996 ab
2381 1976 2417 1996 ea

1416 2018 1499 2049 quae
1522 2008 1555 2038 in
1579 2014 1690 2039 natura
1714 2007 1888 2038 caliditate:
1920 2008 2062 2049 quandiu
2087 2009 2172 2040 enirn
2196 2009 2270 2040 insit
2292 2009 2325 2040 in
2348 2010 2416 2050 ipsa

1415 2053 1507 2091 ratio,
1524 2059 1636 2083 natura
1659 2053 1736 2083 haec
1761 2059 1815 2084 est.
1841 2053 1973 2093 Propter
1996 2053 2085 2094 quod
2109 2060 2140 2084 et
2167 2054 2305 2085 sanitatis
2330 2055 2417 2094 signa

1416 2107 1499 2139 quae
1517 2097 1602 2135 talia,
1619 2104 1649 2128 et
1668 2097 1760 2127 urina
1783 2103 1814 2127 et
1830 2097 2032 2135 secessiones,
2049 2104 2080 2128 et
2102 2098 2238 2128 totaliter
2254 2099 2417 2139 superflui—

2447 778 2455 785 ·
2471 775 2528 804 Cap.
2543 782 2571 798 ιι.

1415 2149 1504 2173 tates.
1521 2142 1562 2172 Et
1585 2141 1735 2172 dicuntur
1758 2141 1878 2181 digesta
1900 2151 1978 2180 esse,
1999 2152 2071 2172 cum
2095 2142 2256 2173 insinuent
2279 2143 2416 2174 calidita-
2462 2163 2465 2166 -

1415 2193 1481 2217 tem
1514 2186 1677 2226 propriam
1709 2186 1852 2217 obtinere
1874 2186 2116 2217 indeterminati.
2142 2187 2276 2218 Necesse
2308 2194 2415 2218 autem

1416 2231 1536 2271 digesta
1558 2230 1718 2271 grossiora
1741 2237 1772 2261 et
1795 2230 1942 2261 calidiora
1966 2238 2049 2262 esse:
2074 2231 2134 2262 tale
2151 2231 2236 2262 enim
2260 2231 2353 2262 efficit
2369 2242 2414 2262 ca-

1414 2275 1519 2307 lidum
1548 2274 1689 2306 melioris
1721 2275 1815 2305 molis
1839 2282 1870 2306 et
1899 2275 2038 2315 grossius
2061 2282 2092 2306 et
2124 2275 2246 2307 siccius.
2272 2275 2414 2316 Digestio

1415 2319 1548 2362 quidem
1570 2319 1667 2361 igitur
1689 2319 1766 2350 haec
1790 2326 1845 2350 est.

1349 2408 1521 2450 Indigestio
1545 2414 1653 2440 autem
1675 2407 1872 2449 imperfectio
1895 2414 2025 2448 propter
2039 2407 2246 2448 indigentiam
2269 2408 2414 2449 propriae

1416 2453 1594 2485 caliditatis:
1618 2453 1791 2493 indigentia
1807 2459 1914 2483 autem
1931 2452 2094 2483 caliditatis
2113 2452 2263 2492 frigiditas
2280 2459 2334 2484 est.
2353 2453 2413 2483 Im-

1414 2498 1567 2539 perfectio
1584 2505 1691 2529 autem
1711 2504 1757 2528 est
1779 2497 2005 2538 oppositorum
2020 2497 2230 2537 passivorum,
2250 2507 2331 2538 quae
2347 2497 2415 2538 qui-

1415 2543 1490 2573 dem
1519 2549 1566 2574 est
1589 2542 1763 2583 unicuique
1787 2549 1916 2573 naturae
1944 2541 2083 2572 materia.
2114 2541 2255 2581 Digestio
2283 2541 2414 2583 quidem

1414 2587 1510 2628 igitur
1529 2594 1560 2618 et
1577 2586 1746 2627 indigestio
1768 2586 1993 2618 determinetur
2011 2586 2074 2617 hoc
2092 2586 2203 2617 modo.

1405 2673 1693 2709 Considerandum
1717 2683 1767 2708 est
1789 2675 1908 2707 iterum
1932 2673 2023 2718 quod
2046 2672 2272 2717 indigestionis
2289 2682 2338 2706 est
2354 2673 2412 2707 du-

1347 2719 1423 2764 plex
1447 2731 1561 2752 causa:
1587 2731 1652 2752 una
1675 2730 1734 2763 per
1757 2730 1802 2759 se,
1827 2728 1859 2752 et
1874 2718 1954 2751 haec
1978 2726 2027 2751 est
2045 2717 2218 2761 frigiditas:
2243 2718 2319 2762 quia
2335 2729 2412 2751 con-

1347 2765 1518 2797 trariarum
1535 2775 1706 2797 causarum
1723 2772 1801 2797 sunt
1813 2762 1948 2796 effectus
1965 2774 2022 2806 per
2038 2774 2072 2795 se
2090 2762 2257 2802 contrarii,
2273 2762 2300 2794 si
2313 2763 2412 2805 igitur

1347 2808 1493 2842 caliditas
1519 2817 1568 2842 est
1592 2819 1688 2841 causa
1712 2807 1919 2852 digestionis,
1942 2806 2099 2850 frigiditas
2123 2806 2182 2839 erit
2206 2817 2302 2839 causa
2325 2806 2410 2839 indi-

1346 2854 1524 2898 gestionis;
1548 2852 1610 2886 alia
1634 2864 1692 2897 per
1710 2852 1876 2892 accidens,
1907 2860 1939 2885 et
1962 2851 2041 2884 haec
2065 2859 2113 2884 est
2136 2851 2275 2883 remotio
2301 2850 2408 2884 calidi-

1346 2899 1436 2932 tatis:
1452 2899 1537 2931 sicut
1553 2898 1642 2931 enim
1655 2898 1836 2941 praesentia
1850 2895 2019 2929 caliditatis
2031 2894 2167 2928 faciebat
2181 2894 2409 2938 digestionem,

1346 2944 1390 2976 ita
1414 2954 1452 2976 ea
1474 2951 1601 2976 remota
1625 2950 1771 2975 remanet
1796 2952 1847 2974 res
1875 2940 2046 2984 indigesta.
2076 2939 2140 2973 Sed
2165 2940 2240 2983 quia
2267 2940 2408 2972 remotio

1347 2987 1517 3021 caliditatis
1537 2987 1632 3031 ponit
1655 2985 1876 3029 frigiditatem,
1900 2984 2047 3018 absolute
2072 2983 2190 3017 dicitur
2206 2982 2295 3028 quod
2313 2994 2409 3016 causa

1345 3032 1574 3076 indigestionis
1598 3040 1646 3064 est
1670 3030 1836 3074 frigiditas.

1401 3078 1460 3110 Est
1483 3077 1592 3120 itaque
1616 3075 1755 3118 digestio
1775 3072 1931 3118 perfectio
1955 3071 2127 3117 quaedam,
2144 3071 2228 3105 idest
2246 3081 2408 3105 transmu-

1345 3122 1425 3155 tatio
1443 3121 1565 3154 ducens
1582 3119 1623 3153 ad
1639 3131 1709 3152 esse
1725 3117 1917 3162 perfectum,
1930 3125 2060 3150 causata
2076 3115 2222 3149 effective
2239 3128 2257 3149 a
2273 3116 2407 3160 proprio

1346 3175 1377 3199 et
1393 3164 1530 3198 naturali
1548 3163 1653 3198 calido
1671 3162 1760 3208 quod
1773 3174 1790 3194 a
1816 3163 1840 3194 it
1852 3163 1885 3194 in
1900 3162 2019 3194 virtute
2040 3160 2163 3193 formae
2188 3160 2408 3193 substantialis

1345 3223 1385 3244 ex
1408 3209 1570 3253 oppositis
1594 3208 1746 3252 passivis,
1770 3174 1853 3240 idgest
1875 3205 1959 3239 facta
1982 3207 2015 3238 in
2040 3204 2247 3249 qualitatibus
2271 3205 2408 3248 passivis

1368 3267 1429 3287 uae
1449 3262 1526 3286 sunt
1549 3253 1721 3297 oppositae
1738 3252 1791 3284 isti
1806 3253 1834 3291 *‚
1858 3259 2013 3294 tanquam
2030 3250 2063 3282 in
2079 3249 2223 3282 materia.
2245 3249 2296 3282 Fit
2319 3249 2408 3282 enim

1346 3268 1485 3342 digestio
1513 3309 1531 3330 a
1558 3297 1694 3341 proprio
1725 3304 1757 3329 et
1780 3294 1917 3328 naturali
1949 3293 2054 3327 calido
2083 3294 2186 3337 princi
2213 3292 2325 3334 aliter,
2356 3304 2407 3326 se-

1346 3343 1502 3376 cundario
1527 3350 1637 3375 autem
1667 3340 1704 3373 fit
1733 3339 1772 3372 ab
1804 3339 2013 3379 extrinsecis,
2044 3338 2128 3370 sicut
2152 3350 2169 3371 a
2215 3337 2337 3378 alneis,
2369 3337 2407 3370 ab

1345 3387 1498 3421 exercitio
1522 3385 1710 3425 moderato,
1742 3393 1775 3417 et
1797 3383 1871 3416 aliis
1891 3382 2045 3416 fomentis
2069 3381 2163 3415 calidi
2187 3382 2352 3415 intrinseci
2376 3390 2409 3415 et

1345 3430 1509 3465 naturalis.
1536 3429 1600 3463 Sed
1624 3429 1698 3462 finis
1714 3427 1900 3472 principalis
1924 3428 2017 3459 istius
2034 3426 2224 3470 digestionis
2241 3435 2290 3459 est
2306 3427 2408 3458 intro-

1346 3476 1456 3509 ductio
1485 3483 1640 3513 naturae,
1672 3472 1755 3506 idest
1785 3472 1907 3505 formae
1931 3471 2065 3511 nutriti,
2096 3471 2130 3503 in
2160 3471 2293 3504 materia
2325 3481 2407 3514 quae

1346 3520 1517 3564 digeritur:
1535 3519 1611 3564 quia
1627 3526 1706 3551 tunc
1723 3517 1861 3550 dicimus
1878 3527 1948 3549 esse
1963 3515 2080 3548 factam
2098 3515 2315 3559 digestionem
2333 3525 2408 3547 cum

1345 3566 1379 3597 in
1396 3564 1530 3597 materia
1547 3571 1595 3596 est
1612 3561 1797 3595 introducta
1820 3560 1926 3594 forma
1944 3561 2067 3593 nutriti.
2087 3559 2181 3593 Alius
2198 3568 2307 3592 autem
2323 3558 2407 3598 finis,

1346 3618 1378 3642 et
1402 3609 1494 3653 quasi
1518 3606 1752 3647 secundarius,
1783 3614 1832 3639 est
1860 3604 2020 3649 quaedam
2047 3603 2153 3637 forma
2181 3602 2406 3642 accidentalis,

2435 3253 2447 3264 '⁶
2461 3254 2515 3275 Istis
2529 3262 2567 3278 Pa.
