2690 4062
317 264 425 290 XXVIII

818 247 889 283 DE
919 242 1305 283 GENERATIONE
1335 240 1406 277 ET
1435 236 1820 275 CORRUPTIONE
1850 237 1944 273 LIB.
1976 237 2008 272 ll

1048 508 1348 567 LECTIO
1389 506 1776 563 SECUNDA

771 666 933 704 QUALIA
957 664 1053 695 SINT
1077 663 1210 694 PRIMA
1233 660 1446 692 PRINCIPIA
1469 659 1493 690 F
1497 658 1695 690 ORMALIA
1718 658 2055 690 ELEMENTORUM
2080 638 2082 642 v

316 820 404 854 Ἀλλ’
434 818 529 852 οὐδὲν
564 817 671 854 ἧττον
702 817 759 846 καὶ
789 815 831 851 ὠς
863 813 1022 857 σώματος
1057 813 1156 848 ποίας
1187 811 1245 841 καὶ
1272 808 1379 846 πόσας

386 862 525 896 λεκτέον
552 860 673 906 ἀρχοίς·
701 861 730 891 οἱ
756 860 815 902 μέν
839 859 902 904 γοίρ
930 857 1026 889 ἄλλοι
1051 854 1155 888 ὑποθέ
1182 865 1250 886 ενοι
1278 853 1381 898 χρῶν-

389 919 467 948 ται,
494 909 550 938 καὶ
585 901 681 939 οὐδὲν
704 902 839 949 λέγουσι
871 897 928 933 διαὶ
953 902 987 933 τί
1014 899 1120 933 αὑται
1145 913 1166 936 η
1192 899 1377 950 τοσαῦται,

314 954 410 985 Ἐπεὶ
437 951 493 986 οὖν
518 951 685 994 ζητοῦμεν
711 945 875 983 αἰσθητοῦ
894 945 1052 990 σώματος
1079 942 1198 989 ἀρχάς,
1220 943 1327 974 τοῦτο
1348 936 1366 972 δ

387 997 477 1028 ἐστὶν
505 995 631 1035 απτοῦ,
656 993 767 1025 οἱπτόν
792 986 820 1022 δ’
846 989 883 1023 οὑ
909 991 930 1026 ἡ
957 987 1107 1027 αἴσθησις
1133 986 1215 1032 ἁφή,
1238 986 1379 1038 φανερόν

386 1039 439 1073 ὅτι
465 1040 502 1072 οὑ
529 1039 637 1070 πᾶσαι
663 1039 696 1068 αἱ
723 1034 936 1072 ἐναντιώσεις
961 1033 1119 1078 σώματος
1145 1027 1216 1068 εἴδη
1241 1032 1299 1062 καὶ
1326 1041 1380 1074 αρ·

385 1087 448 1129 χοίς
475 1083 641 1123 ποιοῦσιν,
662 1081 750 1113 ἀλλα
776 1079 876 1124 μόνον
903 1081 936 1110 αἱ
961 1078 1056 1110 καταῖ
1077 1078 1142 1114 τήν
1162 1073 1269 1120 σὶφῆν·
1297 1073 1377 1106 κατ’

387 1130 581 1163 ἐναντίωσίν
600 1140 638 1159 τε
656 1127 718 1172 γοίρ
738 1121 944 1168 διαφέρουσι,
962 1124 1020 1154 καὶ
1037 1122 1132 1153 κατα
1150 1120 1266 1156 οἱπτῆν
1285 1119 1381 1171 ἐναν-

387 1175 512 1208 τίωσιν.
541 1173 596 1204 Διό
622 1171 702 1203 οὔτε
726 1167 890 1205 λευκότης
914 1169 972 1199 καὶ
998 1168 1144 1210 μελανία
1162 1165 1242 1197 οὔτε
1260 1166 1380 1209 γλυκυ-

387 1231 445 1255 της
478 1218 536 1248 καὶ
562 1214 740 1256 πικρότης,
768 1214 887 1257 ὁμοίως
919 1207 948 1242 δ’
978 1207 1057 1243 οὑδὲ
1083 1211 1150 1242 τῶν
1176 1209 1286 1241 ἄλλων
1313 1207 1380 1239 τῶν

386 1261 553 1299 αἰσθητῶν
579 1257 810 1292 ἐναντιώσεων
836 1251 932 1289 οὐδὲν
959 1259 1050 1287 ποιεῖ
1072 1257 1255 1298 στοιχεῖον.

318 1353 440 1383 Καίτοι
466 1348 627 1393 πρότερον
656 1345 725 1390 ὄψις
757 1345 862 1389 οἱφῆς,
889 1343 978 1376 ὥστε
1010 1346 1068 1376 καὶ
1094 1346 1134 1376 τό
1161 1344 1381 1419 ὑποκείμενον

386 1393 559 1438 πρότερον.
592 1390 681 1423 Ἀλλ’
712 1391 772 1423 οὑκ
797 1390 871 1422 ἔστι
900 1389 1059 1433 σώματος
1086 1388 1201 1421 <imos
1227 1387 1277 1419 ποί
1300 1399 1333 1425 ος
1360 1386 1381 1430 ᾖ

387 1436 519 1477 ἁπτόν,
548 1433 635 1469 ἀλλά
662 1434 734 1467 καθ’
764 1434 897 1475 ἕτερον,
931 1436 988 1465 καὶ
1019 1433 1047 1465 εἱ
1073 1433 1174 1478 ἔτυχε
1206 1433 1251 1475 τῇ
1286 1431 1381 1477 φύσει

386 1481 559 1528 πρότερον.

319 1529 434 1562 Αὐτῶν
459 1521 496 1557 δὲ
522 1526 655 1567 πρῶτον
682 1525 748 1556 τῶν
775 1524 894 1555 οἱπτῶν
911 1517 1100 1567 διαιρετέον
1127 1525 1223 1554 ποῖαι
1249 1522 1381 1565 πρῶται

385 1572 540 1614 διαφοραὶ
565 1572 622 1601 καὶ
648 1566 875 1605 ἐναντιώσεις.
903 1568 973 1598 Εἰσὶ
998 1562 1027 1598 δ’
1053 1565 1267 1603 ἐναντιώσεις
1286 1568 1382 1598 καταῖ

386 1617 450 1653 τήν
477 1615 564 1658 ἁφήν
595 1608 690 1653 αἵδε,
717 1611 833 1657 θερμόν
858 1610 999 1657 ψυχρόν,
1027 1610 1125 1655 ξηρὸν
1155 1609 1268 1657 ὑγρόν,
1295 1610 1381 1655 βαρύ

384 1660 520 1703 κοῦφον,
547 1658 688 1698 σκληρόν
714 1656 881 1701 μαλακόν,
903 1658 1062 1703 γλίσχρον
1086 1656 1244 1699 κραῦρον,
1271 1666 1381 1700 τραχυ

383 1707 491 1742 λεῖον,
519 1705 614 1748 παχὺ
638 1700 780 1733 λεπτόν.

319 1749 455 1782 Τούτων
481 1745 518 1780 δὲ
544 1748 629 1792 βαρὺ
654 1747 714 1789 μὲν
738 1747 795 1777 καὶ
819 1746 943 1790 κοῦφον
962 1745 1000 1778 οὑ
1020 1745 1186 1781 ποιητικοί
1212 1742 1291 1776 οὑδὲ
1317 1755 1382 1775 πα-

385 1792 525 1831 θητικαί·
553 1793 591 1824 οὑ
615 1793 679 1837 γοὲρ
707 1790 754 1830 τῷ
781 1794 888 1822 ποιεῖν
914 1801 948 1821 τι
974 1788 1088 1833 ἕτερον
1115 1787 1135 1825 ἦ
1162 1787 1309 1834 ποίσχειν
1328 1786 1378 1833 ὑφ’

387 1837 502 1880 ἑτέρου
525 1835 702 1883 λέγονται.
731 1836 787 1866 Δεῖ
800 1829 837 1866 δέ
857 1835 1022 1871 ποιητικοί
1039 1829 1125 1865 εἶναι
1145 1832 1300 1870 ἀλλ-η’λων
1323 1835 1381 1864 καὶ

387 1881 562 1919 παθητικοὶ
587 1881 633 1912 τοὶ
657 1883 829 1924 στοιχεῖα·
858 1881 1018 1925 μίγνυται
1043 1879 1107 1924 γαρ
1132 1880 1189 1910 καὶ
1208 1877 1382 1923 μεταβαλ-

387 1928 436 1958 λει
461 1926 505 1963 εἰς
531 1925 675 1961 ἄλληλα.

319 1972 444 2016 Θερμόν
470 1965 507 2002 δὲ
531 1971 588 2001 καὶ
614 1968 737 2013 ψυχρόν
761 1970 818 1999 καὶ
846 1969 944 2013 ὑγρόν
968 1969 1026 1998 καὶ
1052 1965 1151 2011 ξηρόν
1178 1968 1224 1999 τοὶ
1250 1968 1309 2011 μὲν
1335 1967 1382 2008 τῷ

388 2016 552 2052 ποιητικαὶ
572 2010 670 2051 εἶναι,
691 2013 737 2044 ταὶ
754 2010 790 2043 δὲ
810 2013 857 2053 τῷ
878 2010 1055 2049 παθητικοὶ
1077 2011 1237 2058 λέγεται·
1264 2011 1383 2056 θερμόν

386 2059 449 2105 γοίρ
476 2059 549 2091 ἐστι
575 2059 616 2090 *ro*
641 2060 815 2103 συγκρῖνον
841 2057 888 2088 τοὶ
913 2056 1060 2102 ὁμογενῆ
1088 2055 1148 2099 (τό
1173 2057 1236 2102 γοὶρ
1258 2053 1384 2101 διακρί-

388 2115 476 2144 νειν,
503 2102 582 2147 ὅπερ
609 2106 688 2147 φασὶ
715 2105 822 2132 ποιεῖν
847 2101 889 2133 τό
915 2101 1000 2145 πῦρ,
1027 2102 1211 2146 συγκρίνειν
1237 2101 1311 2133 ἐστὶ
1337 2101 1385 2133 ταὶ

387 2147 557 2192 ὁμόφυλα·
584 2149 758 2193 συμβαίνει
782 2146 844 2191 γοίρ
873 2145 1015 2190 ἐξαιρεῖν
1041 2147 1088 2178 ταὶ
1109 2143 1306 2189 ἀλλότρια),
1326 2144 1384 2189 ψυ-

387 2194 467 2238 χρόν
496 2186 534 2224 δὲ
565 2193 605 2225 τό
638 2189 784 2236 συνοίγον
815 2192 872 2221 καὶ
905 2193 1079 2236 συγκρῖνον
1112 2190 1233 2234 ὁμοίως
1269 2188 1318 2222 τοί
1345 2201 1384 2222 τε

387 2237 532 2282 συγγενῆ
557 2239 614 2268 καὶ
640 2238 686 2269 τοὶ
710 2235 756 2280 μή
782 2233 952 2279 ὁμόφυλα·

322 2283 419 2327 ὑγρόν
444 2278 481 2314 δὲ
500 2282 540 2313 τό
563 2278 720 2321 ἀόριστον
746 2279 854 2320 οἰκείῳ
880 2277 942 2323 ὅρῳ
968 2277 1143 2323 εὑόριστον
1161 2277 1210 2320 ὄν,
1230 2277 1330 2320 ξηρὸν
1346 2273 1386 2311 δὲ

388 2327 428 2358 τὰ
455 2324 626 2368 εὑόριστον
648 2327 706 2371 μὲν
733 2324 840 2364 οἰκείῳ
867 2322 942 2367 ὅρῳ,
969 2318 1169 2368 δυσόριστον
1194 2322 1246 2356 δέ.

321 2414 366 2445 Τό
392 2408 430 2444 δὲ
452 2412 581 2460 λεπτόν
605 2413 662 2442 καὶ
689 2411 786 2455 παχὺ
810 2412 867 2441 καὶ
893 2411 1052 2456 γλίσχρον
1076 2412 1133 2442 καὶ
1158 2411 1303 2467 κραῦρον
1327 2414 1386 2444 καὶ

387 2457 527 2499 σκληρόν
551 2458 608 2486 καὶ
634 2457 788 2499 μαλακόν
812 2456 869 2486 καὶ
891 2456 926 2486 αἱ
949 2454 1050 2486 ἄλλαι
1067 2449 1226 2499 διαφοραὶ
1245 2467 1281 2488 εκ
1307 2455 1386 2488 τοὺ-

389 2511 473 2532 των·

323 2546 394 2578 ἐπεὶ
419 2545 465 2590 γοί
508 2545 548 2576 τὸ
580 2541 834 2580 ἀναπληστικόν
868 2540 940 2574 ἐστι
966 2542 1029 2575 τοῦ
1061 2543 1163 2590 ὑγροῦ
1188 2542 1247 2576 διαὶ
1272 2546 1314 2578 ‘to‘
1339 2546 1386 2590 μή

388 2556 521 2632 ὡρίσθαι
554 2590 612 2632 μὲν
643 2587 814 2631 εὑόριστον
847 2582 874 2618 δ’
904 2583 990 2619 εἶναι
1021 2589 1078 2619 καὶ
1110 2587 1304 2621 ἀκολουθεῖν
1338 2591 1386 2632 τῷ

390 2631 587 2677 ἁπτομένῳ,
615 2634 654 2665 τό
679 2627 716 2664 δὲ
735 2633 863 2664 λεπτόν
883 2631 1142 2668 ἀναπληστικόν
1162 2633 1387 2679 (λεπτομερές

388 2676 473 2722 γσίρ,
508 2679 564 2708 καὶ
595 2678 634 2709 *re*
668 2676 859 2732 μικρομερὲς
890 2675 1166 2714 ἀναπληστικόν’
1204 2676 1283 2711 ὅλον
1321 2680 1385 2725 γαρ

391 2723 470 2756 ὅλου
497 2719 665 2753 ἅπτεται·
693 2733 731 2753 το
762 2721 799 2752 ὸέ
829 2721 958 2752 λεπτὸν
994 2720 1148 2765 μάλιστα
1174 2723 1384 2765 τοιοῦτον),

390 2766 529 2811 φανερόν
555 2765 609 2798 ὅτι
634 2767 674 2797 τό
700 2765 759 2809 μέν
783 2765 912 2796 λεπτὸν
938 2763 1038 2797 ἔσται
1065 2767 1127 2799 τοῦ
1154 2767 1269 2813 ὑγροῦ,
1290 2769 1332 2800 τό
1350 2763 1387 2800 δέ

392 2823 440 2844 πα
469 2810 486 2842 ὑ
512 2810 573 2842 τοῦ
599 2808 712 2854 ξηροῦ.

324 2854 425 2888 Πσίλιν
442 2821 487 2887 ξε
513 2855 553 2886 τό
578 2855 637 2898 μὲν
662 2855 819 2899 γλίσχρον
845 2854 908 2886 τοῦ
935 2854 1035 2899 ὑγροῦ
1061 2856 1123 2897 (τό
1143 2856 1207 2901 γοὶρ
1228 2858 1387 2903 γλίσχρον

393 2900 491 2946 ὑγρὸν
517 2897 680 2937 πεπονθός
713 2900 746 2929 τί
776 2897 889 2939 ἐστιν,
925 2898 994 2930 οἷον
1026 2899 1067 2931 τό
1102 2899 1255 2942 ἔλαιον),
1283 2902 1323 2934 τὸ
1349 2897 1388 2934 δὲ

389 2955 408 2975 κ
431 2944 530 2987 αῧρον
556 2943 618 2974 τοῦ
644 2941 761 2986 Ξηροῦ·
787 2943 929 2986 κραῦρον
987 2943 1025 2987 οίρ
1053 2943 1093 2975 τὸ
1120 2943 1243 2982 τελέως
1273 2945 1386 2988 ξηρόν,

392 2989 480 3020 ὥστε
505 2989 562 3018 καὶ
589 2986 779 3033 πεπηγέναι
804 2985 840 3019 δι’
871 2954 1013 3032 ἔλλειιῑιν
1039 2987 1239 3034 ὑγρότητος.

319 3075 396 3107 Ἔτι
421 3076 460 3107 τὸ
486 3075 543 3118 μὲν
569 3076 722 3119 μαλακόν
748 3076 809 3108 τοῦ
829 3077 928 3122 ὑγροῦ
956 3077 1129 3132 (μαλακόν
1146 3079 1210 3124 γαρ
1230 3081 1271 3111 τό
1299 3081 1391 3113 ὑπεῖ-

393 3131 450 3151 κον
475 3120 519 3156 εἰς
545 3119 648 3151 ἑαυτὸ
680 3121 737 3151 καὶ
763 3121 809 3163 μή
835 3119 1098 3165 μεθισταμενον,
1125 3120 1204 3167 ὅπερ
1233 3129 1324 3156 ποιεῖ
1348 3127 1388 3158 τό

394 3162 510 3209 ὑγρόν·
536 3158 587 3195 διὸ
612 3165 669 3194 καὶ
696 3161 755 3195 οὑκ
780 3164 854 3196 ἔστι
872 3167 913 3198 ‘ro‘
933 3164 1031 3210 ὑγρὸν
1049 3166 1218 3210 μαλακόν,
1239 3165 1327 3200 ἀλλά.
1348 3171 1392 3202 *ro*

395 3208 548 3251 μαλακὸν
567 3207 627 3239 τοῦ
647 3207 775 3252 ὑγροῦ),
796 3210 836 3241 τό
855 3204 892 3241 δὲ
911 3212 992 3247 σκλη
1015 3210 1051 3242 ο“ν
1070 3211 1132 3244 τοῦ
1153 3210 1271 3256 ξηροῦ·
1291 3215 1390 3251 σκλη-

394 3252 448 3294 ρόν
473 3251 536 3296 γοίρ
563 3250 635 3282 ἐστι
661 3252 700 3282 τό
727 3253 893 3299 πεπηγός,
920 3254 960 3286 τό
1009 3255 1023 3286 ἑ
1049 3257 1202 3302 πεπηγός
1229 3256 1340 3300 ξηρόν.

330 3293 477 3340 Λέγεται
497 3290 534 3327 δὲ
550 3293 646 3339 ξηρὸν
670 3296 727 3326 καὶ
746 3296 843 3342 ὑγρόν
866 3300 991 3330 πλεονα
1019 3299 1074 3337 ὥς.
1096 3300 1307 3333 Ἀντίκειται
1324 3303 1388 3348 γαὶρ

398 3339 444 3379 τῷ
471 3337 556 3382 ξηρῷ
581 3340 638 3370 καὶ
664 3339 703 3370 τὸ
731 3340 830 3386 ὑγρόν
854 3344 911 3374 καὶ
938 3344 978 3375 το“
994 3311 1120 3385 {neptim
1139 3347 1196 3376 καὶ
1220 3344 1323 3378 ποίλιν
1341 3347 1388 3387 τῷ

399 3382 484 3427 ὑγρῷ
515 3384 572 3414 καὶ
605 3383 646 3414 τὸ
679 3381 776 3426 ξηρόν
807 3388 864 3417 καὶ
898 3388 938 3418 τό
972 3387 1141 3434 πεπηγός·
1175 3387 1319 3422 ἅπαντα
1351 3385 1390 3423 δὲ

399 3426 498 3457 ταῦτ’
529 3426 600 3457 ἐστὶ
627 3426 688 3458 τοῦ
714 3425 812 3472 ξηροῦ
845 3432 902 3461 καὶ
932 3432 993 3462 τοῦ
1019 3432 1120 3478 ὑγροῦ
1151 3433 1217 3463 τῶν
1248 3445 1271 3465 π
1292 3434 1389 3466 ὤτων

397 3468 597 3513 λεχθέντων.
624 3470 720 3501 Ἐπεὶ
737 3474 799 3517 γαὶρ
821 3473 1013 3508 ἀντίκειται
1031 3478 1078 3518 τῷ
1096 3471 1191 3519 διερῷ
1211 3478 1251 3509 τό
1295 3478 1388 3523 ηρόν,

399 3515 455 3544 καὶ
480 3509 587 3556 διερὸν
617 3513 674 3557 μέν
707 3513 779 3547 ἐστι
812 3518 852 3548 τὸ
885 3518 963 3562 ἔγον
997 3521 1178 3561 ἀλλοτρίαν
1213 3522 1390 3567 ὑγρότητα

401 3556 579 3597 ἐπιπολῆς,
598 3557 818 3602 βεβρεγμένον
843 3557 879 3592 δέ
906 3555 946 3593 τὸ
973 3564 1017 3601 εἱς
1034 3562 1150 3605 βάθος,
1168 3563 1265 3609 ξηρόν
1290 3565 1327 3598 δὲ
1349 3566 1389 3598 τό

401 3600 621 3644 ἐστερημένον
640 3603 784 3643 ταύτης,
800 3607 941 3648 φανερόν
959 3605 1013 3639 ὅτι
1032 3609 1072 3639 τό
1092 3609 1149 3651 μὲν
1167 3605 1274 3653 διερὸν
1293 3609 1391 3643 ἔσται

1435 807 1451 824 *
1475 806 1537 840 Sed
1560 818 1627 839 non
1651 808 1758 839 minus
1781 815 1813 840 et
1835 815 1872 839 ut
1890 809 2033 850 corporis
2051 809 2158 850 qualia
2182 817 2213 841 et
2233 816 2315 851 quot
2337 809 2511 842 dicendum

1503 852 1675 894 principia;
1691 852 1744 883 alii
1759 852 1892 894 quidem
1908 852 1994 884 enim
2006 861 2225 895 supponentes
2241 860 2385 894 utuntur,
2396 861 2429 886 et
2442 864 2511 886 non

1503 897 1624 936 dicunt,
1649 907 1747 938 quare
1769 897 1844 928 talia
1866 904 1922 928 aut
1943 905 1994 929 tot
2015 898 2086 929 sint.
2502 896 2505 898 ’

1435 943 1452 962 *
1476 941 1640 980 Quoniam
1663 941 1760 982 igitur
1782 942 1966 983 quaerimus
1990 942 2132 982 corporis
2156 941 2311 975 sensibilis
2334 943 2510 984 principia,

1503 987 1565 1017 hoc
1588 993 1696 1017 autem
1720 992 1767 1016 est
1789 986 1950 1027 tangibile,
1966 986 2116 1027 tangibile
2131 994 2240 1018 autem
2263 987 2354 1018 cuius
2370 994 2418 1019 est
2440 998 2510 1020 sen-

1503 1041 1557 1062 sus
1580 1037 1693 1069 tactus,
1713 1029 1920 1062 manifestum
1943 1033 2100 1072 quoniam
2123 1042 2190 1063 non
2204 1041 2318 1063 omues
2341 1032 2510 1064 contrarie-

1503 1082 1581 1106 tates
1604 1074 1748 1115 corporis
1771 1074 1891 1116 species
1919 1082 1952 1106 et
1980 1075 2137 1116 principia
2163 1076 2300 1115 faciunt,
2324 1075 2380 1107 sed
2402 1077 2512 1109 solum

1503 1130 1586 1161 quae
1609 1119 1788 1150 secundum
1806 1126 1946 1159 tactum;
1970 1129 2045 1150 nam
2061 1121 2241 1152 secundum
2256 1120 2511 1153 contrarietatem

1505 1163 1663 1202 differunt,
1686 1171 1717 1195 et
1740 1164 1919 1195 secundum
1941 1164 2126 1205 tangibilem
2149 1165 2412 1197 contrarietatem.
2433 1165 2510 1198 Ideo

1503 1218 1608 1250 neque
1632 1208 1746 1239 albedo
1767 1215 1799 1240 et
1818 1208 1950 1249 nigredo
1974 1218 2079 1250 neque
2103 1209 2240 1241 dulcedo
2265 1217 2295 1241 et
2318 1209 2510 1249 amaritudo,

1504 1253 1647 1284 similiter
1669 1259 1778 1284 autem
1805 1263 1910 1294 neque
1933 1252 2068 1284 aliarum
2085 1254 2358 1286 -contrarietatum
2380 1254 2512 1287 sensibi-

1503 1298 1585 1329 lium
1608 1297 1713 1339 aliqua
1737 1297 1810 1329 facit
1833 1298 2039 1329 elementum.

1437 1342 1593 1380 Quamvis
1617 1342 1704 1383 prior
1726 1341 1812 1373 visus
1826 1349 1928 1373 tactu:
1949 1349 2144 1384 quapropter
2167 1350 2199 1375 et
2213 1343 2394 1375 subiectum
2412 1342 2510 1385 prius.

1504 1387 1565 1418 Sed
1585 1397 1652 1418 non
1677 1393 1724 1418 est
1747 1386 1890 1428 corporis
1908 1387 2066 1427 tangibilis
2089 1387 2196 1428 passio
2219 1389 2398 1420 secundum
2420 1388 2512 1430 quod

1504 1431 1672 1472 tangibile,
1702 1432 1756 1462 sed
1787 1431 1966 1462 secundum
1997 1431 2102 1471 aliud,
2126 1432 2184 1463 etsi
2215 1432 2370 1474 contingit
2398 1439 2512 1465 natura

1527 1486 1603 1508 nus.
2465 1496 2467 1499 v

1435 1522 1453 1541 ’⁸‘
1477 1487 1627 1563 lppsorum
1650 1527 1758 1552 autem
1788 1520 1990 1562 tangibilium
2019 1520 2163 1562 primum
2190 1521 2399 1553 dividendum
2428 1531 2512 1564 quae

1505 1566 1626 1607 primae
1642 1564 1834 1596 differentiae
1851 1572 1881 1596 et
1897 1565 2142 1598 contrarietates„
2159 1566 2242 1598 Sunt
2260 1573 2370 1599 autem
2385 1573 2511 1599 conm-

1504 1611 1628 1642 rietates
1658 1610 1837 1641 secundum
1863 1616 1984 1641 tactum
2007 1609 2084 1641 hae:
2109 1610 2249 1642 calidum
2273 1610 2436 1652 frigidum,
2454 1610 2513 1643 hu·

1504 1655 1630 1686 midum
1653 1654 1786 1694 siccum,
1801 1664 1895 1695 grave
1909 1654 1993 1694 leve,
2009 1654 2127 1686 durum
2146 1655 2256 1695 molle,
2274 1655 2436 1688 lubricum
2453 1655 2512 1688 ari-

1505 1700 1596 1739 dum,
1619 1709 1768 1740 asperum
1785 1699 1867 1738 lene,
1883 1709 2032 1739 grossum
2048 1699 2173 1732 subtile.

1438 1745 1567 1776 Horum
1591 1751 1700 1775 autem
1729 1753 1823 1784 grave
1847 1743 1979 1785 quidem
2007 1750 2039 1775 et
2059 1744 2129 1776 leve
2152 1754 2257 1786 neque
2284 1744 2386 1776 activa
2407 1754 2513 1787 neque

1505 1788 1644 1831 passiva:
1669 1798 1736 1819 non
1752 1788 1839 1819 enim
1861 1788 1894 1819 in
1911 1788 2057 1819 faciendo
2081 1789 2214 1831 aliquod
2236 1789 2335 1830 aliud,
2358 1799 2464 1832 neque
2479 1788 2514 1821 in

1505 1834 1657 1875 patiendo
1681 1833 1721 1864 ab
1745 1833 1808 1864 alio
1832 1833 1991 1864 dicuntur.
2014 1832 2152 1874 Oportet
2175 1840 2284 1864 autem
2306 1833 2408 1866 activa
2432 1833 2514 1867 invi-

1506 1889 1575 1910 cem
1599 1885 1630 1909 et
1648 1877 1773 1919 passiva
1788 1887 1856 1908 esse
1879 1877 2052 1909 elementa:
2070 1877 2244 1910 miscentur
2266 1877 2353 1910 enim
2368 1884 2400 1910 et
2413 1884 2514 1911 mns-

1505 1930 1670 1954 mutantur
1692 1922 1839 1954 invicem.

1439 1968 1590 2000 Calidum
1613 1974 1721 1998 autern
1738 1974 1769 1998 et
1783 1966 1945 2007 frigidum,
1962 1966 2136 1998 humidum
2152 1973 2183 1998 et
2201 1966 2334 2007 siccum,
2349 1967 2428 2000 haec
2443 1965 2515 2010 qui-

1507 2013 1581 2044 dem
1597 2012 1697 2043 activa
1712 2021 1791 2050 esse,
1811 2011 1888 2042 haec
1912 2018 2020 2043 autem
2039 2011 2164 2053 passiva
2186 2011 2351 2053 dicuntur;
2374 2012 2515 2045 calidum

1506 2057 1593 2089 enim
1617 2063 1674 2096 est,
1699 2057 1789 2098 quod
1813 2063 1983 2097 congregat
2005 2055 2208 2098 homogenea
2224 2054 2400 2100 (segregare
2416 2056 2504 2089 enim

1506 2102 1597 2144 quod
1610 2101 1762 2143 inquiunt
1777 2100 1878 2132 facere
1891 2101 2011 2141 ignem,
2027 2107 2075 2133 est
2086 2101 2288 2142 homogenea
2303 2109 2514 2144 congregare:

1507 2146 1662 2187 contingit
1685 2145 1772 2177 enim
1796 2146 1931 2177 eximere
1958 2144 2099 2189 aliena),
2119 2145 2271 2187 frigidum
2294 2152 2403 2178 autem
2425 2145 2516 2190 quod

1507 2191 1674 2233 coniungit
1697 2197 1728 2222 et
1744 2197 1914 2231 congregat
1937 2190 2080 2222 similiter
2095 2197 2127 2222 et
2149 2190 2352 2232 homogenea
2374 2190 2516 2224 ethete-

1507 2245 1655 2277 rogenea.

1439 2280 1458 2300 ’⁸‘
1480 2280 1653 2312 humidum
1675 2286 1783 2311 autem
1802 2279 2083 2311 indeterminatum
2106 2280 2238 2322 proprio
2266 2280 2416 2320 termino,
2435 2279 2517 2312 bene
2542 2287 2552 2298 ·

1508 2324 1706 2356 terminabile
1734 2331 1781 2356 est
1804 2324 1918 2355 alieno.
1944 2324 2071 2356 Siccurn
2091 2332 2200 2356 autem
2223 2326 2304 2356 bene
2319 2324 2517 2357 terminabile

1509 2369 1641 2411 proprio
1656 2369 1805 2408 termino,
1821 2368 1988 2400 difficulter
2003 2376 2111 2400 autem
2134 2369 2332 2401 terminabile
2355 2369 2470 2403 alieno.

1441 2414 1458 2434 *
1474 2414 1595 2446 Subtile
1611 2421 1719 2445 autem
1743 2421 1773 2445 et
1795 2423 1955 2455 grossum,
1973 2420 2004 2445 et
2026 2413 2186 2445 lubricum
2209 2421 2240 2446 et
2259 2414 2396 2455 aridum,
2411 2421 2444 2447 et
2457 2413 2516 2446 du·
2541 2420 2554 2433 ⁸

1509 2468 1583 2490 rum
1606 2465 1636 2490 et
1658 2458 1768 2497 molle,
1793 2465 1823 2489 et
1846 2457 1924 2489 aliae
1948 2457 2140 2490 differentiae
2163 2469 2201 2490 ex
2223 2458 2272 2490 his
2295 2465 2380 2491 sunt.

1443 2547 1608 2586 Quoniam
1637 2546 1723 2577 enim
1750 2545 1941 2587 repletivum
1972 2553 2019 2577 est
2048 2546 2220 2578 humidum
2233 2570 2242 2587 ,
2266 2547 2343 2589 quia
2372 2557 2439 2580 non
2470 2555 2518 2582 eat

1510 2591 1716 2623 terminatum
1740 2590 1883 2632 quidem,
1898 2591 1978 2622 bene
2001 2597 2108 2622 autem
2133 2591 2343 2633 terminabile,
2359 2599 2391 2625 et
2411 2593 2517 2636 sequi-

1510 2643 1562 2667 tur
1593 2641 1796 2676 tangentem,
1824 2635 1938 2666 subtile
1973 2643 2081 2667 autem
2110 2636 2301 2677 repletivum
2330 2635 2517 2680 (subtilium

1510 2680 1597 2712 enim
1620 2679 1759 2721 partium
1783 2686 1814 2710 et
1829 2689 2000 2720 parvarum
2022 2680 2161 2721 partium
2181 2681 2386 2722 repletivum:
2410 2689 2518 2716 totum

1511 2725 1597 2756 enim
1621 2731 1727 2756 totum
1742 2724 1853 2764 tangit,
1870 2724 1984 2756 subtile
2001 2731 2109 2756 autem
2125 2725 2262 2757 maxime
2281 2724 2368 2771 tale),
2384 2726 2517 2760 manife-

1510 2777 1596 2801 stum
1620 2769 1774 2811 quoniam
1803 2768 1918 2800 subtile
1947 2769 2079 2811 quidem
2110 2769 2167 2802 erit
2198 2770 2339 2811 humidi,
2367 2781 2517 2813 grossum

1511 2822 1619 2846 autem
1643 2823 1725 2844 sicci.

1443 2858 1458 2875 *
1482 2861 1523 2891 Et
1545 2869 1654 2890 rursus
1669 2858 1829 2889 lubricum
1851 2858 1983 2900 quidem
2006 2859 2130 2890 humidi
2153 2857 2328 2902 (lubricum
2349 2859 2437 2892 enim
2456 2859 2516 2893 hu·
2546 2867 2555 2876 ·

1511 2903 1637 2934 midum
1660 2903 1780 2944 aliquid
1803 2913 1935 2944 passum
1951 2910 2007 2943 est,
2023 2903 2111 2935 velut
2134 2902 2270 2955 oleum),
2286 2901 2303 2919 '³
2318 2904 2443 2937 aridum
2458 2915 2516 2937 nu·
2542 2912 2552 2922 ·

1511 2955 1576 2979 tem
1600 2947 1690 2979 sicci:
1721 2947 1847 2978 aridum
1871 2948 1957 2979 enim
1987 2955 2035 2980 est
2057 2947 2193 2990 perfecte
2217 2956 2354 2981 siccum:
2379 2959 2518 2992 quapro—

1512 3000 1581 3034 pter
1615 3000 1646 3024 et
1680 2998 1865 3023 concretum
1889 2999 1935 3024 est
1967 2999 2098 3034 propter
2124 2992 2337 3025 defectionem
2368 2993 2516 3036 propriae

1512 3036 1718 3068 humiditatis.

1445 3081 1462 3101 *
1478 3082 1626 3122 Amplius
1650 3081 1748 3112 molle
1765 3081 1896 3123 quidem
1912 3081 2037 3112 humidi
2055 3080 2167 3125 (molle
2183 3081 2270 3113 enim
2293 3089 2340 3115 est
2354 3083 2445 3126 quod
2467 3092 2516 3116 ce-
2542 3092 2552 3102 ·

1513 3126 1558 3157 dit
1581 3125 1613 3156 in
1636 3126 1778 3167 seipsum
1806 3132 1837 3157 et
1859 3136 1926 3157 non
1949 3133 2180 3166 transmutans,
2203 3126 2293 3168 quod
2315 3126 2390 3159 facit
2410 3127 2517 3160 humi-

1513 3171 1610 3208 dum;
1634 3170 1707 3201 ideo
1731 3170 1826 3201 etiam
1850 3181 1917 3201 non
1941 3177 1987 3202 est
2010 3171 2182 3203 humidum
2205 3171 2316 3211 molle,
2340 3172 2396 3204 sed
2417 3171 2517 3204 molle

1512 3213 1662 3257 humidi),
1678 3215 1795 3245 durum
1812 3222 1920 3246 autem
1935 3215 2024 3247 sicci:
2041 3216 2160 3247 durum
2176 3215 2262 3246 enim
2279 3222 2326 3248 est
2340 3216 2430 3258 quod
2444 3225 2517 3249 coa-

1511 3259 1657 3300 gulatum
1680 3266 1736 3298 est,
1761 3260 1965 3300 coagulatum
1988 3267 2096 3292 autem
2118 3260 2247 3292 siccum.

1445 3303 1462 3323 *
1478 3303 1635 3335 Dicuntur
1651 3310 1759 3335 autem
1775 3303 1895 3335 siccum
1912 3311 1943 3335 et
1955 3304 2127 3336 humidum
2143 3303 2358 3337 multifariam.
2371 3304 2518 3347 Opponi·
2543 3310 2554 3320 ·

1512 3355 1563 3379 tur
1585 3348 1671 3378 enim
1687 3348 1770 3379 sicco
1794 3355 1824 3379 et
1845 3348 2017 3380 humidum
2034 3356 2065 3381 et
2081 3349 2194 3388 udum,
2211 3356 2242 3380 et
2255 3358 2364 3380 rursus
2379 3348 2516 3382 humido

1513 3399 1543 3423 et
1566 3393 1686 3423 siccum
1710 3399 1741 3424 et
1757 3393 1975 3433 coagulatum
1995 3393 2105 3425 omnia
2127 3400 2235 3425 autem
2257 3393 2335 3425 haec
2351 3401 2426 3426 sunt
2443 3393 2518 3426 sicci

1513 3443 1543 3467 et
1577 3436 1701 3467 humidi
1735 3437 1915 3477 primorum
1939 3437 2107 3470 dictorum.
2141 3437 2306 3476 Quoniam
2340 3438 2426 3470 enim
2450 3438 2516 3470 udo

1512 3481 1688 3521 opponitur
1720 3481 1858 3520 siccum,
1883 3489 1914 3513 et
1946 3483 2048 3513 udum
2072 3482 2203 3526 quidem
2236 3489 2284 3514 est
2310 3483 2399 3524 quod
2423 3483 2518 3515 habet

1513 3525 1649 3555 alienam
1665 3525 1887 3557 humiditatem
1905 3527 1935 3556 in
1952 3526 2128 3572 superficie,
2145 3527 2288 3558 infusum
2305 3534 2413 3558 autem
2427 3527 2518 3568 quod

1514 3569 1545 3599 in
1563 3569 1742 3609 profundo,
1758 3570 1878 3601 siccum
1893 3578 2000 3601 autern
2019 3572 2108 3612 quod
2128 3571 2269 3611 privatur
2291 3571 2360 3610 hac,
2385 3570 2517 3602 manife-

1514 3620 1599 3643 stum
1625 3621 1670 3644 est
1686 3614 1841 3654 quoniam
1858 3615 1959 3645 udum
1977 3615 2035 3646 erit
2051 3615 2186 3654 humidi,
2204 3615 2390 3656 oppositum
2409 3622 2517 3647 autem

2676 726 2690 801 ἑ

2537 809 2690 880 asez-05

2680 882 2690 902 1

2537 948 2547 958 “
2552 947 2614 976 Cap.
2620 908 2690 1006 &¹4

2538 1513 2690 1552 ·rm.s.³
