2690 4062
84 1023 131 1055 η’
178 1051 342 1091 quantum
370 1041 413 1077 ad
443 1050 552 1087 partes
583 1041 719 1075 subtiles

999 214 1112 250 CAP.
1142 213 1212 260 lx,
1242 212 1395 269 LECT.
1424 211 1513 248 xvl

174 291 259 326 fiunt
281 302 322 324 ex
345 290 430 323 sicca
454 289 674 330 exhalatione,
702 289 861 334 propulsa
885 302 903 323 a
926 289 1045 334 frigido
1069 298 1245 324 moventur

173 334 328 376 inferius,
353 334 504 379 quamvis
521 333 684 366 exhalatio
708 334 793 366 sicca
817 334 860 366 sit
880 342 954 367 nata
970 336 1097 368 moveri
1113 346 1245 368 sursum

174 391 236 425 pro
260 387 312 413 ter
333 387 485 412 naturam
510 377 691 411 caliditatis.
717 378 810 411 Sicut
833 379 867 410 in
890 378 989 411 simili
1013 378 1145 419 accidit,
1169 379 1246 430 quia

174 435 240 458 nuc
253 423 284 457 ei
307 431 341 456 et
363 422 456 467 parvi
479 421 600 465 lapilli,
625 421 705 455 dum
730 423 995 466 comprimuntur
1017 423 1102 456 inter
1126 422 1246 467 digitos

174 480 215 502 ex
230 479 303 546 <lma
326 475 428 512 parte,
453 474 574 500 exeunt
596 477 637 499 ex
660 465 722 499 alia
742 477 826 510 quae
853 474 904 499 est
926 467 1037 500 minus
1056 477 1247 511 compressa

175 521 208 546 et
253 522 341 546 ensa.
663 526 670 528 *

233 566 264 600 3.
286 554 418 590 Deinde
442 565 520 588 cum
538 553 632 587 dicit:
658 553 818 598 Segregata
840 554 959 598 quidem
977 555 1071 598 igitur
1095 563 1174 595 etc.,
1198 555 1246 588 in-

177 600 278 646 quirit
289 610 403 634 causas
419 598 629 643 et,principia
645 597 834 642 aliquorum
850 599 1111 642 propositorum,
1125 598 1248 632 scilicet

124 657 128 662 ·
175 644 314 679 tonitrui
337 652 371 678 et
393 642 663 683 coruscationis,-
681 654 764 694 quae
788 651 866 675 sunt
888 642 985 675 nobis
1014 643 1119 686 magis
1142 643 1248 675 mani-

177 688 277 730 festa;
301 687 360 722 sed
382 688 418 721 in
440 686 605 732 principio
622 695 709 720 tertu
732 686 805 720 libri
829 685 935 720 reddit
958 698 1091 720 causam
1107 686 1249 720 aliorum

175 733 288 769 minus
307 731 569 767 manifestorum.
595 730 692 765 Circa
715 730 780 764 hoc
804 739 915 765 autem
938 731 1000 764 tria
1022 730 1115 764 facit:
1140 731 1249 775 ptimo

177 776 322 813 ostendit
337 787 471 811 causam
487 784 520 810 et
534 774 676 809 modum
690 776 912 820 generationis
928 775 1065 809 tonitrui
1070 787 1081 816 ;
1102 774 1249 809 secundo

177 820 364 863 manifestat
386 830 519 855 causam
535 820 785 861 coruscationis,
800 819 862 853 ibi:
887 819 1016 865 Spiritus
1032 826 1133 854 autem
1148 826 1250 854 extru-

175 877 229 902 sus
242 865 260 884 *²
275 874 349 908 etc.;
372 864 470 900 tertio
494 873 664 909 comparat
687 863 743 898 illa
765 863 834 898 duo
857 863 967 905 simul,
990 864 1053 898 ibi:
1077 864 1129 898 Fit
1150 870 1251 898 autem

261 916 473 984 'percussuram
487 910 506 930 *
521 916 582 942 etc.

172 916 242 958 W
266 954 325 989 icit
347 964 428 998 ergo
451 953 560 998 primo
585 952 676 997 quod
700 952 862 987 exhalatio
886 952 990 987 calida
1013 961 1046 986 et
1069 953 1166 994 sicca,
1183 952 1247 986 ele-

177 1007 254 1036 m
283 1009 361 1033 cum
389 1008 514 1043 vapore
541 996 682 1031 humido
712 997 803 1031 iuxta
833 998 980 1042 primum
1014 998 1227 1042 suppositum
1240 1024 1250 1038 ,

103 1071 118 1080 ,,
750 1041 799 1076 dis
825 1042 949 1086 ergitur
981 1042 1016 1075 in
1046 1053 1120 1076 aere
1152 1053 1251 1086 supra

102 1094 119 1137 Ἰ
139 1126 143 1133 ,
176 1086 298 1126 locum-
314 1085 472 1132 stigidum
494 1097 554 1131 per
574 1087 732 1121 virtutem
755 1053 869 1127 calidi,
899 1085 958 1120 sed
982 1086 1044 1119 alia
1091 1097 1142 1119 ars
1166 1097 1250 1130 quae

178 1139 235 1170 ω
250 1131 421 1184 grossior,
452 1142 536 1182 quae
549 1138 696 1182 ⁶propter
723 1131 913 1175 grossitiem
940 1142 1011 1164 non
1041 1142 1059 1163 e
1073 1138 1187 1163 evatur
1217 1130 1251 1163 in

119 1176 141 1214 TJ'
176 1173 519 1263 w
549 1186 583 1208 m
614 1174 760 1220 partibus
791 1175 874 1209 aeris
906 1173 1016 1219 frigidi
1047 1173 1250 1218 coagulantis

116 1228 138 1259 ,ἓψ-
166 1239 170 1241 -
314 1245 327 1262 ,
355 1229 390 1254 et
411 1219 447 1254 in
469 1219 579 1261 nube,
610 1231 645 1253 se
685 1228 780 1271 egata
802 1227 914 1253 tamen
937 1230 956 1252 a
978 1218 1154 1263 frigiditate
1178 1230 1251 1263 par-

110 1266 151 1291 ss*
178 1260 267 1309 ἦ*
282 1263 395 1299 nubi-⁴3.
426 1264 469 1299 Et
491 1263 546 1298 illa
569 1263 651 1298 exha
683 1273 732 1298 tio
755 1264 803 1297 sic
825 1263 861 1297 in
882 1262 971 1297 nube
994 1262 1142 1304 inclusa,
1171 1274 1249 1307 pro-

178 1304 495 1357 ffirrsfiigiditatem
523 1307 622 1342 nubis
652 1309 777 1342 exitum
807 1308 912 1360 petit,
942 1316 976 1342 et
1001 1315 1156 1341 movetur
1186 1307 1252 1340 huc

131 1370 136 1392 ς
178 1350 324 1399 minuc,
341 1361 376 1388 et
396 1351 475 1387 facit
497 1364 654 1397 magnam
676 1363 926 1397 percussionem
947 1350 1128 1396 frangendo
1152 1351 1253 1385 latera

178 1395 291 1443 phu
312 1397 356 1432 Et
369 1409 410 1432 ex
424 1396 482 1432 tali
505 1397 726 1442 percussione·
738 1405 772 1430 et
786 1395 945 1431 fi’actione
969 1404 1122 1430 causatur
1137 1407 1251 1436 sonuS,

143 1484 145 1486 Ι
193 1444 203 1451 ”
228 1440 238 1450 “
252 1448 393 1479 'vocum'
414 1441 611 1476 tonitruum.
635 1441 678 1476 Et
691 1441 758 1475 hoc
780 1439 923 1474 declarat
936 1451 1005 1484 *per
1026 1439 1151 1474 simile:
1175 1441 1252 1492 quia

178 1452 459 1530 auexistens
481 1486 568 1520 intra
587 1484 718 1537 lignum
738 1484 854 1526 viride,
876 1484 919 1518 ali
942 1484 1054 1519 uando
1077 1484 1253 1518 resolvitur

178 1532 225 1570 ἀγ
236 1529 422 1567 subtiliatur
444 1542 464 1564 a
487 1529 595 1564 calido
621 1529 726 1574 1gnis-‚
754 1537 788 1563 et
814 1529 862 1563 sic
889 1496 1093 1563 suclstiliatum
1125 1529 1253 1580 quaerit

104 1604 108 1611 .
126 1579 130 1611 ἶ
206 1579 225 1585 ”
236 1573 248 1584 ’
356 1573 472 1609 locum
483 1581 518 1608 et
533 1574 617 1619 petit
630 1574 766 1615 exitum,
782 1582 816 1608 et
831 1574 879 1607 sic
892 1572 1108 1618 percutiendo
1123 1573 1253 1618 hgnum

178 1616 243 1659 ss
261 1619 428 1656 ‚constent
454 1629 514 1663 per
546 1617 762 1659 violentiam,
791 1626 904 1652 causat
932 1617 1101 1661 diversum
1130 1629 1252 1651 sonum

113 1670 120 1678 '
247 1701 270 1706 A,
389 1661 554 1697 diversam
577 1662 831 1707 dispositionem
853 1663 1008 1696 materiae
1027 1671 1061 1696 et
1075 1661 1253 1696 exhalatio-

218 1703 224 1713 *
279 1711 283 1713 “
337 1707 440 1748 entis;
471 1706 512 1741 de
535 1718 604 1752 quo
627 1718 713 1741 sono
737 1706 852 1741 dicunt
874 1706 1045 1751 vulgares,
1072 1705 1198 1740 fabulas
1221 1715 1254 1740 et

303 1751 313 1760 ⁹
349 1759 523 1793 sectanteS,
539 1750 632 1803 quod
649 1760 700 1786 est
713 1751 798 1785 risus
814 1750 969 1793 Vulcani,
985 1762 1086 1796 quern
1101 1750 1252 1785 dicebant

95 1798 117 1819 ‘-
134 1797 143 1810 ³
159 1805 161 1807 ’
304 1807 373 1833 rum
388 1796 396 1804 ’
446 1796 491 1830 'st
509 1795 566 1830 alu
581 1804 693 1830 autem
711 1794 827 1830 dicunt
845 1795 937 1841 quod
955 1804 1006 1829 est
1020 1796 1106 1829 risus
1122 1795 1254 1836 Vestae,

114 1839 138 1872 3⁶2
265 1806 477 1876 &secunlffullm
499 1851 558 1875 eos
573 1849 624 1874 est
645 1839 707 1874 dea
728 1840 834 1885 ignis;
856 1839 1034 1885 aliquando
1050 1840 1160 1881 etiam,
1177 1851 1254 1873 cum

123 1903 126 1907 ·
180 1850 309 1924 met
330 1895 434 1919 sonus
465 1893 516 1919 est
545 1895 686 1930 magnus
709 1893 743 1918 et
765 1883 917 1926 subitus,
948 1883 1062 1918 dicunt
1092 1883 1183 1929 quod
1206 1893 1256 1918 est

182 1929 401 1978 matio
414 1929 589 1975 utriusque
604 1928 646 1964 ad
657 1929 916 1963 circumstantes.
929 1929 1018 1962 Huic
1033 1929 1133 1962 etiam
1148 1928 1255 1962 simile

218 2014 221 2017 .
268 2013 270 2015 ,
306 1981 321 2008 t
341 1973 378 2008 in
401 1982 552 2008 castanea
573 1984 644 2007 non
666 1973 779 2014 scissa,
795 1981 829 2007 et
843 1973 952 2018 posita
967 1972 1009 2007 ad
1023 1973 1154 2017 ignem:
1178 1984 1254 2006 cum

275 2035 282 2045 2
289 2017 454 2053 exhalatio
469 2029 529 2063 per
545 2017 690 2052 oelorem
704 2017 870 2052 subtiliata
884 2018 1009 2052 exitum
1026 2018 1164 2063 quaerit,
1176 2025 1255 2051 tunc

278 2063 306 2097 't
334 2070 521 2097 castaneam
552 2073 630 2096 cum
656 2073 780 2107 magno
807 2073 903 2096 sono.
934 2062 978 2096 Et
1003 2061 1124 2096 eodem
1150 2061 1253 2096 modo

199 2108 204 2115 ’
251 2111 257 2114 ”
314 2106 348 2142 ’o
371 2106 537 2141 subtiliata
583 2118 722 2141 uaerens
745 2107 871 2141 exitum
894 2118 936 2140 ex
957 2105 1061 2148 nube,
1084 2115 1118 2140 et
1164 2117 1255 2140 ercu-

160 2186 164 2189 ,
199 2192 202 2194 v
252 2155 259 2158 ⁴
287 2162 373 2186 'eum
394 2150 554 2186 violentia
602 2160 671 2185 tera
685 2150 783 2185 nubis
811 2151 964 2186 habentia
987 2151 1121 2195 spissitu
1146 2162 1256 2191 mem,

105 2197 130 2230 ‘¹‘-
182 2191 395 2243 affingens
418 2207 472 2238 ea,
494 2195 571 2230 facit
598 2207 720 2230 sonum
748 2207 850 2241 quem
879 2207 1038 2230 vocamus
1061 2195 1256 2229 tonitruum.

336 3631 406 3664 Opp.
425 3630 457 3655 D.
475 3630 590 3655 Tnorux
608 3629 640 3654 Τ.
659 3629 700 3654 111.
718 3629 863 3654 Appssxmx.

2263 226 2371 252 LXXXI

1303 289 1413 323 Causa
1437 297 1549 323 autem
1574 289 1771 323 diversitatis
1795 300 1956 323 sonorum
1980 298 2029 323 est
2045 301 2085 323 ex
2100 290 2284 325 diversitate
2300 303 2373 336 per-

1302 335 1495 368 cussionum
1520 342 1553 367 et
1569 345 1609 367 ex
1633 334 1820 367 diversitate
1845 342 1876 366 et
1899 334 2132 378 irregularitate
2154 336 2295 379 partium
2310 347 2371 369 nu—

1301 378 1361 418 bis,
1387 389 1526 423 quarum
1550 378 1711 423 quaedam
1735 387 1813 411 sunt
1835 377 2018 422 frigidiores
2042 387 2075 411 et
2097 379 2278 423 spissiores,
2294 391 2369 424 pro-

1301 432 1374 467 pter
1398 421 1490 467 quod
1513 421 1631 456 fortius
1653 422 1919 468 repercutiuntur
1950 424 1990 455 et⁴
2011 432 2149 463 sonant,
2184 423 2263 457 aliae
2289 436 2370 457 vero

1302 475 1380 500 sunt
1402 467 1514 500 minus
1537 467 1680 511 spissae,
1703 475 1737 500 et
1759 477 1800 500 ex
1823 466 1888 500 hoc
1915 467 2084 500 remissius
2107 477 2235 500 sonant.
2261 468 2374 501 Toni-

1302 520 1415 544 truum
1443 511 1543 555 igitur
1571 519 1620 544 est
1650 522 1756 544 sonus
1779 510 1883 544 factus
1915 520 2049 555 propter
2073 522 2204 544 causam
2228 511 2369 553 dictam,

1303 555 1427 588 scilicet
1444 564 1579 599 propter
1603 555 1810 589 collisionem
1833 555 2013 589 violentam
2036 555 2250 589 exhalationis
2267 556 2371 589 siccae

1303 598 1344 632 ad
1367 598 1467 632 latera
1489 599 1586 632 nubis
1611 610 1630 632 a
1655 599 1774 643 frigido
1798 599 2013 644 propellente.

1359 653 1392 685 4.
1413 643 1541 676 Deinde
1559 655 1635 676 cum
1652 643 1745 677 dicit.-
1762 644 1891 689 Spiritus
1907 650 2007 677 autem
2023 650 2160 678 extrusus
2173 652 2246 684 etc.,
2263 652 2376 677 osten-

1305 686 1352 720 dit
1376 698 1508 720 causam
1533 688 1778 721 coruscationis.
1804 688 1846 721 Et
1861 688 1940 722 dicit
1963 687 2055 733 quod
2078 687 2192 721 eadem
2208 687 2375 721 exhalatio*

1305 731 1391 764 sicca
1420 742 1503 775 quae
1535 742 1575 764 ex
1598 731 1769 766 collisione
1798 744 1858 766 sua
1881 741 1992 766 causat
2015 732 2218 774 tonitruum,
2242 741 2371 766 extrusa

1305 783 1338 808 et
1361 774 1552 819 propulsata
1575 775 1710 809 inferius
1733 776 1916 810 secundum
1939 775 2059 810 multas
2086 785 2195 822 partes
2209 801 2218 817 ,
2247 777 2372 820 ignitur

1305 819 1454 854 debiliter
1469 820 1504 852 in
1519 819 1665 863 partibus
1682 819 1906 854 subtilioribus
1921 829 1955 854 et
1970 820 2151 854 coloratur:
2171 821 2256 854 sicut
2271 821 2372 854 etiam

1305 872 1440 908 apparet
1471 864 1506 897 in
1536 875 1675 908 corpore
1703 864 1828 908 ignibili
1859 864 2019 898 violenter
2049 876 2086 899 ac
2109 864 2235 899 fortiter
2257 873 2373 906 moto,

1306 907 1396 960 quod
1419 916 1555 953 propter
1584 916 1715 941 motum
1738 910 1871 953 ignitur.
1903 910 1945 943 Et
1967 909 2032 943 hoc
2055 909 2195 943 dicimus
2219 920 2370 943 corusca-

1305 961 1432 986 tionem
1460 961 1626 986 extrusam
1649 964 1668 986 a
1691 953 1797 995 nube,
1828 962 1861 987 et
1884 953 2063 987 coloratam
2093 954 2162 987 sive
2191 954 2329 998 ignitam
2352 964 2371 986 a

1305 996 1413 1031 calido
1436 997 1591 1041 igniente.

1362 1050 1393 1083 5.
1417 1041 1549 1075 Deinde
1572 1052 1650 1074 cum
1674 1040 1769 1075 dicit:
1794 1041 1845 1075 Fit
1859 1048 1959 1076 autem
1977 1049 2045 1086 post
2062 1049 2275 1087 percussuram
2297 1050 2370 1082 etc.,

1306 1094 1474 1129 comparat
1503 1086 1565 1119 ista
1588 1084 1656 1119 duo
1681 1094 1841 1130 quantum
1871 1085 1912 1119 ad
1942 1095 2073 1130 tempus
2103 1086 2315 1130 apparitionis
2339 1094 2373 1119 et

1305 1130 1536 1174 generationis.
1562 1129 1604 1163 Et
1619 1129 1699 1163 dicit
1714 1129 1805 1174 quod
1821 1131 2004 1164 coruscatio
2023 1130 2206 1164 secundum
2221 1136 2371 1164 naturam

1306 1175 1470 1218 posterius
1501 1182 1676 1218 generatur
1707 1185 1806 1219 quam
1836 1174 2042 1208 tonitruum:
2078 1175 2154 1219 quia
2188 1175 2372 1208 tonitruum

1307 1227 1458 1252 causatur
1481 1230 1522 1252 ex
1544 1218 1689 1252 violenta
1712 1219 1924 1270 percussione
1947 1218 1988 1253 ad
2010 1218 2109 1252 latera
2131 1218 2244 1260 nubis,
2273 1230 2370 1252 coru-

1305 1263 1408 1296 scatio
1438 1271 1549 1296 autem
1577 1271 1627 1296 est
1656 1263 1774 1307 ignltio
1803 1262 2016 1296 exhalationis
2049 1271 2196 1296 extrusae
2224 1274 2243 1296 a
2265 1262 2370 1296 nube:

1306 1307 1452 1341 extrusio
1468 1316 1580 1341 autem
1596 1315 1630 1340 et
1645 1307 1763 1351 ignitio
1781 1315 1857 1340 sunt
1872 1307 2070 1352 posteriores
2086 1318 2288 1351 percussura.
2306 1306 2372 1340 Sed

1306 1350 1398 1396 quod
1413 1351 1598 1385 coruscatio
1617 1352 1708 1395 prius
1723 1351 1872 1385 videatur
1891 1363 1991 1396 quam
2015 1350 2165 1385 audiatur
2187 1351 2372 1385 tonitruum

1306 1395 1382 1430 ideo
1398 1404 1458 1437 est,
1474 1396 1551 1440 quia
1566 1396 1657 1429 visus
1674 1396 1709 1429 in
1733 1395 2010 1440 apprehendendo
2034 1395 2189 1439 anticipat
2203 1395 2370 1429 auditum:

1307 1440 1383 1485 quia
1406 1439 1537 1474 auditus
1560 1439 1686 1484 indiget
1708 1448 1776 1473 tem
1801 1451 1857 1473 ore
1882 1448 1918 1473 ut
1941 1451 2043 1473 sonus
2068 1451 2144 1473 cum
2164 1448 2258 1473 motu
2274 1439 2372 1473 locali

1306 1485 1418 1518 veniat
1431 1483 1473 1518 ad
1489 1485 1612 1528 ipsum,
1635 1483 1694 1518 sed
1717 1495 1758 1528 pe
1788 1484 1874 1517 ectio
1897 1484 1988 1517 visus
2011 1495 2030 1517 a
2052 1483 2171 1517 visibili
2189 1495 2259 1517 non
2273 1492 2323 1517 est
2337 1484 2372 1517 in

1307 1537 1467 1580 tempore,
1486 1528 1544 1562 sed
1567 1529 1602 1561 in
1624 1527 1823 1562 indivisibili.
1840 1528 1882 1562 Et
1897 1540 1937 1562 ex
1959 1527 2024 1561 hoc
2047 1539 2162 1561 sensus
2183 1529 2274 1561 visus
2296 1539 2372 1579 per-

1308 1572 1424 1607 fectior
1447 1581 1497 1606 est
1519 1572 1652 1613 auditu,
1684 1581 1720 1606 ut
1743 1581 1832 1617 patet
1855 1572 1890 1606 in
1913 1573 1928 1606 I
1952 1572 2056 1617 Metap
2095 1584 2139 1613 s.‚
2170 1573 2247 1617 quia
2276 1572 2372 1606 citius

1308 1626 1342 1651 et
1356 1616 1604 1652 immaterialius
1620 1617 1813 1651 immutatur
1829 1616 1868 1650 ab
1888 1616 2028 1650 obiecto.
2080 1625 2094 1650 t
2110 1616 2175 1650 hoc
2190 1615 2374 1650 manifestat

1308 1660 1504 1696 Aristoteles
1519 1662 1555 1694 in
1570 1669 1665 1695 motu
1689 1662 1869 1702 triremium,
1892 1660 1976 1695 idest
1998 1661 2133 1694 navium
2152 1672 2234 1706 quae
2253 1660 2374 1694 habent

1308 1715 1374 1740 tres
1397 1705 1530 1740 ordines
1554 1717 1740 1739 remorum:
1769 1706 1848 1750 quia
1871 1705 2004 1757 quando
2026 1705 2223 1749 remigantes
2246 1705 2375 1738 elevant

1309 1762 1418 1784 remos
1434 1761 1453 1784 a
1468 1751 1574 1795 prima
1620 1751 1819 1791 ercussione,
1843 1762 1934 1795 pnus
1956 1749 2087 1784 videtur
2109 1749 2247 1783 elevatio
2267 1760 2374 1782 remo-

1309 1806 1384 1829 rum
1417 1806 1519 1838 quam
1546 1806 1587 1828 au
1612 1794 1696 1828 ‘atur
1718 1806 1821 1828 sonus
1851 1806 1892 1828 ex
1922 1795 2133 1839 percussione
2157 1793 2373 1838 praecedenti.

1310 1839 1404 1873 Patet
1425 1839 1525 1874 etiam
1548 1838 1639 1884 quod
1657 1839 1691 1872 in
1714 1839 1786 1883 ripa
1810 1839 1979 1884 Sequanae
1993 1841 2020 1879 *,
2043 1838 2082 1872 ab
2107 1837 2318 1872 existentibus
2334 1836 2375 1871 de

1309 1883 1408 1928 longe
1425 1884 1516 1928 prius
1528 1883 1659 1918 videtur
1673 1883 1814 1917 elevatio
1830 1884 2027 1928 percussorii
2042 1882 2130 1924 lotri,
2143 1894 2219 1916 cum
2258 1890 2377 1926 urgant

1333 1939 1450 1969 annos,
1468 1939 1570 1972 quam
1592 1927 1743 1962 audiatur
1766 1939 1878 1961 sonus.
1904 1927 1946 1961 Et
1962 1928 2018 1972 qui
2034 1928 2203 1960 intuentur
2243 1938 2260 1960 e
2276 1926 2375 1970 longe

1309 1939 1512 2017 lapidicida,
1528 1972 1582 2006 vel
1605 1972 1786 2006 incidentes
1807 1972 1906 2024 ligna,
1922 1973 2014 2016 prius
2030 1971 2144 2005 vident
2159 1971 2376 2005 elevationem

1310 2018 1434 2051 securis
1457 2015 1511 2051 vel
1524 2016 1646 2058 mallei,
1669 2017 1773 2050 immo
1797 2028 1888 2061 pnus
1911 2016 2024 2050 vident
2047 2015 2224 2049 secundam
2246 2026 2376 2066 percus-

1311 2073 1433 2102 suram,
1457 2072 1558 2106 quam
1582 2061 1717 2095 audiant
1741 2072 1863 2095 sonum
1885 2061 2021 2105 primae.
2046 2061 2100 2094 Sic
2119 2061 2217 2094 etiam
2234 2059 2311 2092 licet
2325 2067 2376 2092 to-

1310 2107 1460 2140 nitruum
1478 2113 1512 2139 et
1530 2116 1726 2149 percussura
1749 2106 1840 2150 prius
1863 2113 2037 2149 generetur
2060 2103 2160 2149 quam
2183 2103 2376 2144 coruscatio,

1311 2159 1423 2228 Raimen
1441 2150 1534 2196 prius
1550 2158 1686 2195 apparet
1710 2150 1910 2191 coruscatio,
1934 2150 2010 2194 quia
2025 2149 2115 2182 visus
2131 2148 2298 2194 praevenit
2321 2158 2378 2180 au-

1345 2203 1428 2228 tum.
1691 2214 1694 2217 ·

2147 3620 2202 3644 ιι*

2404 1847 2412 1856 ·
2427 1846 2538 1868 Serranae
2550 1851 2572 1867 r·-
