2782 4134
316 275 385 320 146
1003 268 1073 304 DE
1102 265 1276 302 CAELO
1306 263 1375 300 ET
1404 236 1722 298 MUNDoLlB.
1755 259 1786 295 11

1044 485 1338 543 LECTIO
1377 483 1741 539 SEPTIMA

532 647 621 684 QUA
644 645 700 676 DE
724 643 863 675 CAUSA
888 639 1081 677 CAELUM,
1106 638 1199 668 CUM
1222 636 1469 668 MOVEATUR
1493 635 1832 676 CIRCULARITER,
1855 636 2073 668 MOVETUR
2095 634 2252 666 POTIUS

885 696 1046 728 VERSUS
1070 695 1194 726 UNAM
1216 693 1394 724 PARTEM
1418 693 1544 731 QUAM
1568 693 1731 725 VERSUS
1754 694 1891 725 ALIAM

298 846 394 879 Ἐπεὶ
417 839 446 875 δ’
469 843 540 875 ἔστι
564 836 661 886 διχῶς
688 840 742 870 ἐπὶ
762 838 823 869 τοῦ
839 836 962 867 κυκλοῦ
986 833 1175 874 κινηθῆναι,
1196 833 1263 864 οἷον
1288 832 1357 865 ἀπὸ
1411 834 1428 853 *
1452 835 1616 872 Quoniam
1640 841 1747 866 autem
1771 841 1818 865 est
1841 835 2006 876 dupliciter
2030 835 2063 865 in
2093 835 2211 866 circulo
2242 834 2382 874 moveri,
2406 841 2486 876 puta
2514 839 2523 849 ·
2539 838 2599 868 Cap.
2614 845 2637 862 v.
2656 836 2728 865 'rext-
2775 831 2782 839 ⁴

369 889 431 921 τοῦ
456 888 481 918 Α
505 886 567 922 τήν
592 884 650 927 μὲν
676 877 729 914 ἐπὶ
756 881 797 913 τᾶ
821 882 857 921 Β,
885 880 949 916 τήν
974 874 1002 910 δ’
1025 878 1080 911 ἐπὶ
1105 878 1145 910 τό
1170 879 1205 918 Γ,
1227 876 1356 922 ὅτιμὲν
1479 879 1518 909 ab
1541 881 1572 909 A
1599 879 1685 910 hunc
1709 879 1840 920 quidem
1868 879 1909 910 ad
1931 879 1975 918 B,
2005 879 2090 910 hunc
2122 886 2230 910 autem
2260 879 2300 910 ad
2324 878 2369 918 G,
2394 879 2485 920 quod
2513 871 2546 894 ³³¹

58 3171 66 3179 ·
83 3168 118 3191 Cf.
129 3169 180 3191 lect.
191 3175 207 3197 1,
217 3176 240 3192 n.
249 3177 265 3192 ι,

60 3330 71 3341 ·
85 3330 147 3351 Lect.
163 3336 211 3358 seq.

61 3382 70 3391 '¹
81 3382 195 3410 proponit
207 3389 228 3404 Ρ.

370 930 425 964 οὖν
451 931 509 963 οὐκ
534 930 611 961 εἰσὶν
638 928 790 959 ἐναντίαι
816 925 935 965 αὗται,
963 923 1125 967 πρότερον
1151 923 1295 965 εἴρηται.

297 978 387 1009 Ἀλλ’
408 977 434 1007 εἰ
459 970 560 1018 μηδὲν
585 973 625 1009 ὠς
652 971 751 1015 ἔτυχε
777 965 853 1012 μηδ’
879 968 946 1001 ἀπό
973 966 1200 1011 ταύτομάτου
1225 960 1357 1010 ἐνδέχε-

368 1032 426 1053 ται
451 1020 482 1051 ἐν
509 1021 578 1054 τοῖς
605 1010 721 1051 ἀϊδίοις
746 1011 844 1054 εἶναι,
868 1014 884 1044 ὁ
908 1007 937 1043 δ’
958 1011 1095 1056 οὐρανὸς
1124 1005 1228 1047 ἀίδιος
1253 1011 1312 1042 καὶ
1334 1011 1355 1046 ἡ

365 1064 471 1104 κύκλῳ
496 1060 597 1105 φοραί,
624 1055 683 1090 δια
707 1060 783 1091 τίνα
809 1057 887 1089 ποτ’
918 1057 1032 1088 αἰτίαν
1060 1056 1114 1087 ἐπὶ
1147 1054 1276 1099 θοίτερα
1300 1053 1355 1097 φέ-

365 1119 478 1150 ρεται,
507 1105 578 1138 ἀλλ’
608 1104 666 1135 οὐκ.
691 1103 745 1134 ἐπὶ
771 1101 919 1145 θάτερα;

301 1152 428 1197 ἀνάγκη
462 1150 525 1196 γοὶρ
558 1150 615 1179 καὶ
648 1148 753 1180 τοῦτο
779 1145 800 1182 ἦ
827 1145 933 1190 ἀρχήν
967 1141 1051 1175 εἶναι
1077 1142 1098 1180 ἦ
1127 1140 1213 1175 εἶναι
1245 1143 1355 1176 αὐτοῦ

365 1194 481 1241 ἀρχήν.
1254 1232 1272 1240 „

290 1243 383 1278 ’Ίσως
409 1239 467 1282 μὲν
493 1236 548 1270 οὖν
573 1236 614 1269 τὸ
640 1237 712 1279 περὶ
739 1235 830 1266 ἐνίων
856 1231 1103 1277 ἀποφαίνεσθαί
1122 1243 1156 1264 τι
1174 1230 1354 1276 πειρασθαι

360 1286 418 1316 καὶ
443 1282 483 1314 τὸ
509 1283 582 1325 περὶ
607 1279 746 1312 πάντων
770 1281 826 1310 καὶ
852 1277 892 1310 τὸ
912 1276 1069 1322 παριέναι
1087 1276 1191 1321 μηθὲν
1210 1276 1290 1321 τάχ’
1315 1275 1353 1309 ἂν

363 1325 488 1369 δόξειεν
513 1323 597 1357 εἶναι
623 1328 758 1368 σημεῖον
784 1322 805 1358 ’ἣ
832 1322 960 1359 πολλῆς
996 1320 1151 1359 εὐηθείας
1176 1320 1197 1358 ἦ
1223 1322 1352 1359 πολλῆς

361 1370 555 1416 προθυμίας.
592 1369 637 1401 Οὖ
688 1368 727 1405 ἠν
752 1362 883 1398 δίκαιόν
907 1378 944 1412 γε
971 1367 1074 1398 πᾶσιν
1100 1367 1220 1410 ὁμοίως
1246 1366 1355 1398 ἐπιτι-

359 1418 437 1460 μᾶν,
459 1415 533 1447 ἀλλ’
555 1414 632 1457 όρᾶν
657 1413 710 1445 ὸεῖ
732 1411 796 1448 τήν
823 1412 938 1443 αἰτίαν
964 1411 1028 1442 τοῦ
1044 1409 1155 1456 λέγειν
1174 1413 1225 1448 τίς
1244 1409 1351 1452 ἐστιν,

359 1462 410 1494 ἔτι
434 1455 471 1491 δὲ
497 1459 564 1496 πῶς
589 1458 673 1503 ἔχων
698 1458 745 1497 τῷ
770 1455 954 1496 πιστεύειν,
974 1454 1118 1500 πότερον
1141 1453 1352 1498 ἀνθρωπίνως

358 1506 379 1542 ἦ
402 1502 696 1549 καρτερικώτερον.
723 1502 804 1539 Ταῖς
822 1501 880 1545 μέν
901 1498 956 1532 οὖν
977 1499 1229 1545 ἀκριβεστέραις
1249 1499 1353 1545 ἀνοίγ-

357 1561 430 1587 καις
457 1547 539 1581 ὅταν
565 1559 624 1585 τιςι
649 1545 817 1590 ἐπιτύχῃ,
845 1543 927 1578 τότε
959 1545 1057 1590 χάριν
1091 1544 1178 1590 ἔχειν
1204 1540 1257 1576 δεῖ
1280 1550 1351 1583 τοῖς

357 1596 558 1637 εὑρίσκουσι,

292 1640 346 1670 νῦν
371 1634 408 1670 δὲ
432 1637 473 1670 τὸ
498 1635 695 1690 φαινόμενον
719 1633 853 1690 ῥητέον.
889 1634 926 1665 Εἰ
950 1634 1014 1691 ϊάρ
1037 1635 1057 1670 η’
1078 1632 1172 1676 φύσις
1193 1634 1244 1666 ἀεὶ
1262 1638 1354 1666 ποιεῖ

357 1683 423 1715 τῶν
446 1676 668 1726 ἐνδεχομενων
687 1691 727 1712 το
746 1677 938 1719 βέλτιστον,
959 1690 1031 1712 εστι
1048 1673 1086 1710 δὲ
1109 1677 1264 1721 καθάπερ
1284 1679 1351 1710 τῶν

357 1729 412 1759 ἐπὶ
437 1726 499 1763 τῆς
530 1723 658 1762 εὐθείας
691 1724 795 1768 φορῶν
822 1723 842 1760 ’ἡ
869 1724 948 1767 πρὸς
974 1723 1034 1756 τόν
1067 1722 1134 1755 ἄνω
1165 1722 1276 1766 τόπον
1303 1734 1352 1755 τι-

356 1771 505 1816 μιωτέρα
532 1768 719 1812 (θειότερος
750 1767 813 1813 γάρ
841 1767 856 1799 ό
884 1768 951 1800 ἄνω
981 1767 1088 1805 τόπος
1121 1768 1184 1799 τοῦ
1216 1767 1349 1809 κάτω),

356 1815 414 1848 τόν
441 1812 545 1846 αὐτὸν
571 1813 696 1858 τρόπον
720 1813 779 1843 καὶ
795 1812 815 1847 ἡ
834 1812 878 1850 εἰς
904 1812 945 1845 τὸ
968 1811 1110 1857 πρόσθεν
1129 1813 1191 1850 τῆς
1209 1812 1253 1850 εἰς
1273 1812 1351 1845 τοῦ·

356 1858 469 1892 πισθεν
493 1857 582 1904 ἔχει,
609 1859 699 1902 εἴπερ
723 1857 780 1887 καὶ
808 1856 849 1888 τό
874 1852 983 1897 δεξιὸν
1007 1858 1066 1888 καὶ
1091 1856 1133 1890 τό
1159 1855 1347 1901 ἀριστερόν,

354 1903 507 1946 καθάπερ
537 1901 656 1946 ἐλέχθη
684 1899 858 1946 πρότερον.
898 1902 965 1933 Καὶ
997 1904 1161 1945 μαρτυρεῖ
1190 1896 1219 1932 δ’
1249 1902 1269 1938 ἡ
1295 1902 1352 1946 ρη-

355 1948 449 1980 θεῖσα
480 1947 624 1991 ἀπορία,
652 1944 706 1978 ὅτι
736 1945 805 1990 ἔχει
830 1945 871 1979 τό
901 1945 1064 1990 πρότερον
1095 1947 1154 1977 καὶ
1187 1944 1347 1990 ὕστερον·

356 1992 444 2029 αὕτη
476 1991 539 2037 γάρ
566 1993 586 2028 ἡ
613 1991 710 2023 αἰτία
737 1989 809 2021 λόει
839 1990 904 2027 τήν
931 1991 1088 2035 ἀπορίαν.
1126 1990 1164 2021 Εἰ
1187 1990 1251 2036 γοὶρ
1279 1990 1350 2034 ἔχει

355 2039 396 2075 ὠς
421 2032 596 2082 ἐνδέχεται
621 2034 800 2076 βέλτιστα,
820 2034 910 2072 αὕτη
938 2033 976 2068 ἂν
1002 2036 1052 2072 εἴη
1079 2035 1178 2067 αἰτία
1201 2036 1261 2067 καὶ
1286 2035 1350 2067 τοῦ

355 2080 541 2126 εἰρημένου·
567 2080 746 2121 βέλτιστον
771 2081 835 2124 γαῖρ
860 2078 1024 2112 κινεῖσθαι
1057 2079 1171 2116 οἱπλῆν
1197 2091 1235 2112 τε
1258 2081 1351 2116 κίνη-

354 2137 402 2157 σιν
426 2127 484 2158 καὶ
510 2125 707 2165 ἄπαυστον,
732 2127 791 2156 καὶ
821 2124 954 2162 ταύτην
986 2124 1041 2156 ἐπὶ
1067 2123 1109 2155 τὸ
1135 2123 1346 2167 τιμιώτερον.

340 2223 486 2250 Smors1s.
505 2237 538 2242 -
560 2230 583 2249 1.
598 2221 808 2257 Argumentum
831 2226 858 2248 et
881 2218 983 2247 divisio
1005 2225 1107 2247 textus.
1121 2235 1142 2239 -
1155 2220 1223 2247 Duo
1238 2227 1271 2247 ex
1286 2217 1351 2255 qui-

288 2264 342 2290 bus
362 2261 452 2289 oritur
478 2269 612 2297 praesens
639 2259 790 2288 dubitatio.
811 2261 840 2295 a)
867 2258 1026 2296 Dupliciter
1052 2258 1194 2295 contingit
1221 2267 1273 2295 per
1299 2258 1351 2286 ali-

289 2310 375 2339 quem
396 2301 532 2329 circulum
553 2299 660 2337 aliquid
682 2299 808 2335 moveri,
831 2299 938 2328 scilicet
955 2299 1001 2327 vel
1021 2308 1056 2328 ex
1076 2307 1135 2328 una
1149 2298 1193 2327 vel
1207 2307 1241 2326 ex
1262 2298 1351 2326 altera

288 2348 367 2379 parte
387 2340 505 2369 alicuius
526 2339 624 2377 puncti
645 2339 747 2377 signati
768 2339 797 2367 in
819 2338 925 2367 circulo
947 2338 1021 2375 ipso.
1045 2339 1073 2374 b)
1101 2337 1148 2366 Isti
1170 2344 1268 2366 tamen
1290 2338 1349 2366 duo

288 2387 383 2409 motus
404 2390 464 2408 non
485 2386 551 2408 sunt
571 2379 718 2408 contrarii:
742 2379 822 2416 quod
843 2378 873 2407 in
893 2378 989 2415 primo
1012 2378 1090 2414 (lect.
1106 2379 1170 2414 vm)
1192 2378 1350 2414 probatum

288 2427 338 2449 est.
351 2436 372 2441 —
386 2428 413 2448 2.
428 2421 502 2448 Cum
517 2419 547 2447 in
561 2418 740 2456 sempiternis
758 2418 829 2447 nihil
843 2418 954 2447 accidat
971 2418 1172 2455 contingenter
1185 2423 1236 2446 aut
1249 2426 1350 2446 casua-

288 2460 359 2496 liter,
374 2459 578 2488 rationabiliter
599 2458 743 2496 quaeritur
763 2465 881 2496 propter
895 2467 985 2496 quam
998 2467 1117 2487 causam
1131 2458 1253 2494 caelum,
1269 2457 1350 2494 quod

288 2506 330 2528 est
344 2499 548 2536 sempiternum
563 2505 590 2527 et
605 2508 719 2535 semper
733 2505 865 2527 movetur
885 2497 1068 2534 circulariter,
1080 2503 1230 2526 moveatur
1250 2506 1350 2525 versus

287 2548 376 2567 unam
393 2545 503 2576 partem
525 2546 552 2567 et
572 2548 633 2567 non
654 2547 751 2567 versus
772 2539 869 2567 aliam.
886 2554 905 2560 -
922 2538 946 2566 3.
963 2537 1048 2566 Ratio
1063 2546 1153 2574 quare
1174 2537 1287 2566 caelum
1309 2536 1349 2565 sic

288 2585 437 2607 moveatur
450 2585 478 2607 et
498 2588 558 2607 non
572 2578 660 2614 aliter,
677 2578 848 2615 assignanda
862 2584 904 2606 est
925 2584 975 2606 aut
995 2577 1035 2606 ita
1055 2578 1137 2614 quod
1157 2577 1221 2605 talis
1242 2577 1349 2605 modus

288 2618 425 2647 motionis
439 2618 474 2646 sit
487 2618 658 2655 principium
672 2618 790 2646 alieuius
810 2618 936 2654 effectus,
951 2624 1001 2647 aut
1016 2617 1055 2646 ita
1069 2618 1151 2655 quod
1164 2616 1228 2646 talis
1243 2617 1350 2645 modus

289 2659 449 2695 dependeat
462 2667 495 2686 ex
509 2657 607 2695 aliquo
621 2657 709 2694 priori
724 2658 874 2694 principio.
897 2657 949 2686 Vel
969 2657 1063 2686 aliter:
1087 2657 1142 2685 hoc
1157 2657 1253 2694 ipsum
1268 2657 1349 2694 quod

290 2704 332 2725 est
352 2697 462 2725 caelum
483 2697 523 2726 sic
543 2704 571 2725 et
591 2706 652 2725 non
672 2697 752 2726 aliter
772 2697 890 2732 moveri,
913 2703 1028 2734 oportet
1042 2698 1123 2734 quod
1136 2697 1181 2725 vel
1195 2696 1232 2724 sit
1253 2696 1349 2733 ipsum

289 2737 415 2773 primum
435 2737 604 2774 principium
627 2737 758 2765 omnium
780 2738 870 2774 (quod
889 2744 932 2765 est
946 2737 1144 2774 impossibile),
1166 2737 1211 2765 vel
1233 2742 1349 2773 oportet

290 2777 371 2813 quod
391 2776 427 2804 sit
445 2777 481 2804 ab
502 2777 598 2814 aliquo
620 2776 676 2805 alio
698 2777 847 2814 principio.
876 2777 959 2805 Unde
981 2777 1047 2806 licet
1068 2776 1181 2805 caelum
1202 2783 1230 2805 et
1251 2782 1349 2805 motus

290 2816 350 2844 eius
371 2815 426 2844 sint
448 2816 633 2853 sempiterna,
654 2816 858 2845 rationabiliter
879 2816 1041 2854 quaesitum
1063 2823 1105 2845 est
1126 2825 1215 2853 quare
1237 2816 1348 2845 caelum

290 2855 330 2883 sic
350 2862 498 2884 moveatur
519 2862 546 2884 et
566 2865 626 2884 non
640 2856 728 2884 aliter.
743 2873 763 2878 -
776 2866 803 2891 4.
819 2858 862 2885 De
877 2854 1043 2885 difficultate
1057 2856 1143 2885 huius
1158 2855 1346 2893 quaestionis.

291 2895 378 2930 Quod
398 2895 499 2932 aliquis
520 2896 585 2924 velit
605 2902 713 2924 tentare
727 2897 763 2924 de
778 2894 942 2924 difficilibus
961 2903 989 2925 et
1009 2896 1128 2925 occultis
1149 2895 1347 2933 pronuntiare,

290 2941 317 2962 et
338 2935 373 2963 de
394 2935 528 2963 omnibus
550 2935 701 2972 inquirere,
723 2935 813 2964 videri
834 2942 929 2973 potest
949 2935 1062 2973 signum
1084 2936 1129 2964 vel
1150 2936 1257 2965 multae
1279 2936 1348 2964 stul-

289 2973 365 3002 titiae
381 2975 425 3002 vel
446 2984 566 3012 magnae
581 2975 831 3012 praesumptionis.
855 2976 911 3004 Sed
930 2975 1061 3012 quamvis
1075 2975 1163 3013 aliqui
1185 2975 1242 3004 sint
1263 2985 1349 3012 super

429 3090 440 3101 .
454 3098 467 3118 3
549 3074 724 3115 ostquam
743 3068 997 3117 Philosophus
1018 3068 1282 3106 determinavit
1297 3068 1344 3106 de

376 3114 380 3126 ¹
412 3127 437 3155 ’ς’
504 3120 526 3163 ‘J
550 3120 717 3168 partibus
746 3121 838 3157 caeli
863 3128 899 3157 et
918 3121 966 3158 de
985 3121 1106 3169 figura
1134 3121 1263 3170 ipsius,
1284 3122 1345 3158 hic

495 3173 503 3187 ²
523 3174 534 3219 3
552 3173 775 3210 determinat
794 3174 841 3211 de
861 3182 969 3211 motu
989 3174 1069 3211 eius
1090 3175 1121 3211 *.
1152 3175 1201 3211 Et
1219 3174 1343 3223 primo

356 3247 377 3252 -ν
439 3252 446 3264 x
495 3220 531 3251 ἶν’
553 3225 774 3263 determinat
801 3227 847 3263 de
871 3227 990 3264 modo
1010 3235 1155 3274 motus;
1175 3228 1344 3265 secundo

295 3274 514 3314 determinat
542 3278 589 3315 de
615 3278 868 3316 uniformitate
897 3287 1022 3316 motus
1052 3280 1242 3328 caelestis,
1272 3280 1344 3317 ibi:

295 3327 353 3363 De
379 3334 478 3365 motu
506 3335 629 3366 autem
657 3331 768 3378 ipsius
798 3332 817 3352 *
845 3340 913 3369 etc.
945 3333 1054 3370 Circa
1081 3333 1250 3382 primum
1278 3333 1346 3370 tria

296 3379 394 3416 facit:
415 3381 537 3428 primo
561 3382 666 3430 ponit
685 3385 703 3402 ⁴*
724 3384 1003 3431 quaestionem3
1028 3387 1196 3424 secundo
1222 3394 1346 3424 osten-

296 3431 348 3468 dit
381 3431 634 3471 difficultatem
671 3436 915 3484 quaestionis,
951 3438 1021 3475 ibi:
1050 3440 1164 3476 Forte
1199 3439 1346 3487 quidem

351 3552 378 3585 α)
388 3556 515 3584 punctum
530 3555 553 3578 A
567 3555 592 3579 in
606 3556 693 3588 aliquo
707 3557 838 3583 circula·
847 3563 962 3590 punctus
973 3561 995 3584 A
1011 3561 1036 3585 in
1053 3562 1152 3594 liquido
1161 3562 1260 3588 circulo
1270 3563 1298 3593 P,
1309 3570 1349 3587 er-

298 3595 356 3612 rore
370 3593 457 3621 typog.
468 3593 565 3614 retento
580 3598 609 3614 ex
623 3591 663 3615 ed.
678 3591 751 3617 1516.
760 3606 778 3611 -
787 3593 836 3618 Pro
849 3594 881 3618 ab
896 3601 925 3619 eo
941 3593 1068 3628 (puncto),
1079 3597 1104 3621 in
1120 3604 1150 3622 eo
1164 3597 1279 3630 (circulo)
1290 3598 1350 3623 Α.-

1478 923 1610 964 quidem
1632 923 1728 963 igitur
1750 933 1817 954 non
1840 929 1915 954 sunt
1938 923 2086 954 contrarii
2102 923 2164 963 isti,
2188 923 2276 964 prius
2292 923 2414 955 dictum
2428 930 2484 955 est.

1411 967 1473 998 Sed
1496 967 1522 997 si
1545 967 1624 998 nihil
1649 974 1685 998 ut
1707 967 1863 1007 contingit
1885 977 1990 1008 neque
2011 978 2030 998 a
2048 977 2122 998 casu
2142 967 2246 999 evenit
2268 968 2302 998 in
2321 968 2485 1009 sempiter-

1478 1011 1526 1042 nis
1543 1021 1622 1050 esse‚
1647 1011 1772 1042 caelum
1793 1018 1902 1042 autem
1921 1012 2152 1052 sempiternum
2167 1018 2199 1043 et
2215 1012 2394 1051 circulatio;
2409 1023 2484 1054 pro-

1477 1062 1547 1096 pter
1570 1065 1670 1096 quam
1692 1055 1824 1097 quidem
1847 1066 1976 1087 causam
1999 1056 2040 1086 ad
2063 1056 2194 1087 alteram
2217 1056 2314 1087 fertur
2338 1057 2394 1087 sed
2417 1067 2485 1089 non

1477 1100 1517 1130 ad
1540 1097 1688 1131 alteram?

1408 1145 1544 1176 Necesse
1567 1144 1653 1175 enim
1677 1150 1708 1175 et
1730 1143 1793 1174 hoc
1815 1149 1871 1175 aut
1893 1143 2087 1184 principium
2109 1154 2192 1184 esse,
2217 1150 2272 1175 aut
2294 1154 2362 1175 esse
2384 1145 2485 1186 ipsius

1476 1189 1679 1230 principium.

1408 1233 1425 1253 ’¹‘
1449 1233 1543 1264 Forte
1563 1233 1694 1275 quidem
1716 1233 1810 1274 igitur
1827 1233 1865 1264 de
1889 1232 2082 1274 quibusdam
2100 1232 2263 1264 enuntiare
2282 1232 2404 1274 aliquid
2417 1239 2485 1265 ten-

1476 1285 1558 1317 tare,
1584 1285 1615 1309 et
1639 1278 1677 1308 de
1701 1277 1870 1317 omnibus,
1897 1284 1928 1308 et
1957 1276 2203 1318 praetermittere
2226 1276 2324 1315 nihil,
2353 1276 2486 1309 forsitan

1477 1322 1588 1363 utique
1611 1321 1769 1353 videbitur
1792 1331 1859 1352 esse
1882 1321 2012 1362 signum
2035 1327 2090 1352 aut
2112 1321 2233 1352 multae
2257 1320 2406 1352 stultitiae
2429 1327 2486 1354 aut

1475 1367 1594 1398 multae
1605 1365 1876 1408 promptitudinis
1889 1367 1965 1397 Non
1976 1372 2083 1396 tamen
2093 1365 2216 1396 iustum
2227 1365 2360 1407 quidem
2372 1374 2486 1397 omnes

1476 1411 1619 1442 similiter
1641 1411 1820 1451 increpare,
1849 1411 1905 1442 sed
1926 1410 2032 1441 videre
2057 1416 2185 1451 oportet
2207 1419 2337 1441 causam
2360 1408 2486 1441 dicendi

1475 1466 1558 1497 quae
1586 1462 1647 1494 est;
1677 1456 1781 1486 adhuc
1814 1462 1923 1486 autem
1952 1455 2087 1496 qualiter
2115 1454 2235 1485 habens
2262 1454 2295 1485 in
2327 1454 2485 1486 credendo

2514 1240 2524 1250 '
2537 1239 2608 1263 Text.
2621 1245 2659 1269 3⁴·

1474 1500 1579 1541 prius,
1610 1500 1753 1531 humano
1784 1500 1885 1531 modo
1915 1506 1971 1530 aut
1999 1498 2132 1530 firmius.
2161 1498 2321 1530 Certiores
2351 1499 2486 1540 quidem
2538 1513 2546 1525 ·

1473 1544 1568 1586 igitur
1598 1544 1797 1575 necessitates
1825 1544 1956 1586 quando
1987 1544 2059 1586 quis
2082 1543 2223 1584 attingit,
2253 1550 2330 1575 tunc
2351 1543 2486 1585 gratim

1473 1589 1588 1620 habere
1612 1595 1739 1630 oportet
1761 1588 2004 1620 invenientibus.
2478 1621 2483 1626 ¹

1405 1634 1500 1665 Nunc
1523 1640 1631 1664 autem
1655 1633 1745 1674 quod
1771 1633 1896 1664 videtur
1919 1633 2091 1663 dicendum
2118 1638 2174 1663 est.
2199 1630 2231 1663 Si
2256 1632 2343 1663 enirn
2372 1638 2485 1663 natura

1473 1687 1598 1719 semper
1620 1677 1694 1708 facit
1717 1677 1971 1718 contingentium
1993 1677 2083 1718 quod
2105 1676 2285 1718 optimum,
2309 1683 2357 1708 est
2375 1682 2485 1708 autem

1472 1722 1751 1763 quemadmodum
1766 1731 1877 1752 earum
1899 1731 1982 1763 quae
2004 1722 2038 1752 in
2061 1727 2185 1753 rectum
2207 1721 2377 1760 1afionum,
2399 1730 2484 1762 quae

1472 1767 1511 1798 ad
1530 1767 1728 1807 superiorem
1746 1766 1858 1797 locum
1879 1765 2097 1796 honorabilior
2115 1763 2268 1808 (divinior
2289 1765 2377 1799 enim
2392 1765 2484 1799 locus

1472 1811 1528 1853 qui
1552 1821 1681 1842 sursum
1704 1821 1743 1842 eo
1767 1810 1824 1852 qui
1847 1808 2030 1852 deorsum);
2054 1810 2170 1840 eodem
2192 1809 2293 1840 modo
2317 1816 2349 1840 et
2371 1809 2428 1851 qui
2442 1809 2484 1841 ad

1471 1855 1610 1887 anterius
1635 1865 1671 1886 ea
1694 1864 1776 1896 quae
1804 1854 1844 1885 ad
1872 1854 2030 1895 posterius
2059 1864 2091 1885 se
2119 1853 2233 1892 habet,
2263 1853 2422 1895 siquidem
2452 1859 2485 1887 et

1471 1900 1512 1930 ad
1528 1900 1674 1931 dextrum
1691 1906 1721 1930 et
1736 1899 1776 1929 ad
1795 1898 1970 1938 sinistrum,
1993 1897 2272 1939 quemadmodum
2295 1897 2417 1929 dictum
2435 1903 2484 1929 est

1471 1944 1570 1986 priuS.
1585 1944 1627 1975 Et
1643 1943 1826 1975 testificatur
1842 1942 1937 1974 etiam
1953 1942 2035 1974 dicta
2051 1942 2207 1974 dubitatio
2221 1942 2378 1984 quoniam
2389 1941 2485 1974 habet

1470 1989 1559 2030 prius
1575 1995 1606 2020 et
1624 1987 1797 2028 posterius:
1813 1987 1891 2019 haec
1909 1987 1996 2019 enim
2013 1997 2107 2018 causa
2125 1987 2220 2018 solvit
2238 1986 2482 2019 dubitationem.-

1470 2033 1503 2065 Si
1518 2033 1605 2064 enim
1619 2033 1714 2064 habet
1725 2039 1761 2064 ut
1776 2031 1932 2072 contingit
1946 2031 2079 2072 optime,
2099 2031 2176 2062 haec
2191 2031 2302 2073 utique
2316 2030 2374 2063 erit
2388 2040 2484 2063 causa

1470 2077 1559 2109 dicti:
1585 2077 1748 2118 optimum
1771 2076 1858 2107 enim
1881 2076 2003 2107 moveri
2022 2075 2202 2116 simplicem
2227 2082 2357 2107 motum
2380 2081 2411 2107 et
2432 2074 2481 2107 in·

1470 2121 1666 2161 cessabilem,
1689 2128 1721 2152 et
1743 2120 1829 2152 hunc
1852 2121 1892 2151 ad
1915 2120 2144 2152 honorabilius.

1407 2219 1464 2247 hoc
1485 2217 1631 2255 culpandi,
1646 2223 1774 2246 attamen
1787 2216 1955 2245 referendae
1969 2223 2037 2245 sunt
2050 2216 2158 2254 gratiae
2179 2215 2224 2245 his
2245 2216 2295 2254 qui
2316 2225 2418 2246 amore
2431 2222 2482 2246 ve-

1406 2258 1498 2287 ritatis
1512 2257 1663 2295 negotium
1683 2258 1741 2286 hoc
1761 2256 1931 2294 suscipiunt,
1946 2262 1975 2285 et
1988 2266 2090 2285 causas
2111 2265 2208 2285 rerum
2229 2256 2407 2286 necessarias
2420 2257 2482 2296 fir·

1407 2298 1491 2332 mius,
1503 2298 1560 2326 hoc
1576 2304 1619 2326 est
1637 2306 1725 2334 supra
1736 2305 1925 2326 communem
1939 2296 2095 2325 hominum
2109 2297 2242 2333 modum,
2257 2303 2439 2334 cognoscunt
2450 2302 2482 2327 et

1405 2337 1564 2375 proferunt.
1579 2353 1600 2358 —
1615 2337 1641 2365 5.
1658 2336 1785 2366 Solvitur
1805 2336 1938 2374 quaestio
1959 2336 2119 2374 praemissa
2139 2345 2168 2364 n.
2185 2344 2213 2365 2.
2235 2337 2346 2365 Natura
2366 2345 2482 2375 semper

1405 2377 1472 2406 facit
1497 2377 1527 2406 id
1547 2377 1630 2415 quod
1651 2383 1695 2405 est
1715 2376 1859 2413 optimum
1881 2376 1956 2405 inter
1975 2385 2011 2405 ea
2031 2385 2106 2413 quae
2127 2375 2268 2414 contingit
2289 2375 2360 2404 fleri.
2381 2376 2480 2406 Tanto

1405 2424 1502 2446 autern
1516 2417 1622 2455 aliquis
1642 2422 1740 2445 motus
1754 2422 1797 2444 est
1811 2416 1934 2454 dignior,
1949 2422 2061 2453 quanto
2075 2425 2175 2444 versus
2189 2415 2352 2453 digniorem
2366 2417 2480 2452 partem

1405 2457 1552 2494 procedit;
1574 2457 1626 2485 sed
1647 2465 1714 2493 pars
1727 2455 1855 2485 anterior
1871 2455 1988 2493 dignior
2007 2462 2051 2485 est
2071 2455 2235 2493 posteriori,
2250 2455 2324 2484 sicut
2345 2456 2480 2485 dextrum

1405 2503 1448 2526 est
1468 2496 1582 2534 dignius
1604 2495 1737 2532 sinistro;
1765 2505 1835 2533 ergo
1860 2495 2007 2524 distinctio
2034 2495 2187 2524 anterioris
2208 2501 2237 2524 et
2257 2494 2427 2533 posterioris
2447 2495 2479 2524 in

1405 2537 1485 2566 caelo
1500 2543 1543 2565 est
1557 2545 1643 2564 causa
1663 2541 1783 2573 propter
1799 2544 1888 2572 quam
1907 2535 2004 2573 ipsum
2018 2535 2131 2564 caelum
2146 2534 2240 2571 (cuius
2254 2541 2362 2571 motus,
2376 2541 2479 2572 utpote

1405 2577 1515 2614 optime
1542 2575 1714 2613 dispositus,
1736 2581 1780 2604 est
1800 2575 1923 2612 simplex
1950 2581 1979 2604 et
1999 2575 2193 2611 incessabilis)
2220 2575 2258 2604 ab
2279 2574 2392 2604 oriente
2413 2583 2478 2604 mo-

1404 2623 1504 2645 veatur
1524 2625 1640 2653 semper
1665 2624 1765 2644 versus
1792 2615 1924 2653 superius
1951 2615 2216 2653 hemisphaerium,
2244 2616 2327 2653 quod
2347 2621 2390 2644 est
2409 2624 2479 2652 pm

1404 2656 1476 2686 caeli
1497 2656 1633 2691 anterior,
1655 2665 1717 2684 non
1738 2661 1835 2684 autem
1857 2664 1956 2684 versus
1978 2655 2096 2684 inferius
2117 2655 2372 2692 hemisphaerium,
2395 2655 2477 2693 quod

1404 2702 1448 2725 est
1468 2696 1540 2725 caeli
1562 2695 1715 2732 posterius.
1730 2711 1750 2716 -
1764 2696 1792 2724 6.
1809 2696 1966 2724 Pmcessus
1981 2694 2151 2732 Philosophi
2172 2703 2234 2723 non
2254 2701 2298 2724 est
2319 2694 2476 2724 circularis.

1404 2735 1481 2764 Nihil
1502 2735 1581 2764 enim
1602 2735 1736 2772 prohibet
1749 2757 1756 2771 ,
1782 2744 1849 2764 cum
1871 2734 2020 2772 quaeritur
2041 2735 2077 2763 de
2097 2734 2198 2772 aliquo
2219 2743 2258 2763 an
2279 2734 2333 2770 sit,
2354 2734 2475 2772 prob-xi

1403 2775 1500 2813 ipsum
1514 2785 1567 2812 per
1581 2775 1706 2813 signum
1721 2781 1749 2803 et
1763 2774 1803 2804 ita
1815 2774 1984 2804 Aristoteles
1999 2784 2088 2812 supra
2101 2775 2177 2811 (lect.
2188 2783 2230 2810 111,
2241 2784 2270 2803 n.
2286 2776 2333 2811 12)
2341 2774 2477 2812 probavit

1404 2815 1618 2844 distinctionem
1645 2814 1771 2852 partium
1799 2814 1829 2843 in
1857 2815 1937 2844 caelo
1965 2824 1999 2844 ex
2028 2814 2171 2853 principio
2193 2821 2300 2844 motus.
2328 2815 2387 2843 Sed
2407 2823 2476 2844 cum

1404 2855 1552 2893 quaeritur
1572 2856 1609 2884 de
1630 2863 1718 2884 causa
1738 2860 1858 2892 propter
1883 2863 1973 2892 quam
1998 2854 2109 2892 aliquid
2129 2860 2187 2890 est,
2208 2861 2278 2882 tunc
2299 2860 2416 2891 oportet
2436 2853 2475 2883 si-

1403 2905 1493 2933 gnum
1514 2896 1652 2924 reducere
1681 2894 1711 2923 in
1738 2903 1874 2930 causam3
1903 2901 1932 2923 et
1952 2894 1993 2923 ita
2013 2894 2060 2923 hic
2081 2903 2115 2923 ex
2135 2893 2319 2923 distinctione
2348 2893 2475 2932 partium

1403 2935 1565 2973 assignatur
1595 2934 1670 2964 ratio
1701 2944 1790 2972 quare
1821 2934 1934 2963 caelum
1965 2934 2006 2964 sic
2038 2940 2189 2963 moveatur
2210 2940 2238 2962 et
2259 2943 2321 2962 non
2341 2933 2433 2963 aliter,
2454 2949 2476 2956 -

1405 2976 1565 3010 Quomodo
1579 2984 1647 3012 pars
1668 2974 1796 3003 anterior
1809 2981 1838 3003 et
1858 2983 1925 3011 pars
1946 2973 2091 3012 posterior
2105 2973 2319 3011 distinguantur
2332 2973 2363 3002 in
2384 2973 2474 3003 caelo.

1400 3069 1516 3119 igitur
1529 3070 1549 3090 *
1564 3076 1647 3116 etc.;
1667 3067 1778 3105 tertio
1796 3067 1978 3117 proponit
1998 3067 2240 3115 solutionem,
2262 3066 2335 3105 ibi:
2355 3067 2475 3106 Nunc

1399 3128 1524 3159 autem
1553 3122 1655 3171 quod
1679 3121 1827 3159 videtur
1846 3121 1865 3142 ⁸
1895 3128 1965 3158 etc.

1455 3175 1564 3212 Circa
1593 3174 1760 3224 primurn
1788 3173 1859 3212 tria
1877 3173 1975 3212 facit.
2005 3173 2137 3211 Primo
2156 3172 2338 3224 proponit
2356 3185 2473 3223 quae-

1401 3227 1491 3265 dam
1521 3240 1566 3265 ex
1593 3228 1730 3277 quibus
1759 3227 1877 3265 oritur
1905 3227 2100 3265 dubitatio.
2136 3227 2315 3274 Quorum
2349 3238 2472 3264 unum

1402 3287 1468 3328 est,
1498 3281 1603 3330 quod
1632 3280 1831 3331 dupliciter
1859 3280 2041 3329 contingit
2067 3292 2137 3330 per
2156 3279 2323 3329 aliquem
2353 3279 2472 3317 circu-

1401 3334 1481 3370 lum
1501 3334 1642 3383 aliquid
1662 3333 1823 3372 moveri.
1855 3333 2032 3382 Signetur
2051 3333 2154 3371 enim
2173 3339 2359 3383 punctum
2378 3333 2413 3370 A
2432 3332 2472 3370 in

1402 3386 1527 3436 aliquo
1558 3387 1696 3424 circulo
1716 3393 1744 3434 ⁶²,
1767 3394 1803 3424 et
1831 3387 1879 3424 ab
1909 3399 1955 3424 eo
1977 3387 2137 3425 ducatur
2155 3385 2351 3433 diameter,
2377 3385 2472 3424 etin

1403 3439 1587 3488 superiori
1607 3440 1844 3478 semicirculo
1865 3440 2031 3489 signetur
2048 3447 2235 3490 punctum
2259 3440 2303 3487 B,
2320 3438 2358 3476 in
2377 3438 2471 3476 infe-

1403 3563 1422 3587 Ρ
1432 3563 1492 3588 hab.
1503 3571 1550 3596 pro
1556 3568 1686 3596 punctum
1697 3565 1728 3594 B,
1735 3568 1854 3596 punctus
1864 3565 1895 3593 Β,
1907 3570 1932 3590 et
1941 3572 1989 3597 pro
1999 3567 2130 3597 punctum
2143 3565 2174 3595 G,
2181 3567 2299 3596 punctus
2311 3565 2335 3590 C
2342 3562 2472 3597 (similiter

1402 3598 1427 3622 in
1437 3606 1504 3623 vers.
1517 3599 1554 3624 ad
1571 3599 1608 3633 C)
1616 3607 1623 3630 ;
1637 3600 1697 3624 item
1715 3608 1764 3633 pro
1780 3607 1871 3625 versus
1883 3601 1920 3630 G,
1932 3607 2024 3626 versus
2037 3600 2061 3625 C
2064 3607 2071 3631 ;
2087 3599 2127 3625 ed.
2139 3598 2205 3624 1516
2221 3599 2280 3626 hab.
2293 3600 2319 3624 G
2333 3604 2363 3624 ut
2376 3598 2452 3624 codd.

2501 3076 2512 3087 ·
2526 3076 2601 3099 Nun.
2613 3082 2637 3104 4.

2502 3129 2512 3140 ·
2527 3128 2599 3152 Nam.
2613 3135 2633 3158 5·
