2690 4062
1038 226 1150 263 CAP.
1180 227 1285 274 vm,
1316 227 1468 264 LECT.
1498 227 1588 264 xlv

2314 238 2396 264 LXXI

806 455 1107 513 LECTIO
1145 457 1801 533 DECIMAQUARTA

730 606 980 638 PRINCIPIUM
1003 607 1331 639 TERRAEMOTUS
1355 608 1491 639 IUXTA
1513 609 1825 640 PHILOSOPHUM
1850 627 1868 632 -

380 664 476 696 EIUS
499 663 647 696 OPINIO
670 664 728 694 EX
751 663 960 695 PLURIBUS
984 663 1119 695 SIGNIS
1142 664 1462 696 ACCIDENTIBUS
1486 665 1617 697 CIRCA
1640 667 1968 699 TERRAEMOTUS
1990 667 2226 699 PROBATUR

195 795 287 829 Ἀλλ’
316 793 437 833 ἐπειδη
463 794 605 839 φανερὸν
632 793 685 827 ὅτι
712 793 901 840 ἀναγκαῖον
926 796 985 825 καὶ
1012 793 1067 838 ἀφ’
1089 794 1190 840 ύγροῧ
1215 796 1273 825 καὶ

202 1196 243 1229 132

270 840 339 873 ἀπὸ
366 840 467 885 ξηροῦ
491 837 642 886 γίνεσθαι
669 838 907 892 ἀναθυμίασιν,
934 837 1046 882 ὥσπερ
1073 840 1211 882 εἴπομεν
1240 838 1273 870 ὲν

268 889 341 923 τοῖς
360 883 538 928 πρότερον,
558 882 690 930 ἀνάγκη
717 894 852 915 τουτων
879 881 1104 928 ὑπαρχόντων
1121 881 1274 929 γίνεσθαι

269 930 350 967 τούς
375 926 551 973 σεισμούς·
579 927 651 960 ὑπαί
671 938 725 973 χει
755 928 818 974 γάρ
845 928 866 964 ’ἦ
891 927 936 973 γῆ
965 926 1038 959 καθ’
1069 927 1181 964 αὐτήν
1214 927 1274 971 μέν

269 972 374 1018 ξηραὶ,
399 968 460 1006 διαὶ
484 968 522 1004 δὲ
547 972 627 1010 τούς
654 972 794 1016 ομβρους
820 971 948 1016 ἔχουσα
973 969 1007 1003 ἐν
1034 972 1126 1012 αὐτῇ
1153 968 1274 1004 νοτίδα

269 1018 422 1059 πολλην,
447 1015 524 1049 ὥσθ’
554 1016 623 1049 ὑπό
652 1029 690 1049 τε
723 1016 786 1049 τοῦ
816 1017 912 1052 ἡλίου
943 1017 1002 1047 καὶ
1031 1016 1094 1048 τοῦ
1119 1015 1154 1047 έν
1181 1013 1273 1058 αὐτῇ

270 1064 371 1107 πυρός
396 1060 677 1108 θερμαινομένης,
705 1062 792 1093 πολύ
818 1060 877 1104 μὲν
903 1058 981 1101 ἔξω,
1008 1059 1096 1092 πολιὶ
1121 1058 1150 1091 δ’
1179 1060 1275 1098 ἐντὸς

269 1106 423 1152 γίνεσθαι
449 1107 490 1139 τὰ
516 1107 665 1150 πνεῦμα,
683 1105 868 1137 καὶτοῦτο
894 1105 957 1137 ὁτὲ
981 1105 1040 1148 μὲν
1057 1103 1274 1148 συνεχὲςὲξω

267 1153 320 1198 ῥεῖ
343 1152 427 1190 πᾶν,
455 1151 516 1183 ὁτὲ
541 1145 573 1181 δ’
593 1152 671 1182 εἴσω
696 1149 781 1190 πᾶν,
807 1149 917 1181 ἐνίοτε
941 1144 980 1180 δὲ
1003 1150 1060 1180 καὶ
1086 1160 1125 1193 με
1147 1148 1273 1191 ίζεται.

271 1190 651 1236 ᾂή,τοῦτι”ἀ”δ’ύνατον
688 1193 796 1231 ἄλλως
829 1193 933 1238 ἔχειν,
968 1191 1010 1224 τὰ
1042 1161 1143 1237 μετ-σς
1167 1193 1274 1225 τοῦτο

269 1238 438 1272 σκεπτέον
465 1239 505 1272 ἂν
530 1240 596 1280 εἴη,
618 1239 736 1271 ὁποῖον
761 1235 1038 1275 κινητικώτατον
1065 1236 1105 1268 ἂν
1130 1237 1180 1274 εἴη
1207 1238 1274 1270 τῶν

270 1283 459 1328 σωμάτων·
487 1282 620 1330 ἀνάγκη
645 1284 711 1329 γάρ
737 1283 778 1314 ‘ro‘
804 1279 860 1314 ἐπὶ
887 1279 1052 1314 πλεῖστόν
1072 1293 1111 1313 τε
1130 1283 1275 1326 πεφυκός

268 1328 359 1361 ἱέναι
382 1331 441 1360 καὶ
459 1324 699 1372 σφοδρότατον
716 1325 872 1370 μάλιστα
889 1325 1050 1358 τοιοῦτον
1067 1322 1166 1357 εἶναι.
1194 1327 1276 1370 Σφο-

270 1366 444 1418 δρότατον
470 1373 529 1417 μὲν
556 1370 614 1405 οὖν
640 1369 676 1412 ἐξ
703 1370 853 1417 ἀνάγκης
883 1371 924 1402 ‘ro‘
957 1367 1114 1414 τοίχιστα
1138 1369 1277 1415 φερόμε-

270 1428 344 1450 νον·
371 1417 500 1450 τύπτει
523 1417 588 1463 γαίρ
613 1415 770 1460 μάλιστα
796 1409 857 1446 8ιά
881 1413 923 1446 τὸ
948 1413 1075 1458 τοίχος·
1102 1414 1157 1446 ἐπὶ
1183 1416 1278 1447 πλεῖ-

270 1473 354 1496 στον
374 1457 411 1494 δὲ
437 1460 562 1507 πέφυκε
582 1455 706 1492 διιέναι
723 1459 765 1492 τᾶ
782 1453 842 1491 διαὶ
858 1459 989 1495 παντὸς
1008 1458 1095 1491 ἰέναι
1120 1458 1276 1503 μάλιστα

269 1501 471 1550 δυνάμενον,
498 1505 659 1538 τοιοῦτον
683 1499 722 1536 δὲ
747 1504 789 1535 τὸ
808 1501 1051 1535 λεπτότατον·
1077 1501 1162 1535 ὥστ’
1182 1506 1274 1546 εἴπερ

270 1551 293 1588 ἦ
318 1551 382 1584 τοῦ
408 1549 606 1594 πνεύματος
630 1546 725 1592 φύσις
749 1546 914 1588 τοιαύτη,
941 1546 1095 1591 μάλιστα
1121 1549 1188 1581 τῶν
1213 1560 1278 1580 σω-

270 1594 392 1640 μάτων
417 1596 460 1627 τὸ
484 1594 621 1636 πνεῦμα
643 1591 837 1630 κινητικόν·
862 1593 920 1624 καὶ
945 1593 1009 1638 γάρ
1036 1593 1077 1624 το“
1103 1593 1167 1637 πῦρ
1189 1591 1275 1626 ὅταν

267 1640 363 1685 μιτοί
395 1637 592 1684 πνεύματος
618 1635 660 1679 ᾖ,
685 1639 822 1683 γίνεται
853 1634 935 1680 φλὸξ
967 1637 1025 1667 καὶ
1050 1636 1189 1681 φέρεται
1214 1649 1277 1670 τα-

202 1682 420 1763 θῦκχὲτςοῦν
446 1726 547 1771 ὕδωρ,
567 1719 646 1758 οὐδὲ
662 1725 708 1771 γῆ
735 1726 847 1756 αἴτιον
865 1725 930 1765 εἴη,
951 1723 1042 1757 ἀλλά
1059 1726 1194 1770 πνεῦμα
1212 1726 1276 1763 τῆς

206 1776 233 1789 ''
269 1771 453 1813 κινήσεως,
481 1770 567 1804 ὅταν
596 1769 661 1802 ἔσω
694 1768 785 1815 τύχῃ
811 1770 885 1814 ῥυέν
911 1770 952 1802 τᾶ
984 1767 1048 1810 ἔξω
1084 1769 1278 1815 ἀνατυμιώ-

203 1858 259 1907 διὸ
271 1827 438 1909 Ιτίζίζται
463 1861 603 1904 νηνεμία
629 1861 659 1891 οἱ
685 1860 840 1890 πλεῖστοι
865 1859 923 1889 καὶ
949 1857 1106 1904 μέγιστοι
1124 1859 1192 1890 τῶν
1210 1870 1276 1890 σει-

269 1905 378 1952 σμῶν·
405 1905 548 1951 συνεχής
579 1905 644 1950 γάρ
678 1901 764 1936 οὖσα
793 1903 813 1938 ’ἦ
842 1900 1063 1946 ἀναθυμίασις
1099 1902 1278 1936 ἀκολουθεῖ

269 1951 315 1989 ὣς
339 1949 395 1983 ἐπὶ
420 1950 462 1981 τὰ
488 1949 595 1990 πολύ,
622 1948 667 1990 τῇ
694 1947 779 1991 ὁρμῇ
806 1947 869 1984 τῆς
903 1946 1029 1992 ἀρχῆς,
1055 1945 1134 1978 ὥσθ’
1163 1946 1185 1985 ἦ*
1211 1947 1275 1980 ἔσω

271 1993 365 2040 ἅμα,
391 1992 414 2031 ἥ
439 1992 513 2048 ἔξω,
528 1993 615 2037 ὁρμᾷ
640 1992 749 2024 πᾶσα.
782 1991 829 2023 Td
854 1987 885 2022 δ’
911 1991 1016 2029 ἐνίους
1040 1991 1193 2038 γίνεσθαι
1217 1994 1275 2024 καὶ

229 2054 232 2058 ·
271 2038 470 2084 πνιύματος
494 2048 594 2074 οντος
619 2031 717 2069 οὐδὲν
751 2035 895 2082 ἄλογον·
923 2036 1051 2081 ὁρῶμεν
1075 2037 1138 2082 γαρ
1165 2037 1275 2069 ἐνίοτε

207 2097 210 2099 “
233 2124 235 2126 v
272 2081 347 2128 ἅμα
371 2083 506 2120 πλείους
523 2079 693 2119 πνέοντας
715 2079 871 2124 ἀνέμους,
890 2079 934 2111 ὥν
953 2079 1039 2112 ὅταν
1056 2081 1101 2119 εἱς
1127 2082 1193 2118 τήν
1210 2081 1275 2127 γῆν

310 2126 404 2172 μήση
427 2125 591 2168 θάτερον,
617 2125 718 2157 ἔσται
743 2123 939 2169 πνεύματος
961 2124 1059 2163 ὄντος
1084 2125 1100 2158 ὁ
1126 2124 1273 2169 σεισμός.

264 2139 459 2209 ’ἐλάττους
483 2166 513 2203 δ’
536 2169 633 2203 οὗτοι
659 2171 700 2201 τὸ
727 2168 867 2214 μέγεθος
891 2171 1048 2214 γίνονται
1069 2167 1128 2201 διά
1145 2171 1186 2201 το“
1205 2165 1276 2213 διῃ-

271 2215 394 2262 ρῆσθαι
419 2216 486 2252 τήν
513 2215 622 2259 ἀρχήν
649 2215 708 2245 καὶ
734 2215 800 2250 τήν
826 2213 944 2245 αἰτίαν
970 2210 1097 2246 αὐτῶν.
1133 2215 1199 2245 Καὶ
1226 2225 1279 2246 νυ-

271 2261 353 2299 κτός
369 2256 399 2292 δ’
421 2262 451 2292 οἱ
473 2261 606 2297 πλείους
629 2259 688 2290 καὶ
709 2257 840 2302 μείζους
858 2260 1014 2304 γίνονται
1032 2258 1100 2289 τῶν
1117 2259 1276 2302 σεισμῶν,

273 2307 304 2338 οἱ
319 2304 358 2347 δὲ
376 2304 439 2342 τῆς
458 2303 586 2348 ἡμέρας
604 2304 677 2347 περὶ
695 2302 924 2347 μεσημβρίαν·
950 2301 1194 2346 νηνεμώτατον
1211 2301 1277 2349 γάρ

271 2347 365 2383 ἔστιν
389 2349 432 2386 ὥς
457 2347 513 2381 ἐπὶ
539 2349 581 2380 ro*
607 2346 694 2379 πολῦ
727 2347 790 2384 τῆς
815 2345 943 2390 ἡμέρας
975 2347 997 2383 ’ἢ
1019 2346 1212 2391 μεσημβρία
1238 2346 1275 2390 (ὁ

297 2394 338 2440 ἀρ
358 2392 454 2431 ἥλιος
472 2391 558 2425 ὃταν
576 2390 730 2436 μάλιστα
746 2392 875 2435 κρατῇ,
893 2392 1094 2423 κατακλείει
1112 2391 1176 2428 τήν
1196 2391 1278 2423 ἀνα-

271 2405 430 2484 θυμίασιν
454 2438 500 2474 εὶς
525 2436 591 2473 τήν
615 2435 700 2482 γῆν·
725 2440 849 2480 κρατεῖ
871 2431 908 2468 δέ
933 2434 1088 2480 μάλιστα
1114 2436 1188 2477 περὶ
1215 2435 1279 2471 τήν

271 2482 516 2530 μεσημβρίαν),
541 2482 600 2512 καὶ
627 2481 662 2511 αἱ
686 2478 804 2517 νύκτες
825 2476 864 2512 δὲ
884 2481 952 2512 τῶν
978 2480 1109 2523 ἡμερῶν
1135 2478 1281 2523 νηνεμώ-

273 2538 372 2573 τεραι
396 2525 456 2559 διαὶ
480 2524 546 2562 τήν
573 2525 742 2557 ἀπουσίαν
772 2525 836 2561 τήν
863 2524 926 2556 τοῦ
952 2522 1172 2560 vineo-«See
1201 2526 1279 2556 εἴσω

271 2574 407 2620 γίνεται
431 2569 535 2603 ποίλιν
561 2570 582 2606 ἣ
606 2567 712 2614 ῥύσις,
733 2567 847 2613 ὥσπερ
874 2569 1045 2613 ἄμπωτις,
1067 2567 1111 2605 εἰς
1138 2569 1281 2601 τούναν-

273 2618 348 2649 τίον
374 2615 438 2653 τῆς
464 2613 584 2656 ἔξωθεν
610 2609 861 2658 πλημμυρίδος,
886 2614 946 2645 καὶ
971 2614 1052 2656 πρὸς
1078 2611 1191 2658 ὄρθρον
1216 2612 1282 2657 μοί-

272 2661 399 2693 λιστα·
426 2659 622 2697 τηνικαῦτα
646 2660 712 2703 γάρ
745 2659 804 2690 καὶ
838 2657 886 2690 τά
917 2657 1103 2702 πνεύματα
1136 2658 1279 2702 πέφυκεν

275 2705 314 2750 ἀρ
342 2703 437 2736 εσθαι
462 2707 568 2735 πνεῖν.
600 2703 686 2735 Ἐἀν
712 2701 769 2735 οὖν
794 2703 872 2734 ε’ίσω
899 2700 990 2746 τύχῃ
1008 2701 1279 2746 μεταβάλλουσα

273 2751 295 2786 ’ἦ
322 2748 411 2794 αρχῆ
438 2745 552 2780 αὐτῶν
577 2745 689 2791 ὥσπερ
716 2746 863 2803 εὔριπος,
883 2743 942 2778 διά
967 2748 1008 2778 τὸ
1034 2746 1163 2784 πλῆθος
1188 2747 1280 2791 ἰσχυ-

273 2791 410 2840 ρότερον
437 2796 528 2825 ποιεῖ
551 2792 613 2824 τὸν
638 2802 790 2846 σεισμον.

198 2837 279 2871 Ἔτι
303 2833 343 2870 δὲ
367 2839 441 2881 περὶ
467 2835 594 2874 τόπους
620 2848 799 2873 τοιουτους
824 2837 854 2868 οἱ
877 2834 1113 2890 ἱσχιῳοῧτοιτοι,ἱ
1124 2837 1280 2890 γίνονται

273 2883 342 2917 τῶν
371 2881 536 2924 σεισμῶν,
564 2880 649 2914 ὅπου
675 2881 696 2918 ἦ
721 2879 886 2913 θάλαττα
917 2878 1064 2924 ῥοώδης,
1093 2891 1113 2915 η
1138 2891 1159 2915 η
1185 2878 1281 2924 χώρα

273 2927 387 2972 σομφῆ
403 2927 463 2958 καὶ
481 2923 671 2970 ὕπαντρος·
698 2921 751 2958 διὸ
775 2927 835 2956 καὶ
853 2926 927 2969 περὶ
949 2923 1204 2959 Ἑλλήσποντον
1221 2925 1279 2955 καὶ

275 2974 351 3015 περὶ
380 2971 527 3017 Ἀχαΐαν
556 2972 614 3002 καὶ
646 2971 824 3010 Σικελίαν,
855 2971 914 3000 καὶ
940 2969 1004 3006 τῆς
1035 2968 1181 3008 Εὐβοίας
1206 2969 1281 3012 περὶ

275 3015 421 3053 τούτους
453 3015 534 3053 τούς
559 3014 704 3052 τόπους·
730 3008 825 3045 δοκεῖ
853 3014 902 3059 γά
951 3008 1181 3055 διαυλωνίζειν
1214 3013 1281 3044 ὑπὸ

275 3059 340 3097 τὴν
365 3061 430 3107 γῆν
456 3059 477 3096 ἦ
502 3058 684 3092 θάλαττα·
710 3053 764 3091 8ιό
787 3059 847 3089 καὶ
865 3069 913 3089 τα
932 3056 1036 3101 θερμοὶ
1056 3058 1103 3090 τοὶ
1129 3059 1203 3101 περὶ
1228 3057 1282 3087 Αἴ-

275 3100 380 3149 δηψον
408 3103 476 3137 ἀπὸ
510 3103 678 3142 τοιαύτης
704 3103 819 3140 αἰτίας
845 3101 998 3148 γέγονεν.
1033 3103 1106 3145 Περὶ
1136 3099 1175 3132 δὲ
1200 3102 1281 3138 του“ς

275 3147 467 3194 εἰρημένους
493 3147 620 3186 τόπους
647 3150 676 3180 οἱ
706 3147 836 3192 σεισμοὶ
861 3149 1016 3193 γίνονται
1042 3145 1196 3191 μάλιστα
1221 3140 1281 3176 δια

276 3182 583 3230 τῆνιστενότητα·
611 3194 653 3225 τό
704 3194 743 3236 ἀρ
769 3192 905 3234 πνεῦμα
933 3189 1108 3236 γινόμενον
1137 3185 1281 3233 σφοδράν

274 3236 334 3270 8ιά
357 3237 398 3270 ‘ro'
424 3235 554 3274 πλῆθος
586 3237 649 3276 τῆς
677 3205 861 3273 θαλάττης
893 3235 1022 3272 πολλῆς
1057 3232 1283 3278 προσφερομέ-

275 3293 332 3320 νης
358 3279 551 3314 ἀπωθεῖται
583 3281 686 3314 ποίλιν
711 3281 756 3319 εἰς
789 3280 853 3317 τὴν
886 3279 974 3325 γῆν,
1006 3277 1048 3310 τό
1071 3290 1110 3324 γε
1136 3276 1281 3322 πεφυκός

276 3327 445 3359 ἀποπνεῖν
470 3326 540 3359 ota-d
564 3327 628 3364 τῆς
653 3326 728 3372 γῆς.
767 3324 804 3356 Αἵ
831 3337 870 3356 τε
895 3323 1004 3368 χῶραι
1030 3321 1108 3354 ὅσαι
1133 3321 1280 3366 σομφοῦς

275 3370 392 3416 ἔχουσι
416 3372 498 3408 τούς
521 3369 618 3403 κάτω
644 3369 793 3411 τόπους,
821 3370 909 3401 πολύ
933 3363 1118 3412 δεχόμεναι
1144 3366 1280 3410 πνεῦμα

276 3417 430 3447 σείονται
455 3415 597 3459 μᾶλλον.

209 3459 275 3491 Καὶ
301 3458 398 3504 ἔαρος
415 3453 453 3491 δὲ
473 3461 530 3492 καὶ
548 3457 747 3503 μετοπώρου
773 3455 927 3502 μάλιστα
950 3457 1008 3486 καὶ
1027 3452 1061 3486 ἐν
1081 3453 1278 3498 ἐπομβρίαις

275 3505 333 3536 καὶ
360 3503 503 3558 αὐχμοῖς
529 3505 686 3550 γίνονται
706 3498 766 3534 δια
781 3502 847 3537 τήν
867 3500 979 3537 αὐτήν
998 3499 1134 3530 αἰτίαν·
1162 3499 1197 3529 αἱ
1214 3498 1278 3543 γάρ

277 3547 359 3590 ὧραι
385 3559 493 3580 αυται
518 3541 896 3591 πνευματωδέσταται·
922 3545 963 3577 τό
984 3545 1048 3588 γοὶρ
1070 3541 1160 3586 θέρος
1185 3543 1243 3572 καὶ
1264 3542 1280 3572 ὁ

276 3591 416 3637 χειμών,
437 3592 478 3624 τό
504 3588 564 3637 μὲν
588 3590 648 3623 διαὶ
672 3590 732 3622 τὸν
754 3589 878 3635 ποίγον,
899 3590 940 3621 τὸ
957 3586 995 3620 δὲ
1012 3583 1071 3619 8ιά
1088 3586 1153 3623 την
1173 3584 1278 3618 ἀλέαν

1329 796 1346 816 *
1369 797 1432 828 Sed
1454 797 1610 838 quoniam
1633 799 1847 837 manifestum,
1872 800 1961 841 quod
1984 801 2197 832 necessarium
2225 796 2256 832 et
2278 802 2317 832 ab
2339 802 2397 833 hu-

1396 841 1486 872 mido
1500 848 1530 872 et
1547 852 1565 872 a
1577 842 1660 873 sicco
1675 842 1742 873 fieri
1757 843 1999 883 exhalationem,
2016 844 2097 875 sicut
2112 845 2249 876 diximus
2264 846 2297 876 in
2312 846 2396 887 prio-

1397 886 1494 925 ribus,
1513 896 1639 917 necesse
1662 886 1710 917 his
1733 887 1935 919 existentibus
1961 888 2027 920 fieri
2051 895 2275 921 terraemotus:
2294 891 2396 922 existit

1398 930 1484 961 enim
1510 937 1590 961 terra
1613 940 1669 970 per
1688 941 1720 961 se
1737 931 1866 972 quidem
1887 932 1978 971 sicca,
1997 940 2127 974 propter
2149 934 2265 965 imbres
2288 941 2396 966 autem

1398 974 1517 1005 habens
1540 975 1573 1005 in
1597 974 1733 1015 seipsam
1757 975 2152 1016 humiditatem.multam,
2177 985 2213 1009 ut
2235 985 2267 1010 et
2291 989 2310 1009 a
2329 979 2396 1010 sole

1398 1025 1429 1049 et
1452 1019 1490 1049 ab
1515 1029 1553 1050 eo
1581 1019 1638 1060 qui
1667 1019 1700 1050 in
1727 1019 1795 1060 ipsa
1823 1020 1895 1060 igne
1923 1021 2087 1060 calefacta,
2115 1022 2236 1054 multus
2265 1023 2396 1064 quidem

1399 1069 1494 1102 extra,
1517 1063 1638 1094 multus
1658 1070 1766 1094 autem
1784 1064 1864 1095 intra
1878 1065 2005 1105 spiritus
2021 1065 2093 1105 fiat;
2110 1073 2140 1097 et
2153 1066 2204 1098 hic
2223 1067 2395 1108 aliquando

1397 1107 1529 1148 quidem
1553 1107 1724 1139 continuus
1748 1115 1832 1139 extra
1855 1108 1924 1140 fluit
1947 1110 2069 1149 omnis,
2093 1110 2264 1152 aliquando
2288 1118 2396 1143 autem

1398 1152 1480 1182 intra
1504 1152 1620 1190 omnis,
1637 1152 1808 1193 aliquando
1832 1160 1940 1184 autem
1963 1161 1994 1185 et
2011 1154 2153 1194 partitur.

1331 1195 1364 1226 Si
1385 1195 1493 1236 itaque
1516 1196 1578 1227 hoc
1601 1196 1797 1237 impossibile
1821 1197 1908 1228 aliter
1930 1197 2055 1237 habere,
2079 1206 2152 1239 post
2174 1199 2237 1230 hoc
2253 1200 2395 1231 conside-

1398 1240 1535 1271 randum
1557 1240 1668 1281 utique
1693 1241 1760 1279 erit,
1780 1242 1874 1282 quale
1897 1242 2033 1273 maxime
2061 1243 2220 1274 motivum
2247 1243 2305 1275 erit
2327 1254 2395 1275 cor-

1398 1292 1531 1325 porum:
1556 1295 1682 1315 necesse
1705 1285 1791 1316 enim
1814 1286 1903 1326 quod
1918 1287 1957 1316 ad
1971 1287 2147 1326 plurimum
2169 1294 2281 1318 natum
2303 1289 2347 1319 ire
2366 1296 2397 1320 et

1397 1329 1714 1360 vehementissimum
1737 1329 1872 1360 maxime
1896 1331 1956 1361 tale
1981 1341 2056 1362 esse.
2072 1331 2396 1364 Vehementissimum

1399 1372 1530 1414 quidem
1558 1373 1654 1413 igitur
1684 1383 1720 1404 ex
1753 1374 1935 1405 necessitate
1963 1375 2051 1415 quod
2071 1375 2249 1416 ⁴certissime
2280 1377 2395 1408 fertur:

1398 1417 1534 1457 percutit
1545 1417 1631 1448 enim
1647 1418 1783 1449 maxime
1796 1425 1925 1459 propter
1937 1419 2152 1458 velocitatem
2169 1420 2209 1450 ad
2221 1421 2396 1461 plurimum

1399 1468 1507 1492 autem
1521 1468 1634 1492 natum
1649 1469 1695 1493 est
1705 1463 1902 1502 pertransire,
1918 1463 2007 1503 quod
2023 1474 2079 1504 per
2094 1473 2190 1495 omne
2204 1464 2248 1495 ire
2260 1466 2396 1496 maxime

1399 1512 1515 1546 potest,
1531 1506 1592 1537 tale
1609 1513 1716 1537 autem
1730 1507 1819 1547 quod
1833 1507 2093 1547 subtilissimum;
2113 1518 2210 1549 quare
2226 1509 2251 1539 si
2267 1509 2397 1551 quidem

1399 1550 1527 1590 spiritus
1542 1557 1653 1581 natura
1665 1551 1745 1589 talis,
1758 1551 1894 1581 maxime
1910 1561 2083 1592 corporum
2099 1553 2225 1593 spiritus
2241 1554 2396 1585 motivus:

1390 1594 1517 1625 ‘etenim
1539 1594 1632 1634 ignis,
1657 1595 1787 1636 quando
1812 1605 1886 1626 cum
1910 1595 2020 1636 spiritu
2044 1596 2147 1636 fuerit,
2166 1596 2202 1628 fit
2217 1597 2344 1629 flamma
2368 1605 2398 1629 et

1400 1638 1499 1669 fertur
1521 1639 1669 1670 celeriter.

1331 1727 1405 1757 Non
1421 1726 1516 1767 igitur
1539 1737 1622 1769 aqua
1645 1738 1748 1769 neque
1764 1735 1844 1759 terra
1868 1738 1962 1759 causa
1977 1729 2088 1770 utique
2112 1729 2184 1768 erit,
2201 1730 2256 1760 sed
2272 1730 2398 1771 spiritus

1398 1779 1522 1811 motus,
1548 1782 1623 1803 cum
1638 1772 1724 1803 in‘tus
1747 1772 1871 1804 fluxerit
1894 1772 1949 1814 qui
1973 1780 2057 1804 extra
2081 1773 2250 1805 exhalatus.

1331 1860 1464 1900 Propter
1498 1861 1588 1901 quod
1618 1860 1700 1892 fiunt
1725 1861 1950 1903 tranquillitate
1978 1862 2084 1902 plures
2119 1869 2149 1894 et
2183 1863 2311 1894 maximi
2341 1871 2400 1895 ter-

1398 1911 1619 1936 raemotuum:
1645 1905 1796 1936 continua
1820 1906 1906 1936 enim
1940 1906 2073 1937 existens
2106 1906 2260 1938 exhalatio
2290 1918 2400 1939 conse-

1399 1949 1508 1990 quitur
1537 1956 1574 1980 ut
1601 1949 1634 1980 in
1662 1949 1807 1990 pluribus
1837 1950 1995 1991 impetum
2025 1951 2189 1992 principii:
2221 1962 2317 1993 quare
2346 1960 2401 1984 aut

1398 1993 1485 2024 intus
1509 1993 1622 2033 simul,
1647 2001 1702 2025 aut
1725 2001 1809 2025 extra
1833 1994 1930 2025 fertur
1953 1995 2068 2026 omnis.
2094 1995 2262 2033 Quosdam
2292 2003 2400 2027 autem

1399 2037 1466 2068 fieri
1484 2044 1515 2068 et
1530 2038 1642 2079 spiritu
1658 2038 1807 2070 existente
1823 2039 1903 2069 nihil
1916 2038 2142 2070 irrationabile:
2155 2040 2300 2071 videmus
2315 2041 2400 2072 enim

1399 2082 1572 2123 aliquando
1595 2082 1691 2113 simul
1705 2083 1812 2123 plures
1830 2082 1940 2114 flantes
1963 2090 2090 2122 ventos,
2115 2094 2255 2125 quorum
2279 2095 2353 2116 cum
2367 2085 2400 2115 in

1399 2133 1514 2157 terram
1530 2126 1647 2157 feratur
1662 2127 1749 2166 alter,
1767 2127 1824 2158 erit
1839 2127 1950 2167 spiritu
1969 2134 2039 2158 ente
2055 2134 2272 2160 terraemotus.
2295 2129 2399 2160 Mino—

1400 2181 1448 2201 res
1467 2177 1575 2201 autem
1592 2170 1625 2201 hi
1640 2170 1723 2202 fiunt
1737 2171 1966 2212 magnitudine,
1979 2178 2146 2212 propterea
2157 2173 2247 2214 quod
2263 2173 2400 2204 divisum

1402 2221 1449 2246 est
1470 2215 1664 2256 principium
1692 2222 1723 2246 et
1745 2225 1840 2246 causa
1866 2215 2021 2256 ipsorum.
2051 2217 2153 2247 Nocte
2183 2224 2290 2248 autem
2319 2217 2401 2248 fiunt

1401 2260 1508 2301 plures
1539 2266 1570 2290 et
1597 2260 1732 2290 maiores
1755 2266 2026 2300 terraemotuum‚
2056 2261 2112 2302 qui
2139 2268 2247 2292 autem
2270 2262 2308 2292 de
2332 2261 2399 2301 die,

1401 2304 1687 2343 circaNmeridiem:
1717 2304 2015 2346 tranquillissimum
2039 2305 2124 2335 enim
2148 2312 2194 2336 est
2216 2312 2252 2337 ut
2274 2305 2307 2336 in
2331 2306 2401 2347 plu-

1401 2349 1487 2379 ribus
1518 2348 1579 2379 diei
1607 2348 1753 2379 meridies
1776 2346 1847 2391 (sol
1871 2348 1956 2379 enim
1984 2359 2058 2380 cum
2085 2349 2221 2380 maxime
2245 2350 2400 2389 obtineat,

1401 2393 1537 2424 declinat
1555 2392 1787 2424 exhalationem
1802 2392 1835 2423 in
1850 2399 1979 2424 terram:
2004 2393 2126 2425 obtinet
2143 2401 2251 2425 autem
2264 2394 2401 2425 maxime

1403 2437 1483 2468 eirca
1498 2435 1689 2479 meridiem),
1706 2444 1815 2468 noctes
1831 2443 1938 2468 autern
1954 2437 2065 2469 diebus
2079 2438 2312 2480 tranquilliores
2328 2449 2401 2479 pro-

1402 2488 1471 2522 pter
1499 2481 1672 2512 absentiam
1703 2481 1788 2513 solis.
1822 2482 1928 2519 Quare
1957 2482 2043 2513 intus
2073 2481 2109 2513 fit
2130 2482 2245 2514 iterum
2277 2482 2400 2521 fluxus,

1402 2526 1483 2557 sicut
1506 2536 1662 2564 recursus,
1685 2526 1718 2556 in
1743 2525 1936 2557 contrarium
1960 2526 2027 2557 eius
2050 2537 2131 2568 quae
2155 2534 2239 2558 extra
2263 2527 2401 2558 diffusio-

1402 2570 1470 2607 nis,
1501 2577 1532 2601 et
1555 2571 1595 2601 ad
1618 2570 1799 2601 diluculum
1826 2570 1980 2601 maxime:
2012 2578 2088 2602 tunc
2113 2571 2198 2602 enim
2221 2578 2252 2602 et
2274 2571 2401 2612 spiritus

1402 2614 1467 2646 nati
1487 2621 1562 2646 sunt
1575 2615 1714 2655 incipere
1737 2614 1821 2646 flare.
1839 2615 1871 2646 Si
1885 2614 1981 2655 igitur
2002 2615 2088 2646 intus
2112 2615 2260 2647 exstiterit
2275 2626 2401 2656 permu-

1403 2666 1506 2690 tatum
1521 2659 1716 2700 principium
1731 2659 1877 2700 ipsorum
1901 2659 1982 2690 sicut
2005 2660 2149 2700 euripus,
2168 2667 2299 2701 propter
2320 2661 2402 2691 mul-

1403 2703 1573 2735 titudinem
1596 2703 1761 2735 fortiorem
1784 2703 1859 2735 facit
1880 2710 2118 2735 terraemotum.

1335 2835 1452 2867 Adhuc
1475 2841 1584 2866 autem
1607 2834 1687 2865 circa
1709 2834 1780 2865 loca
1802 2834 1876 2865 talia
1894 2833 2057 2864 fortissimi
2079 2833 2161 2864 fiunt
2183 2840 2401 2871 terraemotus,

1403 2879 1459 2910 ubi
1486 2889 1572 2909 mare
1603 2878 1727 2917 fluxile,
1751 2885 1806 2909 aut
1835 2878 1921 2918 regio
1945 2877 2116 2918 spongiosa
2139 2884 2170 2908 et
2197 2878 2400 2908 subantrosa:

1403 2930 1533 2964 propter
1555 2923 1644 2964 quod
1668 2929 1699 2953 et
1721 2923 1801 2953 circa
1819 2923 2066 2962 Hellespontum
2089 2928 2120 2952 et
2144 2921 2223 2952 circa
2248 2921 2402 2952 Achaiam

1404 2975 1436 2999 et
1458 2967 1608 3006 Siciliam,
1630 2973 1661 2998 et
1683 2967 1834 2997 Euboeae
1858 2966 1937 2997 circa
1960 2966 2037 2996 haec
2060 2966 2145 2996 loca:
2169 2965 2294 2996 videtur
2316 2965 2401 2996 enim

1404 3019 1566 3052 penetrare
1583 3012 1641 3042 sub
1659 3018 1738 3042 terra
1754 3021 1851 3049 mare,
1862 3017 1991 3051 propter
2006 3010 2095 3051 quod
2105 3016 2136 3040 et
2151 3009 2302 3048 thermae,
2319 3019 2401 3050 quae

1405 3056 1486 3087 circa
1509 3056 1710 3096 Aedepsum,
1736 3065 1754 3085 a
1776 3054 1830 3085 tali
1854 3065 1947 3085 causa
1975 3054 2074 3085 factae
2097 3060 2180 3084 sunt.
2206 3053 2296 3084 Circa
2319 3053 2402 3084 dicta

1403 3108 1511 3131 autem
1525 3101 1595 3130 loca
1607 3105 1813 3130 terraemotus
1826 3098 1906 3129 fiunt
1917 3098 2053 3128 maxime
2065 3105 2195 3138 propter
2208 3097 2400 3138 angustiam3

1405 3145 1532 3185 spiritus
1551 3143 1637 3174 enim
1655 3143 1756 3174 factus
1771 3143 1952 3181 vehemens,
1970 3149 2000 3173 et
2018 3148 2148 3182 propter
2162 3142 2401 3172 multitudinem

1403 3189 1498 3219 maris
1527 3187 1612 3218 allati
1640 3187 1801 3228 repellitur
1823 3187 1938 3217 iterum
1969 3186 2002 3216 in
2025 3193 2140 3217 terram
2170 3186 2260 3227 quod
2289 3192 2400 3216 natum

1404 3239 1469 3263 erat
1492 3232 1596 3262 efflare
1620 3241 1657 3262 ex
1679 3238 1769 3262 terra.
1790 3231 2023 3271 Regionesque,
2040 3240 2261 3271 quaecumque
2284 3229 2401 3260 habent

1403 3276 1510 3307 inania
1532 3286 1614 3317 quae
1632 3276 1742 3306 subtus
1765 3275 1846 3314 loca,
1863 3275 2003 3306 multum
2026 3274 2230 3315 suscipientes
2254 3274 2400 3314 spiritum

1403 3321 1630 3352 concutiuntur
1652 3319 1762 3360 magis.

1335 3455 1377 3485 Et
1398 3463 1470 3484 vere
1494 3458 1601 3483 autem
1625 3456 1655 3482 et
1678 3457 1834 3482 autumno
1858 3451 1994 3481 maxime
2025 3457 2055 3481 et
2077 3450 2110 3481 in
2135 3450 2287 3491 pluviosis
2315 3457 2346 3482 et
2368 3451 2401 3480 in

1402 3497 1592 3528 siccitatibus
1625 3495 1707 3526 fiunt
1743 3502 1874 3536 propter
1910 3495 2044 3526 eandem
2080 3502 2227 3526 causam:
2257 3501 2401 3534 tempora

1403 3541 1488 3572 enim
1519 3540 1595 3570 haec
1627 3540 1762 3570 maxime
1786 3547 1959 3580 spumosa3
1984 3546 2084 3570 aestas
2113 3539 2199 3570 enim
2223 3546 2254 3570 et
2276 3539 2376 3569 hiems
2391 3561 2399 3575 ‚

1402 3586 1479 3616 haec
1502 3585 1633 3626 quidem
1655 3584 1750 3624 igitur
1773 3590 1902 3624 propter
1924 3584 2017 3624 gelu,
2042 3583 2118 3614 haec
2142 3590 2249 3624 autern
2272 3589 2401 3623 propter

2423 805 2434 816 ⁸
2450 805 2506 833 Cap.
2521 811 2570 827 vm.
