2554 4062
2319 280 2354 304 XI

154 354 330 383 munem
363 340 590 382 hominum
624 340 816 388 modum,
844 345 946 380 tunc
981 346 1154 394 oportet
1185 340 1367 382 reddere
1400 341 1559 397 gratias
1593 342 1658 383 his
1694 344 1769 397 qui
1803 345 1908 385 tales
1932 346 2211 388 necessitates
2234 347 2355 390 inve-

155 403 289 452 niunt,
325 403 464 459 magis
499 416 632 458 quam
666 415 743 443 eos
777 402 1008 456 increpare.
1034 420 1048 439 ›

283 465 490 513 Secundo,
517 479 571 506 ex
602 464 687 505 hoc
720 464 816 519 ipso
852 464 962 505 libro
997 464 1221 506 manifeste
1256 466 1470 522 colligitur
1502 466 1623 521 quod
1657 468 1820 522 antiqui
1854 469 2029 510 theoriis
2055 472 2355 514 astronomicis

156 542 266 583 quas
302 527 613 584 excogitarunt,
638 540 727 567 non
761 526 818 567 ita
852 526 1133 568 inhaerebant
1165 528 1289 582 quasi
1323 535 1569 583 reputarent
1604 543 1677 571 eas
1712 531 1891 572 omnino
1928 538 2063 572 certas
2098 539 2140 573 et
2173 532 2354 577 demon-

155 597 333 640 stratas;
372 589 451 631 sed
483 588 705 630 habebant
748 589 864 644 ipsas
903 589 1003 630 loco
1037 590 1409 644 suppositionum,
1446 591 1605 645 quibus
1651 592 1919 634 conabantur
1962 594 2169 635 rationem
2209 596 2354 650 aliquo

157 652 293 695 modo
327 651 510 693 reddere
544 650 598 691 de
631 651 683 692 iis
717 665 829 705 quae
853 651 1112 692 sensibiliter
1134 659 1342 706 apparent
1375 653 1485 694 circa
1508 667 1691 708 corpora
1715 655 1914 696 caelestia
1937 669 2175 711 eorumque
2198 664 2353 700 motus.

156 717 297 757 Immo
328 713 574 755 'fatebantur
617 713 739 768 quod
772 726 1009 769 progressu
1043 714 1251 768 temporis
1285 715 1493 769 possibile
1528 722 1618 756 erat
1650 730 1810 758 novam
1846 717 2036 759 invenire
2070 719 2280 761 rationem
2315 727 2356 762 et

156 777 298 832 magis
332 781 493 817 certam
527 775 768 830 explicandi
802 776 1104 831 phaenomena
1138 777 1349 818 caelestia.
1391 794 1406 813 ‹
1430 777 1478 818 Si
1511 779 1674 833 gratiae
1697 778 1893 835 agendae
1927 786 2027 821 sunt
2058 780 2124 822 his
2158 782 2231 836 qui
2265 796 2355 823 cer-

155 839 290 880 tiores
323 837 604 880 necessitates
638 838 874 887 inveniunt,
909 852 1023 879 nunc
1056 844 1200 879 autem
1235 839 1278 879 in
1311 839 1391 880 hac
1424 840 1678 893 quaestione
1721 841 1877 882 sufficit
1912 842 2053 884 dicere
2097 843 2199 884 illud
2233 844 2353 898 quod

157 900 286 943 nobis
320 899 503 950 videtur,
539 901 618 942 etsi
652 914 741 942 non
775 901 830 942 sit
862 900 974 942 adeo
1010 907 1172 942 certum
1207 900 1293 955 (lib.
1318 902 1367 950 II,
1392 902 1485 943 lect.
1509 914 1581 951 vn,
1607 916 1645 943 n.
1665 902 1719 957 5).
1752 922 1766 940 »
1806 904 2014 946 Lectione
2037 917 2093 953 X1,
2117 905 2269 960 inqua
2290 907 2355 947 in-

157 962 339 1019 quiritur
371 963 554 1018 qualiter
585 963 733 1004 stellae
756 969 1025 1012 moveantur,
1056 963 1161 1004 haec
1194 963 1374 1004 adnotat
1406 978 1439 1005 s.
1457 964 1652 1006 Thomas
1675 964 1760 1019 (nn.
1791 979 1824 1014 1,
1852 966 1893 1020 2)
1927 973 2028 1021 post
2053 967 2354 1010 Aristotelem:

163 1043 179 1063 ι
202 1025 418 1067 Videmus
452 1031 495 1066 et
527 1026 672 1067 stellas
714 1032 756 1067 et
798 1032 938 1067 totum
972 1026 1138 1067 caelum
1181 1026 1400 1068 moveri..
1438 1027 1541 1067 Non
1574 1030 1720 1068 autem
1763 1034 1913 1082 posset
1945 1029 2100 1070 salvari
2142 1043 2354 1084 apparens

157 1093 304 1130 motus
337 1088 569 1137 stellarum,
593 1088 630 1129 si
665 1094 707 1129 et
739 1089 887 1130 stellae
921 1101 1034 1143 quae
1067 1087 1269 1129 videntur
1297 1089 1462 1129 moveri
1498 1089 1778 1143 quiescerent,
1804 1096 1846 1130 et
1867 1090 2064 1132 homines
2087 1091 2160 1146 qui
2194 1092 2354 1134 vident.

159 1150 294 1204 Quod
329 1150 444 1192 enim
477 1157 622 1192 motus
657 1157 880 1206 appareat,
917 1156 1116 1192 causatur
1148 1151 1218 1191 vel
1254 1163 1308 1191 ex
1340 1156 1462 1192 motu
1495 1151 1676 1192 visibilis
1709 1152 1779 1192 vel
1820 1165 1873 1193 ex
1911 1158 2031 1194 motu
2065 1153 2263 1195 videntis.
2299 1155 2355 1195 Et

157 1212 265 1273 ideo
284 1212 476 1268 quidam,
495 1219 713 1269 ‘ponentes
746 1213 891 1255 stellas
927 1218 969 1254 et
1000 1218 1141 1254 totum
1176 1213 1342 1254 caelum
1376 1213 1610 1267 quiescere,
1641 1220 1879 1268 posuerunt
1910 1220 2065 1255 terram
2088 1215 2131 1256 in
2154 1229 2240 1270 qua
2274 1230 2354 1257 nos

157 1274 416 1324 habitamus,
434 1276 602 1317 moveri
625 1275 680 1316 ab
705 1275 931 1317 occidente
954 1275 997 1316 in
1020 1274 1231 1316 orientem
1255 1274 1366 1316 circa
1386 1276 1514 1330 polos
1537 1275 1873 1330 aequinoctiales
1898 1277 2089 1331 qualibet
2111 1277 2180 1318 die
2202 1279 2355 1328 semel;

159 1340 204 1380 et
234 1337 294 1379 ita
325 1351 403 1393 per
436 1344 604 1379 motum
638 1343 835 1379 nostrum
868 1337 1040 1378 videtur
1060 1336 1202 1378 'nobis
1226 1337 1348 1391 quod
1381 1338 1530 1379 stellae
1563 1338 1605 1385 in
1634 1338 1892 1379 contrarium
1926 1345 2198 1389 moveantur;
2233 1340 2354 1394 quod

159 1399 338 1455 quidem
361 1399 515 1441 dicitur
535 1400 737 1455 posuisse
760 1399 1005 1441 Heraclitus
1031 1399 1238 1440 Ponticus
1262 1405 1304 1440 et
1326 1400 1639 1442 Aristarchus»
1668 1401 1876 1442 Lectione
1899 1407 2042 1442 autem
2063 1413 2167 1451 XVII,
2185 1415 2299 1443 num.
2316 1415 2356 1451 2,

158 1468 262 1518 post
294 1462 541 1517 expositum
575 1468 768 1516 systema
800 1461 1084 1516 planetarium
1117 1462 1235 1502 iuxta
1268 1467 1546 1503 astronomos
1580 1462 1814 1504 Aristotele
1847 1463 2111 1517 antiquiores
2135 1469 2177 1504 et
2209 1470 2356 1518 poste-

158 1525 308 1573 riores,
341 1524 449 1566 haec
482 1524 699 1579 sapienter
731 1523 1056 1566 animadvertit:
1098 1541 1114 1560 ‹
1143 1523 1320 1565 Illorum
1354 1530 1498 1565 tamen
1531 1524 1854 1579 suppositiones
1889 1538 1997 1579 quas
2031 1524 2354 1575 adinvenerunt,

159 1600 249 1629 non
282 1592 350 1628 est
381 1587 674 1628 necessarium
708 1599 804 1628 esse
837 1599 977 1628 veras,
1025 1586 1149 1627 Licet
1181 1586 1308 1635 enim,
1343 1586 1500 1627 talibus
1533 1587 1906 1641 suppositionibus
1938 1586 2078 1636 factis,
2113 1588 2359 1642 apparentia

158 1649 440 1698 salvarentur,
476 1662 564 1690 non
598 1654 744 1690 tamen
778 1655 951 1704 oportet
985 1648 1127 1690 dicere
1159 1648 1237 1689 has
1270 1649 1594 1703 suppositiones
1629 1662 1725 1690 esse
1758 1662 1904 1698 veras;
1939 1648 2040 1703 quia
2075 1649 2182 1690 forte
2205 1663 2358 1690 secun-

158 1711 265 1754 dum
300 1711 490 1766 aliquem
523 1711 655 1752 alium
690 1711 897 1760 modum,
933 1710 1130 1752 nondum
1163 1711 1218 1752 ab
1252 1710 1502 1752 hominibus
1547 1710 1930 1766 comprehensum,
1964 1711 2210 1765 apparentia
2249 1711 2359 1753 circa

159 1774 307 1817 stellas
339 1774 562 1815 salvantur
594 1773 660 1828 (cs.
684 1773 870 1815 Summa
911 1774 953 1815 T
945 1773 1184 1827 heologica,
1220 1779 1325 1828 part.
1349 1774 1380 1822 I,
1414 1787 1485 1827 qu.
1510 1786 1640 1822 xxxn,
1675 1787 1711 1814 a.
1744 1786 1777 1822 1,
1812 1772 1868 1814 ad
1904 1771 1958 1827 2).
1990 1790 2005 1809 ›

296 1836 448 1885 Tertio,
473 1849 604 1877 nemo
628 1849 788 1892 negare
811 1835 970 1891 poterit
991 1835 1113 1890 quod
1135 1841 1226 1876 tum
1248 1835 1343 1876 libri
1367 1835 1614 1876 Aristotelis
1647 1841 1738 1876 tum
1773 1834 2078 1876 commentaria
2110 1848 2143 1875 s.
2163 1835 2359 1876 Thomae

160 1897 353 1941 maximo
387 1897 640 1940 adiumento
674 1904 775 1939 sunt
807 1898 906 1947 illis,
941 1897 1015 1952 qui
1049 1897 1272 1938 historiam
1306 1897 1510 1938 scientiae
1542 1897 1858 1938 astronomicae
1882 1910 1935 1937 ex
1960 1896 2142 1951 propriis
2170 1897 2361 1938 fontibus

158 1960 350 2014 haurire,
377 1973 562 2015 eamque
597 1959 807 2002 methodo
841 1973 891 2001 ac
925 1965 1040 2001 certa
1073 1959 1239 2000 ratione
1261 1958 1428 2000 tradere
1458 1959 1643 2013 cupiunt.
1680 1958 1862 1999 Accedit
1894 1958 2009 1999 aliud
2033 1972 2121 1999 non
2144 1959 2360 2000 mediocre

161 2021 458 2071 commodum,
493 2022 615 2077 quod
650 2022 850 2064 nimirum
884 2035 938 2063 ex
970 2021 1037 2063 his
1071 2021 1201 2070 libris,
1225 2021 1267 2062 in
1293 2021 1452 2075 quibus
1479 2021 1623 2062 variae
1645 2021 1920 2075 antiquorum
1950 2021 2177 2075 opiniones
2201 2021 2361 2061 exami-

162 2090 338 2134 nantur,
373 2091 644 2140 compertum
688 2084 766 2126 erit
799 2083 1012 2139 quidquid
1045 2098 1071 2125 a
1103 2083 1324 2124 veteribus
1367 2083 1582 2137 sapienter
1620 2083 1698 2124 fuit
1737 2083 2028 2138 excogitatum
2070 2097 2119 2124 ac
2161 2083 2361 2124 traditum

160 2147 360 2204 posteris,
395 2147 482 2202 qui,
506 2146 795 2202 multiplicatis
829 2146 1212 2187 observationibus
1235 2150 1278 2186 et
1297 2145 1536 2199 aptioribus
1563 2144 1716 2186 mediis
1739 2144 1953 2193 adhibitis,
1978 2144 2199 2185 scientiam
2222 2151 2359 2186 astro-

163 2209 381 2252 nomicam
414 2209 458 2250 in
493 2222 588 2250 eam
617 2208 891 2264 perfectionis
924 2207 1107 2249 formam
1141 2206 1424 2255 adduxerunt,
1450 2206 1504 2247 de
1528 2220 1615 2261 qua
1637 2207 1789 2248 merito
1812 2212 1930 2248 aetas
1964 2212 2111 2247 nostra
2142 2207 2359 2261 gloriatur.

162 2271 427 2314 Proser-imus
461 2271 590 2312 etiam
623 2270 692 2311 hic
726 2270 924 2324 exempla
957 2283 1104 2311 earum
1138 2268 1405 2323 opinionum,
1441 2268 1482 2309 in
1517 2268 1676 2323 quibus
1699 2283 1724 2310 a
1745 2269 1879 2310 veteri
1913 2282 2061 2309 recens
2095 2269 2360 2309 astronomia

163 2347 253 2376 non
298 2332 529 2374 discordat.
574 2332 785 2374 Lectione
828 2344 889 2372 ΧΠ
922 2331 1100 2372 secundi
1134 2331 1251 2378 libri,
1287 2345 1326 2372 n.
1354 2341 1403 2384 7,
1438 2330 1630 2371 Platonis
1664 2336 1909 2371 recensetur
1950 2330 2097 2384 opinio
2144 2330 2196 2371 de
2240 2337 2360 2371 motu

163 2396 383 2439 stellarum
417 2395 529 2437 circa
562 2394 784 2450 proprium
817 2407 956 2443 axem,
979 2407 1112 2448 quam
1145 2392 1323 2447 quidem
1345 2392 1596 2448 opinionem
1619 2392 1865 2447 Simplicius
1888 2392 2082 2446 pluribus
2105 2392 2357 2433 confirmare

163 2458 326 2508 nititur3
360 2471 411 2499 ac
440 2457 494 2498 de
528 2457 623 2512 ipsa
654 2461 847 2511 spectata
867 2456 911 2496 in
934 2455 1084 2496 ordine
1107 2454 1163 2496 ad
1187 2460 1376 2496 mentem
1410 2454 1667 2503 Aristotelis,
1691 2454 1797 2495 haec
1819 2454 2066 2508 pronuntiat
2099 2454 2359 2509 Angelicus:

170 2538 187 2558 ‹
212 2520 328 2575 Quia
360 2519 634 2575 propositum
668 2517 916 2560 Aristotelis
938 2517 1016 2558 fuit
1049 2530 1137 2558 non
1171 2516 1373 2558 recedere
1406 2516 1461 2557 ab
1496 2516 1557 2557 eis
1591 2529 1703 2571 quae
1737 2516 1791 2557 ad
1812 2529 1988 2557 sensum
2021 2521 2236 2571 apparent,
2261 2516 2362 2570 quia

163 2583 260 2626 talis
288 2580 620 2638 circumgyratio
645 2595 734 2622 non
757 2580 1016 2622 sensibiliter
1047 2585 1226 2634 apparet
1258 2579 1300 2620 in
1335 2578 1479 2627 stellis,
1503 2578 1604 2619 ideo
1638 2591 1726 2619 non
1759 2578 1941 2619 asseruit
1971 2577 2084 2618 hunc
2118 2583 2283 2618 motum
2318 2578 2360 2618 in

164 2645 298 2688 stellis
333 2658 442 2694 esse,
476 2644 575 2686 licet
607 2657 696 2685 non
730 2642 890 2684 directe
932 2641 1254 2697 improbaverit.
1279 2660 1292 2676 ›
1334 2640 1542 2681 Lectione
1576 2646 1720 2681 autem
1753 2652 1836 2689 XX,
1871 2654 1911 2681 n.
1936 2641 1982 2689 3,
2017 2639 2091 2680 ubi
2125 2640 2363 2680 reseruntur

166 2707 397 2763 opiniones
430 2707 541 2748 circa
580 2706 710 2747 situm
743 2711 901 2754 terrae,
937 2705 1042 2746 haec
1075 2703 1204 2744 tradit
1236 2716 1335 2744 cum
1368 2702 1626 2744 Aristotele:
1668 2719 1683 2739 ‹
1705 2702 1775 2742 De
1809 2702 1892 2743 situ
1925 2707 2062 2742 terrae
2096 2715 2184 2742 non
2208 2715 2361 2742 omnes

164 2769 414 2826 philosophi
446 2769 608 2811 habent
646 2767 830 2809 eandem
863 2767 1155 2822 opinionem..
1160 2764 1282 2835 ,Qui
1326 2764 1524 2806 dicuntur
1555 2764 1850 2819 Pythagorici,
1898 2764 1941 2804 in
1983 2763 2176 2818 partibus
2218 2763 2361 2804 Italiae

166 2836 500 2881 commorantes,
525 2844 548 2872 e
571 2842 786 2872 converso
821 2829 1020 2870 dixerunt
1053 2799 1175 2883 quod
1208 2827 1320 2883 ignis
1353 2827 1521 2896 positus
1545 2832 1611 2867 est
1632 2827 1675 2867 in
1698 2825 1842 2867 medio
1866 2825 2038 2866 mundi:
2073 2831 2183 2866 terra
2205 2831 2360 2874 autem,

165 2893 222 2936 ad
244 2893 426 2936 modum
449 2893 576 2935 unius
600 2892 830 2940 stellarum,
855 2897 1055 2932 movetur
1089 2889 1347 2931 circulariter
1369 2889 1479 2930 circa
1512 2888 1703 2930 medium
1737 2887 1897 2936 mundi,
1922 2893 1964 2928 et
1995 2900 2076 2928 suo
2111 2893 2231 2928 motu
2263 2887 2361 2927 facit

165 2962 340 2998 noctem
374 2962 417 2997 et
450 2955 577 3004 diem,
601 2953 842 2996 secundum
876 2953 1094 2994 diversam
1126 2951 1424 2993 habitudinem
1457 2951 1523 2991 sui
1556 2951 1612 2991 ad
1635 2951 1824 2991 solem.»
1858 2951 1915 2991 Et
1937 2949 2120 2990 lectione
2143 2961 2294 2997 XX1,n
2316 2961 2355 2998 2,

166 3018 242 3060 ubi
276 3017 532 3074 expenditur
565 3016 763 3072 quaestio
797 3029 852 3057 an
886 3021 996 3056 terra
1029 3015 1224 3070 quiescat
1255 3014 1326 3054 vel
1360 3018 1598 3062 moveatur,
1633 3013 1738 3053 haec
1772 3011 2007 3052 adduntur:
2049 3028 2064 3046 «
2088 3010 2359 3064 Quicumque

167 3080 315 3122 dicunt
347 3080 487 3134 ipsam
520 3092 609 3120 non
644 3092 740 3120 esse
772 3078 960 3147 positam
994 3077 1037 3118 in
1071 3076 1217 3117 medio
1242 3075 1403 3125 mundi,
1427 3075 1537 3116 sicut
1558 3074 1846 3130 Pythagorici,
1870 3073 2104 3113 attribuunt
2130 3072 2167 3112 ei
2191 3078 2357 3112 motum

167 3142 426 3190 circularem,
451 3154 542 3196 quo
575 3146 777 3182 movetur
799 3140 910 3181 circa
932 3138 1135 3180 medium
1147 3157 1160 3174 ›
1190 3138 1400 3179 Lectione
1423 3143 1566 3178 autem
1590 3149 1769 3184 XXV1,n
1795 3149 1828 3184 1,
1852 3134 2065 3175 subditur:
2096 3151 2111 3170 ‹<
2132 3134 2218 3174 Alii
2241 3147 2359 3183 vero,

165 3205 277 3247 sicut
309 3204 352 3244 in
394 3204 568 3244 Timaeo
600 3202 808 3251 scribitur,
833 3207 1046 3257 ponentes
1080 3207 1237 3242 terram
1271 3213 1368 3241 esse
1401 3199 1444 3239 in
1467 3198 1625 3247 medio,
1650 3198 1796 3238 dicunt
1818 3210 1914 3237 eam
1937 3196 2103 3237 revolvi
2137 3196 2246 3236 circa
2268 3208 2358 3236 me-

167 3267 288 3308 dium
320 3266 421 3321 poli,
457 3264 569 3306 idest
601 3265 712 3305 circa
743 3278 871 3305 axem
895 3264 1161 3304 dividentem
1184 3263 1350 3304 caelum
1372 3275 1450 3316 per
1471 3260 1713 3302 medium.»
1743 3258 1942 3299 Tandem
1963 3258 2219 3298 lectionibus
2241 3270 2362 3298 Xxv11

168 3335 211 3370 et
242 3340 393 3377 XXVIII,
417 3327 612 3382 pluribus
646 3326 911 3381 argumentis
946 3325 1187 3367 ostenditur
1220 3324 1340 3379 quod
1373 3329 1484 3364 terra
1518 3328 1583 3363 est
1615 3321 1861 3376 sphaericae
1884 3321 2071 3380 figurae;
2107 3326 2148 3360 et
2181 3333 2360 3360 numero

167 3391 320 3432 ultimo
354 3390 550 3431 lectionis
573 3400 723 3437 XXVIII,
748 3388 979 3442 apponitur
1000 3388 1108 3428 ratio
1133 3401 1221 3441 qua
1242 3384 1497 3441 magnitudo
1520 3391 1656 3425 terrae
1680 3383 2005 3424 determinatur:
2046 3399 2060 3418 «
2084 3382 2183 3422 Hoc
2216 3387 2359 3421 autem

167 3453 378 3509 astrologi
412 3451 678 3508 perpendere
716 3455 971 3504 potuerunt,
1007 3449 1331 3490 considerantes
1371 3453 1579 3501 quantum
1613 3445 1798 3500 spatium
1831 3445 1875 3485 in
1908 3450 2018 3484 terra
2043 3444 2148 3484 facit
2181 3443 2361 3483 diversi-

151 3514 300 3556 tatem
334 3515 461 3556 unius
495 3513 656 3570 gradus
690 3512 732 3552 in
767 3511 928 3552 caelo..
933 3511 1096 3552 ‚Unde
1130 3511 1459 3564 multiplicantes
1493 3509 1605 3549 hunc
1639 3520 1865 3548 numerum
1898 3519 1975 3561 per
2011 3511 2199 3546 trecenta
2231 3501 2356 3545 sexa-

167 3578 300 3633 ginta,
336 3577 410 3631 qui
445 3583 510 3617 est
542 3588 746 3616 numerus
779 3573 994 3630 graduum
1029 3573 1146 3622 caeli,
1192 3571 1568 3627 apprehenderunt
1601 3569 1906 3611 rotunditatem
1940 3574 2076 3609 terrae
2110 3580 2205 3608 esse
2238 3580 2360 3621 prae-

169 3639 309 3680 dictae
343 3638 643 3693 quantitatis.»
