2690 4062
312 246 396 272 XCIV

317 323 401 357 quae
425 311 499 356 plus
523 310 650 344 obtinet
673 310 712 344 de
735 309 871 350 lumine,
896 308 1019 342 scilicet
1042 308 1074 341 in
1099 306 1220 347 medio,
1244 313 1379 349 apparet

315 355 407 390 color
430 355 540 396 albus;
555 354 613 388 sed
632 355 666 388 in
689 362 780 399 parte
803 353 982 393 remotiori,
1005 351 1127 385 scilicet
1150 351 1184 383 in
1208 348 1377 383 circumfe-

313 400 428 440 rentia,
448 407 582 444 apparet
604 399 710 432 maior
723 397 870 442 nigredo,
887 406 958 430 tum
982 404 1116 439 propter
1129 395 1239 427 minus
1263 393 1377 426 lumen

315 444 360 478 ibi
383 444 533 484 existens,
553 451 625 476 turn
648 443 746 476 etiam
763 450 896 486 propter
918 441 1077 473 maiorem
1095 437 1279 471 albedinem
1298 437 1375 470 alte-

312 489 380 522 rius
396 489 510 532 partis:
529 488 605 532 quia
620 487 772 531 opposita
787 487 877 518 iuxta
893 496 927 517 se
943 484 1051 528 posita
1066 483 1191 515 maiora
1211 481 1374 515 videntur.

313 532 372 566 Est
395 541 504 565 autem
527 532 633 564 maius
657 530 767 564 lumen
791 530 826 562 in
849 528 978 568 medio,
1007 528 1084 571 quia
1111 526 1192 560 radii
1215 526 1374 559 luminosi

313 587 413 621 super
435 575 524 609 illam
547 583 672 620 partem
697 574 817 607 cadunt
841 571 1152 617 perpendiculariter
1173 581 1287 603 versus
1312 579 1374 603 ter-

313 632 395 660 ram,
420 631 487 664 quo
534 619 644 652 uidem
660 618 761 651 modo
785 617 906 650 habent
925 627 1056 649 causare
1080 615 1186 648 maius
1210 614 1334 647 lumen.

368 666 398 697 6.
415 664 503 698 Dein
527 675 544 696 e
568 675 643 696 cum
675 662 768 695 dicit:
794 661 916 706 Saepius
945 666 1046 693 autem
1062 660 1103 711 fit
1126 668 1207 700 etc.,
1230 658 1374 692 ostendit

312 719 444 742 causam
467 708 564 740 unius
587 706 761 740 accidentis
792 706 883 738 circa
898 704 975 738 halo
989 731 998 744 ‚
1026 703 1150 737 scilicet
1171 715 1271 748 quare
1295 703 1372 736 halo

312 753 441 796 saepius
465 760 599 796 apparet
622 751 705 783 circa
727 749 840 782 lunam
857 760 956 793 quarn
980 749 1064 781 circa
1080 747 1194 781 solem.
1213 748 1254 781 Et
1273 747 1372 781 huius

310 797 394 830 ratio
417 804 475 836 est,
492 795 568 839 quia
583 794 633 827 sol
649 802 783 838 propter
798 794 958 826 maiorem
973 792 1172 826 caliditatem
1196 793 1292 825 citius
1309 791 1372 825 dis-

349 849 422 884 egat
445 840 618 873 humorem
642 839 875 871 consistentem
898 838 932 870 in
953 836 1050 877 nube,
1089 848 1167 870 uam
1190 836 1268 869 luna
1287 847 1371 881 quae

309 852 406 918 {labet
427 884 589 916 minorem
613 883 767 915 virtutem
784 880 1002 915 calefaciendi.
1020 849 1088 915 Sed
1103 882 1186 914 circa
1209 880 1271 914 alia
1286 889 1370 914 astra

310 936 443 972 apparet
465 926 578 960 eadem
601 926 677 959 halo
701 934 836 970 propter
859 925 991 959 easdem
1016 937 1140 967 causas,
1159 924 1212 958 vel
1235 933 1371 969 propter

309 983 420 1005 causas
439 970 701 1016 proportionales
721 970 833 1011 dictis;
856 969 914 1003 sed
930 978 1041 1003 tamen
1053 981 1122 1003 non
1135 969 1253 1003 eodem
1266 968 1368 1002 modo

307 1015 480 1060 significat:
505 1015 582 1060 quia
605 1015 688 1048 circa
718 1014 831 1048 lunam
854 1013 907 1047 vel
938 1013 1044 1048 solem
1068 1022 1117 1048 est
1140 1015 1272 1058 signum
1295 1013 1368 1058 plu-

1013 227 1601 269 METEOROLOGICORUM
1629 227 1724 264 LIB.
1755 228 1805 264 III

1431 305 1514 346 viae,
1538 304 1591 337 vel
1606 305 1707 345 venti,
1724 313 1781 337 aut
1797 305 1991 346 serenitatis,
2014 305 2073 339 sed
2099 306 2183 339 circa
2199 306 2261 340 alia
2285 315 2370 341 astra
2393 316 2443 342 est
2465 309 2507 343 si-

1430 360 1535 392 gnum
1559 349 1668 381 tenuis
1700 357 1732 381 et
1764 348 1879 382 debilis
1904 348 2071 393 caliginis,
2088 361 2159 384 non
2182 349 2333 385 habentis
2355 350 2506 387 fecundi-

1430 401 1541 425 tatem.
1559 412 1578 417 -
1604 391 1895 426 Considerandum
1919 402 1969 426 est
1992 403 2104 428 autem
2129 394 2220 439 quod
2243 394 2322 430 halo
2343 395 2383 430 fit
2405 398 2506 431 etiarn

1430 437 1514 469 circa
1538 436 1687 469 lucernas
1712 436 1752 470 de
1776 445 1875 471 nocte
1895 446 2045 482 tempore
2068 438 2214 481 hiemali,
2231 449 2265 473 et
2287 448 2368 474 tunc
2390 440 2505 476 lumen

1429 480 1581 514 lucernae
1605 480 1704 514 habet
1726 481 1890 514 rationem
1911 481 2031 516 obiecti
2054 482 2194 525 refracti,
2210 495 2265 518 aer
2288 485 2504 520 circumstans

1428 524 1586 558 humidus
1614 533 1647 558 et
1677 525 1881 568 ingrossatus
1913 538 1932 559 a
1955 525 1994 559 fri
2019 538 2076 560 ore
2108 536 2158 561 est
2189 529 2282 573 quasi
2306 530 2504 574 speculum,

1428 568 1546 602 oculus
1569 580 1650 602 vero
1674 578 1724 602 est
1747 569 1780 603 id
1805 569 1846 603 ad
1870 570 1961 615 quod
1984 538 2022 604 ξι
2048 571 2211 606 refractio.
2233 577 2381 618 Apparet
2403 575 2504 609 etiam

1427 622 1578 657 tempore
1612 614 1725 657 magni
1749 613 1866 647 caloris
1902 616 1987 648 circa
2011 615 2148 650 oculum
2178 624 2211 651 et
2234 618 2320 652 circa
2353 618 2480 653 lumina
2493 645 2503 662 ,

1426 667 1563 735 propter
1579 657 1810 692 humiditatem
1825 659 2021 694 existentem
2034 661 2068 694 in
2085 660 2196 703 oculo,
2208 663 2351 697 maxime
2367 663 2503 709 quando

1451 713 1530 735 omo
1554 714 1611 735 sur
1635 703 1660 735 it
1682 714 1702 736 a
1720 713 1841 737 somno
1861 712 1893 737 et
1911 703 2006 738 fricat
2024 705 2157 739 oculos:
2176 715 2256 740 tunc
2275 708 2365 741 enim
2381 720 2441 742 eva
2466 720 2502 743 ο-

1426 758 1497 780 rare
1521 746 1598 780 facit
1636 758 1791 780 umorem
1814 748 2009 783 existentem
2025 751 2060 783 in
2084 750 2184 784 oculo
2201 752 2413 786 extrinsecus.
2461 764 2501 798 p-

1425 799 1518 835 paret
1552 800 1663 824 autem
1691 800 1725 824 et
1753 791 1885 826 videtur
1917 805 1989 827 esse
2024 806 2129 840 prope
2154 796 2239 830 circa
2266 795 2399 831 lumen:
2423 798 2502 849 quia

1425 844 1561 880 propter
1575 847 1719 913 parvam
1744 835 1933 871 distantiam
1948 837 2063 873 lumen
2086 840 2201 875 alterat
2216 849 2327 875 totum
2350 841 2501 876 medium

1424 891 1531 924 usque
1554 891 1572 913 a
1616 879 1764 932 oculum,
1781 889 1814 915 et
1829 880 1906 915 ideo
1921 883 2012 916 visus
2028 892 2138 918 totum
2155 886 2353 920 continuum
2377 886 2502 921 iudicat

1424 936 1530 957 unum
1555 935 1632 958 cum
1655 924 1791 959 lumine.
1811 926 1926 967 Quare
1950 936 2062 962 autem
2086 938 2242 974 appareat
2269 930 2436 965 circularis
2458 930 2500 965 fi-

1423 980 1535 1013 gurae,
1553 980 1630 1002 cum
1645 978 1758 1003 tamen
1782 969 1916 1004 flamma
1930 971 1973 1005 sit
1994 971 2120 1017 figurae
2143 974 2248 1008 ovalis
2267 983 2300 1009 et
2323 975 2500 1021 oblongae,

1423 1012 1464 1047 ad
1487 1014 1732 1058 Perspectivam
1757 1025 1972 1050 communem
1995 1018 2148 1062 pertinet.
