2782 4134
75 1963 85 1971 ‘¹
105 1963 181 1983 autem
196 1961 249 1983 add.
264 1967 286 1982 A.

75 2339 87 2349 ⁴*
104 2338 147 2359 hos
168 2345 215 2360 om.
230 2345 243 2360 P
265 2342 286 2359 et

76 2365 144 2387 codd.
159 2371 207 2386 exc.
223 2371 245 2386 Α.

75 2446 86 2456 ⁸
113 2447 190 2466 movet
217 2444 286 2466 codd.

75 2478 116 2494 exc
130 2478 180 2493 uo.

77 2553 87 2561 ⁴¹
116 2553 201 2573 motum
235 2551 287 2573 add.

78 2578 147 2600 codd.

77 2659 87 2668 ‘¹
103 2663 153 2679 cum
163 2664 176 2679 Ρ
187 2661 209 2679 et
219 2658 286 2679 codd.

78 2690 128 2706 exc.
142 2690 164 2706 Α.

325 280 395 315 188

319 358 427 406 cipue
448 365 632 405 quantum
654 356 703 393 ad
730 355 1049 405 propinquitatem
1075 362 1109 391 et
1129 354 1382 391 remotionem

318 412 510 448 stellarum
539 423 561 446 a
589 409 718 456 nobis;
748 422 847 458 quae
877 408 1171 458 deprehenditur
1199 419 1244 443 ex
1271 407 1346 443 hoc
1370 412 1383 426 ⁹

318 464 422 512 quod
447 465 631 512 planetae,
653 463 788 500 eadem
809 461 1051 511 dispositione
1073 460 1168 497 aeris
1189 460 1380 506 existente,

317 517 548 566 quandoque
577 517 759 562 maiores,
790 515 1023 563 quandoque
1051 514 1220 551 minores
1248 513 1381 550 viden-

317 579 386 607 tur.
418 591 441 598 -
472 570 648 607 Similiter
675 574 689 599 P
724 569 836 605 etiam
870 567 1143 604 inconveniens
1181 566 1382 603 videbatur

317 624 423 672 quod
442 631 544 660 tanta
565 622 763 659 multitudo
793 622 1040 669 sphaerarum
1070 621 1119 657 ad
1138 620 1379 656 movendum

316 678 486 726 planetas
516 682 769 720 concurreret;
801 682 836 710 et
863 674 1066 723 praecipue
1093 673 1295 710 videbatur
1319 686 1379 710 su-

315 730 508 778 perfluum
538 729 640 778 quod
661 728 810 764 cuilibet
828 728 1002 776 planetae
1021 727 1285 763 attribueretur
1295 727 1379 763 'una

317 784 477 831 sphaera
497 795 594 831 quae
614 782 738 830 ipsum
766 781 980 817 revolveret
1008 781 1055 817 ab
1085 780 1229 817 oriente
1249 780 1287 817 in
1316 793 1378 816 oc-

317 836 505 873 cidentem
534 843 640 872 motu
670 834 818 880 diurno,
845 846 933 870 cum
961 835 1036 870 hoc
1065 834 1242 870 causarix
1261 834 1379 882 possit

316 901 494 938 suprema
533 889 712 937 sphaera,
742 895 864 924 totum
900 888 1049 924 caelum
1082 888 1157 924 hoc
1186 895 1294 924 motu
1323 899 1379 924 re-

316 943 507 979 volvente.

369 997 418 1032 Et
448 995 533 1031 ideo
563 994 802 1042 Hipparchus
832 1001 868 1030 et
894 994 1142 1030 Ptolomaeus
1170 1001 1379 1042 posuerunt

314 1048 519 1096 unicuique
532 1048 705 1095 planetae
720 1059 839 1083 unam
855 1048 976 1084 solam
993 1048 1193 1095 sphaeram
1208 1047 1239 1092 ψ;
1261 1059 1378 1095 quam

314 1110 443 1138 tamen
479 1108 687 1149 posuerunt
723 1112 803 1137 non
837 1112 925 1137 esse·
955 1113 1155 1149 supremae
1194 1102 1378 1149 sphaerae

316 1154 609 1199 concentricam‚
645 1153 711 1190 sed
749 1154 890 1190 habere
929 1154 1031 1190 aliud
1065 1161 1237 1190 centrum
1270 1166 1378 1202 prae-

314 1216 370 1244 ter
397 1216 552 1253 terram;
582 1206 632 1243 ita
660 1207 785 1255 quod,
821 1219 908 1243 cum
937 1208 1089 1255 planeta
1117 1215 1173 1244 est
1200 1207 1238 1244 in
1271 1215 1378 1256 parte

315 1262 496 1310 sphaerae
526 1260 645 1307 magis
675 1260 834 1296 distante
854 1273 876 1296 a
894 1260 1018 1307 nobis,
1049 1272 1186 1309 corpus
1205 1261 1378 1309 planetae

314 1315 440 1351 minus
458 1314 608 1350 videtur
628 1320 664 1349 et
682 1313 855 1350 tardioris
877 1321 1022 1360 motus;
1054 1326 1140 1351 cum
1167 1321 1294 1350 autem
1324 1321 1380 1350 est

313 1367 352 1404 in
380 1367 555 1416 opposita
581 1374 704 1415 parte,
738 1366 889 1403 videtur
916 1367 1040 1403 maius
1068 1373 1086 1387 ω
1116 1375 1151 1404 et
1177 1367 1378 1404 velocioris

313 1429 451 1457 motus.
482 1422 635 1457 Praeter
662 1420 738 1456 hoc
775 1428 903 1456 autem
941 1427 1152 1469 posuerunt
1188 1421 1377 1470 quosdam

312 1486 452 1523 parvos
482 1474 656 1520 circulos,
687 1485 785 1521 quos
813 1474 998 1521 epicyclos
1027 1474 1173 1521 dicunt,
1203 1474 1267 1523 qui
1296 1487 1379 1511 mo-

311 1535 449 1564 ventur
463 1539 575 1576 super
590 1526 810 1563 huiusmodi
825 1527 1010 1575 sphaeris3
1033 1527 1082 1564 ita
1097 1527 1200 1576 quod
1217 1540 1379 1576 corpora

312 1582 550 1629 planetarum
573 1580 610 1616 in
629 1579 850 1616 huiusmodi
871 1580 1047 1628 epicyclis
1067 1588 1283 1628 moventur,
1300 1594 1378 1618 non

313 1642 495 1682 tanquam
516 1634 630 1670 infixa
651 1634 670 1654 ’¹‘
690 1633 728 1669 in
747 1633 965 1670 huiusmodi
995 1634 1153 1681 circulis,
1174 1634 1242 1671 sed
1271 1635 1378 1682 quasi

313 1695 421 1724 motu
435 1687 675 1736 progressivo
693 1699 759 1722 eos
779 1694 953 1735 regyrant
967 1693 1013 1723 α’.
1032 1687 1094 1724 Sic
1108 1687 1218 1735 igitur
1231 1696 1380 1736 praeter

313 1749 462 1777 motum
492 1740 689 1786 diurnum,
721 1752 835 1788 quem
864 1740 930 1776 toti
960 1741 1064 1777 caelo
1099 1741 1306 1778 attribuunt
1333 1754 1378 1778 ex

313 1801 420 1831 motu
448 1794 594 1843 primae
624 1794 819 1842 sphaerae,
850 1801 1013 1842 quatuor
1040 1794 1210 1842 planetis,
1241 1794 1379 1831 scilicet

315 1848 499 1894 Saturno,
531 1847 632 1893 Iovi,
663 1846 776 1883 Marti
805 1854 841 1883 et
872 1847 1034 1893 Veneri.
1065 1847 1271 1884 attribuunt
1303 1855 1377 1884 tres

313 1908 461 1937 motus:
483 1912 649 1948 quorum
672 1912 771 1936 unus
791 1907 847 1936 est
866 1900 1078 1937 secundum
1099 1913 1214 1949 quem
1241 1913 1378 1950 corpus

314 1955 441 1991 stellae
458 1953 588 1990 circuit
603 1953 832 2002 epicyclum3
853 1953 1044 1990 secundus
1058 1955 1078 1975 '¹‘
1094 1961 1148 1990 est
1167 1954 1378 1991 secundum

313 2020 430 2056 quem
456 2015 627 2043 centrum
657 2006 812 2055 epicycli
842 2006 970 2043 circuit
998 2008 1219 2055 sphaeram3
1249 2008 1378 2045 tertius

315 2068 443 2097 autem
465 2068 519 2097 est
547 2061 757 2097 secundum
778 2072 893 2108 quem
915 2059 996 2108 ipsa
1016 2061 1176 2109 sphaera
1200 2069 1379 2099 movetur

313 2115 361 2151 ab
378 2114 573 2151 occidente
589 2113 626 2150 in
642 2113 837 2160 orientem,
854 2113 1084 2162 quibuslibet
1103 2121 1255 2151 centum
1271 2115 1378 2152 annis

313 2167 432 2215 gradu
459 2179 550 2214 uno,
573 2167 784 2203 secundum
813 2174 962 2203 motum
982 2168 1173 2204 stellarum
1202 2168 1377 2215 fixarum,

314 2220 378 2269 qui
407 2220 562 2269 quidem
591 2219 626 2248 ‘³ss
655 2220 788 2257 dicitur
815 2227 942 2256 motus
969 2221 1082 2270 augis
1108 2221 1170 2257 vel
1198 2222 1376 2271 apogaei,

313 2274 407 2310 idest
435 2274 625 2310 maximae
665 2273 861 2310 distantiae
894 2273 932 2310 in
971 2274 1111 2310 circulo
1151 2275 1376 2312 excentrico.

314 2328 437 2375 Super
463 2328 535 2364 hos
563 2327 582 2347 *
607 2334 735 2363 autem
763 2334 838 2363 tres
866 2334 993 2363 motus
1026 2327 1172 2364 addunt
1200 2336 1377 2376 quartum

313 2388 462 2417 motum
492 2380 694 2427 Mercurio,
725 2393 802 2429 quo
833 2380 961 2417 dicunt
990 2388 1161 2417 centrum
1194 2382 1378 2430 sphaerae

314 2434 429 2482 ipsius
462 2433 609 2470 moveri
640 2435 659 2455 ’¹‘
682 2434 725 2470 ,in
754 2434 925 2481 quodam
954 2433 1092 2470 circulo
1128 2446 1251 2483 parvo
1281 2435 1379 2472 circa

315 2494 485 2524 centrum
506 2487 650 2524 mundi.
673 2487 782 2534 Quos
812 2487 924 2524 etiam
944 2494 1108 2536 quatuor
1131 2496 1258 2525 motus
1278 2489 1380 2526 attri-

314 2541 434 2577 buunt
462 2541 594 2588 lunae,
629 2541 926 2589 superaddentes
957 2540 989 2577 ei
1017 2541 1192 2589 quintum
1222 2542 1253 2578 *.
1277 2542 1378 2579 Cum

316 2594 416 2631 enim
438 2594 595 2631 circulus
615 2594 798 2643 sphaerae
819 2593 971 2641 lunaris,
993 2607 1107 2643 super
1135 2606 1252 2643 quern
1273 2595 1378 2632 intel-

315 2647 436 2695 ligitur
463 2643 611 2685 mo‘veri
645 2655 816 2684 centrum
854 2647 1010 2696 epicycli
1039 2647 1117 2685 eius
1147 2649 1187 2695 ⁵⁸,
1219 2648 1380 2686 declinet

315 2713 337 2737 a
356 2700 523 2738 Zodiaco
543 2701 591 2738 ad
616 2700 813 2738 meridiem
833 2709 868 2737 et
892 2701 1202 2750 septentrionem,
1224 2714 1379 2739 necesse

316 2761 370 2790 est
398 2754 503 2802 quod
531 2754 750 2792 huiusmodi
779 2754 939 2791 circulus
971 2762 1073 2792 secet
1101 2755 1313 2792 Zodiacum
1342 2755 1379 2793 in

316 2807 466 2844 duobus
493 2808 656 2857 punctis,
683 2808 747 2856 qui
777 2808 951 2845 dicuntur
968 2813 999 2835 ⁷⁷
1027 2808 1133 2854 nodi,
1159 2808 1240 2846 sive
1269 2815 1382 2858 caput

368 2956 393 2989 υ)
413 2963 480 2988 quae
503 2956 711 2988 deprehenditur
729 2963 766 2981 ex
784 2956 841 2981 hoc.
853 2956 919 2981 -Ita
939 2957 976 2987 A;
996 2961 1044 2981 cet.
1059 2965 1112 2981 om.
1127 2964 1202 2989 quae,
1223 2962 1248 2982 et
1267 2962 1325 2982 ante
1344 2965 1381 2982 ex

315 2993 363 3017 hoc
382 2992 440 3016 add.
454 2995 492 3022 et,·
512 2992 530 3015 Ρ
546 2991 666 3024 expungit
684 2994 717 3021 et,
732 2992 778 3016 sed
798 2999 850 3016 non
869 2992 978 3016 restituit
997 2999 1072 3024 quae.
1087 3005 1106 3010 —
1121 2993 1184 3017 Post
1201 3001 1280 3017 unam
1301 2994 1344 3018 lin.
1359 2993 1378 3018 P

315 3035 368 3052 om.
381 3027 538 3060 quandoque
556 3028 682 3056 maiores‚·
701 3028 724 3052 G
743 3035 796 3052 om.
811 3032 910 3052 tantum
930 3028 1095 3060 quandoque.

369 3063 396 3096 φ)
418 3063 554 3087 Similiter.
567 3077 585 3081 —
599 3063 690 3087 Simile
709 3063 782 3087 PAF.
796 3077 814 3081 -
829 3063 884 3087 Lin.
902 3070 959 3095 seq.
974 3071 1021 3096 pro
1039 3064 1224 3095 sphaerarum,
1244 3065 1316 3097 quod
1335 3064 1379 3089 ha-

316 3098 377 3122 bent
396 3098 450 3128 ΡΑ,
471 3103 518 3123 cet.
537 3099 689 3128 stellarum;
708 3106 755 3131 pro
774 3099 811 3123 ad
830 3099 987 3123 movendum
1000 3099 1134 3131 planetas,
1147 3099 1185 3124 ad
1204 3102 1302 3125 motum
1318 3101 1379 3132 pla-

317 3137 437 3158 netarum
458 3133 486 3158 Ρ.

368 3168 398 3203 χ)
417 3169 531 3194 causari.
545 3183 563 3187 -
581 3169 621 3193 Sic
641 3170 714 3200 AsE;
739 3170 759 3193 B
779 3170 919 3202 corrumpit
945 3170 970 3194 in
994 3173 1090 3200 tamen,
1111 3171 1131 3195 P
1150 3175 1175 3195 et
1193 3175 1241 3196 cet.
1257 3171 1280 3195 in
1300 3178 1363 3196 casu
1370 3178 1379 3199 ,-

316 3210 378 3228 casu
398 3212 444 3235 pro
462 3204 569 3229 causari
587 3209 626 3229 est
645 3205 724 3229 facilis
740 3205 876 3237 corruptio.
889 3219 908 3224 -
923 3205 972 3230 Pro
992 3207 1148 3235 revolvente,
1164 3206 1234 3239 quod
1253 3206 1330 3232 habet
1349 3207 1379 3235 A,

318 3239 451 3263 revolvere
470 3239 488 3263 Ρ
509 3244 534 3263 et
553 3244 600 3264 cet.

371 3273 398 3307 ψ)
415 3274 450 3298 Et
469 3274 558 3299 ideo...
574 3282 652 3300 unam
670 3276 752 3300 solam
772 3276 922 3307 sphaeram.
934 3290 953 3295 —
967 3276 1002 3301 lta
1015 3277 1050 3308 Α;
1069 3277 1088 3302 Ρ
1103 3282 1129 3302 et
1143 3282 1191 3302 cet.
1206 3285 1253 3309 pro
1269 3277 1304 3302 h]
1319 3277 1378 3302 ideo

319 3309 405 3340 legunt
418 3309 502 3337 Nunc,
517 3315 541 3334 et
555 3311 637 3335 omitt.
653 3318 742 3335 unam.
752 3324 770 3330 -
780 3311 798 3335 Ρ
812 3313 909 3344 pergit:
923 3319 1001 3344 quam
1012 3316 1163 3344 posuerunt
1176 3313 1255 3338 etiam
1267 3320 1322 3338 esse
1335 3320 1379 3338 su-

314 3351 424 3375 premae
437 3344 563 3376 sphaerae
573 3346 752 3370 excentricam
763 3349 787 3370 et
800 3347 895 3371 habere
906 3353 954 3372 etc.
966 3348 1035 3372 Idem
1047 3349 1135 3381 legunt
1146 3349 1220 3373 codd.
1228 3356 1281 3373 exc.
1289 3349 1319 3377 Α,
1329 3348 1378 3373 nisi

319 3379 389 3410 quod
407 3384 467 3411 post
485 3387 571 3411 quam,
591 3381 611 3404 C
631 3381 688 3405 hab.
707 3382 811 3413 quidem
828 3387 851 3406 et
867 3383 875 3406 1
891 3383 1003 3414 spatium
1018 3391 1128 3408 vacuum
1144 3384 1178 3415 (G
1193 3384 1252 3409 hab.
1265 3385 1378 3417 spatium

320 3418 378 3438 ante
396 3415 498 3446 quam);
518 3422 565 3446 pro
579 3416 766 3445 excentricam,
787 3417 928 3450 CDFGlpE
948 3418 1006 3443 hab.
1020 3422 1046 3444 et
1063 3419 1216 3448 centrc‘cam,
1231 3420 1251 3444 B
1266 3423 1292 3444 et
1305 3426 1379 3444 ecen-

304 3475 310 3480 ι
320 3448 429 3477 tricam;
448 3454 474 3473 et
491 3457 538 3481 pro
557 3453 582 3474 et
600 3451 695 3475 habere
709 3459 799 3476 omnes
814 3454 877 3484 (exc.
893 3453 927 3484 H)
942 3453 1029 3485 legunt
1042 3455 1089 3479 sed
1101 3454 1205 3480 habere.
1219 3469 1238 3473 -
1252 3456 1307 3480 Lin.
1322 3462 1378 3487 seq.

320 3490 367 3515 pro
386 3487 426 3508 est
444 3484 469 3508 in
485 3488 564 3515 parte
578 3485 713 3516 sphaerae,
727 3490 766 3511 est
785 3487 810 3511 in
831 3487 887 3519 ipsa
901 3488 1015 3519 sphaera
1035 3489 1053 3514 Ρ
1069 3495 1094 3514 et
1108 3491 1183 3514 codd.
1198 3498 1251 3515 exc.
1266 3492 1298 3515 Α.

372 3519 404 3550 ω)
419 3519 524 3543 videtur
539 3520 630 3544 maius.
644 3534 662 3539 -
677 3521 781 3545 videtur
796 3523 880 3555 magis
898 3523 925 3547 P.
937 3537 955 3542 —
969 3524 1066 3549 Eadem
1079 3533 1126 3557 pro
1146 3526 1257 3550 &aeter
1270 3526 1318 3551 hoc
1331 3533 1378 3550 au-

321 3556 372 3578 tem
388 3557 543 3585 posuerunt,
564 3555 624 3586 legit
643 3556 755 3587 Propter
773 3557 821 3581 hoc
836 3562 991 3589 posuer-unt.
1012 3560 1062 3584 Pro
1077 3568 1185 3592 parvos,
1199 3561 1329 3594 parvulos
1347 3562 1378 3586 A.

374 3588 419 3622 aa)
440 3592 511 3614 motu
526 3590 697 3622 progressivo
716 3598 759 3615 eos
772 3596 911 3625 regyrant.
923 3607 943 3612 —
957 3595 996 3618 Sic
1013 3596 1043 3619 A.
1059 3595 1136 3620 Pinna
1155 3601 1180 3620 et
1194 3602 1242 3622 cet.
1256 3604 1302 3629 pro
1312 3604 1377 3628 pro-

319 3624 446 3656 gressivo,
461 3630 579 3657 corrupte
587 3625 826 3658 propinquissimo;
845 3635 891 3659 pro
910 3633 1049 3662 regyrant,
1064 3632 1189 3663 regularis
1203 3632 1230 3662 P,
1245 3639 1378 3665 regyrans

1018 277 1088 313 DE
1119 275 1294 312 CAELO
1323 275 1394 312 ET
1424 275 1619 311 MUNDO
1649 275 1743 311 LIB.
1775 277 1807 312 ΙΙ

1411 352 1413 364 “
1440 359 1476 389 et
1502 353 1646 398 caudas
1673 353 1712 390 in
1741 354 1880 402 quibus
1908 362 2055 392 tantum
2081 354 2173 391 locis
2198 354 2288 392 luna
2317 355 2509 405 existente,

1439 414 1600 455 possunt
1615 407 1832 455 contingere
1849 408 2006 457 eclipses
2022 409 2172 445 lunares
2188 416 2225 445 et
2239 402 2399 455 sola'res;
2411 422 2510 459 quae

1439 472 1517 496 non
1537 472 1691 508 semper
1709 461 1931 511 contingunt
1949 461 1988 498 in
2008 462 2145 499 eadem
2173 469 2281 510 parte
2302 462 2440 500 circuli.
2462 464 2511 500 Et

1438 512 1525 549 ideo
1557 525 1601 549 ex
1629 515 1704 550 hoc
1732 516 1921 563 ponunt*
1948 515 2123 564 quintum
2161 523 2311 552 motum
2340 515 2379 552 in
2407 516 2508 564 luna,

1438 567 1650 604 secundum
1669 579 1787 615 quem
1806 568 1989 616 praedicti
2009 568 2100 606 nodi
2121 576 2347 615 moventur;
2369 569 2434 618 qui
2455 569 2509 606 di-

1438 621 1532 657 citur
1551 626 1672 657 motus
1697 621 1827 669 capitis
1845 627 1882 658 et
1904 622 2060 659 caudae.
2083 622 2234 670 Corpus
2263 629 2392 659 autem
2420 622 2509 660 solis

1437 686 1514 710 non
1544 674 1674 711 dicunt
1697 674 1847 711 moveri
1875 674 1914 711 in
1935 675 2063 724 aliquo
2084 675 2269 724 epicyclo,
2291 675 2359 712 sed
2379 675 2418 712 in
2437 688 2507 712 suo

1436 727 1660 764 excentrieo.
1699 727 1810 764 Unde
1839 740 1918 764 non
1955 729 2163 766 attribuunt
2199 729 2270 766 soli
2304 728 2374 766 nisi
2410 728 2508 766 duos

1435 788 1580 817 motus:
1610 792 1733 816 unum
1762 780 1904 818 scilicet
1931 794 2008 830 quo
2044 794 2182 831 corpus
2211 782 2300 819 solis
2328 789 2509 819 movetur

1435 834 1473 870 in
1503 833 1715 870 excentrico
1738 834 1775 879 *;
1806 841 1842 870 et
1869 834 1964 871 alius
1993 843 2049 872 est
2077 843 2205 872 motus
2233 835 2360 884 augis,
2390 848 2507 884 quem

1435 887 1642 924 attribuunt
1661 887 1845 935 sphaerae
1865 887 1966 935 solis,
1988 888 2084 925 sicut
2102 889 2310 926 attribuunt
2337 889 2508 938 sphaeris

1435 941 1598 977 aliorum
1625 941 1878 989 planetarum.

1489 995 1538 1030 Et
1566 993 1619 1030 sic
1651 1001 1754 1042 patet
1781 994 1887 1043 quod
1915 1006 2007 1031 vere
2037 995 2248 1032 secundum
2277 995 2378 1032 hanc
2405 995 2506 1044 posi-

1435 1048 1579 1084 tionem
1607 1046 1781 1095 procedit
1818 1047 2003 1084 dubitatio
2040 1059 2157 1095 quam
2195 1048 2257 1085 hic
2285 1049 2506 1086 Aristoteles

1435 1108 1578 1138 movet.
1601 1101 1705 1137 Nam
1729 1100 1943 1137 secundum
1971 1101 2071 1137 hanc
2094 1101 2325 1150 positionem
2355 1103 2507 1139 Mercu-

1435 1155 1512 1191 rius
1541 1162 1576 1191 et
1602 1155 1723 1200 Luna,
1744 1153 1810 1202 qui
1829 1161 1916 1190 sunt
1943 1153 2065 1190 infimi
2093 1155 2343 1203 planetarum,
2364 1156 2508 1193 habent

1434 1207 1620 1257 plurimos
1642 1208 1661 1228 '³‘
1690 1215 1834 1252 motus;
1865 1208 1921 1243 sol
1950 1214 2092 1254 autem,
2113 1219 2230 1256 quem
2247 1216 2397 1256 ponunt
2425 1220 2505 1245 rne-

1435 1262 1554 1308 dium,
1570 1261 1686 1297 habet
1703 1260 1971 1309 paucissimos;
1993 1260 2053 1297 alii
2068 1272 2164 1297 vero
2183 1261 2359 1310 planetae
2375 1261 2505 1299 medio

1435 1315 1555 1352 modo
1584 1326 1623 1350 se
1652 1315 1805 1351 habent.

1490 1370 1525 1405 6.
1547 1367 1695 1405 Deinde
1721 1379 1809 1403 cum
1839 1367 1942 1404 dicit:
1972 1367 2106 1404 Palam
2127 1373 2252 1404 autem
2271 1368 2343 1404 hoc
2361 1368 2408 1404 de
2426 1368 2506 1417 qui-

1435 1422 1592 1459 busdam
1609 1428 1691 1468 etc.,
1711 1421 1850 1469 probat
1868 1420 2067 1468 quoddam
2087 1421 2194 1469 quod
2213 1422 2505 1470 supposuerat‘,

1434 1475 1573 1512 scilicet
1595 1476 1614 1496 *
1640 1474 1816 1511 ordinem
1844 1475 2082 1522 planetarum
2110 1486 2195 1511 esse
2223 1475 2375 1524 qualem
2405 1474 2507 1512 dixe-

1435 1536 1501 1565 rat.
1541 1529 1590 1565 Et
1617 1528 1740 1577 primo
1770 1527 1926 1576 quidem
1955 1527 2094 1576 probat
2129 1529 2203 1564 hoc
2231 1535 2419 1577 quantum
2456 1528 2507 1566 ad

1435 1581 1588 1631 aliquid,
1618 1594 1688 1630 per
1715 1581 1751 1617 id
1780 1581 1885 1630 quod
1914 1580 1995 1629 ipse
2022 1581 2188 1618 viderat:
2218 1588 2255 1617 et
2283 1581 2372 1618 dicit
2399 1582 2507 1630 quod

1434 1636 1530 1672 ordo
1551 1634 1795 1683 quorundam
1812 1635 2053 1683 planetarum
2074 1634 2296 1672 manifestus
2316 1642 2373 1671 est
2391 1635 2506 1672 etiam

1433 1689 1530 1726 visu.
1561 1688 1660 1725 Dicit
1688 1687 1791 1724 enim
1820 1699 1860 1724 se
1879 1687 2020 1724 vidisse
2040 1688 2147 1735 quod
2170 1688 2270 1734 luna,
2291 1688 2505 1726 dichotoma

1433 1743 1606 1787 existens,
1623 1741 1719 1778 idest
1739 1753 1784 1777 ex
1803 1740 1930 1777 media
1949 1748 2055 1789 parte
2076 1741 2297 1788 illuminata,
2318 1741 2505 1779 subintra-

1432 1795 1488 1832 vit
1515 1796 1661 1832 stellam
1683 1794 1814 1831 Martis
1840 1796 1945 1840 (nam
1971 1793 2052 1843 ipsa
2073 1802 2128 1830 est
2145 1794 2348 1831 velocioris
2377 1802 2505 1832 motus

1433 1861 1550 1897 quam
1579 1849 1683 1884 Mars
1704 1845 1768 1893 δ“ἳ);
1799 1854 1835 1883 et
1862 1847 1952 1883 luna
1970 1848 2176 1884 secundum
2196 1848 2352 1897 nigrum
2380 1859 2504 1895 suum,

1432 1902 1528 1939 idest
1548 1901 1760 1938 secundum
1783 1900 1884 1937 illam
1906 1908 2054 1948 partem
2075 1900 2113 1937 in
2132 1912 2208 1950 qua
2229 1908 2308 1937 erat
2326 1901 2504 1950 obscura,

1434 1954 1636 1992 occultavit
1665 1955 1849 1999 Martem;
1880 1961 1916 1990 et
1944 1954 2051 2003 quod
2079 1955 2184 1991 Mars
2214 1954 2329 1991 exivit
2357 1955 2404 1992 de
2433 1955 2504 1992 sub

1433 2010 1521 2045 luna
1540 2015 1824 2057 pertranseunte
1844 2007 1983 2056 ipsum,
1996 2007 2207 2044 secundum
2221 2015 2372 2057 partem
2392 2009 2504 2046 lunae

1433 2063 1574 2099 claram
1605 2069 1640 2098 et
1667 2061 1845 2098 lucidam.

1487 2115 1680 2162 Secundo,
1702 2127 1791 2151 cum
1813 2114 1915 2151 dicit:
1937 2114 2116 2150 Similiter
2134 2119 2260 2151 autem
2281 2121 2363 2161 etc.,
2385 2115 2506 2152 mani-

1435 2169 1541 2206 festat
1569 2168 1743 2206 ordinem
1763 2168 2003 2217 planetarum
2032 2175 2219 2216 quantum
2246 2168 2296 2205 ad
2324 2168 2407 2215 alia,
2436 2179 2507 2218 per

1433 2235 1477 2259 ea
1506 2235 1604 2271 quae
1628 2221 1689 2259 alii
1717 2221 1906 2259 viderunt.
1937 2222 1987 2258 Et
2015 2221 2104 2258 dicit
2122 2221 2229 2270 quod
2257 2221 2428 2259 similiter
2455 2222 2505 2260 de

1432 2275 1563 2313 ordine
1583 2276 1821 2324 planetarum
1841 2274 2002 2312 aliorum
2022 2274 2152 2312 dicunt
2180 2287 2220 2312 se
2242 2276 2262 2297 ²¹⁸
2280 2275 2422 2313 vidisse
2442 2275 2503 2324 illi,

1433 2329 1497 2379 qui
1516 2342 1538 2366 a
1558 2328 1685 2366 multis
1705 2328 1942 2377 temporibus
1962 2335 2060 2365 retro
2089 2328 2178 2366 talia
2202 2329 2506 2367 observaverunt

1431 2395 1500 2432 per
1518 2383 1658 2419 multos
1687 2394 1820 2429 annos,
1848 2381 1989 2419 scilicet
2016 2381 2192 2431 Aegyptii
2221 2390 2258 2419 et
2280 2383 2503 2431 Babylonii,

1433 2448 1599 2486 quorum
1629 2435 1794 2473 studium
1824 2435 1991 2472 maxime
2020 2435 2088 2472 fuit
2116 2435 2215 2472 circa
2243 2436 2503 2484 astrologiam3

1434 2502 1479 2526 ex
1512 2501 1679 2537 quorum
1718 2488 1825 2526 dictis
1862 2489 2050 2526 habemus
2089 2489 2227 2526 multas
2265 2489 2504 2527 credulitates

1434 2543 1481 2580 de
1509 2554 1740 2591 unaquaque
1769 2542 1972 2589 stellarum,
2003 2541 2143 2579 scilicet
2167 2543 2187 2564 *
2216 2542 2504 2580 observationes

1435 2608 1581 2633 eorum.
2452 2596 2455 2598 ’

1488 2662 1523 2698 7.
1545 2648 1695 2686 Deinde
1717 2661 1804 2686 cum
1825 2648 1929 2686 dicit:
1957 2650 2009 2686 Et
2033 2649 2105 2685 hoc
2123 2649 2248 2698 itaque
2267 2656 2350 2696 etc.,
2371 2657 2505 2687 movet

1434 2703 1643 2740 secundam
1665 2702 1951 2739 dubitationem.
1982 2703 2032 2739 Et
2051 2702 2140 2740 dicit
2158 2702 2264 2752 quod
2283 2702 2419 2740 merito
2434 2715 2504 2752 po-

1433 2763 1505 2793 test
1523 2756 1656 2804 aliquis
1677 2755 1847 2793 dubitare
1873 2768 1989 2805 quare
2009 2755 2047 2793 in
2068 2755 2192 2805 prima
2211 2756 2384 2805 sphaera,
2406 2769 2503 2806 quae

1433 2817 1612 2846 movetur
1631 2809 1756 2859 primo
1785 2817 1905 2857 motu,
1924 2816 1979 2846 est
1997 2817 2101 2847 tanta
2121 2809 2324 2847 multitudo
2344 2815 2367 2831 ¹‘
2387 2818 2504 2848 astro-

1433 2963 1481 2983 cet.
1493 2966 1545 2983 exc.
1559 2959 1587 2987 E,
1603 2958 1646 2992 qui
1662 2958 1804 2991 corrumpit
1819 2966 1953 2992 regyrans
1967 2959 1992 2984 in
2006 2959 2134 2992 regitans.
2143 2973 2162 2979 -
2176 2959 2227 2984 Pro
2240 2960 2286 2985 Sic
2298 2960 2391 2994 igitur,
2407 2960 2439 2986 Si
2453 2961 2505 2995 ign·-

1434 2997 1479 3018 tur
1501 2994 1574 3018 codd.
1591 3002 1644 3019 exc.
1659 2994 1703 3019 ΑΕ
1717 3008 1736 3013 -
1749 2994 1805 3019 Lin.
1821 3002 1878 3027 seq.
1897 3003 1944 3027 pro
1964 2995 2014 3020 toti
2027 2996 2108 3024 caelo,
2122 2996 2149 3020 in
2163 2996 2236 3021 caelo
2255 2996 2283 3027 P,
2298 2999 2325 3021 et
2338 2996 2411 3022 caelo
2425 2997 2504 3022 ceteri

1433 3035 1540 3062 excepto
1558 3030 1590 3054 A.

1488 3063 1529 3097 ββ)
1544 3062 1596 3097 qu?
1604 3065 1718 3097 quidem.
1728 3079 1746 3084 -
1761 3066 1796 3090 lta
1811 3066 1944 3097 ACDGs1;
1965 3067 1984 3091 P
1999 3073 2023 3092 et
2038 3072 2085 3092 cet.
2101 3068 2204 3100 legunt:
2222 3067 2268 3100 qui
2282 3067 2388 3100 quidem
2403 3067 2504 3094 dieitur

1434 3104 1521 3125 motus
1536 3101 1561 3125 in
1575 3101 1664 3134 gradu
1679 3108 1732 3126 vno
1746 3102 1890 3126 secundum
1910 3106 2011 3127 motum
2026 3103 2163 3128 stellarum
2172 3103 2308 3136 fixarum,
2324 3103 2371 3135 qui·
2382 3103 2488 3136 quidem
2494 3110 2504 3133 ‚-

1433 3141 1503 3169 patet
1522 3141 1607 3160 autem
1627 3136 1743 3161 inutilem
1758 3145 1816 3162 esse
1835 3138 2023 3170 repetitionem.
2035 3152 2054 3157 -
2068 3139 2119 3163 Pro
2137 3138 2260 3173 apogaei,
2280 3143 2402 3172 corrupte
2419 3146 2504 3172 appa-

1433 3171 1489 3204 giri
1501 3172 1533 3202 P,
1545 3172 1654 3204 apogiri
1666 3173 1702 3201 A.
1721 3172 1790 3204 apic’
1804 3173 1838 3203 Β,
1856 3173 1903 3205 api
1921 3174 1976 3204 (ΞΕ,
1996 3174 2055 3206 apis
2074 3175 2104 3204 D,
2124 3174 2171 3207 api
2189 3175 2261 3206 (seq.
2277 3178 2344 3207 spat.
2356 3174 2424 3207 vac.)
2438 3174 2503 3200 ml.

1434 3207 1520 3232 Codex
1540 3208 1563 3231 H
1583 3207 1659 3232 habet
1677 3206 1777 3240 oppoti,
1797 3213 1823 3233 et
1841 3209 1914 3234 omit.
1934 3209 2002 3234 idest
2020 3210 2159 3235 maximae
2178 3209 2324 3235 distantiae
2335 3223 2354 3228 -
2371 3209 2411 3234 De
2428 3214 2503 3235 motu

1433 3243 1523 3275 augis,
1539 3248 1564 3267 et
1578 3243 1610 3267 de
1623 3243 1699 3267 variis
1719 3244 1867 3268 nominibus
1886 3252 1953 3277 quae
1967 3245 1998 3270 ad
2018 3246 2104 3277 ipsum
2124 3245 2277 3275 referuntur,
2297 3249 2413 3277 spectatu
2427 3252 2502 3278 prae-

1433 3278 1507 3310 cipue
1526 3278 1672 3303 diversitate
1686 3279 1783 3311 antiqui
1797 3285 1823 3304 et
1837 3281 1954 3304 moderni
1967 3281 2117 3313 systematis
2130 3280 2230 3311 mundi,
2243 3281 2302 3305 vide
2315 3280 2419 3312 Kepler.
2435 3280 2501 3313 Epic.

1433 3315 1536 3338 Astron.
1551 3314 1750 3346 Copernicanae,
1771 3315 1813 3340 lib.
1822 3316 1852 3346 V,
1872 3321 1971 3347 partem
1991 3317 2107 3347 alteram,
2127 3321 2152 3341 et
2172 3316 2215 3341 lib.
2226 3316 2268 3345 vl.
2282 3321 2382 3348 partem
2396 3322 2406 3340 1
2420 3314 2500 3350 (Opp-

1432 3350 1527 3378 omnia,
1547 3349 1664 3374 Francof.
1687 3350 1851 3383 1857-1871‚
1871 3350 1948 3377 Tom.
1963 3352 2006 3382 Vl,
2025 3359 2068 3385 pp.
2083 3350 2144 3384 416,
2163 3350 2238 3386 433).

1485 3384 1529 3418 γγ)
1548 3385 1594 3417 qui
1613 3385 1748 3411 dicuntur.
1761 3399 1779 3404 -
1792 3386 1827 3411 lta
1846 3387 1922 3411 codd.
1937 3392 1963 3412 et
1981 3388 2022 3412 ed.
2042 3386 2120 3417 1516;
2139 3387 2203 3420 quia
2222 3387 2349 3412 dicuntur
2367 3386 2426 3411 P.-
2438 3386 2502 3411 Post

1432 3428 1510 3445 unam
1531 3420 1573 3445 lin.
1589 3429 1636 3453 pro
1646 3425 1761 3453 possunt
1779 3422 1941 3455 contingere,
1957 3423 2028 3455 quod
2044 3422 2104 3448 hab.
2118 3423 2170 3453 ΡΑ,
2185 3429 2329 3455 possumus
2346 3422 2502 3455 contingere

1432 3456 1464 3487 F,
1482 3456 1614 3487 possimus
1633 3457 1769 3490 corrigere
1788 3458 1825 3486 G,
1842 3458 1976 3490 possimus
1994 3458 2150 3492 contingere
2168 3463 2215 3483 cet.

1485 3490 1525 3523 ὃὸ)
1544 3499 1622 3523 quam
1643 3492 1728 3517 Mars.
1742 3507 1762 3512 —
1775 3500 1853 3526 quam
1867 3496 1907 3518 est
1920 3493 1997 3518 Mars
2012 3494 2040 3519 P.
2052 3507 2071 3512 -
2089 3494 2140 3518 Pro
2158 3493 2267 3526 nigrum
2287 3500 2372 3522 suum,
2392 3493 2500 3526 nigrum

1432 3527 1511 3551 situm
1532 3527 1551 3551 P
1571 3532 1596 3552 et
1615 3528 1688 3552 codd.
1704 3535 1758 3553 exc.
1771 3529 1802 3557 G,
1819 3529 1862 3562 qui
1876 3529 1935 3553 hab.
1949 3529 2005 3558 lac„
2018 3534 2043 3554 et
2062 3530 2097 3559 Α;
2117 3529 2149 3554 cf.
2164 3533 2223 3554 text.
2236 3541 2255 3549 ·-
2269 3529 2326 3554 Lin.
2340 3536 2397 3561 neq.
2412 3535 2461 3561 pro
2474 3527 2500 3552 in

1431 3570 1484 3594 qua
1503 3566 1569 3592 erat,
1590 3570 1628 3587 ex
1647 3571 1699 3595 qua
1713 3567 1773 3589 erat
1787 3564 1806 3588 P
1824 3569 1849 3589 et
1863 3565 1938 3589 codd.
1953 3572 2008 3590 exc.
2020 3565 2052 3589 A.
2065 3577 2084 3587 —.-
2098 3564 2134 3589 lbi
2149 3564 2235 3590 exivit
2254 3564 2287 3590 de
2304 3564 2352 3589 sub
2369 3564 2446 3593 luna,
2468 3563 2502 3588 de

1433 3606 1485 3622 om.
1506 3598 1524 3622 P
1541 3604 1566 3622 et
1586 3599 1660 3622 codd.
1676 3607 1729 3623 exc.
1745 3600 1775 3624 Α.

1486 3634 1520 3665 εε)
1536 3636 1613 3658 tanta
1629 3634 1780 3660 multitudo.
1794 3649 1812 3653 -
1826 3635 1908 3660 Codd.
1923 3642 1977 3660 exc.
1992 3636 2014 3660 A
2029 3640 2199 3668 corrumpunt
2213 3638 2291 3660 tanta
2305 3634 2330 3659 in
2343 3634 2461 3662 incer-tm·
2480 3633 2500 3657 Ρ

2538 519 2547 528 “
2558 521 2651 547 ponunt
2660 526 2708 543 om.
2716 527 2740 543 P.

2536 843 2651 866 'centrico
2657 844 2751 866 codices

2537 876 2588 892 exc.
2603 876 2656 894 nc.

2535 1210 2641 1258 aptaret
2649 1216 2664 1232 ι»
2674 1214 2696 1232 et
2705 1216 2748 1232 co-

2534 1242 2600 1285 „5525
2606 1243 2712 1292 ³333.
2718 1237 2748 1288 ⁰5:

2533 1428 2543 1438 ·
2559 1426 2633 1450 Nun.
2645 1432 2667 1456 3.

2535 1481 2544 1490 ·
2552 1479 2669 1503 ideam
2676 1479 2748 1503 codd.

2535 1512 2585 1528 exc.
2598 1513 2622 1529 Α.

2533 2281 2648 2303 'noum
2676 2295 2683 2302 .

2556 2550 2682 2573 secundun
2692 2550 2749 2574 ndd.
