2690 4062
48 2308 58 2317 '¹
75 2307 138 2329 Lect.
153 2312 217 2327 xxm.

52 2400 61 2408 ·
76 2399 138 2421 Leet.
154 2404 203 2426 seq.

54 2525 66 2537 ⁶
81 2525 151 2547 Num.
165 2531 186 2553 5.

54 2608 64 2618 ·
81 2607 151 2629 Num.
167 2614 215 2636 seq.

63 3269 74 3280 ⁸
88 3269 147 3290 enim
162 3274 209 3291 om.
223 3275 244 3291 Ρ.

63 3348 78 3365 C

64 3318 74 3327 ’
82 3319 105 3338 et
111 3317 212 3339 audibile
219 3317 273 3341 add.

352 371 387 403 δέ
412 373 468 402 καὶ
497 364 724 413 Ἐμπεδοκλεῖ
756 367 942 412 ἀναγκαῖον
975 364 1108 410 λέγειν,
1142 361 1251 403 ὥσπερ
1284 362 1343 391 καὶ

351 413 544 450 Λεύκιππός
568 410 680 456 φησιν·
708 409 794 442 εἶναι
811 412 873 456 γάρ
895 409 989 441 α”ττα
1006 406 1141 451 στερεοί,
1163 402 1343 455 ἀδιαίρετα

352 456 402 500 δέ,
422 459 448 490 εὶ
467 458 514 501 μή
540 457 655 497 ποίντῃ
682 455 776 498 πόροι
800 457 945 498 συνεχεῖς
964 453 1056 483 εἰσίν.
1084 451 1194 482 Τοῦτο
1212 446 1240 479 δ’
1265 446 1345 479 ἀδυ-

351 513 475 535 νατον·
503 500 596 533 οὐθέν
620 501 684 545 γάρ
710 499 808 530 ἔσται
830 496 952 538 ἕτερον
982 494 1117 537 στερεὸν
1144 493 1239 536 παρά
1264 492 1342 544 τοιὶΙς

353 546 486 590 πόρους,
508 545 597 578 ἀλλά
615 544 682 575 πᾶν
702 542 807 573 κενόν.
835 539 981 585 Ἀνάγκη
1005 539 1027 570 δι’
1049 549 1071 570 α
1089 539 1137 569 τοὶ
1156 538 1215 580 μέν
1235 536 1344 587 ἀπτο-

354 602 438 634 μενα
461 587 546 621 εἶναι
574 586 771 629 ἀδιαίρετα,
799 587 846 616 τοὶ
870 580 909 615 δὲ
933 550 1065 626 μεταξύ
1092 581 1205 614 αὐτῶν
1237 590 1342 619 κενα,

354 634 408 671 οὓς
430 634 550 669 ἐκεῖνος
575 630 666 675 λέγει
692 629 822 672 πόρους.
860 626 973 663 Οὕτως
1000 624 1037 657 δέ
1067 627 1125 656 καὶ
1149 622 1344 660 Λεύκιππος

352 677 444 723 λέγει
469 689 508 708 πε
530 678 540 707 ὶ
566 677 627 706 τοῦ
654 677 759 704 ποιεῖν
784 674 841 703 καὶ
867 669 1023 714 πάσχειν.
1050 670 1087 700 Οἱ
1108 670 1168 713 μὲν
1191 665 1247 700 οὖν
1270 666 1345 710 τρό-

355 733 411 754 ποι
443 720 506 752 καθ
546 718 599 754 οὓς
626 717 672 749 τοὶ
695 718 754 760 μέν
788 719 878 747 ποιεῖ’
909 715 956 746 τοὶ
979 708 1017 744 δὲ
1051 711 1197 758 ποίσχει,
1223 710 1344 757 σχεδόν

356 766 450 797 οὗτοι
473 764 651 809 λέγονται·

286 812 343 843 καὶ
370 811 441 852 περὶ
462 810 519 851 μὲν
546 804 690 843 τούτων,
709 806 765 834 καὶ
791 803 860 839 πῶς
874 801 1022 847 λέγουσι,
1045 798 1162 841 δῆλον,
1181 802 1238 831 καὶ
1265 800 1345 844 πρός

354 854 416 889 ταῖς
434 851 546 884 αὐτῶν
564 848 666 884 θέσεις
685 847 736 883 αἷς
756 848 906 890 χρῶνται
926 840 1047 890 σχεδον
1070 842 1344 889 ὁμολογουμένως

353 898 510 941 φαίνεται
526 893 721 936 συμβαῖνον.
748 892 822 927 Τοῖς
847 888 876 920 δ’
900 889 1013 926 ἄλλοις
1031 887 1154 929 ἧττον,
1182 887 1249 919 οἷον
1267 888 1346 930 Ἐμ-

354 938 511 972 πεδοκλεῖ
534 939 611 968 τίνα
639 934 764 977 τρόπον
789 933 889 965 ἔσται
917 932 1044 979 γένεσις
1076 935 1133 964 καὶ
1157 929 1264 975 φθοραὶ
1286 933 1344 962 καὶ

355 982 539 1021 ἀλλοίωσις,
569 980 606 1012 οὗ
625 975 739 1013 δῆλον.
767 979 840 1014 Τοῖς
868 978 926 1022 μὲν
951 976 1014 1023 γάρ
1042 976 1132 1008 ἐστιν
1163 973 1344 1019 ἀδιαίρετα

353 1029 400 1059 τοὶ
418 1026 536 1070 πρῶτα
550 1025 616 1056 τῶν
633 1020 815 1065 σωμάτων,
830 1021 988 1067 σχήματι
1005 1019 1211 1064 διαφέροντα
1229 1018 1343 1062 μόνον,

353 1070 386 1111 ἐξ
403 1069 446 1100 ὢν
466 1067 603 1110 πρώτων
621 1065 800 1111 σύγκειται
817 1069 874 1097 καὶ
891 1065 935 1103 εἰς
957 1066 979 1098 οἳ
996 1066 1132 1110 ἔσχατα
1149 1059 1344 1095 διαλύεται·

351 1111 561 1146 Εαπεδοκλεῖ
584 1110 621 1142 δέ
640 1111 686 1141 τοὶ
712 1110 770 1154 μὲν
798 1108 887 1142 ἀλλα
912 1112 1051 1154 φανερόν
1077 1107 1131 1141 ὅτι
1155 1106 1252 1152 μέχρι
1277 1108 1344 1138 τῶν

351 1143 526 1200 στοιχείων
548 1156 617 1201 ἔχει
647 1154 711 1190 τήν
739 1153 866 1199 γένεσιν
889 1155 947 1185 καὶ
974 1156 1038 1191 τήν
1068 1151 1206 1197 φθοράν,
1231 1151 1345 1183 αὐτῶν

352 1199 388 1234 δέ
407 1199 538 1232 τούτων
558 1200 626 1236 πῶς
645 1200 779 1242 γίνεται
794 1201 852 1229 καὶ
871 1199 1041 1242 φθείρεται
1059 1198 1099 1229 τὸ
1120 1195 1344 1240 σωρευόμενον

351 1243 506 1290 μέγεθος,
535 1243 613 1276 οὔτε
646 1243 748 1278 δῆλον
775 1241 855 1274 οὔτε
895 1240 1075 1287 ἐνδέχεται
1104 1239 1216 1286 λέγειν
1250 1240 1345 1281 αὐτῷ

351 1291 396 1334 μή
427 1286 563 1333 λέγοντι
594 1291 650 1319 καὶ
686 1286 748 1317 τοῦ
774 1287 874 1329 πυρᾶς
899 1283 984 1318 εἶναι
1009 1289 1198 1330 στοιχεῖον,

286 1337 402 1380 ὁμοίως
428 1330 464 1363 δέ
496 1334 553 1363 καὶ
579 1332 647 1363 τῶν
678 1330 786 1363 ἄλλων
813 1329 996 1371 ἀπάντων,
1023 1327 1134 1371 ὥσπερ
1161 1329 1193 1361 ἐν
1220 1328 1267 1369 τῷ
1293 1329 1346 1358 Τι-

350 1380 436 1422 μαίῳ
460 1374 606 1421 γέγραφε
635 1373 796 1408 Πλάτων·

287 1423 450 1455 τοσοῦτον
475 1422 539 1473 γσίρ
568 1419 714 1464 διαφέρει
739 1419 801 1450 τοῦ
826 1418 874 1462 μή
900 1418 959 1450 τόν
986 1417 1093 1450 αὐτόν
1116 1415 1241 1461 τρόπον
1266 1417 1346 1447 Λευ-

350 1468 461 1504 κίππῳ
492 1466 622 1509 λεγειν,
649 1463 704 1496 ὅτι
729 1462 745 1494 ὁ
770 1463 829 1506 μὲν
847 1463 972 1506 στερεοὶ
995 1462 1010 1494 ὁ
1030 1460 1058 1492 δ’
1082 1459 1232 1503 ἐπίπεδα
1254 1459 1347 1506 λέγει

351 1511 397 1542 ταὶ
423 1505 615 1551 ἀδιαίρετα,
640 1510 698 1539 καὶ
725 1508 740 1539 ὁ
769 1508 828 1550 μὲν
855 1506 1002 1551 ἀπείροις
1026 1504 1165 1550 ὡρίσθαι
1192 1504 1346 1550 σχήμασι

352 1554 418 1586 τῶν
449 1550 650 1596 ἀδιαιρέτων
682 1551 824 1595 στερεῶν
850 1549 1009 1591 ἕκαστον,
1035 1550 1051 1582 ὁ
1078 1548 1116 1581 δὲ
1140 1548 1344 1593 ὡρισμένοις,

352 1596 422 1630 ἐπεὶ
450 1595 631 1639 ἀδιαίρετά
653 1608 691 1641 γε
720 1594 901 1639 ἀμφότεροι
929 1593 1065 1640 λέγουσι
1089 1595 1147 1625 καὶ
1179 1591 1346 1637 ὡρισμένα

350 1640 533 1686 σχήμασιν.
548 1640 607 1671 Ἐκ
625 1639 669 1676 δή
694 1640 758 1672 του’
779 1651 845 1671 των
865 1641 899 1670 αἱ
924 1637 1069 1684 γενέσεις
1085 1640 1143 1669 καὶ
1165 1639 1199 1669 αἱ
1220 1633 1347 1681 διακρί-

350 1697 417 1722 σεις
441 1686 620 1725 Λευκίππῳ
646 1685 706 1728 μέν
730 1679 790 1716 δύο
817 1681 936 1727 τρόποι
967 1682 1006 1714 ἂν
1032 1679 1110 1723 εἶεν,
1137 1677 1195 1714 διαί
1219 1694 1257 1715 τε
1283 1682 1346 1712 τοῦ

350 1729 446 1761 κενοῦ
463 1731 521 1760 καὶ
546 1724 604 1760 δισί
627 1729 689 1765 τῆς
709 1728 795 1771 ἀφῆς
815 1726 950 1770 (ταύτῃ
968 1727 1032 1772 γαρ
1058 1721 1228 1770 διαιρετόν
1247 1724 1346 1758 ἕκασ-

351 1775 444 1816 τον),
463 1771 617 1805 Πλάτωνι
642 1768 680 1805 δὲ
704 1773 800 1803 κατά.
823 1772 888 1808 τήν
909 1771 996 1815 ἁφήν
1022 1769 1141 1815 μόνον·
1159 1771 1254 1802 κενόν
1279 1771 1344 1815 γοίρ

352 1814 410 1850 οὐκ
439 1814 523 1848 εἶναί
553 1827 660 1860 φησιν.
686 1817 752 1848 Καὶ
778 1818 851 1858 περὶ
877 1816 935 1859 μὲν
961 1816 1028 1848 τῶν
1051 1808 1251 1858 ἀδιαιρέτων
1274 1814 1345 1846 ἑπι-

351 1857 460 1893 πέδων
485 1859 662 1904 εἰρήκαμεν
693 1860 726 1892 ἐν
753 1863 823 1897 τοῖς
854 1858 1014 1904 πρότερον
1044 1857 1179 1904 λόγοις·
1207 1860 1280 1903 περ).
1306 1856 1344 1889 δὲ

352 1906 416 1937 τῶν
439 1900 636 1949 ἀδιαιρέτων
659 1903 801 1947 στερεῶν
827 1905 868 1935 ‘ro'
894 1905 952 1948 μὲν
972 1904 1026 1936 ἐπὶ
1045 1902 1147 1935 πλέον
1177 1901 1344 1947 θεωρῆσαι

352 1950 392 1982 τό
410 1949 590 1993 συμβαῖνον
607 1946 749 1991 ἀφείσθω
768 1949 807 1980 τό
822 1948 897 1988 νῦν,

481 2060 487 2067 .
508 2066 513 2075 ,
541 2044 692 2080 ostquam
705 2034 928 2079 Philosophus
940 2034 1166 2068 determinavit
1178 2033 1218 2067 de
1233 2042 1348 2066 natura

496 2078 518 2121 27>
540 2080 721 2113 activorum
742 2087 774 2112 et
795 2079 1015 2123 passivorum,
1040 2087 1072 2111 et
1101 2078 1140 2111 de
1164 2077 1272 2111 modis
1293 2089 1347 2110 eo-

486 2150 493 2163 .,
505 2135 525 2169 s,
540 2135 623 2164 rum,
645 2131 677 2156 et
698 2122 840 2156 ostendit
855 2122 895 2156 ad
913 2134 993 2167 quas
1011 2134 1123 2156 causas
1139 2121 1347 2162 reducantur,

364 2173 371 2186 ¹
397 2162 418 2192 *r
441 2157 522 2213 33⁴ss
540 2167 592 2200 hic
616 2167 809 2201 determinat
825 2166 864 2200 de
881 2167 990 2200 modis
1006 2166 1123 2210 agendi
1143 2175 1176 2200 et
1191 2165 1347 2210 patiendi,

485 2216 494 2226 ‘¹
540 2211 710 2256 quomodo
737 2210 860 2244 scilicet
885 2212 1053 2255 contingat
1077 2222 1171 2255 agere
1192 2209 1244 2244 vel
1268 2210 1345 2254 pati.

344 2214 371 2230 c:
397 2194 476 2240 ’θήρ
501 2218 505 2223 .

289 2257 329 2290 Et
345 2256 451 2300 primo
475 2255 655 2289 secundum
671 2255 863 2300 opinionem
888 2255 1044 2296 aliorum3
1068 2254 1214 2288 secundo
1229 2265 1347 2288 secun-

289 2300 367 2334 dum
380 2301 569 2344 opinionem
582 2299 758 2344 propriam,
771 2298 831 2332 ibi:
846 2299 916 2342 Quo
929 2305 1029 2332 autem
1040 2299 1125 2333 modo
1138 2299 1274 2333 existat*
1285 2307 1346 2332 etc.

290 2345 384 2379 Circa
422 2345 541 2377 timum
558 2343 624 2377 duo
648 2343 739 2376 facit:
780 2344 864 2376 rimo
889 2345 984 2388 ponit
998 2344 1172 2388 opiniones
1188 2342 1348 2383 aliorum3

290 2399 388 2422 secun
413 2400 432 2421 o
445 2387 595 2432 reprobat
606 2399 670 2428 eaS,
684 2387 743 2421 ibi:
795 2394 917 2421 tautem
925 2394 1040 2433 parum
1055 2387 1246 2439 digredientes
1257 2387 1273 2404 *
1285 2396 1346 2420 etc.

291 2433 384 2466 Circa
430 2433 547 2465 rimum
566 2432 632 2466 duo
655 2431 744 2465 facit:
762 2433 869 2476 primo
886 2433 982 2476 ponit
1001 2432 1176 2477 opiniones
1193 2431 1348 2472 aliorum3

290 2487 389 2510 secun
414 2487 434 2509 o
464 2485 630 2520 comparat
660 2487 713 2509 eas
745 2475 946 2518 adinvicem,
970 2476 1029 2510 ibi:
1053 2476 1219 2528 Leucippus
1249 2482 1350 2510 autem

291 2521 468 2554 existimavit
489 2520 504 2537 *¹
528 2530 588 2554 etc.
615 2520 709 2554 Circa
733 2521 877 2564 primum
901 2519 969 2554 duo
1000 2519 1092 2554 facit:
1117 2532 1226 2565 primo
1255 2520 1350 2564 ponit

292 2576 312 2597 o
338 2565 463 2597 iniones
487 2564 624 2598 aliorum
648 2565 681 2597 in
704 2564 864 2608 generali3
889 2564 1035 2598 secundo
1060 2565 1094 2598 in
1117 2563 1266 2609 speciali,
1290 2563 1349 2598 ibi:

327 2609 338 2641 i
361 2609 451 2652 igitur
472 2608 503 2641 in
527 2608 705 2653 quibusdam
727 2609 742 2626 '¹¹
766 2618 825 2642 etc.

336 2652 424 2685 Dicit
447 2663 524 2695 ergo
548 2653 654 2696 primo
671 2653 760 2697 quod
777 2652 953 2687 dicendum
973 2661 1022 2686 est
1037 2664 1161 2694 rursus,
1178 2651 1350 2704 quomodo

294 2696 460 2740 contingat
476 2707 568 2739 agere
585 2705 617 2730 et
636 2698 711 2741 pati.
728 2698 817 2730 Dicit
831 2706 942 2731 autem
961 2708 1079 2738 rursus,
1097 2698 1174 2742 quia
1190 2708 1255 2730 iam
1271 2696 1352 2730 dixit

316 2739 455 2773 uendam
478 2739 615 2773 modum
638 2742 774 2774 actionis
798 2750 830 2775 et
858 2742 1021 2786 passionis
1044 2742 1079 2775 in
1102 2753 1236 2786 genere3
1261 2752 1350 2774 nunc

294 2751 459 2817 descendit
482 2783 521 2817 ad
544 2784 698 2828 speciales
722 2785 851 2827 modos,
876 2794 1028 2830 sumptos
1052 2797 1092 2819 ex
1114 2794 1205 2830 parte
1229 2786 1351 2819 activo-

293 2839 366 2860 rum
390 2836 422 2861 et
445 2829 658 2872 passivorum,
675 2829 797 2863 scilicet
821 2829 959 2875 qualiter
974 2830 1084 2863 veniat
1107 2841 1207 2874 agens
1231 2829 1272 2863 ad
1295 2841 1351 2874 pa-

294 2872 386 2912 tiens,
411 2881 448 2905 ut
470 2873 633 2916 imprimat
664 2874 693 2907 ei
717 2885 810 2907 suam
841 2873 981 2907 formam
1009 2885 1068 2919 per
1090 2885 1190 2920 quam
1213 2874 1352 2908 intendit

294 2916 402 2960 ipsum
425 2917 548 2960 patiens
573 2925 796 2951 transmutare.

339 2960 433 2994 Circa
456 2959 519 2994 hoc
543 2969 651 2994 autem
675 2961 805 2995 fuerunt
829 2962 974 2996 diversae
999 2963 1184 3006 opiniones.
1207 2962 1353 3004 Quibus-

295 3003 369 3036 dam
393 3004 479 3037 enim
502 3005 610 3037 visum
633 3004 694 3038 fuit
718 3006 805 3050 quod
823 3006 1087 3051 unumquodque
1111 3006 1202 3051 quod
1221 3007 1352 3052 patitur,

296 3048 415 3090 patitur
445 3059 502 3092 per
532 3049 692 3093 quosdam
716 3061 816 3094 poros
844 3052 899 3095 qui
924 3059 1001 3084 sunt
1025 3051 1058 3084 in
1087 3051 1159 3095 ipso
1187 3052 1352 3103 patiente,

296 3102 353 3134 per
376 3103 458 3136 quos
482 3093 591 3136 ipsum
615 3104 713 3137 agens
761 3094 826 3128 uod
850 3104 899 3128 est
915 3095 1104 3139 proximum
1128 3096 1275 3139 patienti,
1308 3096 1354 3128 in-

296 3134 438 3178 greditur
461 3136 494 3169 in
518 3137 642 3180 patiens
659 3149 717 3181 per
742 3138 812 3172 'los
831 3150 943 3182 poros,
959 3148 992 3172 et
1014 3139 1161 3184 undique
1186 3140 1353 3183 contangit

297 3179 415 3222 ipsum,
439 3188 470 3213 et
492 3180 636 3225 undique
667 3183 788 3226 patitur
810 3184 955 3227 patiens,
976 3192 1008 3217 et
1031 3194 1100 3216 non
1123 3184 1157 3216 in
1181 3195 1249 3217 uno
1278 3183 1354 3217 loco

298 3231 433 3256 tantum.
457 3224 498 3257 Et
521 3235 578 3268 per
601 3224 688 3258 hunc
719 3226 857 3260 modurn
882 3227 995 3261 dicunt
1019 3227 1109 3272 quod
1137 3227 1298 3268 videmus,
1322 3237 1355 3261 et

298 3267 453 3300 sentimus
477 3268 658 3302 secundum
681 3269 761 3303 alios
778 3282 892 3304 sensus
917 3283 1050 3305 omnes:
1076 3272 1152 3316 quia
1168 3272 1257 3305 enim
1272 3271 1288 3289 *
1305 3283 1354 3305 se-

299 3309 442 3344 cundum
458 3323 514 3345 eos
530 3313 619 3345 visus
642 3322 675 3346 et
698 3313 826 3348 auditus
843 3314 1057 3349 effunduntur
1075 3327 1174 3360 super
1190 3315 1316 3350 visibile
1339 3315 1355 3333 ⁴¹

299 3364 356 3396 per
378 3354 500 3396 media,
524 3355 598 3389 ideo
633 3357 783 3391 dixerunt
806 3359 896 3403 quod
919 3371 977 3404 per
1025 3371 1101 3393 oros
1125 3359 1257 3394 illorum
1281 3371 1354 3393 cor-

300 3407 417 3439 porum
441 3410 522 3442 quae
546 3409 622 3433 sunt
644 3401 751 3435 media
774 3414 941 3444 sensuum,
962 3404 994 3436 vi
1020 3415 1112 3437 emus
1137 3412 1168 3437 et
1192 3403 1355 3437 audimus.

301 3440 423 3475 Dicunt
435 3443 530 3476 etiarn
550 3444 639 3488 quod
652 3445 726 3479 ideo
742 3446 816 3491 plus
833 3446 983 3481 videmus
997 3459 1054 3491 per
1066 3459 1174 3481 aerem
1187 3457 1219 3481 et
1236 3459 1355 3493 aquam

790 291 861 328 DE
891 286 1277 327 GENERATIONE
1306 284 1377 321 ET
1407 281 1790 319 CORRUPTIONE
1819 281 1914 317 LIB.
1945 281 1959 316 Ι

1466 360 1649 399 Leucippus
1671 359 1791 399 inquit:
1816 359 1933 389 etenim
1950 367 2017 388 esse
2041 358 2200 398 quaedam
2223 357 2469 399 solidaQindivi-

1466 403 1568 434 sibilia
1591 409 1716 440 autem,
1741 402 1766 432 si
1789 412 1856 433 non
1879 402 2000 442 ubique
2023 401 2094 442 pori
2122 401 2265 432 continui
2288 408 2371 432 sunt.
2396 402 2470 432 Hoc

1466 454 1574 478 autem
1596 446 1812 486 impossibile:
1836 446 1915 476 nihil
1934 445 2020 476 enim
2043 445 2101 476 erit
2123 445 2210 476 aliud
2226 444 2364 476 solidum
2385 452 2470 476 extra

1466 501 1576 532 poros,
1593 491 1647 520 sed
1664 500 1760 520 omne
1783 500 1932 520 vacuum.
1951 490 2085 520 Necesse
2108 489 2204 529 igitur
2219 489 2379 530 tangentia
2399 489 2469 530 qui-

1467 535 1541 565 dem
1557 544 1624 564 esse
1642 533 1856 572 indivisibilia,
1879 533 1984 564 media
2000 540 2108 564 autem
2129 534 2243 564 eorum
2258 544 2370 572 vacua,
2386 543 2469 574 quos

1466 578 1517 609 ille
1535 578 1610 608 dicit
1625 587 1732 618 poros.
1753 577 1798 608 Ita
1822 584 1930 608 autem
1946 584 1977 608 et
1999 577 2183 618 Leucippus
2207 577 2283 609 dicit
2306 578 2345 608 de
2368 577 2469 608 facere

1467 630 1497 653 et
1520 622 1594 662 pati.
1620 621 1709 652 Modi
1732 621 1827 661 igitur
1850 622 2028 659 secundum
2058 631 2141 663 quos
2168 621 2246 652 haec
2268 621 2399 662 quidem
2424 621 2469 652 fa-

1467 666 1565 705 ciunt,
1590 666 1666 696 haec
1689 671 1796 696 autem
1819 665 1995 706 patiuntur,
2014 665 2078 696 fere
2101 665 2135 696 hi
2159 665 2317 697 dicuntur.

1401 801 1441 831 Et
1457 800 1495 829 de
1516 798 1564 829 his
1588 798 1718 838 quidem
1742 804 1773 828 et
1795 798 1965 838 quomodo
1989 797 2100 828 dicunt
2122 797 2328 829 manifestum
2351 805 2415 829 est:
2439 805 2471 830 et

1467 843 1508 873 ad
1527 852 1640 873 eorum
1662 841 1839 882 positiones
1857 841 1974 882 quibus
1998 848 2134 872 utuntur
2153 842 2217 873 fere
2241 842 2385 874 confesse
2407 842 2471 874 hoc

1467 886 1648 926 contingere
1663 885 1799 916 videtur.
1814 885 1895 916 Aliis
1913 892 2022 917 autem
2037 885 2156 925 minus,
2170 886 2257 927 verbi
2280 886 2379 927 gratia
2397 887 2472 918 Em-

1466 930 1593 971 pedocli
1609 930 1777 970 quomodo
1794 929 1852 960 erit
1866 930 2026 969 generatio
2042 937 2074 961 et
2091 930 2255 971 corruptio
2271 937 2302 962 et
2317 930 2470 970 alteratio,

1467 984 1533 1005 non
1550 981 1596 1004 est
1611 973 1826 1005 manifestum.
1851 973 1910 1004 His
1933 973 2020 1004 enim
2039 981 2127 1005 erant
2148 974 2350 1006 indivisibilia
2367 975 2472 1016 prima

1468 1028 1652 1058 corporum,
1672 1017 1784 1048 formis
1807 1017 1980 1049 differentia
1998 1018 2118 1057 solum,
2134 1028 2171 1049 ex
2187 1019 2305 1060 quibus
2329 1020 2472 1060 primum
2515 1034 2518 1036 ·

1467 1069 1718 1102 componuntur,
1743 1068 1773 1093 et
1795 1062 1829 1093 in
1851 1071 1935 1102 quae
1957 1062 2073 1093 ultimo
2097 1062 2325 1095 dissolvuntur.
2352 1063 2472 1104 Empe-

1468 1106 1552 1138 docli
1580 1106 1641 1137 alia
1663 1106 1795 1147 quidem
1814 1105 2020 1137 manifestum
2042 1106 2199 1147 quoniam
2221 1117 2324 1148 usque
2346 1108 2387 1139 ad
2410 1107 2471 1138 ele-

1467 1157 1575 1182 menta
1597 1150 1715 1181 habent
1729 1149 1967 1190 generationem
1991 1157 2022 1181 et
2045 1151 2301 1191 corruptionem:
2325 1151 2472 1192 ipsorum

1466 1205 1542 1226 vero
1566 1195 1800 1226 elementorum
1822 1195 1991 1235 quomodo
2014 1201 2181 1235 generatur
2203 1202 2235 1226 et
2257 1195 2473 1237 corrumpitur

1468 1246 1650 1270 coacervata
1668 1238 1837 1280 quantitas,
1854 1248 1960 1280 neque
1975 1238 2181 1270 manifestum
2196 1249 2302 1281 neque
2317 1239 2472 1282 contingit

1468 1283 1570 1315 dicere
1586 1283 1614 1314 ei
1637 1293 1704 1314 non
1727 1282 1843 1314 dicenti
1866 1289 1897 1315 et
1918 1282 2000 1323 ignis
2023 1283 2219 1315 elementum
2241 1293 2320 1316 esse.
2444 1288 2448 1290 '

1401 1327 1552 1359 Similiter
1574 1334 1682 1359 autem
1705 1327 1844 1358 aliorum
1871 1327 2038 1367 omnium,
2069 1334 2106 1359 ut
2127 1327 2162 1358 in
2184 1328 2320 1360 Timaeo
2349 1327 2474 1371 scripsit

1467 1372 1569 1403 Plato.

1400 1416 1418 1436 *
1441 1416 1603 1447 Intantum
1627 1415 1713 1446 enim
1743 1415 1844 1447 differt
1867 1422 1904 1447 ut
1926 1425 1993 1446 non
2016 1416 2132 1447 eodem
2161 1417 2263 1453 modo
2291 1426 2367 1448 cum
2389 1417 2473 1458 Leu-
2498 1423 2510 1434 ⁸

1468 1460 1563 1501 cippo
1588 1459 1690 1499 dicat,
1713 1460 1869 1501 quoniam
1902 1460 1954 1491 hic
1977 1460 2110 1502 quidem
2137 1460 2260 1500 solida,
2283 1461 2335 1492 hic
2365 1462 2474 1501 nutent

1441 1530 1448 1538 .
1469 1504 1614 1545 planities
1637 1504 1712 1535 dicit
1733 1504 1950 1543 indivisibilia3
1975 1511 2007 1535 et
2028 1504 2080 1536 hic
2101 1505 2234 1546 quidem
2256 1505 2401 1538 infinitis'
2413 1512 2474 1537 ter-

1468 1548 1582 1579 minari
1605 1547 1714 1588 figuris
1736 1547 1977 1580 indivisibilium
2000 1549 2181 1580 solidorum
2203 1549 2475 1592 unumquodque,

1468 1593 1519 1623 hic
1535 1598 1644 1624 autem
1666 1592 1858 1624 terminatis:
1875 1593 2031 1634 quoniam
2052 1593 2255 1625 indivisibilia
2277 1593 2406 1636 utrique
2427 1593 2482 1626 dis

1469 1643 1546 1668 cunt
1569 1643 1599 1668 et
1621 1636 1788 1669 terminata
1803 1636 1925 1678 figuris.
1941 1637 1990 1668 Ex
2005 1637 2054 1668 his
2078 1637 2186 1679 itaque
2201 1637 2420 1679 generatione·
2443 1645 2476 1670 et

1469 1681 1702 1722 segregationes
1735 1687 1768 1712 et
1796 1681 2018 1722 corruptiones
2041 1682 2209 1723 Leucippo
2241 1682 2376 1725 quidem
2406 1683 2475 1715 duo

1467 1725 1557 1756 modi
1573 1731 1672 1763 erant,
1689 1725 1802 1766 utique
1816 1735 1873 1766 per
1885 1735 2025 1757 vacuum
2041 1732 2072 1757 et
2086 1736 2144 1768 per
2163 1733 2285 1758 tactum
2303 1724 2370 1770 (hic
2387 1726 2475 1759 enim

1467 1769 1657 1800 indivisibile
1680 1768 1979 1811 unumquodque),
2002 1770 2128 1802 Platoni
2155 1777 2265 1802 autem
2297 1771 2477 1803 secundum

1466 1821 1587 1845 tactum
1603 1814 1726 1852 solum;
1745 1823 1885 1845 vacuum
1902 1814 1988 1845 enim
2008 1824 2075 1845 non
2092 1824 2160 1846 ase
2175 1814 2291 1856 inquit.
2306 1815 2351 1847 Et
2369 1815 2412 1848 de
2428 1815 2476 1847 in-

1467 1858 1674 1889 divisibilibus
1689 1857 1820 1899 quidem
1832 1857 2022 1899 planitiebus
2037 1858 2174 1890 diximus
2188 1859 2222 1890 in
2237 1858 2475 1900 prioribuster-
2527 1895 2530 1897 ,

1467 1902 1629 1941 monibus,
1645 1903 1685 1933 de
1705 1902 1947 1934 indivisibilibus
1963 1909 2073 1934 autem
2087 1903 2196 1934 solidis
2212 1902 2351 1947 amplius
2372 1903 2476 1936 dicere

1468 1946 1612 1978 accidens
1635 1946 1832 1988 relinquatur
1855 1955 1951 1978 nunc.

1402 2042 1435 2066 et
1450 2044 1508 2077 per
1531 2033 1594 2066 alia
1617 2044 1756 2078 corpora
1771 2032 1825 2067 dia
1850 2033 1946 2075 hana,
1966 2033 2051 2067 sicut
2073 2042 2124 2068 est
2141 2034 2264 2068 vitrum
2287 2042 2321 2068 et
2343 2033 2476 2087 crystal-

1402 2077 1483 2119 lum,
1503 2078 1580 2122 quia
1597 2077 1651 2110 illa
1675 2089 1814 2122 corpora
1851 2077 1948 2122 abent
1967 2077 2078 2122 plures
2093 2089 2195 2123 poros
2211 2077 2301 2120 aliis3
2323 2089 2383 2131 qm
2401 2078 2476 2124 pori

1402 2130 1479 2155 sunt
1497 2121 1677 2156 invisibiles
1694 2132 1711 2148 ιι
1753 2130 1864 2166 ropter
1879 2123 2083 2166 parvitatem,
2095 2121 2154 2156 sed
2170 2123 2275 2167 magis
2296 2133 2405 2168 spisse
2441 2134 2477 2157 o-

1402 2167 1465 2208 siti,
1483 2175 1515 2200 et
1531 2165 1650 2200 melius
1678 2133 1819 2200 ordinati
1839 2167 1917 2212 quia
1939 2166 2064 2201 directi.
2080 2166 2123 2201 Et
2147 2166 2224 2201 ideo
2245 2166 2337 2202 videt
2354 2177 2390 2202 m
2435 2178 2475 2202 us

1401 2222 1460 2255 per
1478 2219 1686 2255 transparens
1702 2211 1804 2252 visus,
1820 2210 1848 2244 si
1872 2211 1993 2255 reperit
2013 2219 2138 2245 rectam
2162 2210 2284 2245 lineam
2298 2221 2359 2256 per
2375 2222 2477 2257 quam

1400 2253 1519 2289 videat.
1536 2255 1578 2289 Et
1595 2256 1672 2300 quia
1687 2256 1792 2300 magis
1808 2264 2015 2300 transparens
2030 2254 2129 2289 habet
2152 2266 2255 2307 poros
2272 2255 2445 2301 spissiores
2460 2255 2477 2274 '¹
2502 2263 2515 2276 ⁸

1402 2308 1435 2333 et
1458 2299 1613 2333 directius
1638 2299 1818 2341 ordinatos,
1835 2299 1912 2334 ideo
1937 2308 2061 2345 quanto
2080 2298 2179 2334 fuerit
2201 2301 2307 2344 magis
2330 2307 2476 2345 σωρε-

1402 2355 1487 2385 rens,
1504 2352 1596 2377 tanto
1621 2355 1679 2388 per
1702 2345 1813 2388 ipsum
1831 2343 1956 2377 melius
1979 2343 2144 2378 videmus.

1448 2398 1478 2421 2.
1495 2387 1625 2422 Deinde
1649 2400 1726 2422 cum
1750 2387 1845 2422 dicit:
1869 2387 1919 2422 Hi
1933 2388 2027 2433 igitur
2042 2389 2075 2422 in
2089 2387 2271 2440 quibusdam
2291 2397 2365 2432 etc„
2377 2389 2478 2434 'ponit

1404 2432 1580 2477 opiniones
1604 2443 1721 2466 eorum
1745 2433 1779 2466 in
1803 2431 1947 2477 speciali.
1972 2433 2014 2466 Et
2037 2432 2194 2467 dividitur
2208 2433 2244 2466 in
2267 2441 2332 2467 tres
2355 2441 2475 2478 partes,

1404 2475 1587 2510 secundum
1604 2485 1670 2510 tres
1687 2477 1874 2521 opiniones.
1892 2477 1934 2510 Et
1949 2477 2058 2521 primo
2074 2477 2170 2521 ponit
2185 2477 2384 2521 opinionem
2399 2477 2476 2512 Em-

1404 2520 1563 2565 pedoclis,
1580 2520 1692 2554 dicens
1714 2520 1805 2565 quod
1828 2520 1964 2565 quidam
1979 2521 2085 2564 magis
2109 2520 2149 2555 ad
2174 2522 2320 2566 speciem
2342 2520 2476 2556 deseen-

1405 2564 1530 2606 dentes,
1547 2564 1662 2598 dicunt
1685 2565 1776 2609 ipsos
1825 2575 1902 2598 oros
1925 2576 1995 2598 non
2018 2564 2128 2598 solum
2152 2565 2186 2598 in
2210 2565 2324 2599 activis
2347 2574 2382 2600 et
2402 2576 2477 2613 pas-

1405 2609 1494 2650 sivis,
1511 2608 1569 2642 sed
1593 2609 1692 2642 etiam
1716 2608 1770 2642 illa
1800 2576 1916 2643 gicunt
1938 2608 2123 2643 adinvicem
2146 2609 2230 2643 bene
2253 2609 2269 2627 '⁶
2292 2609 2476 2652 admisceri,
2505 2619 2514 2629 ·

1405 2664 1549 2698 quorum
1564 2653 1638 2698 pori
1659 2662 1738 2686 sunt
1753 2652 2065 2687 commensurabiles
2090 2662 2127 2687 ut
2145 2665 2251 2688 unum
2271 2654 2306 2687 in
2325 2653 2415 2688 aliud
2430 2654 2478 2689 in-

1405 2697 1496 2742 gredi
1526 2698 1647 2742 possit,
1679 2697 1723 2730 ita
1747 2696 1838 2742 quod
1862 2697 2043 2742 plurimum
2074 2698 2173 2731 unius
2196 2698 2238 2732 sit
2266 2699 2300 2732 in
2330 2697 2477 2743 plurimo

1406 2741 1548 2783 alterius,
1565 2750 1598 2775 et
1621 2753 1640 2775 e
1664 2753 1836 2776 converso.

1452 2796 1480 2830 3.
1497 2785 1627 2820 Deinde
1644 2797 1720 2819 curn
1737 2785 1833 2820 dicit:
1855 2785 2065 2831 Compmdiose
2080 2792 2180 2820 autem
2199 2795 2273 2828 etc„
2290 2788 2386 2832 ponit
2397 2787 2476 2832 opi-

1405 2831 1541 2864 nionem
1565 2830 1668 2864 Leuci
1692 2831 1726 2882 pi
1750 2839 1783 2864 et
1806 2830 2001 2872 Democriti,
2025 2829 2138 2864 dicens
2184 2830 2253 2865 uod
2280 2830 2422 2868 breviter
2443 2839 2477 2865 et

1407 2874 1643 2919 compendiose
1690 2885 1827 2915 mamus,
1844 2874 1935 2920 quod
1950 2886 2021 2908 uno
2036 2883 2070 2909 et
2088 2875 2187 2909 simil
2211 2886 2364 2910 sermone
2386 2874 2476 2911 dixe-

1405 2927 1483 2952 runt
1510 2919 1699 2964 Leucippus
1731 2928 1764 2952 et
1793 2919 2015 2953 Democritus.
2038 2918 2150 2953 Ambo
2180 2919 2270 2953 enim
2293 2928 2477 2964 posuerunt

1407 2964 1607 3015 principium
1624 2963 1714 3015 quod
1727 2972 1776 2997 est
1790 2963 1975 2997 secundum
1990 2972 2155 2997 naturam:
2173 2975 2232 3008 per
2251 2964 2362 3008 ipsum
2382 2964 2476 2999 enim

1407 3008 1491 3041 sicut
1515 3007 1597 3041 1nfra
1613 3007 1742 3050 dicitur,
1760 3007 1939 3042 reddebant
1962 3019 2094 3042 causam
2110 3008 2332 3052 generationis
2354 3017 2389 3043 et
2403 3019 2477 3044 cor-

1407 3052 1581 3096 ruptionis,
1605 3061 1638 3085 et
1661 3051 1702 3086 ad
1726 3063 1861 3086 sensum
1885 3053 2074 3097 apparentia
2105 3051 2321 3094 confitentur-5
2342 3061 2378 3087 et
2399 3051 2477 3088 ideo

1408 3095 1525 3130 dicitur
1551 3096 1714 3130 secundum
1743 3103 1890 3131 naturam
1913 3097 2018 3141 magis
2050 3107 2149 3142 quam
2181 3097 2304 3141 positio
2334 3095 2477 3134 aliorum

1409 3140 1465 3185 qui
1489 3140 1529 3174 de
1553 3141 1677 3174 naturis
1701 3152 1811 3175 rerum
1834 3152 1893 3185 per
1915 3152 1975 3174 sua
1990 3141 2151 3186 principia
2175 3151 2289 3175 causas
2310 3141 2476 3186 assignare

1408 3195 1477 3217 non
1525 3193 1651 3218 ossunt.

1453 3239 1484 3271 4.
1536 3228 1631 3262 einde
1655 3239 1731 3262 cum
1749 3228 1844 3263 dicit:
1864 3229 2002 3272 Quidam
2017 3229 2095 3263 enim
2111 3229 2306 3274 antiquorum
2330 3237 2404 3271 etc„
2419 3239 2478 3274 po-

1409 3273 1458 3306 nit
1481 3273 1675 3317 opinionem
1701 3273 1906 3308 Parmenidis
1937 3282 1970 3307 et
1993 3273 2137 3315 Melissi,
2161 3273 2218 3319 qui
2242 3274 2368 3318 opinati
2398 3282 2477 3308 sunt

1410 3328 1480 3350 esse
1504 3325 1632 3350 tantum
1648 3328 1754 3350 unum
1778 3318 1989 3362 principium,
2005 3325 2038 3351 et
2058 3317 2139 3352 illud
2162 3329 2234 3352 esse
2257 3316 2428 3352 immobile
2444 3325 2478 3352 et

1410 3361 1616 3394 continuum.
1646 3360 1751 3402 Quod
1775 3370 1885 3395 autem
1915 3363 1958 3395 sit
1980 3361 2151 3396 immobile
2175 3362 2221 3396 sic
2245 3361 2428 3406 probabant
2449 3361 2475 3395 ’ἦ
2502 3363 2515 3376 ⁸

1410 3405 1524 3438 Motus
1544 3416 1613 3438 non
1636 3413 1745 3449 potest
1761 3417 1831 3439 esse
1855 3406 1918 3439 nisi
1934 3406 1976 3439 sit
1991 3416 2149 3447 vacuum;
2173 3405 2232 3440 sed
2248 3416 2391 3440 vacuum
2401 3414 2476 3440 ‘non

1411 3457 1476 3490 est;
1494 3460 1573 3493 ergo
1589 3458 1700 3483 motus
1717 3460 1786 3483 non
1802 3458 1866 3491 est;
1883 3461 1962 3494 ergo
1979 3458 2029 3484 est
2044 3459 2173 3484 tantum
2188 3461 2293 3484 unum
2309 3458 2342 3484 et
2357 3450 2478 3484 immas

355 3588 382 3623 α)
402 3589 551 3617 invisibiles.
562 3593 764 3620 -indivisibiles
782 3595 812 3620 P.
823 3609 842 3615 -
856 3596 905 3637 Pro
926 3596 960 3621 Ei
980 3596 1072 3623 ideo...
1087 3598 1110 3623 si
1125 3598 1232 3630 reperit,
1249 3598 1285 3623 Et
1297 3598 1356 3624 ideo
1375 3598 1482 3624 videtur
1501 3599 1592 3624 meIius
1608 3606 1660 3631 per
1673 3603 1864 3632 crumpat-enm
1883 3600 1954 3627 visus
1972 3601 1996 3626 si
2014 3601 2094 3634 (enim
2114 3601 2146 3633 C)
2161 3600 2275 3634 requirit
2293 3600 2347 3632 Ca:
2366 3600 2443 3627 etim
2461 3600 2477 3626 b

303 3623 364 3657 legit
381 3625 499 3657 requirit.
