2690 4062
204 1430 280 1455 ense
304 1420 524 1463 interceptum
547 1430 607 1463 per

135 1473 160 1510 ς7
205 1472 344 1511 propter
363 1462 445 1498 duas
462 1463 616 1496 rationes.
637 1463 758 1496 Prima·
768 1470 828 1502 est,
845 1462 922 1506 quia
937 1460 978 1494 de
998 1469 1113 1494 natura
1130 1461 1215 1504 ignis
1233 1469 1283 1493 est

154 1515 158 1519 '
206 1507 384 1550 ascendere
399 1516 432 1542 et
447 1518 517 1541 non
533 1506 749 1547 descendere,
773 1505 849 1540 ideo
868 1504 1088 1539 irrationabile
1109 1513 1158 1538 est
1174 1504 1282 1538 dicere

129 1517 336 1589 ὶιῐιιιιιῑ

1044 232 1156 268 CAP.
1187 232 1258 278 lx,
1288 231 1440 269 LECT.
1470 232 1576 269 xvn

277 304 387 354 ὕδωρ,
414 308 560 354 βροντοίς
585 320 624 340 τε
658 311 716 341 καὶ
744 308 926 353 ἀστραπάς
950 311 1009 340 καὶ
1035 310 1117 352 πρὸς
1142 308 1282 347 τούτοις
1307 314 1311 339 1

276 352 392 387 τᾶλλα
410 355 458 385 ταὶ
484 354 547 391 τῆς
566 353 676 390 αὐτῆς
695 352 823 398 φύσεως
840 352 979 391 τούτοις
996 353 1097 386 ὄντα.
1126 354 1190 385 Καὶ
1209 355 1281 398 περὶ

275 400 336 443 μὲν
361 397 506 442 βροντῆς
530 399 664 442 εἴρηται
687 399 746 428 καὶ
774 397 969 440 ἀστραπῆς.

275 510 283 522 t
334 518 384 531 ,fi
405 512 413 519 .
442 501 450 511 =
466 494 619 530 ostquam
647 486 873 530 Philosophus
901 485 1129 519 determinavit
1160 486 1199 520 de
1229 498 1281 519 co-

263 531 292 573 f*
320 540 350 574 ³3»,
374 543 378 546 -
421 529 441 557 2-
465 531 652 564 fuscatione
673 539 705 564 et
720 531 868 563 tonitruo
885 530 1068 563 secundum
1085 531 1280 575 opinionem

277 578 279 580 ,
322 587 451 643 ξιξ-(ὃν
465 575 634 625 propriam
648 599 661 625 ,.
684 574 738 626 hic
766 574 910 625 ostendit
938 575 1114 618 opiniones
1135 575 1279 651 ¹qliorum

268 626 293 642 ν
321 631 392 649 rr
414 629 417 638 ’
438 638 447 658 2
466 630 546 652 suae
570 630 591 652 o
617 630 722 651 1n10n1
751 627 928 652 contrarias
969 627 1002 651 et
1025 619 1070 651 im
1095 630 1133 651 ro
1158 627 1190 651 at
1213 630 1279 651 eas.

321 640 433 693 41&ss
469 663 566 697 Circa
581 630 646 696 ki'oc
663 672 774 696 autem
791 662 858 696 duo
875 645 962 703 faci't,
987 630 1170 696 securidum
1190 662 1281 707 quod

210 709 295 744 duae
318 717 397 742 sunt
420 708 596 753 opiniones
620 718 702 752 quas
725 707 830 751 ponit.
856 707 968 740 Primo
993 718 1072 750 ergo
1092 706 1170 740 dicit
1190 706 1280 751 quod

210 753 356 800 quidam,
380 752 504 786 scilicet
526 750 747 796 Empedocles
771 760 804 784 et
834 752 1065 795 Anaxagoras,
1093 759 1224 795 ponunt
1247 751 1281 783 in

208 797 354 832 nubibus
369 808 440 831 esse
456 795 600 841 aliquem
617 797 740 840 ignem,
779 796 814 829 ui
827 796 870 829 sit
883 807 980 829 causa
995 796 1233 829 coruscationis
1250 804 1282 828 et

208 843 358 877 tonitrui.
373 840 439 876 Sed
454 840 548 874 illum
565 841 677 884 ignem
691 807 818 873 diceiat
828 839 1047 884 Empedocles
1060 852 1130 873 esse
1146 840 1281 873 interce-

208 895 304 933 ptum
321 898 340 920 a
354 885 453 920 radiis
469 884 631 918 solaribus
647 884 920 918 descendentibus
937 884 1104 925 deorsum,
1117 896 1202 929 quos
1219 885 1283 917 exi—

209 930 361 966 stimabat
376 941 447 964 esse
472 940 628 973 corpora3
649 928 707 962 sed
723 929 935 973 Anaxagoras
952 928 1033 963 dixit
1055 928 1150 962 illum
1169 930 1281 973 ignem

208 987 281 1011 esse
304 974 449 1020 aliquam
472 982 600 1018 partem
624 973 775 1013 aetheris,
792 973 876 1007 idest
898 973 996 1017 ignis,
1013 982 1176 1007 extrusam
1194 985 1212 1006 a
1228 985 1281 1006 su-

231 1019 410 1054 erioribus:
423 1019 501 1070 quia
517 1017 713 1062 opinabatur
728 1018 898 1062 superiora
910 1029 982 1051 esse
999 1017 1038 1051 de
1055 1027 1170 1051 natura
1185 1018 1280 1061 ignis.

209 1109 218 1118 .
237 1065 398 1109 tutrique
415 1063 567 1097 dlxerunt
581 1063 781 1103 micationem,
798 1061 883 1096 idest
899 1061 1164 1102 illustrationem,
1177 1062 1281 1106 ipsius

148 1138 157 1145 .
206 1109 295 1155 ignis
318 1119 389 1142 esse
418 1107 704 1147 coruscationem;
728 1106 786 1140 sed
814 1118 935 1140 sonum
964 1116 996 1140 et
1027 1107 1118 1140 sixim
1139 1108 1174 1146 *,
1198 1106 1282 1139 idest

150 1178 154 1180 -
207 1152 383 1207 stridorem
413 1151 516 1193 illius,
530 1152 620 1195 ,ignis
647 1152 792 1191 extincti,
817 1152 902 1184 sicut
932 1159 1067 1195 apparet
1099 1151 1132 1183 in
1163 1150 1280 1183 titione

126 1187 138 1198 ⁹
207 1197 530 1241 mnae-fn‘iqua,
546 1205 668 1229 vocant
687 1196 883 1229 tonitruum.
906 1196 1082 1236 Quantum
1105 1203 1217 1228 autem
1241 1194 1282 1228 ad

132 1274 155 1286 „
174 1240 177 1241 ⁷
207 1252 284 1277 com
309 1242 492 1276 arationem
516 1251 643 1281 eorum,
661 1240 776 1274 dicunt
792 1239 884 1285 quod
903 1239 1001 1273 ambo
1022 1247 1219 1283 generantur
1235 1251 1282 1272 se-

155 1290 158 1291 ’
207 1253 356 1326 emciizm
378 1285 474 1319 illum
497 1284 648 1319 ordinem
672 1296 741 1329 quo
764 1293 930 1329 apparent.

150 1351 161 1368 ,t
263 1330 332 1366 Sed
349 1330 466 1375 opinio
489 1330 662 1374 utriusque
685 1328 816 1363 videtur
838 1327 1086 1368 irrationabilis;
1102 1327 1208 1371 magis
1233 1336 1281 1360 ta-

154 1398 162 1405 -
206 1384 286 1411 nen
307 1373 538 1409 irrationabilis
555 1383 605 1407 est
620 1385 641 1407 o
667 1374 737 1407 inio
753 1374 978 1417 Anaxagorae,
1017 1373 1052 1405 ui
1069 1371 1151 1406 dixit
1169 1371 1282 1415 ignem

652 1419 866 1452 etractionem
889 1416 929 1450 ab
953 1425 1005 1450 aet
1030 1427 1084 1450 ere
1107 1416 1281 1460 superiori,

130 1558 131 1563 ’
382 1563 436 1587 em
452 1550 650 1585 descendere
674 1562 693 1584 a
715 1562 775 1584 sua
798 1562 813 1583 s
839 1549 950 1584 haera:
975 1558 1032 1583 aut
1051 1548 1167 1583 saltem
1186 1548 1282 1582 debe-

143 1594 151 1596 ⁷
205 1596 262 1633 bat
355 1607 410 1631 ere
425 1607 559 1630 causam
575 1606 675 1640 quare
691 1593 812 1628 descen
836 1603 886 1635 at,
903 1605 980 1628 cum
995 1603 1092 1628 natus
1113 1594 1156 1627 sit
1170 1604 1282 1626 ascen-

179 1651 182 1658 ·
205 1640 293 1678 dere.
321 1639 474 1676 Secunda
496 1640 580 1673 ratio
604 1648 664 1680 est,
681 1640 759 1684 quia
782 1639 810 1672 si
833 1639 919 1683 ignis
947 1638 1116 1672 descendit
1138 1649 1196 1682 per
1219 1638 1282 1671 im-

118 1678 163 1730 :3⁸-
199 1684 374 1734 While,
389 1696 460 1719 non
488 1693 538 1718 est
560 1684 667 1717 maior
681 1684 765 1718 ratio
782 1695 883 1728 quare
899 1683 1076 1717 descendat
1100 1694 1170 1716 uno
1198 1690 1283 1716 tem-

118 1742 177 1774 τε,
196 1735 288 1778 'pore
311 1730 413 1776 'quam
435 1728 512 1769 ali0‚
538 1737 572 1762 et
594 1729 641 1762 sic
664 1740 735 1762 non
758 1728 863 1772 magis
892 1727 1105 1762 descenderet
1128 1736 1280 1771 tempore

159 1796 163 1797 ν
204 1773 305 1811 nubis
361 1785 440 1808 uam
467 1773 640 1807 serenitate
670 1773 839 1806 existente.

262 1818 299 1854 Si
337 1819 344 1827 '
362 1819 422 1852 'ter
444 1818 543 1851 etiam
567 1829 636 1851 non
659 1826 710 1850 est
732 1816 910 1862 probabilis
927 1816 1043 1861 opinio
1067 1814 1281 1868 Empedoclis

230 1871 344 1909 ropter
359 1861 442 1897 duas
465 1862 620 1896 rationes.
641 1862 763 1901 Prima,
780 1862 857 1906 quia
876 1860 1060 1894 secundum
1084 1860 1281 1905 opinionem

234 1906 420 1954 'mpedoclis
438 1905 559 1940 eodem
579 1905 682 1940 modo
707 1905 840 1940 deberet
855 1905 925 1939 fieri
941 1906 1126 1938 tonitruum
1143 1906 1177 1938 in
1201 1916 1280 1949 qua-

204 1950 286 1989 libt
302 1959 395 1997 parte
410 1950 524 1991 nubis,
544 1950 597 1984 vel
620 1962 752 1995 semper
770 1958 938 2002 oporteret
953 1961 1113 1994 reponere
1137 1950 1171 1983 in
1194 1948 1281 1983 nube

205 1995 342 2043 aliquod
360 1995 615 2030 determinatum
631 2006 690 2047 per
705 2006 740 2028 se
755 2003 898 2028 existens
914 1994 949 2028 in
965 2002 1051 2035 actu,
1067 2002 1147 2038 puta
1169 1994 1281 2037 ignem

204 2040 242 2076 iu
263 2049 351 2082 actu,
370 2041 427 2086 qui
451 2040 494 2073 sit
516 2050 615 2073 causa
637 2038 782 2079 filorum,
805 2047 838 2072 et
861 2051 880 2072 a
903 2050 972 2083 quo
996 2047 1196 2083 separentur.
1216 2037 1282 2071 Sed

204 2083 272 2121 hoc
293 2084 439 2120 multum
462 2083 571 2118 differt
593 2095 612 2117 a
634 2084 788 2117 veritate:
812 2083 890 2128 quia
921 2091 1089 2128 oporteret
1114 2082 1204 2116 idem
1233 2081 1281 2116 di-

206 2140 281 2165 cere
302 2128 346 2165 de
368 2129 445 2163 nive
458 2153 470 2168 ,
494 2139 580 2173 aqua
598 2137 636 2162 -et
658 2127 816 2172 ‘grandine
847 2136 881 2161 et
911 2127 1091 2167 similibus,
1119 2138 1196 2160 cum
1219 2127 1280 2159 ista

183 2167 309 2209 ‘etiam
337 2181 535 2218 generentur
564 2173 599 2206 in
630 2171 879 2217 superioribus,
912 2172 999 2205 sicut
1033 2172 1218 2204 tonitruum
1249 2179 1282 2204 et

207 2219 410 2259 coruscati03
432 2226 466 2251 et
487 2218 546 2258 sic,
570 2217 598 2250 si
621 2217 734 2250 omnia
758 2217 819 2250 ista
842 2225 952 2250 essent
975 2216 1066 2260 prius
1090 2216 1124 2248 in
1148 2224 1222 2248 actu
1237 2215 1280 2257 „in

126 2255 138 2279 ’ἶ
156 2286 158 2288 v
206 2261 444 2309 superioribus,
464 2273 535 2295 non
553 2270 787 2305 generarentur
809 2260 870 2301 ibi,
890 2260 948 2294 sed
971 2261 1065 2305 quasi
1079 2260 1114 2293 in
1139 2259 1281 2304 quadam

171 2339 173 2342 Α
206 2306 370 2353 apotheca
390 2306 407 2324 *
430 2314 721 2346 conservarentur,
745 2314 779 2339 et
801 2314 951 2349 tempore
979 2316 1048 2349 quo
1077 2303 1282 2338 descendunt

207 2360 457 2397 segregarentur
479 2350 519 2384 ab
535 2350 621 2384 aliis:
647 2349 738 2402 quod
759 2358 809 2384 est
825 2349 998 2383 derisibile.
1022 2348 1175 2383 Secunda
1197 2349 1281 2382 ratio

206 2404 268 2438 est,
292 2395 370 2442 quia
393 2396 422 2429 si
444 2394 550 2429 nubes
580 2395 755 2440 insplssata
779 2395 988 2439 interciperet
1010 2394 1140 2437 ignem,
1165 2392 1281 2426 eadem

206 2441 334 2475 ratione
358 2451 444 2485 aqua
459 2438 614 2473 calefacta
637 2451 656 2473 a
679 2438 750 2473 sole
765 2438 819 2472 vel
842 2437 881 2471 ab
905 2439 992 2483 igne,
1008 2437 1142 2483 quando
1166 2446 1282 2482 postea

205 2483 414 2530 infrigidatur
445 2493 611 2529 pateretur
633 2483 740 2524 idem,
759 2482 967 2528 interciperet
989 2483 1113 2527 ignem,
1129 2490 1162 2515 et
1185 2481 1283 2515 habe-

205 2537 257 2564 ret
279 2528 416 2564 eosdem
440 2528 593 2565 effeetus:
641 2529 696 2562 uia
712 2527 769 2562 ubi
785 2536 835 2561 est
850 2539 916 2561 una
940 2538 1048 2568 causa,
1065 2525 1109 2559 ibi
1129 2534 1178 2559 est
1194 2537 1281 2559 unus

206 2582 241 2608 et
261 2572 353 2609 idem
374 2572 528 2614 effectus;
540 2581 597 2618 ‘qu
663 2581 774 2606 tamen
789 2583 859 2606 non
876 2584 917 2616 ap
943 2580 1022 2605 aret.
1040 2571 1205 2611 Quamvis
1222 2582 1280 2604 au-

206 2626 276 2652 tem
289 2628 408 2652 verum
430 2618 488 2658 sit,
500 2617 591 2662 quod
614 2618 760 2661 spiritus,
780 2616 866 2650 idest
881 2583 986 2650 cassda
1008 2614 1182 2656 exhalatio,
1198 2614 1282 2648 facta

207 2661 247 2696 ab
270 2662 350 2706 igne
370 2662 407 2695 in
433 2670 538 2706 aqua,
560 2660 656 2695 faciat
686 2660 831 2706 aliquem
851 2661 1022 2706 servorem,
1051 2659 1137 2694 idest
1159 2670 1281 2693 sonum

207 2714 470 2751 consequentem
492 2704 732 2746 ebullitionem,
748 2716 818 2738 non
842 2714 953 2739 tamen
977 2703 1055 2738 facit
1077 2704 1179 2745 sixim,
1196 2703 1282 2737 idest

207 2749 383 2785 stridorem
407 2758 578 2784 causatum
601 2749 641 2783 ab
662 2749 861 2783 extinctione
885 2749 980 2793 ignis.
998 2747 1050 2782 Illi
1074 2757 1186 2781 autem
1210 2759 1280 2781 non

207 2794 324 2830 dicunt
345 2794 437 2840 quod
460 2793 515 2827 ille
538 2794 624 2838 ignis
648 2793 744 2833 faciat
766 2792 931 2827 fervorem
953 2792 1006 2826 vel
1030 2791 1280 2832 ebullitionem,

207 2838 267 2875 sed
287 2837 398 2880 sitim,
422 2839 508 2872 idest
539 2837 732 2872 stridorem.
759 2838 818 2872 Est
847 2846 959 2871 autem
990 2836 1174 2871 differentia
1196 2837 1282 2869 inter

207 2882 436 2918 ebullitionem
459 2891 492 2916 et
514 2883 629 2923 sixim,
645 2883 723 2927 quia
749 2881 898 2916 ebullitio
923 2890 1074 2915 causatur
1101 2881 1137 2914 in
1160 2880 1280 2924 stigido

206 2925 348 2962 h'umido
371 2939 390 2962 a
413 2927 520 2962 calido
544 2938 603 2960 eva
629 2935 743 2960 orante
767 2935 800 2960 et
822 2926 1007 2960 resolvente
1031 2926 1198 2970 spiritum,
1222 2924 1280 2959 sed

207 2972 286 3006 sixis
309 2980 462 3006 causatur
484 2984 503 3006 a
525 2939 646 3016 frigid’o
671 2970 813 3005 calidum
837 2971 1060 3015 extinguente,
1081 2969 1134 3003 vel
1157 2978 1207 3003 est
1230 2981 1282 3002 so-

206 3027 272 3051 nus
294 3028 502 3062 consequens
526 3016 638 3061 ipsum
645 3028 656 3057 3
679 3016 831 3061 quamvis
859 3024 893 3049 et
922 3015 1000 3048 sixis
1029 3014 1179 3048 videatur
1206 3025 1278 3047 esse

207 3060 370 3107 quaedam
393 3073 494 3106 parva
509 3060 673 3094 ebullitio:
690 3061 768 3105 quia
783 3061 818 3093 in
838 3072 903 3105 qua
918 3068 1010 3104 parte
1029 3058 1179 3092 inciderit
1194 3059 1279 3102 ignis

208 3106 266 3151 qui
289 3106 501 3150 extinguitur,
516 3104 608 3139 illam
631 3114 758 3150 partem
781 3116 885 3150 parvo
908 3113 1059 3149 tempore
1083 3102 1218 3137 ebullire
1237 3102 1280 3135 fa-

2272 240 2411 271 Lxxxur

1405 311 1479 342 dem
1502 311 1551 342 his
1570 311 1742 343 existentia.
1767 312 1808 342 Et
1832 312 1870 343 de
1893 312 2035 343 tonitruo
2055 312 2185 353 quidem
2209 320 2239 344 et
2261 323 2404 344 corusca-

1404 355 1491 386 tione
1515 355 1635 386 dictum
1659 363 1716 387 est.

1336 487 1388 527 cit,
1413 496 1445 520 et
1469 497 1581 521 causat
1615 500 1747 521 sonum.
1769 508 1787 513 -
1803 489 1862 522 Est
1885 497 1995 521 autern
2020 488 2083 522 hoc
2108 488 2198 533 quod
2222 488 2339 522 dicitur
2363 489 2403 523 de

1337 532 1536 565 extinctione
1560 533 1645 576 ignis
1669 533 1703 565 in
1726 532 1825 573 nube,
1841 532 2011 566 manifeste
2036 542 2148 566 contra
2172 534 2404 577 experientiam

1336 587 1462 608 sensus.
1484 576 1519 609 Si
1543 577 1630 609 enim
1655 576 1708 610 ille
1733 578 1817 620 ignis
1849 578 2093 621 extingueretur
2123 578 2157 610 in
2180 576 2285 618 nube,
2309 586 2342 610 et
2365 590 2404 610 ex

1337 619 1400 652 hoc
1426 630 1572 653 causaret
1587 622 1723 661 tonitru,
1740 622 1924 655 coruscatio
1944 633 2013 654 non
2037 630 2207 673 appareret
2225 621 2320 654 nobis
2336 630 2404 654 tam

1337 663 1507 696 manifeste
1531 665 1655 708 ignita,
1683 665 1741 698 sed
1765 666 1922 699 extincta:
1948 666 2033 698 sicut
2068 666 2140 699 t1tio
2175 667 2338 699 extinctus
2370 667 2404 699 in

1337 719 1422 751 aqua
1445 717 1478 740 et
1501 717 1661 742 extractus
1678 721 1747 742 non
1770 709 1900 743 videtur
1923 711 2086 743 incensus.

1394 761 1423 784 2.
1442 752 1596 785 Secundo
1621 753 1682 786 ibi:
1708 754 1784 787 Sunt
1806 761 1906 787 autem
1929 754 2053 799 quidam
2077 763 2149 795 etc.,
2166 754 2261 798 ponit
2289 765 2404 787 secun-

1338 795 1413 829 dam
1430 797 1634 840 opinionem,
1651 806 1683 830 et
1699 798 1851 842 reprobat
1867 810 1949 831 eam.
1963 799 2053 832 Dicit
2069 810 2148 842 ergo
2162 798 2252 843 quod
2269 798 2404 843 quidam

1337 839 1484 879 fuerunt,
1509 841 1566 885 qui
1590 840 1740 874 dixerunt
1775 843 2036 876 coruscationem
2068 854 2136 876 non
2166 854 2237 876 esse
2268 842 2404 887 aliquod

1337 884 1433 925 reale,
1446 884 1503 918 sed
1519 884 1724 929 phantasiam
1741 895 1773 919 et
1790 887 2012 930 apparentiam
2029 886 2211 932 quandam;
2224 887 2309 920 sicut
2324 886 2405 920 dixit

1338 928 1520 980 Clidemus,
1534 930 1591 973 qui
1603 929 1760 973 probabat
1774 930 1838 963 hoc
1851 942 1908 975 per
1919 931 2024 964 simile
2042 930 2081 964 de
2094 930 2162 972 illo,
2176 932 2232 976 qui
2249 931 2289 964 de
2305 940 2403 964 nocte

1337 982 1478 1017 percutit
1494 985 1593 1017 supra
1615 985 1724 1007 mare:
1749 983 1827 1007 tunc
1847 976 1934 1008 enim
1954 984 2088 1020 apparet
2110 976 2145 1008 in
2163 976 2245 1008 mari
2264 987 2304 1008 ex
2319 987 2404 1020 aqua

1337 1017 1462 1051 elevata
1479 1017 1615 1062 quidam
1639 1017 1748 1062 fulgor
1764 1019 1848 1051 sicut
1864 1020 1898 1052 in
1914 1020 1998 1063 igne.
2017 1020 2058 1053 Et
2078 1020 2122 1052 ita
2141 1019 2290 1053 similiter
2305 1021 2402 1053 etiam
2440 1049 2442 1052 ,

1338 1061 1504 1102 dicebant,
1529 1061 1619 1106 quod
1643 1063 1677 1095 in
1700 1062 1787 1095 nube
1810 1063 1965 1096 velociter
1989 1072 2079 1097 mota
2103 1076 2122 1097 a
2145 1073 2245 1097 vento
2270 1064 2323 1097 vel
2347 1063 2402 1097 ali·
2437 1071 2443 1075 '

1338 1118 1406 1150 quo
1429 1106 1632 1147 huiusmodi,
1657 1116 1791 1151 apparet
1815 1107 1948 1151 quidam
1976 1107 2103 1152 fulgor,
2129 1120 2227 1152 quern
2252 1107 2403 1141 dixerunt

1338 1162 1408 1183 esse
1441 1152 1718 1191 coruscationem;
1743 1163 1782 1184 ex
1813 1152 2024 1195 percussione
2052 1161 2162 1185 autem
2190 1152 2286 1185 nubis
2316 1152 2402 1186 dixe-

1337 1203 1414 1227 runt
1438 1196 1563 1228 causari
1581 1196 1774 1229 tonitruum.
1793 1196 1886 1229 Hanc
1911 1206 2020 1230 autem
2037 1197 2230 1240 opinionem
2249 1197 2403 1241 reprobat

1338 1238 1580 1283 Philosophus,
1604 1248 1636 1272 et
1660 1239 1738 1274 dicit
1761 1240 1850 1284 quod
1885 1241 2010 1285 antiqui
2036 1240 2186 1274 dixerunt
2209 1241 2272 1274 hoc
2286 1266 2294 1281 ,
2349 1242 2403 1274 uia

1337 1283 1488 1317 nondum
1519 1292 1610 1317 erant
1640 1283 1723 1317 bene
1753 1285 1874 1317 assueti
1902 1285 2055 1318 scientiae
2087 1285 2126 1318 de
2154 1284 2338 1318 refractioni
2363 1297 2402 1318 us

1337 1327 1516 1369 radiorum,
1533 1340 1616 1372 quae
1631 1327 1760 1362 videtur
1774 1340 1844 1362 esse
1864 1340 1961 1362 causa
1980 1329 2218 1362 immutationis
2242 1341 2402 1374 apparen-

1337 1372 1379 1404 tis
1403 1373 1437 1404 in
1460 1384 1544 1416 aqua
1567 1384 1734 1416 percussa.
1763 1373 1851 1406 Cum
1874 1374 1963 1406 enim
1987 1374 2167 1417 percutitur
2189 1385 2271 1418 aqua
2296 1382 2328 1406 et
2346 1373 2402 1406 ali-

1337 1416 1476 1460 qualiter
1491 1416 1637 1449 elevatur
1652 1416 1693 1449 ali
1719 1428 1760 1450 ua
1777 1428 1850 1468 pars
1867 1417 1948 1457 eius,
1959 1418 2050 1450 visus
2067 1417 2105 1450 ab
2122 1418 2192 1461 ipsa
2207 1417 2403 1461 refrangitur

1337 1460 1378 1493 ad
1401 1459 1536 1505 aliquod
1560 1472 1680 1505 corpus
1717 1460 1878 1504 ulgldum.
1895 1462 1935 1494 In
1950 1470 2075 1505 puncto
2091 1470 2201 1494 autem
2216 1461 2402 1495 reflexionis

1336 1513 1473 1549 apparet
1486 1504 1587 1545 color,
1604 1506 1726 1538 mixtus
1741 1517 1781 1538 ex
1797 1505 1907 1538 colore
1924 1506 2071 1550 corporis
2084 1505 2131 1539 ful
2155 1507 2237 1539 entis
2251 1515 2283 1539 et
2298 1517 2401 1551 aquae

1337 1561 1355 1582 a
1379 1556 1444 1594 qua
1459 1548 1497 1582 fit
1519 1548 1685 1583 refractio:
1705 1558 1738 1582 et
1754 1549 1829 1582 ideo
1845 1550 1949 1593 magis
1969 1559 2102 1594 apparet
2122 1517 2162 1583 dge
2181 1559 2276 1583 nocte
2302 1562 2402 1595 quam

1337 1592 1377 1626 de
1401 1593 1465 1633 die,
1485 1594 1562 1637 quia
1585 1593 1698 1626 lumen
1722 1593 1800 1627 solis
1824 1594 1948 1627 ratione
1972 1593 2206 1638 magnitudinis
2230 1594 2403 1628 obumbrat

1337 1637 1427 1671 illam
1450 1638 1700 1682 apparitionem.
1726 1637 1791 1671 Sed
1822 1639 1882 1671 ista
1912 1649 2009 1672 causa
2043 1650 2111 1672 non
2142 1647 2251 1683 potest
2273 1651 2343 1672 esse
2367 1640 2401 1672 in

1337 1683 1542 1726 apparitione
1567 1682 1812 1715 coruscationis.

1392 1726 1522 1760 Deinde
1545 1726 1708 1770 recolligit
1731 1738 1769 1760 ea
1793 1738 1877 1771 quae
1902 1726 1987 1760 dicta
2010 1736 2087 1760 sunt
2111 1726 2150 1760 de
2175 1727 2401 1760 coruscatione

1337 1779 1369 1804 et
1385 1772 1545 1811 tonitruo,
1563 1779 1630 1804 tam
1646 1770 1830 1804 secundum
1846 1771 2038 1815 opinionem
2055 1771 2195 1804 aliorum
2234 1783 2310 1804 uam
2326 1782 2401 1815 pro—

1337 1816 1460 1859 priam:
1485 1824 1517 1848 et
1533 1816 1645 1848 omnia
1662 1823 1740 1848 sunt
1755 1815 1840 1848 clara
1864 1816 1897 1848 in
1913 1815 2027 1849 littera.
2048 1815 2176 1849 Deinde
2200 1783 2288 1848 αςὲάἰῑ
2311 1815 2402 1859 quod

1337 1860 1449 1893 omnia
1469 1860 1540 1899 ista,
1557 1859 1680 1892 scilicet
1702 1868 1830 1900 ventus,
1852 1868 2078 1900 terraemotus,
2094 1860 2276 1893 tonitruum
2293 1868 2325 1892 et
2344 1871 2400 1892 co-

1336 1905 1491 1944 ruscatio,
1515 1912 1592 1937 sunt
1616 1903 1704 1938 idem
1728 1903 1910 1944 secundum
1934 1903 2166 1944 substantiam,
2191 1905 2266 1948 quia
2290 1905 2402 1937 omnia

1337 1957 1414 1981 sunt
1446 1947 1609 1981 exhalatio
1642 1949 1743 1982 sicca:
1769 1960 1852 1993 quae
1883 1948 2016 1993 quidem
2051 1947 2222 1981 lateraliter
2249 1956 2339 1981 mota
2369 1957 2402 1981 et

1335 1992 1442 2026 fluens
1459 1993 1543 2026 circa
1563 2001 1693 2033 terram,
1709 2001 1758 2026 est
1773 2001 1907 2033 ventus,
1923 1992 1980 2026 sed
1999 1992 2156 2037 propulsa
2178 1991 2260 2025 infra
2284 2001 2401 2025 terram

1336 2046 1368 2070 et
1388 2037 1430 2070 ibi
1448 2038 1633 2081 angustiam
1650 2048 1755 2081 passa,
1771 2046 1820 2070 est
1835 2046 2065 2078 terraemotus,
2082 2038 2115 2070 in
2132 2036 2271 2070 nubibus
2291 2045 2402 2070 autem

1336 2081 1518 2122 subtiliata,
1542 2090 1574 2114 et
1597 2081 1754 2126 propulsa
1778 2093 1796 2114 a
1818 2081 1938 2125 frigido
1965 2081 2098 2126 quando
2128 2080 2232 2114 nubes
2263 2092 2400 2124 congre-

1335 2134 1455 2169 gantur
1477 2126 1511 2158 in
1535 2137 1666 2170 aquam,
1689 2125 1766 2158 facit
1788 2126 1983 2166 tonitruum,
2000 2126 2271 2165 coruscationem,
2293 2134 2326 2158 et
2349 2136 2400 2158 ce-

1336 2179 1403 2203 tera
1432 2182 1516 2214 quae
1533 2179 1610 2203 sunt
1633 2169 1780 2203 eiusdem
1800 2170 1937 2213 generis.
1957 2170 2049 2203 Sicut
2071 2170 2159 2203 enim
2183 2170 2294 2202 omnia
2318 2181 2401 2213 quae

1335 2223 1534 2258 generantur
1557 2226 1596 2247 ex
1619 2225 1741 2258 vapore
1772 2214 1910 2247 humido
1934 2226 1992 2258 per
2023 2213 2285 2258 coagulationem
2309 2225 2327 2246 a
2350 2212 2402 2246 fri-

1335 2259 1425 2302 gido,
1443 2268 1520 2292 sunt
1536 2258 1624 2292 idem
1648 2258 1831 2291 secundum
1847 2259 2001 2302 speciem,
2019 2257 2200 2292 differentia
2219 2257 2402 2291 secundum

1336 2304 1441 2347 magis
1469 2312 1502 2336 et
1524 2303 1635 2336 minus
1659 2311 1692 2336 et
1714 2302 1897 2336 secundum
1921 2302 2063 2336 diversas
2087 2302 2255 2346 passiones
2278 2301 2331 2334 vel
2354 2301 2410 2335 di-v

1336 2359 1449 2381 versos
1473 2347 1592 2380 modos
1617 2347 1771 2391 patiendi,
1788 2348 1834 2380 sic
1851 2348 1949 2380 etiam
1967 2348 2078 2380 omnia
2099 2358 2182 2391 quae
2205 2355 2402 2390 generantur

1336 2404 1376 2425 ex
1398 2393 1484 2425 sicca
1499 2391 1705 2425 exhalatione
1725 2403 1743 2425 a
1760 2391 1865 2425 calido
1889 2391 2111 2435 inflammante
2127 2390 2178 2424 vel
2194 2390 2312 2434 frigido
2329 2401 2402 2434 pro-

1322 2435 1488 2481 xpellente,
1506 2445 1583 2469 sunt
1606 2435 1693 2469 idem
1717 2439 1900 2469 secundum
1917 2436 2071 2480 speciem,
2093 2435 2150 2468 sed
2174 2434 2327 2468 differunt
2350 2446 2401 2467 se-

1337 2480 1483 2514 cundum
1507 2480 1598 2525 quod
1622 2479 1840 2514 diversimode
1857 2481 2025 2524 patiuntur
2048 2492 2066 2513 a
2090 2479 2193 2512 calido
2218 2478 2400 2512 secundum

1336 2525 1411 2569 plus
1436 2534 1468 2558 et
1490 2526 1612 2565 minus,
1628 2533 1660 2557 et
1685 2524 1866 2558 secundum
1883 2523 2044 2557 diversam
2067 2523 2290 2568 repulsionem
2313 2535 2331 2556 a
2347 2522 2400 2555 fri-

1336 2569 1425 2613 gido.
1452 2589 1470 2594 -
1496 2568 1782 2603 Considerandum
1813 2577 1923 2602 tamen
1953 2577 2024 2608 est,
2049 2568 2139 2613 quod
2168 2576 2400 2607 terraemotus,

1336 2614 1531 2654 tonitruum,
1555 2614 1739 2647 coruscatio
1756 2622 1789 2646 et
1811 2612 1873 2646 alia
1901 2612 2107 2653 huiusmodi,
2131 2611 2302 2656 dupliciter
2325 2623 2402 2644 con-

1336 2657 1470 2691 siderari
1502 2666 1652 2702 possunt.
1678 2658 1790 2691 Primo
1821 2656 2021 2698 formaliter,
2052 2656 2175 2690 scilicet
2205 2657 2400 2700 inquantum

1336 2711 1552 2736 terraemotus
1577 2711 1626 2735 est
1648 2701 1827 2735 formaliter
1850 2700 1984 2746 quidam
2007 2710 2129 2742 motus,
2146 2701 2329 2734 tonitruum
2352 2708 2401 2733 est

1336 2758 1439 2780 sonus
1463 2746 1566 2780 factus
1594 2746 1634 2780 ab
1658 2746 1862 2780 exhalatione
1877 2771 1885 2786 ,
1912 2745 1999 2779 unde
2026 2754 2059 2779 et
2085 2757 2207 2778 nomen
2237 2745 2376 2788 sumpsit
2391 2768 2400 2784 ‚

1337 2792 1521 2824 coruscatio
1545 2802 1625 2824 vero
1649 2799 1699 2826 est
1722 2790 1917 2823 illuminatio
1947 2789 2030 2823 facta
2053 2789 2092 2822 ab
2121 2788 2323 2822 exhalatione
2351 2788 2399 2821 in-

1337 2847 1444 2876 censa,
1461 2844 1544 2869 etc.:
1570 2844 1602 2868 et
1620 2836 1667 2868 sic
1690 2834 1899 2868 manifestum
1917 2842 1965 2867 est
1988 2833 2078 2878 quod
2099 2842 2175 2866 sunt
2199 2832 2399 2866 diversarum

1335 2881 1531 2924 specierum.
1566 2879 1642 2913 Alio
1674 2878 1776 2912 modo
1813 2878 2059 2912 considerantur
2092 2875 2398 2916 fundamentaliter,

1335 2933 1497 2969 quantum
1513 2923 1637 2957 scilicet
1652 2923 1692 2957 ad
1711 2922 1961 2956 fundamentum
1980 2921 2147 2955 essentiale
2174 2933 2214 2954 ex
2236 2932 2303 2965 quo
2323 2919 2399 2953 talia

1334 2968 1523 3002 immediate
1546 2977 1759 3012 generantur:
1785 2976 1817 3000 et
1839 2967 1903 3000 hoc
1938 2966 2039 3000 modo
2063 2974 2139 2999 sunt
2162 2965 2249 2998 idem
2284 2975 2398 2997 secun-

1335 3012 1415 3047 dum
1435 3025 1450 3046 s
1476 3013 1591 3052 eciem,
1609 3013 1685 3056 quia
1702 3012 1812 3045 omnia
1829 3010 2014 3044 immediate
2033 3009 2118 3043 fiunt
2133 3022 2172 3043 ex
2194 3008 2398 3042 exhalatione

1335 3058 1431 3098 sicca,
1463 3058 1527 3090 icet
1550 3055 1768 3090 diversimode
1785 3064 1816 3088 et
1840 3054 2022 3088 secundum
2039 3054 2184 3088 diversos
2208 3052 2326 3086 modos
2342 3064 2397 3096 ge-

1334 3101 1480 3142 nerandi,
1497 3102 1582 3134 sicut
1604 3101 1755 3144 superius
1779 3099 1904 3133 dictum
1928 3107 1985 3132 est.

1172 3365 1439 3420 ψ
