2782 4134
202 2446 219 2462 α

103 2494 114 2505 '
127 2493 292 2520 Cf.1ect.1x,n.
301 2499 316 2514 1.

206 2594 221 2628 β

105 2703 115 2713 ·
130 2705 154 2724 et
166 2708 214 2724 om.
228 2708 264 2724 ΑΒ.

105 3023 116 3034 ·
132 3029 177 3051 per
190 3029 228 3045 An.

106 3077 116 3086 '
131 3076 166 3098 sic
179 3077 232 3098 add.
248 3083 270 3099 a.

358 281 434 328 354

425 369 523 411 τερον
547 355 732 411 ἀναγκαῖον
767 368 851 388 ειναι
881 356 940 389 τὸν
972 355 1076 400 ἀέρα,
1107 358 1165 387 καὶ
1192 350 1422 408 διακρίνεσθαι

421 403 480 433 καὶ
505 397 704 434 διαλύεσθαι
726 401 767 433 τὸ
788 396 970 455 ὃιατμίζον
987 401 1102 454 ὑγρὸν
1105 400 1171 432 ύπό
1190 410 1253 432 του
1271 397 1421 436 πλήθους

422 447 485 483 τῆς
510 445 629 490 θερμῆς
658 445 926 498 ἀναθυμιάσεως,
946 444 1032 477 ὥστε
1054 456 1101 488 μη
1120 441 1344 475 συνίστασθαι
1364 444 1420 495 ῥα-

422 485 498 528 δίως
524 491 568 527 εἰς
595 486 693 535 υδωρ.
721 489 811 543 Σαφέ
798 500 931 533 εστερον
957 485 986 519 δ’
1009 489 1145 532 ἐροῦμεν
1169 489 1228 518 καὶ
1251 487 1324 530 περὶ
1342 486 1424 519 τού-

423 547 483 567 του
511 536 572 566 τοῦ
598 534 746 574 πάθους,
775 533 858 565 ὅταν
892 535 949 564 καὶ
976 533 1050 575 περὶ
1075 530 1279 574 πνευμάτων
1306 530 1418 576 λέγειν

423 578 443 620 ᾖ
460 578 587 623 καιρός.
617 578 724 653 ’Ὀταλν
750 578 808 622 μέν
836 588 891 608 ουν
911 578 1028 608 πυκνοὶ
1053 578 1110 607 καὶ
1130 561 1264 613 πλείους
1282 578 1422 618 φαίνων-

422 634 495 663 ται,
520 622 654 655 καθάπε
641 636 672 665 ep
697 621 821 677 λέγομε
808 633 860 662 -,ν
889 620 979 664 ξηροὶ
1004 622 1062 652 καὶ
1089 631 1149 652 πνε
1137 615 1345 673 ευματώδεις
1371 621 1422 666 γί-

420 679 538 700 νονται
564 670 593 699 οἱ
618 665 768 698 ἐνιαυτοὶ
800 645 989 702 επιδήλως·
1017 663 1102 697 ὅταν
1127 659 1165 696 δὲ
1193 664 1367 696 σπανιώτε
1354 675 1421 707 ροι

419 713 478 743 καὶ
505 710 678 755 ἀμαυρότε
665 722 731 754 ροι
757 709 797 742 τὸ
822 708 975 764 μέγεθος,
995 709 1115 752 ὁμοίως
1125 708 1201 764 μὲν
1227 709 1266 741 οὐ
1285 712 1421 755 γίνεται

421 755 462 787 τὸ
488 756 660 795 τοιοῦτον,
688 755 725 786 οὐ
750 753 816 807 μήν
844 754 916 786 ἀλλ’
938 754 981 790 ὠς
1009 753 1064 785 ἐπὶ
1090 753 1132 785 τό
1158 753 1258 795 πολὺ,
1283 755 1421 808 γίνεταί

420 811 470 837 τις
497 812 559 831 υπε
563 799 667 843 ρβολή
694 797 908 853 πνεύματος,
936 796 956 834 ἦ
981 797 1079 830 κατά
1109 797 1249 842 χρόνον,
1278 811 1297 835 η
1323 809 1421 829 κατα

418 843 570 899 μέγεθος,
594 844 666 875 ἐπεὶ
690 844 746 874 καὶ
773 841 831 874 ὅτε
851 843 867 874 ὁ
885 842 918 875 ἐν
939 841 1037 895 Αἰγὸς
1064 846 1234 887 ποταμοῖς
1257 842 1354 875 ἔπεσε
1371 843 1419 872 λί-

419 887 473 925 θος
499 889 535 919 ἐκ
567 888 628 919 τοῦ
664 886 779 942 ἀέρος,
810 886 875 919 ὑπὸ
908 898 1105 929 πνευματος
1140 885 1249 939 ἀρθεὶς
1282 886 1419 927 ἐξέπεσε

417 931 486 985 μεθ’
508 931 656 974 ἡμέραν·
669 931 784 985 ἔτυχε
809 925 847 962 δὲ
870 932 928 963 καὶ
954 931 1038 964 τότε
1062 930 1217 986 κομήτης
1237 930 1348 983 ἀστήρ
1366 942 1422 975 γε-

418 975 497 1018 νόμε
501 988 553 1013 νος
581 975 634 1029 ἀφ’
663 976 822 1032 ἑστι-ερας.
859 976 924 1007 Καὶ
950 977 1024 1030 περὶ
1054 987 1114 1008 τον
1147 974 1256 1028 μέγαν
1289 973 1418 1017 ἀστέρα

418 1032 478 1052 τον
503 1019 658 1062 κομήτην
684 1019 780 1066 ξηρὸς
800 1017 840 1057 ην
861 1020 876 1051 ὀ
898 1020 1022 1065 χειμών
1047 1022 1105 1052 καὶ
1131 1018 1273 1075 βόρειος,
1299 1021 1358 1051 καὶ
1377 1030 1418 1051 το

416 1065 508 1107 κῦμα
533 1061 570 1097 δι’
599 1064 795 1097 ἐναντίωσιν
823 1064 955 1109 εγίνετο
975 1063 1196 1119 πνευμάτων·
1224 1064 1256 1096 ἐν
1275 1063 1334 1108 μὲν
1352 1063 1417 1117 γάρ

418 1109 465 1149 τῷ
482 1108 597 1150 κόλπῳ
617 1108 736 1165 βορέας
747 1113 942 1164 κατεῖχεν,
953 1109 1015 1150 ἔξω
1032 1097 1070 1140 δε
1087 1107 1185 1146 νότος
1205 1108 1344 1141 ἔπνευσε

415 1164 491 1199 γας.
517 1149 641 1186 '’E-rto*
663 1151 715 1186 ἐπ’
740 1153 904 1207 ἄρχοντος
932 1152 1069 1207 ἐγένετο
1093 1152 1292 1208 Νικομάχου
1317 1120 1418 1188 ’Mii-

416 1208 508 1251 νῃσιν
542 1198 665 1254 ὀλίγας
693 1197 822 1251 ἡμέρας
854 1197 1023 1251 κομήτης
1037 1199 1110 1242 περὶ
1143 1197 1202 1230 τόν
1227 1165 1417 1252 ισημερινόν

414 1239 550 1283 κύκλον,
570 1244 628 1274 οὐκ
649 1240 700 1286 ἀφ’
724 1241 869 1285 ἑσπέρας
895 1240 1124 1285 ποιησάμενος
1142 1241 1207 1278 τήν
1227 1239 1416 1282 ἀνατολήν,

485 1286 507 1328 ᾦ
531 1286 571 1320 τό
598 1287 671 1331 περὶ
694 1285 853 1331 Κόρινθον
881 1287 1016 1330 πνεῦμα
1039 1284 1196 1340 γενέσθαι
1222 1284 1414 1318 συνέπεσεν.

348 1285 500 1363 Τοῧὲξέ
501 1343 594 1377 μηγ
598 1329 724 1363 ίνεσθαι
751 1330 916 1371 πολλους,
943 1325 1029 1374 μηδε
1054 1330 1219 1386 πΉολλάκις
1243 1329 1416 1385 κομήτας,

413 1378 471 1407 καὶ
497 1344 626 1419 μᾶλλον
653 1373 749 1413 ἑκτος
777 1375 843 1406 τῶν
873 1375 1041 1417 τροπικῶν
1067 1373 1088 1411 ἦ
1114 1375 1229 1416 ἐντὸς,
1257 1377 1368 1412 αἴτιος
1395 1374 1416 1410 ἦ

415 1432 452 1452 τε
474 1421 536 1453 τοῦ
566 1421 662 1456 ἡλίου
686 1421 745 1451 καὶ
770 1420 790 1456 ή
817 1420 884 1452 τῶν
913 1418 1062 1462 ἀστέρων
1088 1422 1228 1460 κίνησις,
1252 1419 1289 1451 οὗ
1315 1418 1416 1474 μόνον

415 1462 609 1520 ἐκκρίνουσα
634 1464 676 1497 τὸ
698 1463 834 1518 θερμόν,
855 1463 946 1496 ἀλλά
968 1465 1026 1495 καὶ
1035 1458 1269 1518 διακρίνουσα
1290 1463 1332 1496 τὸ
1350 1474 1419 1495 σιν-

415 1509 610 1552 ιστοίμενον.
648 1508 811 1541 Μάλιστα
836 1503 866 1539 δ’
895 1510 1005 1541 αἴτιον
1033 1506 1086 1541 ὅτι
1112 1508 1153 1541 τὸ
1184 1510 1345 1561 πλεῖστον
1372 1507 1415 1545 εἱς

416 1553 479 1589 τήν
506 1554 568 1586 τοῦ
593 1551 770 1599 γάλακτος
798 1551 990 1597 ἀθροίζεται
1015 1564 1141 1597 χωραν.

407 1650 554 1678 SYNoPsrs.
569 1666 604 1670 —
626 1658 648 1677 1.
659 1649 910 1694 Argumentum.-
919 1648 992 1684 Quis
1006 1649 1113 1677 modus
1127 1648 1305 1677 certitudinis
1320 1647 1356 1677 sit
1369 1658 1416 1676 ex-

347 1689 527 1727 quirendus'
520 1699 551 1717 ιιι
565 1689 618 1717 hac
633 1689 753 1717 materia
767 1689 804 1717 de
818 1687 976 1717 cometis.—
987 1696 1015 1717 2.
1026 1689 1135 1717 Textus
1149 1688 1296 1717 divisio.-
1307 1688 1333 1716 3.
1347 1688 1418 1717 Tria

347 1738 421 1766 quae
449 1738 482 1757 ex
508 1728 745 1766 praecedentibus
765 1728 939 1757 lectionibus
967 1735 1083 1766 oportet
1107 1737 1357 1774 praesupponere,
1379 1729 1417 1756 ad

347 1769 591 1797 manifestandum
611 1768 805 1805 propositum.
820 1785 839 1789 -
853 1778 881 1804 4.
897 1768 1017 1796 Prt'mus
1037 1769 1141 1797 modus
1161 1768 1354 1806 apparitionis
1369 1777 1416 1796 co-

347 1815 448 1837 metae.
476 1809 602 1844 Quando
625 1808 668 1836 in
675 1808 818 1845 superiori
839 1815 920 1845 parte
942 1808 1044 1836 mundi
1065 1808 1256 1843 elementaris,
1272 1807 1415 1836 exhalatio

347 1849 422 1877 sicca
443 1854 470 1877 et
491 1848 583 1877 calida
603 1847 687 1876 fuerit
712 1849 905 1883 condensata,
928 1854 956 1876 et
977 1847 1109 1876 inciderit
1130 1848 1160 1876 in
1181 1848 1274 1884 ipsam
1295 1848 1416 1885 aliquod

346 1888 520 1926 principium
541 1888 674 1925 igneum;
696 1887 736 1917 ita
757 1889 838 1925 quod
858 1887 932 1925 ignis
950 1897 1046 1925 neque
1060 1887 1096 1916 sit
1109 1894 1168 1916 tam
1190 1887 1298 1916 multus
1312 1894 1344 1916 ut
1358 1887 1415 1915 cito

346 1935 446 1957 exurat
460 1928 619 1963 materiam,
635 1937 730 1965 neque
750 1934 810 1956 tam
832 1927 933 1956 debilis
948 1934 980 1956 ut
994 1927 1052 1956 cito
1075 1927 1264 1965 extinguatur,
1280 1928 1331 1955 sed
1352 1927 1416 1955 talis

347 1975 390 1997 est
409 1974 442 1996 ut
456 1968 506 1996 diu
519 1974 696 2005 permaneat,
711 1967 838 1996 attractis
859 1967 946 1996 etiam
965 1967 1102 1996 continue
1123 1967 1206 1996 novis
1227 1967 1417 1996 exhalationi-

346 2009 414 2036 bus:
436 2014 505 2036 tunc
526 2007 558 2036 fit
578 2007 721 2044 apparitio
743 2014 883 2036 cometae.
910 2007 1089 2036 Declaratur.
1110 2023 1130 2028 —
1153 2007 1179 2036 5.
1196 2007 1284 2042 Quod
1306 2006 1416 2036 dictum

347 2054 389 2076 est
409 2047 439 2076 in
460 2056 583 2076 numero
604 2048 736 2084 praeced.
756 2047 792 2076 de
813 2047 950 2082 cometis,
973 2046 1171 2076 manifestatur
1191 2056 1243 2084 per
1264 2056 1416 2084 compara

345 2087 456 2116 tionem
478 2088 515 2116 ad
536 2087 631 2116 stellas
653 2087 797 2116 cadentes.
818 2104 835 2108 —
855 2069 1023 2116 Conclusio.
1046 2104 1065 2109 -
1086 2087 1113 2115 6.
1136 2087 1221 2115 Alius
1241 2087 1344 2115 modus
1364 2096 1415 2124 ap-

341 2127 499 2165 paritionis
519 2132 656 2155 cometae.
679 2127 806 2162 Quando
827 2128 881 2155 sub
903 2126 1000 2164 aliqua
1021 2126 1168 2155 stellarum
1190 2126 1348 2155 errantium
1369 2126 1415 2155 vel

345 2176 407 2195 non
421 2167 588 2202 errantium,
603 2167 747 2195 adunatur
765 2166 907 2195 exhalatio
926 2176 978 2204 per
992 2173 1105 2195 motum
1121 2166 1210 2203 ipsius
1225 2167 1332 2202 stellae,
1347 2173 1416 2195 tunc

345 2207 425 2235 stella
445 2206 493 2235 illa
507 2206 539 2235 fit
552 2213 675 2235 cometa.
698 2206 871 2243 Explicatur,
886 2213 914 2235 et
928 2207 1090 2235 declaratur
1103 2207 1236 2243 exemplo
1257 2206 1380 2235 balonis.
1397 2223 1415 2228 -

345 2246 508 2275 Discrimen
521 2246 596 2274 inter
616 2247 753 2275 halonetn
768 2252 796 2274 et
810 2255 925 2275 comam
947 2246 1086 2274 stellae.-
1066 2255 1127 2283 -7.
1139 2246 1318 2284 Differentia
1339 2246 1416 2274 inter

344 2292 470 2315 cometas
491 2287 648 2315 secundum
670 2287 743 2315 duos
759 2286 930 2324 praedictos
950 2286 1052 2315 modos
1072 2291 1256 2324 apparentes.
1287 2286 1414 2321 Quando

484 2406 495 2417 .
526 2387 781 2428 ο,33ι(1ιιειιι
801 2379 1058 2428 Philosophus
1087 2378 1307 2439 reprobavit
1332 2379 1413 2428 opi-

474 2458 490 2470 „
560 2432 737 2470 ‘uniones
765 2439 782 2454 ²
811 2432 991 2480 aliorum,
1021 2432 1081 2469 hic
1110 2432 1239 2481 incipit
1266 2444 1411 2491 ponere

461 2482 466 2486 ’
489 2494 496 2498 “
551 2490 558 2503 ““
579 2485 827 2535 opinionem
844 2485 1042 2535 propriam
1068 2485 1114 2522 de
1137 2485 1297 2522 cometis
1311 2485 1342 2522 *.
1365 2485 1415 2522 Et

550 2543 729 2588 primo
777 2538 941 2576 ostendit
975 2538 1141 2576 modum
1179 2537 1411 2575 certitudinis

346 2591 410 2641 qui
431 2598 486 2627 est
504 2590 542 2627 in
560 2591 632 2628 hae
646 2591 802 2629 materia
816 2590 834 2620 β
854 2591 1120 2639 exquirendus.
1142 2591 1191 2628 Et
1205 2590 1294 2629 dicit
1309 2591 1412 2640 quod

347 2644 395 2681 de
423 2643 570 2691 talibus,
592 2656 691 2693 quae
711 2652 798 2681 sunt
816 2644 1072 2681 immanifesta
1100 2644 1239 2691 sensui,
1259 2656 1339 2681 non
1359 2652 1414 2681 est

347 2697 579 2757 exquirenda
594 2705 695 2734 certa
710 2697 984 2735 demonstratio
1000 2697 1067 2734 et*
1081 2697 1306 2745 necessaria,
1318 2697 1414 2735 sicut

346 2750 385 2787 in
404 2750 681 2787 mathematicis
706 2757 741 2787 et
769 2750 807 2787 in
834 2750 892 2788 his
912 2762 1010 2799 quae
1039 2749 1236 2787 subiacent
1264 2751 1411 2797 sensui3

346 2803 413 2840 sed
428 2803 567 2840 sufficit
581 2816 650 2852 per
670 2803 856 2840 rationem
877 2803 1139 2841 demonstrare
1160 2811 1197 2841 et
1211 2804 1412 2842 ostendere

346 2869 512 2903 causam,
534 2856 584 2893 ita
611 2856 717 2906 quod
745 2857 1008 2906 quaestionem
1038 2857 1232 2894 solvamus
1260 2869 1330 2906 per
1349 2857 1413 2895 ali-

346 2922 462 2959 quam
482 2909 712 2946 solutionem
731 2909 994 2959 possibilem,
968 2915 983 2937 ⁷
1017 2922 1062 2947 ex
1082 2922 1159 2958 qua
1177 2923 1256 2947 non
1277 2923 1412 2960 sequa-

344 2971 404 3000 tur
418 2962 601 3010 aliquod
593 2963 877 3010 mconveniens,
894 2975 964 3012 per
979 2975 1023 3000 ea
1038 2975 1136 3013 quae
1151 2963 1214 3000 hic
1228 2971 1414 3013 apparent

346 3016 557 3053 secundum
576 3015 597 3037 ’¹‘
624 3027 792 3053 sensum.
822 3016 934 3054 Unde
963 3017 1037 3053 hoc
1059 3016 1212 3054 modo
1203 3029 1243 3054 in
1270 3029 1412 3066 propo-

345 3068 415 3106 sito
445 3069 494 3106 ad
522 3068 740 3107 habendam
769 3082 925 3107 causam
950 3077 1005 3107 est
1032 3069 1052 3091 ’¹‘
1079 3069 1382 3118 procedendum.

399 3134 434 3159 2.
465 3122 645 3159 Secundo
680 3122 750 3159 ibi:
780 3123 1010 3172 Suppom'tur
1045 3123 1145 3160 enim
1175 3123 1280 3160 nobis
1313 3131 1382 3161 etc.
1401 3152 1410 3170 ,

345 3175 556 3212 secundum
585 3175 823 3224 praedictum
860 3176 1023 3214 modum
1065 3175 1194 3235 incipit
1221 3175 1411 3224 assignare

346 3239 500 3265 causam
522 3228 569 3265 de
589 3228 824 3277 apparitione
846 3237 1029 3267 cometae.
1047 3230 1096 3266 Et
1115 3229 1214 3266 circa
1237 3230 1313 3266 hoc
1332 3229 1410 3267 duo

346 3280 447 3317 facit:
476 3280 602 3330 primo
631 3281 795 3330 assignat
823 3294 978 3319 causam
1009 3282 1056 3320 de
1081 3282 1318 3332 apparitione
1347 3295 1409 3320 co-

399 3419 426 3451 α)
446 3419 588 3452 Postquam
608 3420 780 3452 Piiilosophus
803 3422 956 3453 reprobavit
975 3422 1121 3454 opim'ones.
1138 3436 1157 3442 -
1175 3422 1334 3455 Reprobatis
1352 3423 1409 3455 opi—

346 3454 467 3479 nionibus
486 3455 538 3479 AB.
556 3468 575 3472 —
594 3455 644 3479 Pro
664 3455 696 3480 de
714 3457 828 3486 cometis,
849 3457 882 3481 de
899 3461 1002 3482 cometa
1021 3458 1068 3483 Pa.

400 3487 425 3522 β)
445 3489 471 3514 in
491 3489 540 3515 hac
559 3490 679 3515 materia.
697 3504 716 3509 -
734 3491 766 3516 de
785 3491 834 3517 hac
853 3493 967 3517 materia
982 3493 1019 3523 A;
1038 3493 1083 3526 qui
1102 3493 1179 3518 enam
1197 3500 1250 3518 om.
1263 3493 1408 3526 exquiren

346 3524 422 3549 dus..
425 3525 478 3549 .de
496 3525 599 3550 talibus.

399 3559 425 3593 γ)
445 3559 491 3584 sed
508 3560 641 3593 sufficit...
657 3561 819 3592 possibilem.
836 3574 854 3581 ·-
871 3562 919 3587 sed
937 3562 1035 3596 sufficit
1052 3563 1090 3589 sic
1107 3563 1251 3589 seeundum
1274 3563 1406 3589 rationem

347 3593 542 3619 demonstrasse
565 3601 673 3620 causam
691 3595 803 3621 alicuius
821 3596 932 3626 talium,
952 3598 975 3623 si
1002 3598 1145 3624 reduxerit
1167 3599 1346 3631 quaestionem
1369 3600 1407 3625 ad

345 3629 463 3661 aliquam
482 3630 638 3655 solutionem
653 3630 804 3662 possibilem
824 3631 876 3656 AB.

1074 276 1663 316 METEOROLOGICORUM
1692 277 1786 315 LIB.
1818 278 1832 314 I

1544 356 1714 387 cessarium
1737 367 1804 387 esse
1828 367 1950 395 aerem,
1975 363 2006 388 et
2029 356 2198 397 disgregari
2221 363 2252 387 et
2275 357 2403 388 dissolvi
2432 367 2548 398 evapo-

1544 411 1616 431 rans
1646 400 1818 432 humidum
1841 411 1859 431 a
1882 401 2086 432 multitudine
2116 401 2234 432 calidae
2263 401 2489 441 exhalationis,
2513 408 2550 433 ut

1544 455 1610 475 non
1635 445 1784 476 consistat
1814 445 1904 476 facile
1927 445 1960 476 in
1983 455 2111 486 aquam.
2136 444 2334 476 Manifestius
2364 453 2472 480 autem
2503 446 2548 476 di-

1544 499 1653 520 cemus
1677 496 1708 520 et
1731 490 1770 520 de
1792 489 1851 520 hac
1874 490 2033 530 passione,
2058 489 2187 530 quando
2209 495 2239 520 et
2255 489 2293 519 de
2318 489 2478 530 spiritibus
2502 491 2547 521 di-

1545 533 1636 565 cendi
1658 533 1752 565 fuerit
1775 540 1912 574 tempus.
1947 534 2086 571 Quando
2106 533 2237 575 quidem
2268 533 2363 574 igitur
2393 534 2491 565 crebri
2518 541 2550 566 et

1543 578 1636 609 multi
1661 585 1831 618 apparent,
1855 578 1937 609 sicut
1960 578 2115 616 dicimus,
2147 577 2220 608 sicci
2244 584 2275 608 et
2298 578 2444 618 spumosi
2467 577 2550 610 fiunt

1544 622 1619 653 anni
1635 622 1828 653 notabiliter:
1845 623 1975 663 quando
1991 629 2099 653 autem
2114 621 2246 652 rariores
2263 628 2294 653 et
2308 622 2469 653 tenuiores
2481 633 2548 653 ma-

1543 666 1720 707 gnitudine,
1745 666 1888 697 similiter
1909 666 2042 708 quidem
2058 676 2125 697 non
2139 665 2175 697 fit
2191 665 2263 704 tale,
2281 672 2420 697 attamen
2437 674 2473 698 ut
2488 666 2548 698 fre-

1542 721 1644 752 quens
1660 710 1696 742 fit
1707 711 1839 752 quidam
1853 721 1997 742 excessus
2012 711 2140 751 spiritus
2157 717 2212 741 aut
2227 711 2406 741 secundum
2420 718 2547 752 tempus

1543 762 1598 786 aut
1621 756 1798 786 secundum
1828 755 2091 796 magnitudinem.
2117 754 2282 793 Quoniam
2306 761 2337 785 et
2361 756 2491 796 quando
2514 755 2548 786 in

1541 800 1637 839 Aegis
1660 799 1765 830 fluviis
1793 799 1904 830 cecidit
1931 799 2012 839 lapis
2035 810 2072 830 ex
2095 809 2183 837 aere,
2209 809 2227 829 a
2249 799 2361 840 spiritu
2389 799 2547 839 elevatus,

1542 844 1654 875 cecidit
1676 853 1732 884 per
1755 843 1859 882 diem;
1882 844 1995 875 accidit
2017 850 2124 875 autem
2145 850 2176 875 et
2197 851 2274 875 tunc
2296 850 2435 875 cometes
2458 844 2548 876 stella

1541 888 1643 919 factus
1666 898 1684 918 a
1706 897 1846 927 vespere.
1870 888 1912 919 Et
1940 888 2021 919 circa
2043 898 2194 928 magnam
2220 888 2343 919 stellam
2366 895 2547 927 cometam,

1540 932 1622 963 sicca
1645 939 1710 962 erat
1731 931 1834 962 hiems
1857 938 1888 962 et
1910 931 2057 972 borealis,
2082 939 2112 964 et
2134 932 2250 964 fluctus
2273 938 2404 973 propter
2426 939 2548 970 contra-

1541 976 1685 1006 rietatem
1716 982 1888 1006 ventorum
1910 975 2011 1007 factus
2035 976 2112 1008 fuit:
2140 976 2174 1007 in
2197 976 2270 1008 sinu
2301 976 2432 1018 quidem
2460 977 2547 1008 enim

1539 1021 1652 1051 boreas
1666 1019 1815 1058 obtinuit,
1825 1027 1908 1051 extra
1923 1027 2030 1051 autem
2045 1027 2150 1052 auster
2165 1020 2259 1052 flabat
2271 1031 2417 1061 magnus.
2430 1021 2546 1054 Adhuc

1541 1071 1650 1095 autem
1672 1064 1732 1094 sub
1755 1063 1898 1104 principe
1921 1064 2119 1095 Nicomacho
2142 1065 2244 1096 factus
2268 1065 2329 1096 fuit
2351 1065 2461 1106 paucis
2481 1066 2546 1097 die-

1539 1110 1600 1140 bus
1614 1114 1754 1139 cometes
1777 1108 1858 1139 circa
1880 1108 2147 1149 aequinoctialem
2162 1108 2328 1148 circulum,
2339 1116 2375 1141 ut
2386 1119 2404 1140 a
2416 1119 2547 1150 vespera

1540 1153 1657 1184 faciens
1674 1159 1794 1192 ortum,
1813 1152 1846 1183 in
1863 1162 1967 1195 eoque
1984 1153 2064 1184 circa
2078 1152 2273 1185 Corinthum
2293 1153 2421 1194 spiritus
2436 1153 2546 1185 inven-

1539 1204 1591 1228 tus
1615 1203 1670 1228 est.

1472 1330 1551 1362 Eius
1575 1337 1683 1361 autem
1705 1329 1795 1371 quod
1811 1336 1858 1360 est
1874 1339 1940 1360 non
1963 1329 2029 1360 fieri
2053 1327 2175 1361 multos
2198 1339 2304 1371 neque
2327 1340 2422 1371 saepe
2438 1339 2544 1363 come-

1539 1381 1603 1413 tas,
1628 1381 1659 1405 et
1681 1373 1781 1414 magis
1805 1380 1889 1405 extra
1912 1373 2052 1415 tropicos
2075 1384 2175 1415 quam
2198 1374 2290 1413 intra,
2310 1384 2404 1406 causa
2419 1373 2496 1407 solis
2515 1381 2547 1406 et

1539 1425 1699 1450 astrorum
1721 1425 1841 1457 motus,
1866 1428 1932 1449 non
1955 1418 2063 1449 solum
2087 1428 2252 1459 segregans
2269 1417 2419 1458 calidum,
2442 1419 2499 1454 sed
2513 1426 2545 1452 et

1539 1463 1719 1503 disgregans
1743 1463 1832 1504 quod
1856 1462 2008 1494 consistit.
2040 1462 2178 1494 Maxime
2201 1469 2310 1494 autem
2334 1473 2445 1503 causa,
2468 1462 2546 1506 quia

1539 1507 1716 1549 plurimum
1739 1507 1772 1537 in
1795 1507 1884 1538 lactis
1908 1513 2116 1547 congregatur
2138 1507 2313 1548 regionem.

1472 1654 1587 1676 cometa
1599 1647 1631 1676 fit
1645 1648 1775 1676 secundo
1789 1648 1891 1682 modo,
1906 1656 2023 1676 necesse
2038 1653 2081 1676 est
2095 1647 2197 1685 quod
2189 1656 2220 1676 ιιι
2233 1647 2299 1685 ipso
2313 1653 2452 1685 appareat
2464 1643 2543 1677 idem

1471 1694 1569 1716 motus
1590 1687 1640 1725 qui
1662 1694 1705 1716 est
1726 1687 1823 1716 stellae
1845 1687 1891 1716 cui
1911 1687 2049 1716 adhaeret
2074 1697 2175 1716 coma:
2198 1688 2250 1716 sed
2271 1689 2391 1725 quando
2411 1693 2544 1721 cometae

1471 1734 1539 1756 sunt
1558 1737 1611 1765 per
1631 1736 1661 1756 se
1682 1727 1756 1765 ignis
1778 1726 1808 1755 in
1829 1736 1895 1756 aere
1915 1726 2056 1763 existens,
2077 1734 2147 1756 tunc
2167 1727 2301 1756 videntur
2328 1727 2542 1757 subur-dantes.

1471 1767 1555 1796 Ratio
1577 1767 1670 1795 huius.
1696 1784 1713 1788 -
1733 1768 1775 1795 Ex
1797 1775 1833 1795 eo
1855 1767 1936 1804 quod
1957 1773 2072 1795 cometa
2092 1766 2270 1805 frequentius
2291 1767 2323 1796 fit
2336 1775 2389 1813 per
2406 1776 2438 1796 se
2451 1777 2542 1806 quam

1472 1807 1546 1836 circa
1566 1807 1695 1844 aliquam
1717 1807 1843 1842 stellam,
1866 1806 2065 1835 manifestatur
2090 1806 2195 1835 iterum
2217 1806 2378 1836 differentia
2398 1807 2474 1836 inter
2493 1817 2544 1836 co-

1471 1853 1579 1875 metam
1594 1853 1622 1875 et
1635 1847 1783 1883 halonem,
1798 1852 1826 1874 et
1847 1846 1933 1875 simul
1954 1846 2137 1883 improbatur
2157 1846 2260 1884 opinio
2280 1847 2468 1884 Hippocratis
2487 1846 2541 1884 (ef.

1470 1887 1592 1922 lect.1x‚
1615 1896 1644 1915 n.
1659 1888 1699 1922 4).
1714 1903 1733 1908 -
1748 1887 1775 1915 8.
1797 1886 1997 1915 Manifestatur
2011 1887 2092 1924 quod
2113 1886 2223 1915 dictum
2244 1893 2288 1916 est
2306 1888 2343 1915 de
2357 1886 2479 1916 cometis
2491 1896 2545 1924 per

1470 1926 1594 1964 signum.
1610 1927 1764 1955 Cometam
1778 1935 1841 1955 esse
1854 1926 1983 1964 igneum,
1994 1926 2040 1955 vel
2054 1933 2196 1964 quantum
2210 1927 2249 1955 ad
2263 1927 2386 1956 caudam
2400 1935 2543 1964 apparen-

1470 1973 1529 1995 tem
1550 1967 1595 1995 vel
1616 1966 1703 1995 etiam
1725 1973 1867 2012 quantum
1886 1967 1924 1995 ad
1944 1966 2090 2002 nucleum,
2106 1966 2236 2004 arguitur
2256 1975 2291 1995 ex
2312 1967 2370 1996 hoc
2389 1967 2473 2005 quod
2492 1976 2544 1997 00·

1470 2013 1565 2035 metae
1586 2005 1749 2044 significant
1771 2006 1912 2035 siccitates
1933 2013 1962 2035 et
1981 2013 2094 2035 ventos.
2117 2023 2136 2028 -
2158 2015 2185 2043 9.
2208 2007 2256 2036 De
2277 2007 2341 2036 loco
2362 2012 2391 2036 et
2411 2011 2544 2046 tempore

1470 2046 1671 2085 apparitionis.
1702 2047 1791 2081 Quod
1819 2053 1950 2075 cometae
1977 2055 2039 2075 non
2067 2045 2140 2075 fiunt
2160 2045 2245 2075 multi
2271 2055 2368 2084 neque
2389 2053 2543 2085 saepe,et

1470 2086 1562 2123 magis
1583 2093 1723 2124 apparent
1744 2092 1823 2114 extra
1843 2085 1989 2124 tropicos,
2011 2095 2099 2115 causa
2119 2092 2162 2114 est
2182 2093 2245 2115 tum
2266 2086 2335 2124 quia
2354 2095 2408 2124 per
2428 2093 2543 2116 motum

1470 2126 1540 2154 solis
1557 2132 1585 2154 et
1599 2133 1744 2155 astrorum
1758 2135 1820 2155 non
1834 2126 1931 2154 solum
1946 2126 2131 2155 resolvuntur
2145 2126 2342 2156 exhalationes
2356 2125 2476 2164 calidae,
2490 2127 2543 2156 sed
2568 2163 2572 2171 1

1470 2166 1556 2194 etiarn
1579 2166 1759 2204 disgregatur
1779 2166 1860 2203 quod
1881 2172 1925 2195 est
1945 2165 1975 2194 in
1996 2166 2037 2195 eis
2058 2165 2221 2195 consistens
2242 2172 2271 2195 et
2291 2165 2432 2204 spissum,
2453 2173 2482 2196 et
2501 2167 2543 2197 sic

1470 2205 1627 2243 impeditur
1646 2215 1735 2235 causa
1755 2205 1946 2243 apparitionis
1964 2212 2111 2236 cometae:
2132 2212 2196 2235 tum
2217 2206 2343 2236 maxime
2363 2206 2433 2244 quia
2452 2206 2543 2246 pluri-

1470 2255 1553 2274 mum
1575 2246 1611 2274 de
1632 2245 1754 2274 materia
1767 2254 1801 2274 ex
1816 2255 1875 2283 qua
1888 2252 2023 2275 causatur
2042 2245 2186 2283 apparitio
2199 2253 2340 2283 cometae,
2353 2246 2520 2276 adunam:-
2511 2256 2542 2276 ιιι

1470 2286 1589 2323 regione
1609 2285 1694 2315 lactei
1714 2285 1828 2322 circuli,
1849 2292 1882 2314 ut
1902 2286 1977 2315 infra
1996 2286 2079 2323 (lect.
2094 2294 2164 2322 xnr,
2185 2295 2215 2315 n.
2231 2288 2264 2324 7)
2286 2286 2406 2316 dicetur

1468 2386 1613 2424 metae;
1634 2379 1805 2416 secundo
1826 2379 1874 2416 de
1902 2379 1990 2416 loco
2019 2387 2055 2417 et
2073 2386 2250 2429 tempore
2279 2368 2540 2430 apparitionis,

1468 2432 1537 2469 ibi.
1566 2432 1660 2469 Eius
1694 2437 1820 2469 autem
1848 2432 1951 2481 quod
1976 2437 2032 2469 est
2055 2431 2076 2454 '¹‘
2104 2440 2174 2470 etc.
2201 2432 2332 2470 Prima
2361 2432 2580 2472 dividitur·

1467 2485 1506 2522 in
1536 2485 1649 2522 duas:
1679 2484 1718 2522 in
1745 2484 1871 2534 prima
1899 2484 2064 2534 assignat
2102 2497 2259 2523 causam
2292 2485 2540 2536 apparitionis

1469 2545 1660 2584 cometae;
1689 2537 1861 2575 secundo
1890 2538 1966 2575 hoc
1992 2537 2013 2560 ’¹‘
2038 2537 2254 2576 manifestat
2279 2550 2350 2588 per
2377 2538 2577 2599 signum,-

1469 2590 1538 2628 ibi:
1568 2592 1629 2628 De
1657 2602 1701 2628 eo
1728 2596 1854 2628 autem
1883 2591 1986 2639 quod
2010 2597 2065 2628 est
2089 2590 2110 2614 '⁸‘
2138 2599 2207 2630 etc.
2230 2591 2341 2629 Circa
2368 2592 2576 2642 primum·

1468 2643 1546 2681 duo
1575 2643 1680 2681 facit:
1709 2643 1834 2693 primo
1872 2644 2038 2682 ostendit
2074 2652 2245 2682 cometas
2277 2656 2463 2695 apparere
2492 2657 2538 2684 ex

1468 2697 1618 2734 duabus
1647 2696 1786 2743 causis3
1816 2697 1986 2735 secundo
2012 2698 2179 2735 ostendit
2206 2698 2490 2737 differentiam'
2481 2711 2537 2737 ιιι-

1467 2757 1524 2787 ter
1553 2757 1723 2787 cometas
1761 2762 1807 2787 ex
1835 2749 1994 2788 diversis
2027 2750 2151 2788 causis
2185 2759 2435 2802 apparentes,
2462 2752 2536 2791 ibi:

1472 2803 1631 2846 Quando
1660 2803 1809 2852 quidem
1837 2803 2002 2854 igitur*
2031 2812 2099 2842 etc.

1523 2857 1558 2894 3.
1575 2855 1686 2894 Circa
1702 2856 1872 2916 primum
1892 2857 1962 2894 tria
1980 2857 2078 2894 facit.
2099 2857 2231 2895 Primo
2246 2857 2403 2896 resumit
2419 2870 2536 2908 quae-

1467 2909 1557 2947 dam
1586 2909 1759 2959 superius
1773 2909 1793 2932 *
1813 2910 1923 2957 dicta,
1944 2910 1993 2948 ad
2012 2910 2334 2949 manifestandum
2361 2911 2535 2961 proposi-

1466 2970 1560 3000 tum.
1581 2964 1631 3000 Et
1650 2963 1738 3001 dicit
1751 2963 1856 3012 quod
1873 2971 2023 3013 oportet
2041 2975 2258 3014 supponere
2278 2963 2534 3014 supradicta,
2508 2961 2524 2987 ⁸

1467 3016 1572 3066 quod
1591 3015 1703 3053 huius
1730 3016 1916 3054 inferioris
1934 3017 2067 3055 mundi
2088 3016 2154 3066 qui
2178 3025 2234 3054 est
2253 3017 2353 3055 circa
2380 3025 2534 3067 terram,

1465 3069 1590 3119 prima
1616 3082 1705 3119 pars
1729 3077 1766 3107 et
1793 3082 1984 3119 suprema,
2015 3071 2086 3108 sub
2125 3070 2351 3120 corporibus
2379 3070 2534 3109 circula-

1467 3122 1554 3160 riter
1582 3122 1707 3170 motis,
1729 3130 1785 3160 est
1804 3123 1991 3161 exhalatio
2021 3123 2131 3161 calidi
2159 3131 2196 3161 et
2224 3124 2324 3162 sicci.
2355 3125 2496 3162 Iterum
2514 3123 2535 3147 ‘⁴‘

1465 3183 1617 3226 oportet
1653 3176 1869 3225 supradicta
1904 3189 2143 3226 supponere,
2181 3177 2289 3226 quod
2323 3177 2393 3215 ista
2421 3178 2535 3217 exha-

1465 3229 1554 3266 latio
1584 3228 1706 3266 calida
1739 3237 1774 3266 et
1802 3229 1921 3278 sicca,
1957 3237 1993 3267 et
2020 3231 2140 3268 multa
2166 3242 2256 3280 pars
2283 3230 2380 3268 aeris
2398 3229 2438 3278 ¹⁸¹,
2468 3230 2535 3280 qui

1467 3281 1738 3320 continuatur*
1762 3282 1838 3320 ad
1830 3295 1969 3332 ignem,
1990 3282 2101 3321 simul
2121 3283 2416 3322 circumducitur
2435 3283 2534 3322 circa

1517 3422 1542 3456 ὃ)
1561 3423 1758 3456 supradicta.-
1739 3424 1849 3449 F—orte
1861 3429 1918 3449 tum
1932 3423 1973 3449 hie
1987 3429 2042 3449 tum
2059 3424 2138 3458 paulo
2157 3423 2222 3450 infra
2233 3424 2375 3458 legendum
2390 3429 2430 3450 est
2441 3432 2533 3452 secun-

1464 3458 1527 3483 dum
1536 3459 1688 3491 praedicta,
1700 3464 1778 3492 prout
1791 3464 1851 3492 post
1864 3459 1900 3484 Et
1914 3459 1994 3485 tertio
2007 3462 2113 3492 oportet
2123 3467 2273 3493 supponere
2285 3459 2381 3486 habent
2390 3460 2466 3486 codd.
2474 3461 2533 3492 AB3

1463 3494 1496 3519 cf.
1510 3495 1587 3520 etiam
1606 3495 1665 3520 lect.
1676 3502 1717 3525 vn,
1735 3499 1789 3520 not.
1803 3503 1823 3520 ι.

1516 3529 1538 3562 ε)
1557 3530 1739 3555 continuatur.
1757 3544 1776 3549 -
1793 3530 1987 3567 continguatur
2001 3530 2029 3562 P,
2043 3530 2219 3564 contignatur
2242 3531 2301 3556 edd.
2314 3538 2333 3556 a
2351 3535 2378 3556 et
2399 3529 2480 3562 1561;
2499 3530 2532 3556 cf.

1462 3569 1567 3595 textum,
1587 3570 1613 3590 et
1631 3565 1689 3590 lect.
1708 3572 1739 3594 ιι,
1759 3572 1831 3590 num.
1852 3565 1912 3590 3.-
1931 3566 2055 3598 Sequenti
2074 3566 2142 3591 linea
2160 3573 2208 3599 pro
2227 3565 2305 3599 quasi
2322 3565 2412 3592 delata
2430 3569 2458 3591 et
2472 3549 2531 3590 'tra-

1461 3603 1519 3629 cta,
1539 3600 1616 3660 qgasi
1633 3599 1657 3625 εἰ
1676 3600 1766 3626 delata
1785 3603 1811 3625 et
1829 3600 2012 3626 circumducta
2030 3601 2082 3631 Pa.
2101 3600 2179 3634 quasi
2197 3601 2287 3626 delata
2305 3603 2332 3626 et
2348 3600 2531 3626 circumducta

1461 3634 1548 3660 ed.15
1574 3643 1580 3660 ι

2563 3132 2679 3156 'Ite-¹⁴.

2594 2447 2667 2471 Num.
2681 2454 2705 2477 9.

2592 2555 2638 2577 hoe
2650 2561 2700 2578 οιι.
2713 2561 2753 2580 Δ..

2591 2598 2666 2632 fiam.
2678 2609 2702 2632 8.

2564 2815 2660 2839 'Num
2673 2822 2696 2845 7.

2563 2924 2672 2952 'Locum
2677 2929 2715 2947 aa

2561 3238 2622 3262 ἘΩ
2631 3239 2712 3267 locta,
