2782 4134
244 1283 256 1285 ⁴
282 1275 318 1285 ‚a

1142 285 1252 326 CAP.
1284 285 1351 333 111,
1382 285 1533 323 LECT.
1564 286 1616 322 lx
2326 257 2330 262 ’
2399 285 2473 332 295

1201 425 1210 438 ἱ

1107 570 1406 626 LECTIO
1444 573 1664 628 NONA

379 747 499 787 QUAE
522 747 590 780 SIT
613 747 756 779 CAUSA
777 746 1095 778 DIFFERENTIAE
1120 746 1440 778 GENERATIONIS
1463 748 1733 781 SIMPLICITER
1754 751 1812 782 ET
1835 752 2072 783 SECUNDUM
2095 752 2221 791 QUID,
2250 752 2293 783 IN
2316 752 2386 783 HIS

535 805 654 843 QUAE
675 804 770 836 NON
792 805 850 835 EX
873 803 1053 836 INVICEM
1076 803 1374 835 GENERANTUR
1398 822 1416 827 -
1440 805 1549 836 TRES
1573 807 1872 843 QUAESTIONES
1896 809 2239 847 CONSEQUENTES

290 961 358 995 Τοῦ
382 955 420 992 δὲ
445 959 494 993 τοὶ
516 958 576 1004 μὲν
604 958 717 996 ἁπλῶς
742 957 894 1005 γίνεσθαι
917 957 1092 1004 λέγεσθαι,
1109 957 1158 990 τοὶ
1181 956 1219 989 δέ
1243 969 1278 990 τι
1299 956 1357 1002 μό-

356 1015 426 1046 νον,
445 1003 492 1048 μή
509 1005 556 1046 τῇ
582 1000 618 1044 ἐξ
645 1002 802 1040 ἀλλήλων
827 1002 970 1049 γενέσει,
995 1002 1069 1035 καθ’
1092 1003 1126 1035 ὃν
1145 1004 1282 1046 εἴπομεν
1299 1002 1355 1033 νῦν

357 1049 502 1093 τρόπον·
527 1049 585 1081 νῦν
601 1047 662 1092 μὲν
678 1048 743 1094 γοὶρ
761 1048 928 1081 τοσοῦτον
945 1043 1137 1090 διώρισται,
1156 1049 1190 1079 τί
1207 1042 1252 1083 δή
1269 1058 1355 1079 ποτε

357 1093 470 1131 πάσης
494 1091 654 1140 γενέσεως
673 1093 773 1130 οὔσης
791 1091 914 1137 φθορᾶς
935 1092 1054 1134 ἄλλου,
1071 1094 1130 1124 καὶ
1151 1090 1263 1129 πάσης
1279 1089 1356 1134 φθο-

356 1139 415 1180 ρᾶς
442 1137 542 1177 οὔσης
567 1136 685 1181 ἑτέρου
710 1136 801 1175 τινὸς
826 1137 1008 1183 γενέσεως,
1037 1137 1100 1182 οὐχ
1126 1136 1244 1181 ὁμοίως
1273 1135 1358 1167 ἀπο-

356 1182 493 1227 δίδομεν
519 1181 560 1214 τὸ
585 1179 736 1229 Ιγίνεσθαι
768 1182 827 1213 καὶ
851 1181 893 1214 τό
918 1180 1106 1226 φθείρεσθαι
1131 1184 1202 1218 τοῖς
1227 1180 1272 1217 εἰς
1299 1179 1356 1212 ἄλ-

347 1229 446 1272 332ss
476 1225 767 1271 μετᾶβοὶλλουσιν.
804 1226 850 1258 Τὸ
880 1221 909 1257 δ’
939 1224 1077 1269 ὕστερον
1113 1223 1284 1270 εἰρημένον
1318 1224 1355 1255 οὗ

323 1270 464 1306 ’τοῦτο
489 1266 648 1315 διαπορεῖ
677 1271 768 1303 ἀλλὰ
791 1273 825 1303 τί
851 1281 938 1302 ποτε
963 1270 1004 1303 το
1030 1268 1201 1314 μανθάνον
1231 1267 1291 1312 μὲν
1317 1266 1355 1300 οὐ

354 1317 498 1363 λέγεται
529 1316 643 1354 ἁπλῶς
667 1314 819 1362 γίνεσθαι
846 1315 938 1348 ἀλλά.
959 1314 1110 1361 γίνεσθαι
1142 1313 1353 1357 ἐπιστῆμον,

355 1362 399 1395 τὸ
422 1356 462 1393 δὲ
484 1359 646 1415 «ξυόμενον
670 1358 836 1406 γίνεσθαι.

288 1406 414 1440 Ταῦτα,
438 1402 477 1438 δὲ
492 1405 669 1447 διώρισται
689 1408 766 1441 ταῖς
783 1406 1006 1450 κατηγορίαις
1018 1416 1025 1423 ·
1052 1402 1100 1436 ταὶ
1115 1402 1174 1447 μὲν
1190 1402 1256 1449 γαρ
1274 1396 1354 1433 τόδε

356 1463 392 1484 τι
415 1453 585 1494 σημαίνει,
612 1449 661 1483 τοὶ
683 1444 721 1481 δὲ
746 1448 894 1490 τοιόνδε,
921 1448 968 1481 τοὶ
991 1445 1030 1480 δὲ
1055 1448 1178 1480 ποσόν·
1207 1445 1271 1479 ὃσα
1297 1444 1354 1478 οὖν

356 1492 404 1539 μή
431 1495 548 1528 οὐσίαν
572 1495 743 1538 σημαίνει,
765 1494 804 1526 οὖ
827 1491 971 1539 λέγεται
998 1493 1112 1530 ἁπλῶς
1138 1491 1228 1525 ἀλλα
1254 1492 1286 1523 τὶ
1306 1493 1356 1538 γί-

355 1538 484 1572 νεσθαι.
525 1539 572 1570 Οὔ
600 1538 667 1583 μὴν
694 1535 768 1570 ἀλλ’
797 1538 917 1582 ὁμοίως
953 1537 989 1569 ἐν
1021 1538 1106 1569 πᾶσι
1136 1536 1264 1584 γένεσις
1295 1535 1354 1579 μὲν

355 1583 453 1617 κατὰ
481 1583 530 1616 τοὶ
554 1583 586 1615 ἐν
610 1583 658 1625 τῇ
684 1581 786 1627 ἑτέρα
817 1592 936 1614 συστοι
964 1584 999 1622 ίᾳ
1027 1581 1194 1628 λέγεται,
1227 1582 1295 1614 οἷον
1321 1580 1355 1612 ἐν

383 1628 416 1661 ἂν
441 1628 540 1668 οὐσίᾳ
565 1627 624 1659 ἑοίν
650 1627 715 1671 πῦρ
741 1627 815 1660 ἀλλ’
839 1626 898 1658 οὐκ
922 1624 981 1659 ἑαν
1005 1627 1065 1672 γῆ,
1085 1627 1118 1658 ἑν
1142 1622 1180 1659 δὲ
1203 1628 1251 1668 τῷ
1270 1625 1354 1667 ποιῷ·

356 1640 415 1706 {dv
441 1672 632 1715 ἐπιστῆμον
659 1671 731 1704 ἀλλ’
762 1671 826 1716 οὐχ
850 1669 936 1703 ὅταν
963 1669 1208 1715 ἀνεπιστῆμον.

288 1756 362 1806 Περὶ
388 1761 447 1807 μὲν
465 1759 522 1794 οὖν
539 1761 604 1793 τοῦ
621 1759 669 1793 τοὶ
685 1760 744 1804 μὲν
769 1760 883 1797 ἁπλῶς
908 1757 1060 1806 γίνεσθαι
1085 1759 1133 1793 τοὶ
1155 1755 1193 1792 δὲ
1218 1759 1280 1803 μή,
1297 1761 1355 1791 καὶ

291 1811 295 1814 ’
357 1804 441 1844 ὅλως
465 1806 500 1839 ἐν
532 1809 609 1842 ταῖς
643 1803 773 1842 οὐσίαις
798 1804 955 1845 αὑταῖς,
988 1806 1142 1850 εἴρηται,
1174 1807 1234 1836 καὶ
1265 1803 1356 1838 διότι

303 1862 306 1867 ·
355 1846 459 1884 τοῦδε
482 1850 612 1898 γένεσιν
638 1846 725 1882 εἶναι
749 1849 896 1894 συνεχῶς
922 1850 1020 1882 αἰτία
1043 1851 1087 1887 ὠς
1113 1848 1174 1887 ὕλη
1207 1850 1250 1882 τό
1275 1852 1357 1883 ὐπο-

354 1897 407 1928 xe(
434 1906 521 1937 ενον,
545 1894 600 1927 ὅτι
623 1893 880 1938 μεταβλητικὸν
906 1894 950 1932 εἰς
975 1895 1162 1936 τάναντία,
1180 1897 1238 1926 καὶ
1265 1896 1356 1928 ἔστιν

357 1940 379 1978 ἡ
398 1907 548 1984 ’θιατέρου
572 1939 700 1986 γένεσις
727 1938 778 1972 ἀεὶ
804 1939 860 1972 ἐπὶ
886 1939 953 1971 τῶν
979 1939 1097 1971 οὐσιῶν
1125 1938 1228 1971 ἄλλου
1251 1939 1359 1984 φθοραὶ

355 1987 414 2017 καὶ
439 1984 461 2022 η’
489 1984 593 2017 ἄλλου
618 1982 725 2028 φθορά
750 1982 853 2016 ἄλλου
877 1981 1018 2028 γένεσις.

282 2071 393 2105 Ἀλλά
416 2070 483 2114 μην
508 2064 579 2101 οὐδ’
605 2068 779 2113 ἀπορῆσαι
803 2063 856 2099 δεῖ
877 2062 937 2100 διαὶ
962 2071 996 2100 τί
1020 2070 1154 2115 γίνεται
1172 2068 1224 2101 ἀεὶ
1251 2068 1358 2101 ἀπολ-

355 2115 504 2160 λυμένων
517 2126 524 2134 ·
550 2112 642 2146 ὥσπε
686 2113 751 2159 γὰρ
768 2115 827 2145 καὶ
845 2112 886 2145 τὰ
902 2112 1091 2157 φθείρεσθαι
1109 2113 1223 2150 ἁπλῶς
1241 2115 1355 2156 φασίν,

357 2158 444 2193 ὅταν
468 2159 514 2198 εἰς
540 2125 747 2195 ἀναίσθητον
773 2156 854 2202 ἔλθῃ
877 2159 936 2190 καὶ
957 2158 1000 2190 τὸ
1017 2157 1064 2201 μή
1083 2157 1132 2200 ὄν,
1153 2158 1273 2202 ὁμοίως
1297 2158 1356 2189 καὶ

379 2203 506 2237 ίνεσθαι
537 2203 574 2236 ἐκ
599 2202 646 2247 μή
678 2201 775 2240 ὄντος
807 2204 929 2246 φασίν,
957 2201 1043 2236 ὅταν
1070 2199 1104 2244 ἐξ
1131 2201 1354 2239 ἀναισθήτου.

381 2249 427 2282 ἴτ’
457 2247 514 2281 οὗν
541 2247 638 2285 ὄντος
664 2247 754 2285 τινος
779 2248 842 2280 τοῦ
872 2245 1092 2292 ὑποκειμένου
1117 2249 1187 2279 εἴτε
1213 2246 1280 2291 μή,
1307 2250 1358 2293 γί-

355 2289 458 2326 νεται
479 2294 516 2326 ἐκ
541 2293 587 2338 μη
613 2291 723 2329 ὄντος.
754 2291 857 2324 Ὥστε
879 2292 999 2335 ὁμοίως
1022 2293 1081 2324 καὶ
1100 2294 1233 2338 γίνεται
1254 2290 1290 2324 ἐκ
1308 2291 1355 2336 μή

357 2338 453 2375 ὄντος
477 2338 536 2370 καὶ
559 2335 733 2382 φθείρεται
757 2337 802 2374 εἰς
828 2336 870 2369 τὰ
921 2337 942 2374 ἡ
968 2336 1016 2369 ὅν.
1050 2335 1198 2374 Εἰκότως
1218 2334 1274 2370 οὖν
1293 2335 1357 2381 οὐχ

357 2383 551 2416 ὑπολείπει·
578 2382 599 2419 ἡ
624 2381 690 2428 γὰρ
714 2380 843 2427 γένεσις
866 2392 888 2426 φ
912 2381 974 2426 οροὶ
997 2382 1059 2414 τοῦ
1080 2381 1131 2425 μή
1150 2380 1260 2424 ὄντος,
1279 2383 1300 2419 ἡ
1318 2377 1356 2414 δὲ

355 2426 463 2473 φθοραὶ
484 2426 612 2474 γένεσις
637 2426 700 2458 τοῦ
725 2425 773 2469 μή
800 2426 910 2465 ὄντος.

280 2516 392 2548 ’Anat
415 2517 521 2550 τοῦτο
547 2515 588 2548 τὰ
614 2514 660 2560 μή
688 2513 723 2546 ὂν
751 2515 865 2553 ἁπλῶς
893 2514 1094 2559 ἀπορήσειεν
1122 2514 1161 2548 ἄν
1185 2511 1235 2553 τις
1255 2515 1358 2548 πότε-

375 2571 409 2593 ον
435 2561 477 2593 τό
503 2559 617 2604 ἕτερον
642 2559 709 2592 τῶν
740 2556 901 2593 ἐναντίων
927 2560 1039 2600 ἐστίν,
1068 2559 1136 2591 οἷον
1160 2561 1205 2604 γῆ
1229 2561 1288 2592 καὶ
1313 2559 1354 2592 τὸ

355 2573 442 2649 gapt}
467 2604 514 2649 μή
541 2604 598 2646 ὄν,
625 2605 690 2647 πῦρ
714 2602 753 2635 δὲ
782 2606 841 2636 καὶ
868 2604 910 2637 τὸ
940 2605 1065 2647 κοῦφον
1096 2605 1138 2636 τό
1165 2604 1220 2646 ὄν,
1247 2604 1268 2642 ἦ
1295 2604 1353 2646 οὗ,

357 2650 430 2683 ἀλλ’
453 2651 527 2683 ἔστι
550 2651 608 2680 καὶ
633 2650 678 2694 γῆ
704 2647 746 2680 τὸ
763 2647 813 2690 ὄν,
831 2649 874 2681 τὸ
898 2643 936 2681 δὲ
952 2649 1000 2693 μή
1019 2647 1052 2681 ὂν
1076 2647 1137 2686 ὕλη
1157 2650 1178 2686 ἡ
1196 2650 1260 2687 τῆς
1276 2650 1353 2696 γῆς,

354 2697 413 2727 καὶ
439 2694 541 2737 πυρὸς
565 2693 741 2731 ὡσαύτως.

270 2732 352 2772 xm
380 2737 446 2784 ἆροί
469 2751 507 2784 γε
538 2736 641 2780 ἑτέρα
672 2738 836 2781 ἑκατέρου
862 2738 882 2774 ἡ
910 2736 993 2778 ὕλη,
1021 2735 1042 2774 ἦ
1069 2737 1127 2769 οὐκ.
1154 2737 1193 2771 ἄν
1225 2741 1354 2784 γίνοιτο

356 2782 391 2825 ἐξ
417 2781 576 2819 ἀλλήλων
604 2777 673 2814 οὐδ’
696 2781 730 2823 ἐξ
757 2782 938 2822 ἐναντίων;
965 2781 1102 2819 τούτοις
1125 2782 1190 2827 γοὶρ
1209 2782 1355 2828 ὑπάρχει

356 2827 548 2869 τάναντία,
575 2828 669 2871 πυρί,
695 2826 763 2872 γῇ,
790 2822 910 2867 ὕδατι,
940 2825 1022 2868 ἀέρι.
1059 2825 1106 2858 Ἤ
1131 2829 1205 2860 ἔστι
1229 2827 1288 2871 μὲν
1313 2828 1355 2864 ὠς

354 2873 375 2909 ἢ
402 2871 516 2913 αὐτή,
549 2871 622 2904 ἔστι
646 2866 678 2902 δ’
704 2872 748 2909 ὠς
773 2872 794 2907 ἦ
821 2870 941 2913 ἑτέρα·
970 2871 986 2902 ὂ
1011 2869 1071 2915 μὲν
1102 2871 1166 2916 γάρ
1200 2883 1286 2904 ποτε
1320 2870 1354 2903 ὃν

355 2915 538 2950 ὖπόκειται
562 2916 604 2948 τὸ
630 2914 738 2956 αὐτό,
764 2915 806 2948 τὸ
829 2911 858 2947 δ’
887 2912 973 2947 εἶναι
1007 2915 1043 2947 οὐ
1069 2916 1111 2949 τὸ
1137 2915 1238 2948 αὑτό.
1279 2917 1355 2960 Περὶ

353 2962 414 3006 μέν
441 2960 496 2993 οὖν
522 2959 656 2993 τούτων
683 2960 737 2992 ἐπὶ
763 2961 930 2993 τοσοῦτον
956 2959 1109 3004 εἰρήσθω.

346 3072 496 3100 SYNOPSIS.
513 3087 547 3092 —-
576 3080 600 3099 1.
622 3071 834 3108 Argumentum
849 3077 881 3099 et·
891 3070 994 3099 divisio
1015 3077 1144 3099 textus.-
1159 3072 1256 3106 Quare
1270 3070 1356 3099 etiam

287 3112 318 3141 in
330 3112 375 3140 his
390 3121 464 3149 quae
478 3120 540 3140 non
552 3117 726 3149 generantur
740 3120 774 3139 ex
788 3110 920 3147 invicem,
936 3121 1028 3139 unum
1050 3110 1154 3139 dicitur
1167 3110 1297 3148 generari
1310 3111 1356 3139 vel

284 3151 434 3189 corrumpi
458 3150 635 3188 simpliciter,
661 3150 740 3179 aliud
766 3157 864 3180 autem
891 3151 1052 3180 secundum
1079 3150 1159 3188 quid.
1181 3167 1201 3173 -
1222 3158 1250 3179 2.
1274 3152 1356 3186 Quae

285 3192 422 3221 dicuntur
441 3191 572 3229 generari
592 3190 758 3227 simpliciter
782 3197 811 3219 et
831 3201 906 3230 quae
927 3192 1088 3220 secundum
1109 3190 1192 3228 quid,
1213 3191 1357 3228 pertinent

286 3232 324 3261 ad
337 3231 450 3260 diversa
463 3230 709 3268 praedicamenta3
723 3231 764 3259 ita
777 3232 859 3268 quod
871 3230 967 3268 prima
980 3231 1142 3268 significant
1155 3231 1354 3266 substantiam,

286 3271 343 3301 alia
367 3271 528 3309 significant
547 3271 667 3308 aliquod
687 3280 778 3308 genus
798 3271 963 3300 accidentis.
979 3270 1133 3299 Generatio
1155 3271 1232 3299 enim
1254 3277 1297 3299 est
1310 3270 1356 3299 via

287 3312 323 3340 de
344 3321 406 3340 non
427 3321 489 3340 esse
503 3311 542 3340 ad
555 3320 630 3340 esse:
651 3311 730 3339 unde
748 3311 819 3339 illud
839 3311 1006 3348 simpliciter
1022 3317 1183 3348 generatur,
1205 3311 1286 3347 quod
1299 3310 1355 3338 tale

288 3359 350 3380 esse
364 3351 495 3389 acquirit,
510 3350 556 3379 cui
570 3350 650 3379 aliud
663 3359 726 3379 esse
740 3360 801 3380 non
812 3350 1064 3388 praesupponitur.
1079 3351 1149 3378 Esse
1168 3356 1265 3378 autem
1280 3349 1354 3378 acci-

287 3386 418 3420 dentium
427 3391 638 3428 praesupponit
647 3390 726 3419 aliud
740 3400 818 3426 esse;
833 3400 902 3428 ergo
913 3397 965 3418 etc.
977 3391 1035 3417 -In
1046 3389 1183 3417 omnibus
1193 3395 1292 3417 tamen
1305 3398 1353 3426 ge—

287 3431 405 3459 neribus
419 3430 627 3460 diversificatur
641 3431 789 3468 generatio
809 3430 975 3467 simpliciter
989 3436 1017 3457 et
1031 3429 1177 3466 generatio
1192 3429 1352 3457 secundum

284 3470 369 3508 quid,
384 3479 420 3499 eo
435 3471 526 3499 modo
541 3480 601 3508 quo
612 3470 643 3499 in
655 3470 839 3508 praecedenti
852 3469 975 3498 lectione
989 3468 1098 3496 dictum
1113 3474 1164 3496 est.
1178 3485 1198 3489 —
1214 3468 1239 3495 3.
1254 3468 1352 3504 Epilo-

288 3520 351 3548 gus,
363 3527 382 3532 -
395 3519 423 3546 4.
438 3511 511 3539 Tres
525 3510 708 3547 quaestiones
722 3515 941 3548 consequentes.
952 3510 980 3544 a)
996 3509 1097 3543 Quare
1107 3517 1221 3544 semper
1234 3516 1352 3544 genera-

288 3550 330 3579 tio
340 3556 383 3578 est
393 3559 427 3579 ex
439 3549 596 3587 corruptis?
603 3566 623 3571 —
635 3550 711 3586 Quia
721 3549 868 3586 corruptio
879 3548 971 3577 tendit
981 3548 1011 3576 in
1021 3557 1083 3576 non
1093 3556 1153 3581 ens,
1165 3553 1193 3575 et
1206 3545 1351 3584 generatio

287 3599 341 3627 per
361 3599 391 3618 se
412 3596 455 3618 est
468 3599 503 3618 ex
522 3599 585 3619 non
598 3596 672 3618 ente.
695 3591 779 3618 Unde
793 3589 823 3617 id
840 3589 920 3626 quod
941 3594 983 3616 est
996 3587 1135 3615 terminus
1149 3586 1352 3622 corruptionis,

288 3636 332 3658 est
346 3629 520 3667 principium
534 3630 736 3667 generationis.
751 3645 771 3651 —
785 3628 997 3657 Convenienter
1011 3636 1080 3664 ergo
1102 3635 1162 3655 non
1178 3625 1272 3654 deficit
1286 3635 1350 3654 suc-

1409 962 1427 982 *
1445 963 1603 994 Dicuntur
1625 971 1732 995 autem
1754 965 1830 996 haec
1853 967 1983 1007 quidem
2010 968 2191 1008 simpliciter
2217 968 2373 1009 generari,
2397 969 2474 1000 haec

1477 1014 1584 1038 autem
1611 1008 1730 1049 aliquid
1758 1009 1881 1048 solum,
1906 1021 1970 1041 non
1995 1021 2031 1042 ex
2054 1012 2229 1043 adinvicem
2253 1013 2472 1053 generatione,

1477 1053 1655 1084 secundum
1677 1063 1776 1094 quem
1797 1053 1931 1085 diximus
1955 1065 2040 1086 nunc
2062 1057 2207 1088 modum.
2231 1058 2325 1088 Nunc
2339 1058 2471 1099 quidem

1477 1095 1563 1127 enim
1579 1103 1704 1128 tantum
1720 1097 1962 1130 determinatum
1974 1106 2030 1138 est,
2044 1110 2150 1141 quare,
2167 1101 2256 1132 omni
2268 1102 2469 1142 generatione

1477 1141 1626 1173 existente
1643 1141 1845 1182 corruptione
1869 1143 2004 1181 alterius,
2022 1151 2053 1175 et
2075 1145 2163 1175 omni
2184 1146 2386 1187 corruptione
2410 1147 2471 1177 exi-

1476 1191 1576 1216 stente
1606 1185 1807 1226 generatione
1837 1186 1980 1226 alterius,
2010 1198 2075 1218 non
2105 1189 2246 1220 similiter
2273 1190 2472 1222 attribuimus

1475 1229 1616 1269 generari
1651 1236 1682 1260 et
1712 1230 1872 1270 corrumpi
1904 1231 1937 1261 in
1967 1232 2142 1263 adinvicem
2170 1234 2470 1266 transmutabilibus.

1476 1273 1575 1311 Quod
1589 1279 1697 1304 autem
1713 1280 1823 1314 postea
1839 1275 1968 1314 dicetur,
1986 1285 2051 1306 non
2067 1276 2128 1307 hoc
2144 1284 2285 1318 quaeret:
2304 1279 2358 1309 sed
2374 1288 2471 1319 quare

1477 1317 1598 1349 discens
1619 1318 1751 1359 quidem
1766 1329 1832 1349 non
1849 1319 1961 1350 dicitur
1983 1320 2164 1360 simpliciter
2182 1322 2333 1362 generari,
2348 1323 2404 1353 sed
2419 1333 2472 1364 ge-

1475 1362 1578 1393 nerari
1601 1362 1719 1401 sciens;
1743 1363 1832 1403 quod
1854 1370 1961 1394 autem
1983 1364 2135 1404 nascitur,
2158 1366 2306 1405 generari.

1408 1406 1495 1438 Haec
1511 1413 1619 1438 autem
1633 1406 1777 1438 distincta
1793 1414 1866 1438 sunt
1881 1408 2147 1448 praedicamentis.
2168 1411 2251 1440 Nam
2264 1410 2326 1441 hoc
2341 1411 2472 1452 quidem

1429 1475 1433 1479 .
1474 1449 1537 1482 hoc
1565 1450 1685 1492 aliquid
1712 1450 1883 1491 significat,
1911 1452 1973 1483 hoc
2001 1459 2107 1483 autem
2134 1454 2247 1494 quale,
2274 1454 2336 1485 hoc
2364 1461 2472 1486 autem

1475 1501 1642 1536 quantum.
1668 1495 1899 1536 Quaecumque
1922 1496 2015 1536 igitur
2037 1506 2103 1527 non
2126 1498 2333 1528 substantiam
2355 1498 2471 1539 signifi-

1475 1546 1557 1578 cant,
1580 1549 1647 1570 non
1671 1540 1819 1570 dicuntur
1841 1540 2022 1580 simpliciter
2044 1541 2193 1581 generari,
2219 1543 2274 1573 sed
2296 1543 2472 1574 secundum

1475 1584 1555 1625 quid
1576 1583 1652 1615 fieri.
1677 1584 1739 1618 Sed
1757 1591 1863 1615 tamen
1887 1584 1920 1614 in
1936 1585 2086 1616 omnibus
2109 1585 2291 1626 simpliciter
2313 1588 2470 1627 generatio

1476 1629 1654 1660 secundum
1681 1629 1771 1670 quod
1793 1629 1827 1659 in
1850 1628 1912 1659 alio
1943 1629 2053 1660 ordine
2081 1629 2211 1660 dicitur:
2244 1638 2320 1671 puta
2342 1631 2375 1662 in
2398 1633 2470 1662 sub-

1476 1672 1590 1704 stantia
1613 1672 1744 1714 quidem
1767 1673 1792 1704 si
1815 1673 1907 1713 ignis,
1932 1674 1986 1704 sed
2009 1683 2075 1704 non
2099 1673 2124 1704 si
2147 1680 2244 1713 terra3
2267 1675 2300 1706 in
2323 1676 2470 1716 qualitate

1476 1724 1584 1748 autem
1608 1717 1634 1747 si
1657 1717 1769 1756 sciens,
1793 1717 1848 1747 sed
1870 1727 1935 1748 non
1959 1718 2087 1758 quando
2111 1718 2261 1750 nesciens.

1409 1762 1457 1793 De
1481 1762 1622 1803 generari
1649 1761 1744 1802 igitur
1775 1761 1851 1792 haec
1881 1761 2011 1802 quidem
2034 1762 2231 1802 simpliciter,
2266 1763 2343 1794 haec
2365 1770 2471 1795 autem

1477 1807 1655 1837 secundum
1677 1806 1766 1847 quid,
1784 1812 1814 1837 et
1833 1806 2047 1837 universaliter
2070 1806 2189 1837 dictum
2212 1814 2258 1838 est
2280 1808 2313 1838 in
2329 1809 2471 1839 substan-

1477 1851 1527 1891 tiis
1542 1851 1633 1892 ipsis:
1658 1858 1752 1891 atque
1768 1850 1845 1882 item
1860 1851 1949 1891 quod
1965 1850 2133 1882 continuae
2151 1852 2359 1891 generationis
2379 1863 2472 1884 causa

1477 1903 1631 1938 tanquam
1654 1895 1783 1926 materia
1806 1895 1846 1926 sit
1869 1895 2056 1933 subiectum,
2073 1895 2227 1936 quoniam
2245 1903 2472 1928 transmutatur

1477 1940 1510 1971 in
1534 1939 1705 1971 contraria:
1731 1946 1761 1970 et
1784 1946 1830 1970 est
1852 1939 1978 1970 alterius
2006 1939 2165 1979 generatio
2195 1950 2318 1981 semper
2346 1941 2379 1972 in
2402 1942 2472 1972 sub-

1477 1984 1598 2016 stantiis
1621 1983 1747 2015 alterius
1771 1983 1944 2024 corruptio,
1961 1990 1991 2015 et
2014 1983 2139 2014 alterius
2163 1984 2323 2026 corruptio
2347 1985 2472 2016 alterius

1477 2028 1648 2069 generatio.

1410 2073 1427 2092 *
1442 2073 1505 2104 Sed
1521 2083 1606 2104 nunc
1629 2083 1780 2114 quaerere
1803 2078 1929 2113 oportet
1943 2083 2040 2114 quare
2054 2075 2227 2113 'generatur
2249 2073 2368 2115 aliquid
2391 2083 2472 2104 sem-

1477 2128 1533 2159 per
1548 2128 1585 2148 ex
1601 2118 1765 2158 corruptis¹
1787 2117 2071 2154 Quemadmodum
2086 2117 2171 2147 enim
2190 2125 2220 2148 et
2236 2118 2395 2159 corrumpi
2410 2118 2472 2149 hoc

1477 2162 1661 2203 simpliciter
1675 2162 1836 2204 inquiunt,
1852 2162 1981 2202 quando
2005 2162 2045 2192 ad
2066 2162 2246 2192 insensibile
2261 2162 2346 2194 venit
2361 2169 2391 2193 et
2405 2172 2472 2193 non

1477 2217 1548 2247 ens,
1572 2207 1715 2238 similiter
1736 2206 1877 2246 generari
1907 2216 1944 2236 ex
1967 2216 2033 2236 non
2057 2212 2127 2246 ente
2152 2206 2318 2247 inquiunt,
2342 2207 2471 2248 quando

1477 2261 1514 2282 ex
1528 2250 1711 2282 insensibili.
1736 2250 1807 2282 Sive
1825 2249 1921 2291 igitur
1941 2250 2118 2281 subiectum
2139 2250 2270 2292 aliquod
2292 2251 2391 2282 subsit
2407 2251 2471 2282 sive

1476 2305 1560 2335 non,
1584 2301 1751 2336 generatur
1773 2305 1809 2325 ex
1832 2304 1898 2325 non
1923 2301 2002 2325 ente.
2036 2295 2142 2331 Quare
2166 2302 2196 2326 et
2218 2295 2360 2326 similiter
2381 2305 2471 2335 gene-

1475 2347 1562 2371 ratur
1584 2349 1621 2370 ex
1644 2350 1710 2370 non
1733 2345 1815 2378 ente,
1837 2345 1868 2369 et
1890 2339 2102 2379 corrumpitur
2124 2339 2157 2369 in
2180 2349 2246 2370 non
2269 2349 2333 2370 ens.
2357 2339 2470 2370 Merito

1476 2384 1572 2425 igitur
1593 2394 1660 2415 non
1683 2383 1787 2414 deficit
1813 2383 1987 2423 generatio:
2011 2383 2170 2423 generatio
2194 2384 2279 2414 enim
2303 2383 2380 2415 entis
2404 2394 2470 2415 cor-

1476 2428 1583 2469 ruptio
1607 2435 1654 2459 est
1676 2438 1742 2459 non
1765 2428 1854 2463 entis,
1879 2427 2039 2469 corruptio
2063 2435 2170 2459 autem
2193 2428 2288 2467 entis,
2311 2428 2470 2468 generatio

1477 2483 1544 2504 non
1567 2472 1657 2504 entis.
1685 2485 1690 2490 ·

1409 2517 1428 2536 Ῥ
1443 2517 1506 2548 Sed
1521 2517 1582 2548 hoc
1606 2527 1671 2548 non
1695 2527 1750 2547 ens
1773 2515 1966 2557 simpliciter,
1986 2522 2115 2558 quaeret
2130 2516 2242 2558 aliquis
2265 2523 2374 2547 utrum
2397 2516 2470 2547 alte-

1475 2572 1549 2592 rum
1573 2561 1802 2592 contrariorum
1832 2567 1895 2599 est,
1925 2567 2003 2601 puta
2029 2567 2109 2591 terra
2137 2567 2167 2591 et
2189 2571 2281 2601 grave
2309 2571 2375 2591 non
2398 2571 2471 2599 ens,

1477 2606 1560 2647 ignis
1582 2612 1690 2637 autem
1713 2613 1744 2636 et
1766 2606 1834 2636 leve
1854 2612 1923 2635 ens:
1947 2612 2003 2636 aut
2017 2615 2099 2644 non,
2124 2605 2179 2635 sed
2197 2612 2244 2636 est
2260 2611 2290 2636 et
2303 2611 2383 2636 terra
2406 2615 2471 2644 ens,

1475 2661 1542 2682 non
1566 2660 1621 2681 ens
1644 2657 1752 2681 autem
1774 2650 1905 2681 materia
1927 2656 2025 2680 terrae
2049 2656 2080 2680 et
2101 2649 2181 2689 ignis
2205 2649 2355 2681 similiter.

1409 2740 1451 2770 Et
1465 2750 1505 2771 an
1529 2739 1589 2770 alia
1612 2739 1777 2780 utriusque
1796 2738 1926 2770 materia
1949 2738 2001 2769 sit:
2026 2744 2081 2769 aut
2103 2748 2170 2768 non
2192 2745 2413 2778 generarentur
2437 2748 2472 2768 ex

1476 2783 1623 2821 invicem,
1640 2793 1744 2825 neque
1768 2794 1804 2814 ex
1828 2782 1988 2814 contrariis
2012 2780 2074 2824 (his
2091 2782 2177 2813 enim
2193 2782 2328 2812 existunt
2351 2788 2471 2812 contra-

1477 2828 1533 2867 ria,
1557 2827 1633 2868 igni,
1657 2834 1765 2866 terrae,
1787 2837 1887 2869 aquae
1911 2834 1942 2857 et
1965 2827 2026 2857 aeri
2038 2824 2062 2868 ).
2087 2828 2153 2857 Aut
2176 2833 2222 2857 est
2245 2826 2374 2868 quidem
2397 2835 2472 2866 qua-

1476 2873 1546 2903 liter
1569 2872 1695 2910 eadem,
1725 2872 1858 2913 qualiter
1880 2881 1955 2902 vero
1982 2870 2051 2901 alia.
2084 2871 2182 2908 Quod
2212 2870 2342 2910 quidem
2365 2870 2470 2908 enirn,

1477 2916 1751 2957 qualitercumque
1781 2926 1852 2954 ens,
1876 2915 2053 2953 subiicitur,
2077 2914 2163 2944 idem
2186 2921 2251 2952 est,
2275 2923 2341 2944 esse
2364 2920 2471 2944 autem

1476 2971 1543 2991 non
1565 2960 1660 2991 idem.
1685 2961 1732 2991 De
1755 2960 1803 2990 his
1826 2960 1921 3000 igitur
1942 2959 2099 2989 intantum
2123 2958 2242 2988 dictum
2266 2964 2319 2988 est.

1410 3070 1502 3098 cessio
1517 3070 1710 3108 generationis
1725 3075 1752 3098 et
1769 3067 1976 3105 corruptionis:
1998 3076 2057 3095 una
2071 3066 2148 3094 enim
2163 3075 2276 3103 semper
2289 3066 2472 3104 coniungitur

1410 3110 1503 3146 alteri;
1515 3119 1585 3138 nam
1599 3119 1665 3138 cum
1679 3115 1831 3147 generatur
1845 3117 1904 3142 ens,
1921 3106 2113 3143 corrumpitur
2126 3115 2186 3134 non
2201 3115 2266 3142 ens,
2285 3112 2312 3134 et
2326 3115 2392 3134 cum
2406 3115 2470 3135 cor-

1409 3149 1553 3187 rumpitur
1567 3159 1627 3185 ens,
1649 3155 1800 3186 generatur
1814 3157 1875 3176 non
1890 3156 1949 3175 ens.
1963 3163 1983 3167 —
2006 3146 2032 3174 5.
2053 3146 2080 3181 b)
2095 3146 2198 3174 Utrum
2212 3155 2273 3174 non
2286 3155 2337 3174 ens
2361 3155 2396 3174 ex
2409 3156 2468 3183 quo

1410 3196 1452 3218 est
1466 3189 1612 3227 generatio
1627 3195 1655 3217 et
1668 3189 1698 3216 in
1713 3189 1793 3225 quod
1802 3187 1972 3215 terminatur
1982 3185 2141 3222 corruptio,
2157 3185 2192 3213 sit
2205 3195 2297 3213 unum
2308 3194 2342 3214 ex
2355 3192 2469 3214 contra-

1409 3230 1458 3258 riis
1473 3229 1636 3258 elementis:
1658 3234 1728 3264 puta
1748 3237 1795 3262 an,
1810 3227 1882 3255 sicut
1902 3226 2014 3254 dicebat
2034 3225 2228 3260 Parmenides,
2243 3231 2319 3253 terra
2338 3231 2367 3253 et
2384 3235 2469 3262 grave

1409 3270 1444 3297 sit
1458 3278 1519 3297 non
1533 3278 1593 3303 ens,
1605 3267 1678 3304 ignis
1698 3276 1767 3295 vero
1782 3273 1810 3294 et
1823 3266 1884 3294 leve
1898 3266 1935 3293 sit
1952 3265 2019 3293 ens?
2034 3281 2053 3286 -
2066 3265 2138 3292 Illud
2152 3274 2213 3293 non
2229 3274 2279 3292 ens
2293 3271 2336 3293 est
2350 3265 2470 3294 materia

1408 3315 1500 3336 terrae
1514 3315 1541 3336 et
1555 3307 1640 3344 ignis:
1656 3316 1717 3335 non
1731 3313 1828 3334 tamen
1842 3305 1882 3333 ita
1895 3305 1976 3342 quod
1991 3304 2110 3333 materia
2120 3304 2156 3332 sit
2169 3314 2230 3332 non
2240 3313 2291 3332 ens
2301 3314 2353 3341 per
2366 3314 2406 3341 se,
2418 3306 2469 3334 sed

1407 3357 1459 3384 per
1473 3347 1618 3382 accidens,
1633 3347 1744 3374 ratione
1765 3354 1869 3381 nempe
1883 3344 2049 3381 privationis
2070 3343 2231 3372 adiunctae.
2245 3361 2265 3365 -
2280 3345 2306 3372 6.
2322 3346 2348 3379 c)
2365 3345 2469 3373 Utrum

1407 3397 1508 3415 eorum
1521 3395 1595 3423 quae
1605 3386 1642 3414 ad
1651 3385 1772 3413 invicem
1784 3390 1963 3422 generantur,
1977 3383 2095 3412 materia
2104 3383 2140 3412 sit
2150 3384 2251 3412 eadem
2259 3383 2303 3412 vel
2315 3384 2442 3413 diversa?
2449 3401 2468 3405 —

1407 3427 1437 3455 Si
1452 3433 1525 3454 esset
1539 3426 1594 3454 alia
1608 3432 1636 3453 et
1649 3425 1706 3453 alia
1719 3424 1845 3459 materia,
1860 3430 1930 3460 puta
1940 3423 2013 3461 ignis
2027 3430 2056 3452 et
2067 3430 2168 3459 terrae,
2189 3424 2260 3452 haec
2274 3432 2336 3452 non
2349 3433 2467 3461 genera-

1407 3473 1505 3494 rentur
1525 3465 1699 3493 adinvicem:
1722 3470 1837 3501 oportet
1851 3463 1929 3492 enim
1950 3472 1984 3492 ea
2007 3472 2081 3500 quae
2102 3463 2263 3492 adinvicem
2284 3470 2466 3500 generantur,

1407 3505 1621 3534 communicare
1642 3504 1672 3532 in
1693 3504 1837 3539 subiecto,
1860 3503 1940 3540 quod
1965 3502 2101 3539 suscipiat
2120 3503 2245 3531 formam
2265 3503 2423 3540 utriusque.
2447 3520 2468 3524 -

1408 3545 1488 3573 Licet
1514 3551 1612 3573 tamen
1632 3543 1752 3572 materia
1771 3543 1808 3571 sit
1828 3544 1930 3571 eadem
1951 3542 2089 3578 subiecto⁷
2104 3552 2165 3571 non
2179 3549 2222 3571 est
2242 3544 2343 3572 eadem
2365 3552 2466 3572 secun-

1407 3585 1477 3612 dum
1499 3593 1560 3612 esse
1581 3590 1609 3612 et
1629 3583 1787 3612 rationem:
1809 3589 1896 3619 prout
1916 3582 1993 3611 enim
2008 3588 2050 3611 est
2064 3583 2117 3610 sub
2133 3582 2250 3611 diversis
2264 3583 2373 3618 formis,
2388 3589 2416 3611 et
2429 3583 2468 3611 ad

1406 3624 1531 3653 diversas
1545 3624 1652 3652 formas
1666 3623 1824 3659 ordinatur,
1839 3622 1917 3651 aliud
1928 3632 1990 3651 esse
2004 3629 2032 3651 et
2046 3622 2131 3651 aliam
2151 3622 2293 3651 rationem
2314 3623 2408 3651 habet.

2501 976 2510 984 ⁶
2525 972 2580 1003 seq.
2595 981 2645 1004 cap.
2656 982 2680 998 111
2691 980 2714 998 et

2499 1005 2556 1023 teXt.
2570 1008 2606 1025 20.

2499 2078 2508 2087 ·
2523 2077 2590 2099 Text.
2604 2082 2635 2098 2¹.

2498 2521 2506 2530 ·
2521 2518 2588 2540 Text.
2603 2524 2637 2540 22.
