2782 4134
0 2392 9 2425 -,

14 2557 19 2566 ’
0 2478 39 2523 a!

43 2480 53 2518 .-

58 2513 66 2520 a
56 2483 67 2490 t

73 2486 80 2490 .

1101 242 1214 279 CAP.
1246 243 1314 289 111,
1345 242 1498 279 LECT.
1528 242 1598 280 vn
2408 257 2456 294 27

1000 469 1299 526 LECTIO
1338 470 1706 527 SEPTIMA

522 621 806 655 OSTENDITUR
829 621 999 653 CORPUS
1024 622 1250 654 CAELESTE
1274 623 1367 654 NON
1391 624 1492 655 ESSE
1517 624 1772 657 SUBIECTUM
1794 626 1946 664 NEQUE
1969 625 2218 657 AUGMENTO

244 681 303 713 ET
327 679 636 720 DEMINUTIONI,
660 679 811 718 NEQUE
834 679 1146 711 ALTERATIONI.
1159 698 1177 703 -
1194 681 1568 713 MANIFESTANTUR
1582 682 1665 713 PER
1688 683 1905 720 QUAEDAM
1929 683 2057 715 SIGNA
2080 684 2138 715 EA
2161 684 2281 722 QUAE
2301 683 2344 714 IN
2368 683 2459 714 HAC

666 738 725 768 ET
748 737 1058 769 PRAECEDENTI
1083 737 1307 770 LECTIONE
1329 739 1414 770 PER
1437 739 1670 771 RATIONEM
1694 741 1900 773 PROBATA
1923 742 2038 774 SUNT

237 867 349 902 Ἀλλά
373 866 440 911 μῆν
464 868 525 899 καὶ
549 867 591 900 τό
617 866 850 912 αὐξανόμενον
871 866 965 900 ἅπαν
987 866 1179 909 αὐξάνεται
1202 869 1262 900 καὶ
1280 869 1323 901 τό

311 911 425 958 φθῖνον
450 910 555 956 φθίνει
581 910 651 945 ἀπὸ
671 913 855 959 συγγενοῦς
876 912 1078 957 προσιόντος
1101 914 1162 945 καὶ
1181 913 1325 946 ἀναλυο-

341 957 415 992 ένου
433 957 478 995 εἰς
493 956 558 994 τήν
577 956 675 995 ὕλην·
696 957 810 999 τούτῳ
823 953 852 989 δ’
874 958 935 990 οὐκ
950 957 1043 990 ἔστιν
1062 957 1097 999 ἐξ
1113 958 1151 990 οὗ
1168 959 1320 1005 γέγονεν.

242 1003 281 1036 Et
301 969 337 1038 Be
353 1003 428 1036 ἐστὶ
451 1003 510 1034 καὶ
531 1000 726 1044 ἀναύξητον
746 1004 804 1035 καὶ
828 1001 1016 1050 ἄφθαρτον,
1036 1003 1100 1041 τῆς
1121 1003 1233 1041 αὐτῆς
1250 998 1324 1035 δια-

311 1050 406 1085 νοίας
432 1045 525 1079 ἐστὶν
553 1047 740 1088 ύπολαβεῖν
765 1048 825 1079 καὶ
845 1048 1080 1080 ἀναλλοίωτον
1098 1045 1197 1080 εἶναι.
1223 1048 1324 1081 Ἔστι

312 1093 374 1141 μὲν
397 1091 463 1138 γάρ
489 1092 510 1128 ἡ
539 1092 717 1130 ἀλλοίωσις
742 1095 870 1130 κίνησις
893 1093 991 1125 κατα
1007 1092 1050 1125 τὸ
1071 1092 1183 1134 ποιόν,
1202 1093 1266 1126 τοῦ
1286 1087 1325 1124 δὲ

271 1138 274 1141 ’
313 1141 415 1173 ποιοῦ
441 1138 477 1168 αἰ
502 1138 562 1181 μὲν
581 1136 664 1179 ἔξεις
689 1139 748 1169 καὶ
769 1133 942 1175 διαδόσεις
959 1137 1020 1170 οὐκ
1040 1137 1117 1170 ἄνευ
1133 1139 1203 1170 τῶν
1227 1138 1325 1170 κατα

203 1223 206 1226 ἢ
246 1182 415 1222 *πάθη
427 1183 612 1228 γίγνονται
636 1183 863 1227 μεταβολῶν,
889 1183 959 1215 οἷον
985 1183 1098 1228 ὑγίεια
1127 1185 1187 1214 καὶ
1212 1182 1322 1220 νόσος.

312 1229 422 1262 Karai
444 1223 483 1261 δὲ
508 1226 616 1266 πσίθος
643 1225 708 1260 ὅσα
732 1226 948 1270 μεταβάλλει
965 1229 1033 1260 τῶν
1051 1228 1195 1272 φυσικῶν
1212 1226 1327 1271 σωμά-

312 1286 402 1316 των,
429 1270 539 1319 ἔχονθ’
568 1272 694 1326 ὁρῶμεν
721 1271 842 1305 ποίντα
865 1274 925 1304 καὶ
951 1271 1092 1313 αὔξησιν
1117 1273 1176 1304 καὶ
1201 1270 1324 1316 φθίσιν,

313 1318 384 1353 οἷον
409 1320 459 1352 τοί
483 1330 523 1352 τε
549 1329 616 1351 των
639 1315 734 1360 ζῴων
760 1315 911 1360 σώματα
934 1318 993 1348 καὶ
1018 1316 1067 1350 τοὶ
1083 1315 1185 1361 μόρια
1207 1314 1323 1348 αὐτῶν

311 1364 372 1398 καὶ
395 1363 446 1397 τα
463 1363 530 1395 τῶν
547 1361 676 1407 φυτῶν,
696 1362 818 1406 ὁμοίως
833 1356 873 1394 δὲ
895 1362 956 1393 καὶ
973 1361 1023 1393 τοὶ
1039 1363 1106 1394 τῶν
1124 1363 1321 1407 στοιχείων

311 1408 396 1444 ὣστ’
424 1410 517 1450 εἴπερ
544 1406 586 1438 τὰ
610 1405 722 1448 κύκλῳ
753 1407 853 1450 σῶμα
877 1403 960 1451 μήτ’
990 1405 1132 1447 αὔξησιν
1159 1407 1248 1451 ἔχειν
1275 1406 1325 1438 ὲν-

311 1449 332 1488 δ
377 1465 458 1487 εται
477 1451 567 1497 μήτε
585 1449 709 1496 φθίσιν,
727 1450 870 1497 εὔλογον
889 1453 949 1483 καὶ
968 1451 1203 1484 ἀναλλοίωτον
1221 1447 1323 1485 εἶναι.

312 1499 350 1534 At
373 1510 409 1532 τι
439 1497 500 1541 μὲν
526 1493 584 1530 οὖν
618 1491 728 1529 ἀίδιον
759 1498 818 1528 καὶ
853 1495 926 1528 οὔτ’
954 1494 1096 1537 αὔξησιν
1130 1496 1208 1542 ἔχον
1243 1496 1324 1528 οὗτε

335 1541 434 1584 θίσιν,
463 1542 538 1576 ἀλλ’
561 1540 739 1588 ἀγήρατον
763 1541 824 1573 καὶ
850 1540 1084 1574 ἀναλλοίωτον
1108 1544 1168 1574 καὶ
1195 1539 1326 1579 ἀπαθές

311 1553 388 1625 reri
413 1587 455 1620 τό
481 1586 617 1632 πρῶτον
644 1586 711 1618 τῶν
744 1584 934 1630 σωμάτων,
962 1587 992 1618 εἴ
1015 1598 1067 1624 τις
1094 1590 1166 1625 τοῖς
1193 1587 1327 1619 ὑποκει-

310 1631 423 1680 μένοις
449 1630 620 1673 πιστεύει,
647 1630 789 1675 φανερόν
816 1630 853 1662 ἐκ
878 1631 945 1664 τῶν
971 1631 1153 1676 εἰρημένων
1179 1629 1286 1664 ἐστίν.

1380 869 1396 886 *
1419 873 1463 903 At
1490 882 1566 903 vero
1598 879 1629 903 et
1657 875 1891 913 augmentabile
1926 885 2024 906 omne
2054 882 2188 917 augetur
2215 886 2234 906 a
2265 874 2462 906 connaturali

1448 917 1635 948 adveniente
1664 925 1695 949 et
1718 919 1860 950 resoluto
1894 920 1927 950 in
1955 920 2136 952 materiam:
2165 919 2240 951 huic
2263 926 2372 951 autem
2395 930 2462 950 non

1444 968 1491 992 est
1515 972 1552 992 ex
1574 972 1642 1004 quo
1666 962 1788 994 factum
1814 971 1870 995 est.

1381 1004 1414 1036 Si
1438 1013 1547 1037 autem
1571 1013 1618 1038 est
1641 1014 1672 1038 et
1694 1007 1964 1048 inaugmentabile
1989 1017 2019 1040 et
2042 1009 2293 1050 incorruptibile,
2318 1009 2461 1040 eiusdem

1448 1051 1628 1082 intellectus
1647 1059 1694 1083 est
1718 1052 1878 1094 suscipere
1893 1061 1924 1084 et
1943 1054 2136 1085 inalterabile
2160 1064 2237 1085 esse.
2254 1054 2312 1085 Est
2330 1054 2462 1095 quidem

1449 1095 1536 1126 enim
1565 1096 1708 1128 alteratio
1736 1104 1846 1128 motus
1870 1099 2048 1129 secundum
2078 1099 2183 1140 quale.
2209 1098 2322 1137 Qualis
2353 1105 2462 1129 autern

1447 1140 1576 1171 habitus
1599 1141 1731 1182 quidem
1755 1149 1787 1173 et
1809 1142 2035 1183 dispositiones
2059 1154 2125 1174 non
2149 1143 2217 1174 sine
2236 1143 2285 1174 his
2308 1153 2391 1184 quae
2414 1153 2461 1174 se-

1449 1185 1594 1216 cundum
1608 1186 1772 1226 passiones
1795 1186 1878 1218 fiunt
1894 1188 2223 1227 transmutationibus,
2244 1195 2323 1229 puta
2345 1187 2462 1219 sanitas

1450 1236 1482 1260 et
1503 1229 1650 1270 languor.
1679 1231 1863 1262 Secundum
1896 1233 2080 1273 passionem
2103 1240 2210 1264 autem
2237 1242 2461 1274 quaecumque

1448 1280 1702 1306 transmutantur
1717 1276 1926 1317 physicorum
1946 1287 2131 1318 corporum,
2150 1277 2299 1309 habentia
2314 1277 2461 1308 videmus

1450 1319 1560 1350 omnia
1576 1326 1607 1350 et
1631 1328 1842 1360 augmentum
1858 1328 1889 1352 et
1903 1322 2160 1361 decrementum;
2177 1328 2255 1363 puta
2273 1321 2462 1352 animalium

1449 1373 1584 1404 corpora
1599 1371 1630 1395 et
1645 1372 1748 1405 partes
1767 1365 1924 1406 ipsorum,
1942 1373 1973 1397 et
1988 1366 2180 1407 plantarum,
2194 1366 2336 1397 similiter
2351 1373 2382 1397 et
2401 1366 2462 1397 ele-

1449 1415 1645 1440 mentorum.
1669 1410 1687 1428 *
1706 1410 1833 1451 Itaque,
1863 1410 1888 1441 si
1919 1411 2051 1454 quidem
2084 1411 2234 1442 circulare
2263 1421 2380 1451 corpus
2407 1421 2461 1441 ne-

1449 1463 1513 1494 que
1535 1461 1746 1494 augmentum
1767 1455 1882 1487 habe're
1907 1455 2062 1496 contingit
2083 1466 2188 1497 neque
2210 1456 2461 1494 decrementum,

1449 1497 1636 1529 rationabile
1653 1506 1684 1530 et
1698 1499 1893 1531 inalterabile
1908 1510 1985 1532 esse.
2003 1500 2102 1538 Quod
2118 1500 2251 1541 quidem
2266 1500 2362 1540 igitur
2380 1510 2462 1530 sem-

1450 1542 1628 1583 piternum,
1653 1550 1684 1575 et
1707 1554 1812 1585 neque
1836 1552 2047 1584 augmentum
2079 1545 2199 1575 habens
2227 1554 2332 1586 neque
2356 1544 2462 1575 decre-

1451 1594 1610 1627 mentum,
1635 1588 1690 1619 sed
1704 1589 1923 1620 insenescibile
1947 1596 1978 1620 et
2000 1589 2194 1620 inalterabile
2215 1595 2247 1620 et
2269 1588 2462 1630 impassibile

1452 1638 1499 1663 est
1522 1631 1666 1672 primum
1690 1643 1876 1674 corporum,
1901 1634 1926 1664 si
1950 1634 2022 1675 quis
2039 1633 2213 1675 suppositis
2237 1634 2345 1673 credit,
2360 1633 2462 1663 mani-

1452 1675 1571 1708 festum
1594 1687 1631 1708 ex
1655 1677 1745 1709 dictis
1769 1685 1826 1709 est.

235 1720 352 1757 Ἰοικι
375 1715 407 1753 δ’
429 1718 446 1753 ὅ
472 1731 511 1752 τε
535 1718 638 1766 λόγος
663 1723 735 1758 τοῖς
757 1718 970 1764 φαινομένοις
991 1723 1174 1765 μαρτυρεῖν
1197 1722 1258 1753 καὶ
1281 1721 1329 1754 τοὶ
1383 1721 1518 1753 Videtur
1540 1729 1650 1753 autem
1673 1729 1705 1754 et
1718 1723 1800 1754 ratio
1824 1722 2050 1764 apparentibus
2066 1723 2235 1762 testificari,
2260 1730 2291 1754 et
2309 1732 2462 1763 apparen-

362 1763 503 1810 ινόμενα
529 1765 578 1806 τῷ
596 1762 702 1811 λόγῳ.
728 1763 859 1801 Πάντες
876 1764 942 1811 γοὶρ
966 1763 1135 1808 ἄνθρωποι
1154 1767 1228 1811 περὶ
1244 1765 1326 1798 θεῶν

311 1777 447 1866 gonew
474 1808 658 1853 ὑπόληψιν,
676 1810 736 1841 καὶ
757 1807 886 1848 πάντες
912 1808 972 1842 τόν
993 1809 1163 1843 ἀνωτοίτω
1185 1812 1233 1853 τῷ
1251 1810 1326 1853 θείῳ

313 1867 423 1890 τοπον
450 1849 674 1894 ἀποδιδόασι,
695 1856 754 1886 καὶ
779 1854 798 1895 β
818 1853 826 1863 ’
848 1854 946 1899 βαροι
969 1856 1028 1887 καὶ
1049 1853 1225 1897 Ἓλληνες,
1254 1855 1326 1888 ὅσοι

312 1913 373 1947 περ
398 1897 486 1933 εἶναι
510 1899 684 1944 νομίζουσι
699 1865 934 1942 θεούςῗςῆλον
953 1898 1008 1933 ὅτι
1025 1899 1067 1938 ὥς
1085 1901 1133 1942 τῷ
1162 1900 1325 1943 ἀθανατῳ

311 1945 356 1980 τό
385 1944 563 1978 ἀθάνατον
595 1943 866 1989 συνηρτημένον·
895 1939 1068 1978 ἀδύνατον
1099 1944 1166 1991 γάρ
1198 1945 1322 1984 ἄλλως.

310 1992 414 2036 Rtmp
450 1987 508 2022 οὖν
533 1989 608 2022 ἔστι
641 2000 676 2022 τι
708 1988 818 2032 θεῐον,
844 1988 956 2035 ὥσπερ
982 1989 1078 2029 ἔστι,
1111 1992 1169 2022 καὶ
1195 1990 1244 2023 τοὶ
1267 1992 1325 2023 νῦν

286 2074 295 2078 ,
310 2034 472 2082 εἰρημένα
497 2036 572 2078 περὶ
597 2034 660 2072 τῆς
687 2034 824 2079 πρώτης
849 2035 967 2074 οὐσίας
991 2035 1058 2068 τῶν
1085 2034 1255 2079 σωμάτων
1281 2038 1325 2068 εἴ-

311 2091 416 2128 ρηται
438 2080 565 2117 καλῶς.

244 2125 430 2172 Συμβαίνει
453 2119 491 2157 δὲ
517 2123 625 2156 τοῦτο
649 2124 709 2155 καὶ
733 2118 794 2156 διαὶ
817 2126 881 2163 τῆς
908 2122 1095 2162 αἰσθήσεως
1121 2125 1258 2166 ἱκανῶς,
1282 2124 1324 2164 ὥς

311 2182 351 2218 γε
376 2169 458 2215 πρός
488 2169 698 2212 ἀνθρωπίνην
728 2169 834 2201 εἰπεῖν
869 2171 1004 2202 πίστιν·
1032 2168 1064 2200 ἓν
1101 2167 1233 2201 ἅπαντι
1258 2170 1324 2216 γοίρ

312 2215 362 2257 τῷ
390 2211 647 2258 παρεληλυθότι
675 2212 784 2267 χρόνῳ
813 2213 913 2246 κατὰ
939 2213 1006 2251 τήν
1039 2224 1089 2245 πα
1112 2208 1322 2259 αδεδομένην

313 2258 477 2297 ἀλληλοις
501 2257 636 2303 μνήμην
663 2257 760 2290 ουθὲν
778 2260 938 2303 φαίνεται
955 2225 1215 2303 μεταβεὲληκός
1241 2259 1322 2293 οὔτε

308 2301 387 2338 καθ’
415 2302 493 2336 ὅλον
519 2303 580 2337 τόν
606 2303 758 2348 ἔσχατον
791 2303 934 2347 οὐρανόν
967 2302 1048 2336 οὗτε
1081 2302 1180 2335 κατοὶ
1207 2303 1322 2349 μόριον

312 2347 424 2383 αὐτοῦ
449 2349 516 2381 τῶν
543 2347 672 2380 οἰκείων
700 2346 809 2381 οὐθέν.

235 2395 351 2428 Ἔοικε
375 2389 414 2425 δὲ
437 2394 497 2426 καὶ
523 2392 678 2437 τοῦνομα
703 2393 800 2435 παραὶ
825 2393 892 2425 τῶν
920 2391 1071 2438 ἀρχαίων
1099 2386 1323 2425 διαδεδόσθαι

311 2437 410 2484 μέχρι
434 2440 493 2471 καὶ
520 2438 584 2470 τοῦ
608 2439 666 2470 νῦν
691 2437 827 2483 χρόνου,
847 2437 974 2471 τοῦτον
1002 2437 1062 2469 τόν
1088 2435 1216 2479 τρόπον
1241 2438 1323 2470 ὐπο-

309 2486 358 2517 λα
387 2483 564 2524 βανόντων
582 2481 683 2528 ὅνπερ
707 2484 767 2515 καὶ
788 2483 885 2527 ἡμεῖς
901 2481 1064 2528 λέγομεν·
1086 2481 1123 2515 οὗ
1140 2481 1206 2528 γὰρ
1228 2481 1323 2524 ἅπαξ

311 2494 392 2563 augi
415 2523 466 2567 δὶς
493 2527 566 2561 ἀλλ’
590 2527 767 2572 ἀπειράκις
791 2523 846 2560 δεῖ
863 2528 1009 2572 νομίζειν
1027 2527 1092 2565 τοίς
1115 2527 1229 2566 αὐτοῖς
1251 2527 1326 2572 ἀφι-

310 2573 462 2607 κνεῖσθαι
478 2569 583 2614 δόξας
600 2572 646 2611 εἱς
664 2573 770 2618 ἡμᾶς.
784 2572 906 2615 Διόπερ
920 2574 964 2611 ὠς
978 2571 1094 2614 ἐτέρου
1113 2572 1205 2610 τινός
1224 2571 1322 2611 ὄντος

311 2620 376 2653 τοῦ
393 2617 528 2664 πρώτου
544 2616 705 2662 σώματος
723 2618 821 2663 παραὶ
835 2618 901 2666 γῆν
918 2619 977 2650 καὶ
996 2618 1060 2672 πῦρ
1077 2619 1137 2650 καὶ
1162 2617 1245 2663 ἀέρα
1265 2620 1324 2650 καὶ

313 2659 416 2710 ὕδωρ,
431 2662 551 2708 αἰθέρα
567 2662 838 2708 προσωνόμασαν
851 2662 912 2696 τόν
928 2661 1099 2696 ἀνωτατω
1112 2662 1237 2704 τόπον,
1255 2662 1324 2695 ἀπό

312 2710 377 2743 τοῦ
392 2707 460 2741 Θεῖν
480 2708 533 2741 ἀεὶ
550 2706 612 2740 τόν
632 2703 740 2741 ἀίδιον
782 2707 878 2753 ρόνον
895 2706 1028 2763 θέμενοι
1045 2708 1110 2745 τήν
1130 2706 1322 2752 ἐπωνυμίαν

313 2754 426 2796 αὐτῷ.
459 2751 699 2798 Ἀναξαγόρας
727 2747 766 2785 δε
796 2764 1064 2798 κατακεχρηται
1094 2754 1143 2795 τῷ
1177 2752 1346 2802 ὀνόματι·

313 2798 428 2840 τούτῳ
453 2798 492 2831 οὐ
517 2800 646 2836 καλῶς·
676 2797 836 2842 ὀνομάζει
860 2797 926 2844 γὰρ
952 2796 1071 2840 αἰθέρα
1103 2798 1180 2831 ἀντὶ
1206 2797 1320 2842 πυρός.

278 2923 279 2926 ,
299 2897 451 2927 ΞῩΝοΡειε.
468 2913 503 2918 -
525 2906 550 2926 1.
570 2897 686 2936 Corpus
707 2897 830 2925 caeleste
853 2905 910 2925 non
931 2896 1085 2924 subiicitur
1099 2902 1259 2935 augmento
1273 2902 1324 2925 aut

245 2934 446 2966 deminutioni.
467 2938 544 2966 Nam
564 2936 743 2974 ubicumque
765 2943 808 2965 est
828 2942 1018 2974 augmentum
1039 2943 1068 2965 et
1094 2936 1265 2972 deminutio,
1282 2936 1323 2965 ibi

246 2983 364 3014 oportet
387 2976 579 3015 &sealiquo
607 2978 700 3006 modo
727 2976 947 3014 generationem
976 2983 1004 3006 et
1031 2976 1269 3014 corruptionem:
1291 2977 1324 3006 fit

245 3016 326 3045 enim
346 3023 536 3054 augmentum
556 3026 610 3054 per
634 3016 818 3046 additionem
843 3017 964 3046 alicuius
992 3017 1206 3053 connaturalis,
1227 3018 1322 3054 quod,

246 3056 380 3094 deposita
399 3056 490 3093 priori
509 3057 625 3093 forma,
652 3057 772 3095 suscipit
793 3057 919 3086 formam
945 3057 1077 3095 corporis
1104 3057 1321 3095 augmentandi.

246 3097 363 3134 Corpus
383 3102 482 3125 autem
504 3096 626 3126 caeleste
646 3107 709 3126 non
723 3104 767 3126 est
787 3097 950 3126 subiectum
971 3097 1152 3136 generationi
1173 3105 1202 3126 et
1222 3107 1323 3126 corru-

245 3136 417 3175 ptioni.-·-2.
437 3136 508 3165 Item
533 3146 590 3165 non
613 3137 767 3166 subiicitur
789 3138 966 3166 aIterationi.
990 3138 1132 3167 Alteratio
1152 3138 1270 3175 proprie
1291 3138 1324 3167 fit

245 3177 408 3206 secundum
424 3176 540 3205 tertiam
557 3176 683 3213 speciem
705 3177 860 3214 qualitatis.
882 3178 991 3207 Omnia
1011 3185 1109 3207 autem
1131 3187 1257 3215 corpora
1271 3188 1323 3207 na-

245 3217 350 3246 turalia
375 3226 451 3254 quae
472 3217 630 3245 alterantur
651 3218 812 3246 secundum
829 3218 998 3256 passionem
1020 3225 1049 3247 et
1065 3219 1237 3257 passibilem
1252 3228 1323 3256 qua·

246 3258 374 3292 litatem,
400 3257 535 3286 videntur
556 3256 702 3294 suscipere
722 3264 912 3295 augmentum
940 3264 969 3286 et
994 3259 1222 3287 decrementum.
1244 3260 1322 3296 Ergo

246 3297 378 3327 eiusdem
395 3297 515 3326 rationis
529 3297 643 3326 videtur
660 3306 723 3325 esse
742 3298 823 3334 quod
837 3307 944 3334 corpus
965 3299 1086 3327 caeleste
1100 3308 1163 3327 non
1176 3299 1323 3328 subiaceat

245 3337 424 3374 alterationi,
449 3344 477 3366 et
502 3338 584 3375 quod
608 3346 670 3366 non
693 3337 841 3366 subiaceat
861 3344 1019 3375 augmento
1041 3345 1069 3366 et
1092 3339 1288 3367 decremento.
1303 3356 1323 3360 -

245 3378 388 3415 Epilogus
411 3384 440 3406 et
464 3378 615 3406 conclusio
638 3377 885 3414 praecedentium.
904 3394 925 3399 -
946 3378 972 3406 3.
995 3379 1080 3406 Luna
1103 3378 1282 3408 illuminatur
1305 3388 1323 3407 a

246 3418 324 3454 sole,
338 3424 367 3446 et
380 3427 434 3455 per
445 3419 581 3447 umbram
595 3424 689 3446 terrae
704 3418 890 3446 obscuratur:
904 3417 1019 3446 videtur
1031 3427 1102 3455 ergo
1117 3419 1198 3455 quod
1214 3428 1322 3456 corpus

247 3458 370 3487 caeleste
383 3458 529 3487 alteretur.
540 3475 560 3480 -
575 3459 778 3495 Respondetur
798 3458 880 3495 quod
893 3466 912 3485 a
925 3467 1049 3495 corpore
1067 3458 1182 3486 caelesti
1195 3459 1322 3487 excludi-

193 3534 198 3537 ·
244 3504 294 3526 tur
314 3497 446 3527 alteratio
465 3498 596 3537 passiva,
617 3508 670 3535 per
684 3507 772 3536 quam
791 3497 833 3533 ita·
848 3497 959 3534 aliquid
979 3497 1112 3526 adiicitur
1133 3499 1214 3535 quod
1234 3498 1322 3527 etiam

247 3537 358 3576 aliquid
379 3538 458 3567 aliud
472 3538 620 3574 abiicitur;
639 3548 701 3567 non
715 3545 813 3567 autem
827 3537 959 3566 alteratio
974 3538 1152 3577 perfectiva,
1167 3547 1220 3575 per
1233 3547 1323 3575 quam

246 3577 359 3616 aliquid
373 3579 410 3607 ab
431 3578 490 3607 alio
510 3578 658 3616 perficitur
679 3579 790 3616 absque
810 3578 932 3607 alicuius
953 3577 1124 3607 abiectione.
1138 3587 1196 3613 -4.
1213 3578 1323 3607 Contra

246 3627 418 3656 processum
444 3618 566 3648 rationis
592 3619 728 3648 inductae
754 3620 801 3655 (n.
819 3620 863 3655 2).
892 3620 961 3647 Non
982 3618 1097 3647 videtur
1119 3627 1220 3647 verum
1241 3619 1323 3656 quod

1450 1766 1494 1798 tia
1516 1767 1642 1799 rationi.
1667 1767 1791 1799 Omnes
1805 1767 1892 1798 enirn
1910 1768 2058 1799 homines
2083 1768 2122 1799 de
2145 1767 2203 1798 diis
2227 1767 2344 1798 habent
2361 1766 2462 1798 existi-

1450 1811 1638 1851 mationem,
1655 1819 1686 1843 et
1701 1822 1815 1843 omnes
1839 1822 1915 1843 eum
1930 1812 1986 1854 qui
2006 1823 2135 1844 sursum
2157 1813 2228 1844 Deo
2244 1812 2355 1843 locum
2378 1811 2463 1842 attri-

1450 1856 1565 1901 buunt,
1586 1863 1617 1888 et
1639 1857 1768 1888 Barbari
1788 1864 1819 1888 et
1833 1857 1957 1896 Graeci,
1974 1857 2171 1899 quicumque
2195 1857 2327 1898 quidem
2348 1862 2464 1897 putant

1451 1910 1518 1932 esse
1542 1901 1636 1940 deos,
1666 1901 1772 1942 palam
1796 1909 1832 1933 ut
1855 1902 2030 1933 immortali
2052 1902 2233 1933 immortale
2257 1908 2462 1942 coaptatum;

1450 1945 1649 1987 impossibile
1675 1946 1766 1977 enim
1796 1946 1894 1978 aliter.
1920 1947 1953 1978 Si
1977 1947 2110 1988 quidem
2138 1946 2234 1987 igitur
2263 1952 2310 1977 est
2341 1945 2462 1987 aliquid

1450 1990 1607 2029 divinum,
1632 1991 1911 2032 quemadmodum
1936 1998 2002 2030 est,
2027 1998 2058 2022 et
2081 2001 2167 2022 nunc
2191 1991 2274 2022 dicta
2297 1991 2336 2021 de
2360 1991 2463 2031 prima

1451 2035 1626 2066 substantia
1649 2045 1804 2077 corporea
1828 2036 1911 2068 dicta
1935 2043 2010 2067 sunt
2032 2037 2123 2067 bene.

1381 2124 1506 2156 Accidit
1521 2131 1629 2156 autem
1652 2124 1715 2156 hoc
1732 2132 1762 2156 et
1785 2135 1842 2165 per
1861 2134 1992 2156 sensum
2011 2124 2213 2165 sufficienter,
2231 2131 2267 2156 ut
2290 2125 2330 2156 ad
2345 2125 2459 2156 huma-

1447 2179 1525 2200 nam
1552 2169 1654 2204 dicere
1677 2169 1785 2201 fidem.
1815 2170 1851 2200 In
1881 2169 1972 2200 omni
2000 2170 2086 2200 enim
2106 2170 2274 2210 praeterito
2305 2176 2461 2210 tempore,

1449 2214 1629 2245 secundum
1655 2214 1802 2246 traditam
1825 2214 1964 2245 invicem
1993 2214 2202 2253 memoriam,
2227 2214 2307 2245 nihil
2337 2214 2462 2256 videtur

1447 2266 1697 2290 transmutatum
1706 2269 1812 2300 neque
1822 2259 2002 2290 secundum
2014 2266 2121 2290 totum
2131 2266 2310 2290 extremum
2325 2259 2460 2298 caelum,

1448 2313 1553 2345 neque
1578 2304 1758 2334 secundum
1775 2310 1900 2344 partem
1923 2303 2025 2345 ipsius
2048 2303 2213 2344 propriam
2237 2303 2346 2335 ullam.

1379 2394 1514 2426 Videtur
1537 2402 1646 2426 autem
1662 2401 1693 2426 et
1716 2404 1837 2425 nomen
1861 2394 1899 2425 ab
1919 2393 2059 2435 antiquis
2078 2394 2190 2424 datum
2214 2403 2281 2424 esse
2300 2403 2403 2434 usque
2419 2394 2460 2424 ad

1447 2446 1576 2480 tempus
1592 2449 1751 2480 praesens,
1776 2439 1839 2470 hoc
1855 2439 1956 2470 modo
1974 2438 2225 2470 existimantibus
2241 2448 2308 2479 quo
2327 2438 2460 2480 quidem

1439 2491 1479 2516 ¹et
1502 2494 1562 2515 nos
1578 2484 1724 2515 dicimus.
1741 2484 1817 2514 Non
1841 2483 1928 2514 enim
1952 2483 2050 2514 semel
2065 2493 2170 2524 neque
2194 2482 2253 2522 bis,
2278 2483 2333 2514 sed
2355 2482 2459 2513 infini-

1447 2529 1506 2560 ties
1530 2535 1658 2570 oportet
1676 2535 1788 2569 putare
1804 2529 1932 2559 easdem
1948 2527 2112 2559 advenisse
2135 2527 2305 2568 opiniones
2325 2528 2365 2558 ad
2388 2537 2458 2559 nos.

1448 2574 1583 2615 Propter
1598 2573 1699 2615 quod,
1724 2580 1879 2614 tanquam
1893 2573 1992 2604 altero
2016 2572 2161 2614 quodam
2180 2571 2330 2604 existente
2352 2572 2459 2613 primo

1450 2629 1584 2659 corpore
1612 2625 1736 2659 praeter
1763 2624 1880 2649 terram
1903 2624 1934 2648 et
1956 2617 2064 2658 ignem
2089 2624 2119 2648 et
2142 2626 2247 2647 aerem
2271 2623 2303 2648 et
2326 2627 2460 2658 aquam,

1448 2663 1574 2695 aethera
1589 2663 1832 2704 appellaverunt
1844 2672 2035 2703 supremum
2052 2662 2174 2700 locum,
2193 2671 2211 2692 a
2235 2671 2358 2692 currere
2377 2671 2460 2692 sem-

1447 2718 1505 2749 per
1520 2708 1715 2749 sempiterno
1730 2714 1876 2748 tempore
1895 2713 2052 2748 ponentes
2066 2706 2365 2738 denominationem
2387 2706 2458 2746 ipsi.

1447 2755 1653 2794 Anaxagoras
1668 2759 1778 2784 autem
1794 2752 1894 2783 utitur
1916 2751 2050 2783 nomine
2065 2751 2130 2782 hoc
2152 2761 2219 2782 non
2233 2751 2329 2782 bene:
2353 2750 2460 2781 nomi-

1447 2805 1502 2829 nat
1525 2798 1612 2829 enim
1634 2797 1760 2829 aethera
1783 2807 1843 2838 pro
1866 2796 1949 2837 igne.

1381 2904 1584 2933 quaecumque
1598 2895 1767 2931 alterantur,
1778 2900 1969 2932 augmentum
1987 2899 2038 2922 aut
2055 2893 2274 2922 decrementum
2289 2891 2456 2928 suscipiant.

1380 2935 1425 2964 Fit
1442 2935 1520 2964 enim
1541 2941 1731 2973 augmentum
1754 2944 1807 2972 per
1827 2934 2008 2963 additionem
2036 2933 2156 2962 alicuius
2177 2933 2259 2969 quod
2280 2930 2458 2960 convertitur

1379 2975 1411 3005 in
1432 2975 1623 3005 substantiam
1645 2975 1707 3004 eius
1732 2975 1814 3012 quod
1838 2981 1975 3012 augetur,
2004 2973 2078 3002 sicut
2098 2972 2208 3001 dictum
2230 2978 2272 3000 est
2293 2981 2322 3000 n.
2342 2981 2372 2999 1:
2400 2971 2457 3000 hoc

1379 3023 1478 3046 autem
1492 3016 1591 3045 locum
1606 3017 1694 3044 habet
1708 3015 1738 3044 in
1753 3015 1927 3044 animalibus
1942 3021 1970 3042 et
1984 3013 2099 3050 plantis,
2114 3022 2176 3041 non
2190 3021 2259 3040 vero
2277 3011 2307 3039 in
2322 3011 2366 3039 his
2381 3021 2457 3049 quae

1380 3057 1597 3086 condensantur
1621 3062 1649 3084 et
1674 3055 1822 3084 rarefiunt.
1838 3072 1858 3076 —-
1871 3054 2074 3091 Respondetur
2088 3058 2278 3091 augmentum
2302 3051 2393 3088 accipi
2409 3051 2457 3080 hic

1378 3107 1433 3134 pro
1449 3096 1582 3134 quolibet
1596 3102 1688 3132 motu,
1711 3105 1772 3133 quo
1793 3094 1904 3132 aliquid
1922 3093 2037 3131 proficit
2050 3093 2081 3121 in
2095 3092 2237 3121 maiorem
2252 3091 2454 3129 quantitatem.

1379 3139 1416 3166 Et
1436 3143 1545 3172 tamen,
1567 3136 1642 3165 sicut
1665 3136 1747 3173 quod
1771 3142 1892 3172 augetur
1912 3143 1965 3171 per
1982 3133 2163 3162 additionem
2184 3142 2246 3161 non
2267 3138 2311 3160 est
2331 3131 2456 3160 omnino

1379 3178 1503 3206 liberum
1522 3187 1540 3205 a
1558 3176 1746 3214 generatione
1770 3182 1798 3203 et
1812 3174 2008 3211 corruptione,
2024 3173 2064 3202 ita
2085 3182 2139 3201 nec
2160 3173 2242 3210 quod
2263 3179 2385 3210 augetur
2405 3181 2457 3209 per

1379 3217 1609 3246 rarefactionem.
1618 3234 1638 3238 -
1654 3217 1680 3244 5.
1695 3215 1916 3244 Manifestantur
1929 3223 1981 3251 per
1996 3213 2078 3251 signa
2092 3222 2168 3251 quae
2183 3213 2259 3241 dicta
2273 3219 2340 3241 sunt
2357 3213 2388 3240 in
2402 3213 2457 3241 hac

1379 3264 1407 3286 et
1428 3256 1612 3294 praecedenti
1633 3255 1765 3284 lectione.
1780 3257 1809 3290 a)
1824 3256 1867 3282 Ex
1888 3254 2039 3283 communi
2059 3253 2215 3282 hominum
2237 3253 2387 3290 opinione,
2406 3252 2457 3290 qui

1379 3307 1483 3326 omnes
1498 3297 1658 3326 attribuunt
1672 3304 1842 3332 supremum
1856 3295 1965 3330 locum,
1980 3294 2087 3323 scilicet
2105 3294 2267 3329 caelestem,
2283 3295 2357 3329 Deo,
2373 3293 2457 3330 quasi

1379 3338 1549 3374 adaptantes
1578 3335 1743 3364 immortale
1772 3344 1878 3372 corpus
1902 3334 2116 3363 immortalibus
2144 3341 2172 3363 et
2200 3333 2304 3362 divinis
2325 3334 2421 3362 rebus.
2437 3350 2456 3354 —

1379 3379 1408 3406 6.
1433 3378 1461 3413 b)
1483 3378 1526 3405 Ex
1541 3375 1725 3413 experientia,
1741 3385 1775 3404 ex
1789 3384 1848 3412 qua
1861 3375 1975 3404 videtur
1992 3376 2073 3412 quod
2088 3375 2118 3403 in
2132 3381 2195 3403 toto
2210 3373 2367 3411 praeterito
2381 3380 2455 3402 tem-

1378 3426 1451 3455 pore
1465 3426 1526 3445 non
1541 3416 1577 3445 sit
1597 3415 1707 3453 aliquid
1728 3421 1954 3444 transmutatum
1975 3424 2071 3453 neque
2093 3415 2254 3443 seeundum
2274 3420 2370 3443 toturn
2391 3423 2455 3442 cae-

1378 3458 1448 3493 lum,
1471 3466 1567 3494 neque
1588 3456 1750 3484 secundum
1771 3455 1900 3493 aliquam
1921 3462 2034 3493 partem
2053 3455 2124 3484 eius.
2148 3472 2168 3477 -
2193 3465 2220 3492 7.
2242 3456 2268 3491 c)
2289 3455 2316 3483 A
2334 3453 2455 3482 nornine

1378 3497 1517 3534 imposito
1532 3497 1568 3525 ab
1583 3495 1720 3533 antiquis.
1742 3495 1940 3525 Nominarunt
1954 3496 2033 3524 enim
2047 3505 2218 3533 supremum
2239 3495 2338 3523 locum
2352 3493 2455 3522 mundi

1378 3538 1514 3571 aethera,
1538 3537 1575 3565 ab
1597 3546 1633 3565 eo
1655 3537 1737 3574 quod
1758 3542 1801 3565 est
1822 3546 1940 3575 semper
1961 3545 2086 3565 currere
2107 3536 2285 3574 sempiterno
2307 3541 2454 3572 tempore.-

1377 3578 1456 3606 unde
1475 3583 1503 3606 et
1515 3576 1571 3614 ipsi
1593 3576 1705 3614 opinati
1725 3576 1860 3605 videntur
1881 3577 1993 3606 caelum
2016 3586 2079 3606 esse
2100 3575 2328 3613 incorruptibile.
2350 3574 2454 3602 Exclu-

1378 3618 1455 3646 ditur
1475 3617 1683 3655 interpretatio,
1694 3617 1894 3655 Anaxagorae.

2490 881 2501 892 ⁸
2516 881 2570 908 Seq.
2587 887 2639 909 cap.
2653 887 2689 903 ur.

2490 907 2558 930 Text.
2573 914 2603 929 21.

2490 1420 2500 1430 ³
2517 1418 2587 1443 Text.
2601 1426 2635 1442 22.
