2782 4134
69 1255 78 1264 ·
89 1253 125 1276 Cf.
135 1254 187 1275 leet.
195 1260 218 1281 x,
230 1259 253 1275 n.
262 1260 277 1275 1.

68 1415 78 1424 *
92 1414 155 1436 Lect.
170 1420 220 1442 seq.

67 1578 76 1588 '
91 1576 161 1599 Num.
176 1583 225 1604 seq.

66 1661 76 1671 *
91 1659 161 1681 Num.
176 1660 198 1682 8.

68 2644 77 2653 *
92 2643 162 2665 Num.
178 2649 200 2670 7.

68 2754 78 2764 '
93 2753 164 2775 Num.
180 2753 201 2774 6.

322 279 393 314 186

315 357 346 384 in
367 356 517 385 orientem.
540 356 683 384 Mercurio
703 362 815 391 autem,
838 362 951 393 praeter
971 356 1042 384 istos
1064 362 1176 390 motus,
1192 354 1383 383 attribuerunt

315 403 460 433 quartum,
483 406 542 433 quo
564 396 670 424 scilicet
691 403 822 424 centrum
844 397 982 433 sphaerae
1004 395 1093 432 ipsius
1115 402 1248 423 movetur
1262 394 1292 422 in
1307 404 1381 431 quo-

315 438 383 465 dam
405 446 493 473 parvo
516 436 622 464 circulo
644 436 717 464 circa
740 443 868 464 centrum
899 436 1008 464 mundi.
1036 437 1135 463 Lunae
1163 444 1241 469 vero,
1269 441 1382 470 praeter

314 477 385 505 istos
407 483 532 513 quatuor
553 483 662 511 motus,
685 476 876 504 attribuerunt
898 476 1046 512 quintum,
1070 475 1176 503 scilicet
1197 481 1311 502 motum
1333 483 1380 502 ca-

310 517 384 555 pitis
404 522 432 544 et
459 517 584 550 caudae,
613 526 672 553 quo
700 523 853 544 moventur
880 515 951 543 nodi
980 515 1009 543 in
1038 514 1143 551 quibus
1169 514 1292 550 sphaera
1319 514 1380 542 eius

315 563 391 584 secat
412 556 573 584 zodiacum.
597 557 654 584 Sed
675 556 744 591 soli,
773 562 886 592 praeter
906 562 1020 583 motum
1043 554 1196 589 diurnum,
1218 563 1279 582 non
1301 553 1380 582 attri-

314 597 438 624 buerunt
459 596 514 624 nisi
535 597 609 624 duos
631 602 739 624 motus:
763 605 838 623 unus
860 605 918 632 quo
941 601 1073 622 movetur
1087 594 1117 622 in
1132 604 1185 622 suo
1208 593 1379 629 excentrico,

314 637 385 664 alter
412 646 471 673 quo
500 637 620 672 sphaera
646 635 706 664 eius
732 642 864 663 movetur
891 636 927 663 ab
956 634 1106 662 occidente
1134 634 1163 662 in
1192 635 1344 662 orientem.
1361 651 1380 655 -

315 676 391 711 Quia
418 685 485 713 ergo
507 676 650 704 Mercurio
672 682 699 703 et
720 676 820 710 lunae,
844 674 893 711 qui
915 681 982 702 sunt
1010 674 1159 702 inferiores
1180 675 1378 711 planetarum,

313 716 472 744 attribuunt
493 716 633 752 plurimos
654 722 764 750 motus;
787 714 842 742 soli
863 724 947 750 vero,
977 724 1064 751 quem
1091 721 1206 751 ponunt
1234 714 1378 749 medium,

313 756 518 792 paucissimos;
541 756 626 783 ceteri
651 762 746 783 autem
769 754 931 791 superiores
957 755 1089 791 planetae
1115 754 1213 783 medio
1235 755 1326 782 modo
1349 763 1379 782 se

313 796 420 824 habent
447 796 477 823 in
498 805 620 823 numero
642 802 792 829 motuum,
822 801 900 831 patet
920 794 1083 823 Aristotelis
1115 794 1327 823 dubitationem
1349 794 1379 821 in

313 836 368 863 hoc
389 842 542 872 systemate
558 845 622 863 vere
640 835 805 871 procedere.
821 851 840 856 —
855 836 881 863 6.
898 835 1041 863 Probatur
1054 834 1084 863 id
1100 836 1180 872 quod
1194 834 1378 871 suppositum

311 875 364 903 fuit
386 885 471 912 supra
493 878 535 911 (n.
554 876 594 910 3),
619 875 725 902 scilicet
746 875 827 911 quod
849 875 922 902 ordo
944 874 1124 911 planetarum
1146 884 1176 903 se
1198 875 1285 902 habet
1306 873 1379 902 sicut

310 915 350 942 ibi
366 915 473 943 dictum
489 922 539 943 est.
562 917 597 942 Et
618 914 713 951 primo
735 921 878 951 quantum
899 915 936 942 ad
958 914 1071 951 aliquos
1093 915 1231 951 planetas,
1254 923 1306 951 per
1321 914 1376 941 hoc

310 956 391 991 quod
412 955 473 992 ipse
493 955 616 990 viderat,
639 964 744 991 nempe
772 954 997 983 occultationem
1019 954 1120 983 Martis
1148 963 1199 991 per
1224 953 1378 990 interposi-

311 994 423 1023 tionem
445 996 530 1023 lunae
551 995 624 1023 inter
644 994 739 1031 ipsum
761 1001 789 1022 et
810 1003 878 1031 nos;
901 995 982 1032 quod
1001 995 1167 1032 contingere
1189 1003 1250 1022 non
1270 999 1376 1030 posset,

371 1270 395 1276 -ν
432 1237 461 1282 W.
502 1237 759 1296 &quasdam
771 1248 1023 1285 dubitationes
1035 1247 1371 1296 circapraedicta*.

307 1302 356 1337 Et
381 1300 478 1337 circa
505 1301 580 1337 hoc
600 1301 677 1338 duo
707 1301 810 1338 facit:
839 1301 965 1350 primo
985 1301 1094 1350 ponit
1112 1300 1372 1349 quaestiones,

307 1355 474 1391 secundo
504 1354 616 1391 solvit
650 1367 734 1401 eas,
764 1354 836 1391 ibi:
867 1355 941 1392 Sed
971 1366 1039 1391 nos
1068 1360 1109 1390 ut
1134 1354 1179 1390 de
1207 1354 1372 1402 corpori-

306 1408 374 1444 bus
394 1409 414 1428 ³⁵
443 1415 512 1444 etc.
544 1407 653 1444 Circa
679 1408 848 1457 primum
877 1408 947 1445 tria
975 1407 1078 1444 facit:
1107 1407 1232 1456 primo
1262 1419 1373 1443 excu—

306 1469 362 1497 sat
390 1474 430 1498 se
450 1473 472 1497 a
490 1461 800 1510 praesumptione
827 1461 1080 1510 pertractandi
1108 1462 1176 1497 has
1202 1460 1373 1498 difficiles

306 1514 566 1563 quaestiones3
592 1515 761 1552 secundo
790 1523 923 1552 movet
951 1527 1027 1561 eas,
1048 1514 1115 1551 ibi:
1144 1515 1279 1551 Adhuc
1306 1526 1373 1550 au-

306 1575 378 1605 tem
398 1569 417 1589 *
437 1575 523 1613 etc.;
544 1568 653 1604 tertio
683 1568 847 1605 ostendit
874 1568 1144 1617 quaestionum
1174 1567 1372 1605 difficulta-

306 1629 382 1658 tem
402 1627 430 1668 α,
452 1621 518 1658 ibi:
544 1622 604 1658 De
621 1621 678 1658 his
697 1622 845 1670 quidem
867 1623 886 1643 ³³
907 1629 976 1658 etc.

359 1675 458 1712 Dicit
483 1687 572 1722 ergo
601 1674 726 1723 primo
757 1675 873 1724 quod,
905 1687 993 1712 cum
1023 1674 1120 1711 circa
1149 1675 1272 1711 stellas
1301 1674 1373 1711 sint

307 1728 404 1766 duae
424 1728 676 1765 dubitationes
697 1728 743 1765 de
773 1728 911 1777 quibus
931 1727 1200 1765 rationabiliter
1219 1727 1375 1776 quilibet

305 1781 632 1830 potest'dubitare,
653 1789 796 1818 tentare
813 1782 1001 1819 debemus
1022 1781 1147 1818 dicere
1168 1781 1265 1818 circa
1285 1780 1373 1817 istas

307 1835 558 1872 dubitationes
595 1835 633 1872 id
670 1837 776 1883 quod
813 1835 923 1872 nobis
956 1835 1126 1881 videtur;
1157 1834 1207 1871 ita
1235 1834 1374 1870 scilicet

307 1889 412 1937 quod
430 1901 501 1925 nos
517 1896 737 1938 reputemus
757 1888 913 1937 dignum
934 1901 1016 1925 esse
1030 1886 1048 1916 β
1069 1888 1173 1936 quod
1188 1887 1373 1936 prompti·

305 1942 398 1979 tudo
415 1942 579 1979 hominis
596 1942 866 1980 considerantis
881 1941 1099 1979 huiusmodi
1117 1940 1371 1990 quaestioneS,

306 1995 426 2044 magis
447 1996 584 2032 debeat
602 1995 778 2044 imputari
795 1996 1055 2041 verecundiae,
1075 1995 1171 2032 idest
1185 1994 1374 2031 honestati

304 2050 365 2085 vel
399 2049 625 2095 modestiae,
661 2061 777 2098 quarn
814 2049 1012 2094 audaciae,
1047 2048 1143 2085 idest
1175 2061 1371 2097 praesum-

304 2102 441 2151 ptioni3
471 2102 500 2139 si
529 2110 658 2139 tamen
686 2102 746 2138 ille
775 2102 838 2151 qui
867 2101 1087 2139 huiusmodi
1118 2101 1371 2138 dubitationes

305 2156 529 2203 considerat,
542 2155 668 2203 diligat
682 2155 795 2192 etiam
809 2167 954 2204 parvas
972 2155 1214 2204 sufficientius
1229 2160 1254 2202 ⁷,
1276 2155 1372 2192 idest

303 2221 440 2258 parurn
470 2209 698 2246 sufficientes
732 2209 911 2255 rationes,
941 2209 989 2246 ad
1018 2208 1293 2245 inveniendum
1323 2209 1370 2245 de

304 2263 373 2299 illis
401 2263 526 2309 rebus,
555 2262 600 2299 de
630 2262 767 2311 quibus
795 2263 983 2299 habemus
1011 2262 1198 2298 maximas
1223 2261 1369 2299 dubita-

304 2316 443 2362 tiones;
465 2323 500 2352 et
514 2316 589 2352 hoc
607 2323 762 2364 propter
782 2315 1011 2352 desiderium
1027 2315 1132 2364 quod
1152 2315 1236 2364 quis
1256 2316 1370 2353 habet

305 2369 354 2406 ad
381 2369 675 2418 philosophiam,
700 2377 741 2406 ut
769 2369 908 2406 scilicet
937 2369 1017 2406 eius
1044 2369 1229 2418 principia
1256 2374 1369 2415 stent,

305 2423 401 2460 idest
428 2423 539 2459 firma
567 2430 816 2471 permaneant
844 2420 867 2458 ὃ.

362 2488 395 2513 2.
416 2476 565 2513 Deinde
590 2489 678 2512 cum
699 2475 799 2512 dicit:
829 2476 963 2512 Adhuc
982 2480 1107 2512 autem
1128 2482 1196 2511 etc.
1219 2476 1294 2522 (vel
1315 2487 1371 2512 se-

308 2530 474 2566 eundum
502 2529 615 2566 aliam
644 2529 816 2575 litteram,
834 2530 904 2566 'Est
929 2534 1054 2565 autem
1079 2534 1090 2548 ⁸
1120 2530 1217 2575 etc.)‚
1240 2536 1372 2566 movet

308 2582 559 2620 dubitationes
580 2583 695 2619 duas:
716 2594 878 2630 quarum
897 2581 1066 2618 secunda
1085 2581 1213 2630 incipit
1232 2581 1303 2618 ibi:
1323 2583 1374 2618 Et

307 2637 377 2672 hoc
405 2636 561 2684 itaque*
581 2643 648 2672 etc.
680 2635 789 2672 Circa
817 2635 985 2684 primum
1015 2634 1091 2671 duo
1114 2634 1215 2671 facit:
1244 2635 1370 2683 primo

307 2696 438 2726 movet
458 2689 738 2737 quaestionem;
760 2688 930 2725 secundo
950 2688 1089 2737 probat
1107 2687 1211 2737 quod
1232 2700 1372 2737 suppo-

308 2750 444 2790 suerat,
465 2742 532 2779 ibi:
552 2742 686 2779 Palam
715 2747 839 2778 autem
859 2742 930 2778 hoc
948 2742 993 2778 de
1018 2741 1239 2789 quibusdam
1261 2742 1280 2763 ’¹‘
1301 2749 1370 2778 etc.

361 2883 388 2916 α)
404 2883 483 2908 tertio
495 2882 611 2907 ostendit
627 2881 809 2914 quaestionum
825 2881 1018 2915 difficultatem.
1028 2896 1046 2901 -
1056 2882 1135 2907 tertio
1155 2880 1254 2915 (autem
1269 2883 1327 2907 add.
1340 2882 1374 2918 D)

307 2919 424 2944 ostendit
443 2918 620 2950 quaestionem
641 2917 818 2950 difficiliorem
838 2917 913 2942 codd.
928 2925 980 2942 exc.
995 2918 1032 2948 A;
1052 2918 1084 2942 cf.
1097 2923 1183 2943 tamen
1203 2926 1274 2943 num.
1289 2917 1314 2949 8,
1331 2919 1375 2943 ubi

308 2955 397 2979 dicitur
416 2953 532 2978 ostendit
551 2953 733 2986 difficultatem
752 2953 847 2977 harum
867 2953 1061 2985 quaestionum.

361 2989 386 3022 β)
403 2990 475 3014 Dicit
489 2996 555 3021 ergo
570 2989 692 3020 primo...
707 2988 819 3021 dignum
834 2995 897 3013 esse.
911 3002 930 3007 —
944 2989 990 3013 Est
1010 2989 1085 3013 lectio
1099 2990 1135 3018 A;
1151 2988 1182 3013 cf.
1195 2994 1303 3014 textum.
1319 2989 1374 3014 Cet.

307 3026 428 3050 omittunt
442 3025 496 3049 sint
510 3025 610 3049 duae...
621 3024 693 3049 circa
707 3024 772 3049 istas
777 3031 785 3052 ,·
800 3031 847 3056 pro
862 3027 1020 3055 reputemus,
1036 3025 1142 3049 videtur
1157 3025 1185 3053 Β,
1197 3032 1335 3050 recurrere
1345 3025 1373 3055 C,

309 3061 419 3086 dicimus
439 3061 483 3091 sD,
499 3063 652 3092 reputamus
667 3059 718 3089 sG;
738 3064 785 3084 cet.
804 3059 887 3083 omitt.
903 3059 967 3084 hanc
982 3068 1081 3090 vocem,
1096 3061 1138 3084 vel
1153 3060 1247 3085 habent
1262 3061 1374 3093 spatium

308 3104 363 3121 vac.
382 3097 445 3120 Istas
461 3095 637 3127 corruptiones
657 3095 759 3126 corrigit
772 3095 927 3129 P-legendo:
945 3095 1019 3120 Dicit
1032 3103 1097 3128 ergo
1112 3096 1211 3127 primo,
1227 3103 1285 3121 cum
1301 3096 1373 3121 circa

309 3132 397 3156 stellas
416 3131 469 3156 sint
488 3131 675 3159 dubitationes,
697 3130 725 3155 id
743 3130 815 3163 quod
833 3130 907 3155 nobis
927 3131 1040 3159 videtur,
1061 3131 1099 3156 ita
1117 3131 1218 3156 scilicet
1236 3132 1307 3164 quod
1326 3139 1373 3156 nos

310 3167 419 3200 dignum
440 3166 583 3191 iudicemus
598 3173 652 3191 esse
666 3173 756 3196 omne;
771 3170 839 3198 patet
858 3166 992 3191 lectionem
1009 3174 1067 3191 esse
1083 3172 1239 3199 corruptam.

362 3202 388 3235 γ)
408 3202 431 3226 si
450 3205 536 3227 tamen
557 3202 632 3226 ille...
647 3209 750 3234 parvas
771 3201 953 3235 sufficientias.
968 3202 1036 3227 —lta
1050 3202 1086 3233 A;
1101 3203 1120 3227 P
1133 3210 1210 3227 vero:
1230 3202 1278 3227 sed
1296 3203 1373 3227 debet

312 3237 386 3262 ille..
401 3237 511 3270 diligere
527 3244 628 3268 parvas
647 3237 827 3270 suffleientias,
843 3237 903 3269 quia
923 3245 1017 3270 nempe
1036 3242 1084 3262 cet.
1102 3241 1189 3263 tamen
1205 3243 1374 3271 corrumpunt

311 3273 336 3296 in
356 3273 443 3300 debet,
463 3277 487 3296 et
506 3273 584 3297 etiam
605 3273 630 3296 in
649 3276 702 3302 est;
722 3273 753 3297 cf.
768 3278 874 3297 textum.

364 3306 388 3339 ὃ)
409 3311 437 3331 ut
456 3308 584 3332 scilicet...
600 3311 784 3339 permaneant.
798 3322 819 3326 —
833 3308 879 3332 Est
898 3309 974 3333 lectio
993 3309 1024 3333 A.
1044 3309 1128 3333 Editio
1147 3309 1225 3334 Piana
1243 3317 1298 3334 om.
1317 3309 1373 3334 eius

313 3347 370 3366 ante
391 3342 539 3374 principia,
560 3348 584 3367 et
608 3351 665 3367 cum
686 3349 733 3368 cet.
752 3352 799 3376 pro
812 3344 895 3377 firma
915 3344 975 3376 legit
993 3344 1040 3369 sic.
1059 3358 1078 3363 —
1099 3345 1126 3369 ln
1151 3344 1198 3370 hac
1218 3352 1240 3369 s.
1254 3345 1373 3370 Thomae

313 3378 478 3409 expositione,
493 3378 569 3402 verba
580 3382 693 3410 propter
706 3379 865 3403 desiderium
881 3380 952 3411 quod
968 3380 1026 3412 quis
1040 3379 1119 3404 habet
1131 3380 1168 3405 ad
1177 3380 1372 3413 philosophiam

312 3412 423 3444 perfecte
442 3414 598 3445 respondent
616 3414 693 3438 textui
713 3422 805 3445 graeco
823 3412 863 3438 διὰ
889 3411 918 3439 τὸ
939 3413 1094 3448 φιλοσοφίας
1113 3414 1199 3449 διψῆν;
1220 3416 1282 3440 dum
1302 3416 1373 3449 quod

314 3448 436 3479 sequitur,
453 3451 481 3472 ut
499 3449 596 3473 scilicet
614 3449 669 3473 eius
683 3449 817 3481 principia
832 3452 912 3478 stent,
928 3450 1037 3475 refertur
1051 3451 1082 3475 ad
1098 3452 1292 3476 translationem
1308 3459 1372 3483 pro-

309 3485 372 3514 pter
393 3483 585 3514 philosophiam
605 3487 690 3513 stare,
710 3485 780 3516 quod
800 3490 918 3516 corrupte
937 3487 1049 3518 positum
1073 3487 1175 3511 videtur
1193 3495 1239 3520 pro
1258 3490 1373 3519 propter

310 3517 504 3549 philosophiam
524 3518 606 3543 sitire.

368 3553 389 3584 ε)
409 3553 448 3577 vel
467 3554 608 3578 secundum
627 3554 707 3578 aliam
727 3554 851 3584 litteram,
874 3556 921 3579 Est
940 3559 1028 3581 autem
1049 3560 1125 3581 etc.—
1147 3558 1203 3582 Hoc
1219 3566 1271 3582 om.
1287 3558 1319 3589 P;
1340 3558 1372 3582 cf.

314 3592 400 3612 tamen
419 3593 515 3612 textum
535 3596 663 3620 graecum,
677 3589 720 3613 ubi
735 3597 782 3622 pro
793 3588 870 3615 ”Em
885 3591 971 3622 Didot,
985 3590 1048 3616 ’'Ert
1068 3593 1108 3617 ed.
1123 3593 1239 3618 Tauchn.
1256 3598 1281 3618 et
1296 3594 1371 3619 codd.

1013 277 1084 314 DE
1114 276 1290 313 CAELO
1320 277 1391 313 ET
1421 276 1617 314 MUNDO
1647 277 1742 313 LIB.
1773 277 1805 313 II

1435 354 1490 382 nisi
1504 355 1573 382 luna
1588 354 1623 382 sit
1637 354 1711 383 infra
1726 356 1857 383 Martem.
1873 372 1892 377 -
1907 355 2042 383 Secundo
2065 359 2207 391 quantum
2221 354 2259 382 ad
2273 353 2346 383 alios
2365 354 2507 391 planetas,

1435 403 1487 431 per
1508 404 1542 422 ea
1564 404 1639 431 quae
1653 395 1701 423 alii
1715 395 1857 430 viderunt,
1880 395 1987 423 scilicet
2000 394 2134 431 Aegyptii
2150 401 2178 422 et
2192 394 2363 430 Babylonii3
2378 403 2506 431 quorum

1435 434 1563 462 studium
1585 435 1710 462 maxime
1731 435 1807 463 circa
1827 435 2014 472 astrologiam
2036 434 2097 470 fuit,
2121 441 2148 462 et
2163 443 2196 462 ex
2211 433 2317 471 quibus
2332 434 2437 463 multas
2452 436 2507 463 ob-

1434 474 1612 502 servationes
1633 475 1670 503 de
1690 484 1867 512 unaquaque
1893 476 2038 503 stellarum
2064 475 2215 503 habemus.
2239 490 2256 496 -
2279 483 2305 511 7.
2328 474 2507 511 Proponitur

1434 514 1562 542 secunda
1583 514 1739 543 dubitatio.-
1768 524 1858 552 quare
1885 525 1991 552 nempe
2013 516 2042 543 in
2064 515 2158 552 prima
2179 515 2317 551 sphaera,
2346 523 2420 551 quae
2441 524 2507 543 mo-

1434 561 1516 582 vetur
1536 554 1632 591 primo
1654 562 1746 590 motu,
1761 562 1842 584 tanta
1855 555 1891 583 sit
1913 555 2068 583 multitudo
2090 555 2251 590 stellarum3
2273 554 2304 582 in
2324 554 2387 582 aliis
2408 561 2507 583 autem

1434 594 1617 622 inferioribus
1632 604 1694 623 non
1708 595 1744 623 sit
1758 595 1813 623 nisi
1827 605 1886 624 una
1900 596 1989 623 stella.
2006 613 2025 617 -
2040 596 2263 623 Observandum
2279 595 2360 631 quod
2373 601 2507 631 ternpore

1433 634 1596 663 Aristotelis
1618 636 1750 663 nondum
1772 642 1833 663 erat
1854 636 2050 672 deprehensus
2072 642 2169 663 motus
2198 634 2333 671 proprius
2358 634 2507 662 stellarum

1433 674 1555 702 fixarum
1570 675 1606 702 ab
1628 674 1778 703 occidente
1797 675 1827 703 in
1842 675 2002 704 orientem:
2020 676 2098 703 unde
2113 676 2262 712 ponebant
2275 674 2387 711 antiqui
2402 675 2506 710 sphae-

1433 724 1495 742 ram
1518 715 1665 743 stellarum
1687 715 1809 743 fixarum
1831 724 1893 743 esse
1913 715 2041 752 primum
2063 715 2180 750 mobile,
2203 722 2230 743 et
2247 715 2308 743 eius
2330 723 2392 742 esse
2413 723 2506 742 unum

1433 761 1547 782 motum
1569 761 1700 790 tantum,
1723 764 1829 792 nempe
1851 755 1998 783 diurnum.
2014 772 2034 777 -
2056 756 2083 783 8.
2107 753 2268 783 Difficultas
2291 755 2394 783 harum
2416 763 2506 791 quae-

1432 794 1571 822 stionum.
1595 794 1719 823 Litterae
1740 795 1992 831 interpretationes
2006 795 2084 823 iuxta
2098 796 2306 829 Alexandrum,
2323 793 2505 830 Simplicium

1433 840 1461 862 et
1481 835 1649 863 Averroem.
1665 852 1684 856 -
1698 836 1754 863 Ista
1774 842 1872 863 autem
1893 835 1930 863 de
1951 835 2057 872 quibus
2078 842 2121 863 est
2142 835 2284 872 quaestio,
2305 832 2506 863 difficultatem

1432 874 1554 902 habent:
1578 874 1646 911 quia
1667 874 1816 903 modicum
1846 875 1882 902 de
1910 875 2004 903 causis
2025 885 2128 903 eorum
2155 875 2304 912 percipere
2331 883 2504 911 possumus,

1433 920 1460 941 et
1481 913 1642 942 accidentia
1661 914 1793 950 ipsorum
1814 921 1882 942 sunt
1907 914 1998 951 magis
2026 921 2140 943 remota
2161 924 2178 943 a
2199 914 2367 952 cognitione
2387 921 2505 950 nostra,

1433 962 1520 989 quam
1543 963 1668 990 corpora
1688 954 1751 990 ipsa
1772 953 1829 982 sint
1850 953 1986 982 distantia
2007 963 2024 983 a
2043 954 2129 983 nobis
2150 956 2312 983 secundum
2333 954 2419 983 situm
2441 963 2505 983 eor-

1433 993 1574 1029 poralem.

1483 1085 1594 1122 Circa
1612 1085 1793 1135 primum,
1814 1086 1884 1123 tria
1901 1086 2276 1136 praeconsideranda
2297 1088 2316 1108 ²⁸
2342 1095 2431 1124 sunt
2454 1087 2504 1125 ad

1428 1139 1658 1176 intellectum
1669 1139 1781 1176 huius
1792 1139 2048 1177 dubitationis.
2058 1140 2235 1187 Quorum
2243 1140 2440 1189 *primum
2449 1148 2504 1178 est

1429 1193 1535 1241 quod
1558 1193 1778 1229 Aristoteles
1798 1193 1914 1230 alium
1943 1193 2121 1231 ordinem
2139 1193 2293 1231 videtur
2312 1194 2502 1242 assignare

1428 1248 1680 1295 planetarum,
1694 1258 1811 1295 quam
1831 1246 2008 1294 astrologi
2029 1246 2146 1283 nostri
2165 1247 2361 1295 temporis.
2384 1246 2503 1284 Primi

1430 1300 1532 1337 enim
1548 1300 1726 1347 astrologi
1740 1307 1953 1349 posuerunt
1968 1312 2193 1348 supremum
2209 1301 2403 1350 planetam
2419 1312 2503 1337 esse

1430 1355 1637 1391 Saturnum
1662 1352 1687 1399 ζ,
1716 1360 1804 1403 post
1831 1366 1948 1402 quem
1977 1361 2188 1402 posuerunt
2216 1354 2364 1401 Iovem,
2393 1353 2502 1391 tertio

1428 1408 1514 1444 loco
1530 1407 1706 1453 Martem,
1718 1414 1853 1455 quarto
1871 1407 2014 1454 Solem,
2030 1406 2163 1456 quinto
2175 1407 2380 1454 Venerem,
2396 1414 2502 1444 sexto

1429 1460 1676 1507 Mercurium,
1697 1460 1860 1509 septimo
1882 1461 2045 1497 Lunam.
2067 1460 2258 1508 Astrologi
2283 1468 2411 1497 autem
2437 1460 2504 1510 qui

1427 1515 1578 1551 fuerunt
1592 1521 1768 1562 tempore
1783 1513 1951 1550 Platonis
1967 1521 2004 1550 et
2018 1514 2241 1561 Aristotelis,
2257 1521 2504 1552 mutaverunt

1428 1569 1530 1605 hunc
1557 1566 1732 1604 ordinem
1758 1575 1942 1616 quantum
1971 1567 2019 1604 ad
2039 1568 2183 1614 Solem,
2203 1575 2391 1616 ponentes
2411 1579 2503 1605 eum

1427 1621 1647 1658 immediate
1669 1621 1688 1641 *
1708 1632 1823 1669 supra
1844 1621 2007 1667 Lunam,
2028 1621 2099 1657 sub
2118 1621 2268 1658 Venere
2293 1628 2329 1658 et
2349 1621 2502 1658 Mercu—

1428 1675 1501 1720 rio;
1523 1686 1640 1723 quam
1660 1674 1892 1723 positionem
1906 1673 1970 1710 hic
1984 1673 2204 1711 Aristoteles
2224 1674 2405 1722 sequitur.
2423 1674 2502 1712 Sed

1429 1729 1675 1765 Ptolomaeus
1695 1735 1828 1776 postea
1847 1727 1950 1763 hunc
1970 1727 2144 1764 ordinem
2161 1728 2403 1779 planetarum
2419 1740 2502 1765 cor-

1428 1781 1521 1818 rexit
1541 1787 1566 1828 η,
1597 1780 1803 1817 ostendens
1831 1779 1960 1816 verius
1989 1792 2072 1817 esse
2096 1780 2202 1828 quod
2227 1780 2372 1829 antiqui
2400 1780 2503 1818 dixe-

1428 1842 1530 1881 runt;
1561 1834 1667 1883 quod
1696 1833 1811 1870 etiarn
1839 1833 2015 1870 moderni
2043 1833 2223 1881 astrologi
2251 1841 2473 1883 sequuntur.

1482 1888 1661 1925 Secundo
1691 1886 2014 1923 considerandum
2036 1894 2091 1923 est
2114 1886 2221 1935 quod
2251 1886 2350 1924 eirca
2373 1894 2502 1924 motus

1426 1942 1665 1991 planetarum
1695 1939 1886 1989 quaedam
1915 1939 2132 1976 anomaliae
2151 1940 2183 1986 ²¹,
2209 1939 2306 1977 idest
2324 1939 2502 1988 irregula-

1427 1995 1564 2041 ritates,
1581 2001 1779 2043 apparent;
1795 1997 1911 2042 prout
1925 1993 2064 2030 scilicet
2078 1994 2252 2042 planetae
2268 1993 2502 2044 quandoque

1426 2048 1650 2094 velociores,
1681 2047 1914 2096 quandoque
1942 2046 2139 2094 tardiores,
2165 2048 2399 2096 quandoque
2426 2055 2500 2085 sta·

1427 2101 1593 2149 tionarii,
1624 2100 1857 2149 quandoque
1885 2100 2092 2148 retrogradi
2119 2100 2300 2138 videntur
2318 2101 2351 2138 *.
2382 2100 2502 2148 Quod

1427 2155 1583 2205 quidem
1611 2166 1690 2191 non
1716 2153 1870 2191 videtur
1897 2166 1981 2190 esse
2015 2153 2249 2192 conveniens
2278 2154 2501 2193 caelestibus

1426 2208 1605 2253 motibus,
1621 2215 1663 2245 ut
1679 2219 1725 2244 ex
1741 2208 1760 2229 ⁸
1782 2219 1897 2256 supra
1911 2207 1952 2228 *²*
1967 2207 2074 2245 dictis
2088 2215 2202 2257 patet.
2219 2209 2269 2245 Et
2282 2207 2371 2246 ideo
2391 2208 2500 2246 Plato

1425 2262 1572 2311 primus
1600 2259 1613 2282 ⁰
1641 2262 1740 2298 hanc
1778 2260 2055 2298 dubitationem
2085 2261 2274 2309 Eudoxo,
2309 2262 2368 2299 sui
2404 2269 2506 2300 tem-

1425 2315 1528 2365 poris
1557 2316 1761 2363 astrologo,
1777 2314 1993 2364 proposuit;
2015 2314 2080 2364 qui
2108 2314 2331 2352 huiusmodi
2358 2315 2500 2364 irregu-

1426 2369 1588 2406 laritates
1609 2375 1768 2405 conatus
1789 2375 1844 2404 est
1863 2368 1912 2405 ad
1932 2375 2078 2405 rectum
2098 2368 2274 2406 ordinem
2299 2369 2508 2418 reducere,

1427 2421 1655 2470 assignando
1686 2421 1860 2468 diversos
1888 2428 2016 2458 motus
2040 2421 2219 2470 planetis,
2249 2422 2356 2471 quod
2384 2422 2499 2460 etiam

1425 2475 1656 2525 posteriores
1694 2474 1872 2522 astrologi
1911 2474 2169 2512 diversimode
2207 2475 2331 2512 facere
2375 2475 2500 2513 conati

1427 2536 1523 2566 sunt.
1553 2529 1708 2565 Illorum
1734 2535 1864 2564 tamen
1889 2527 2197 2577 suppositiones‘
2222 2541 2317 2578 quas
2343 2529 2499 2566 adinve-

1427 2590 1574 2628 nerunt,
1591 2593 1671 2618 non
1690 2588 1745 2617 est
1760 2581 2017 2618 necessarium
2035 2594 2118 2618 esse
2131 2593 2260 2619 veras:
2277 2582 2363 2619 licet
2382 2582 2498 2631 enim,

1425 2635 1561 2672 talibus
1581 2634 1904 2683 suppositionibus
1930 2634 2046 2681 factis,
2068 2635 2289 2684 apparentia
2308 2636 2501 2674 salvaren-

1427 2697 1497 2735 tur,
1524 2701 1602 2725 non
1630 2696 1759 2725 tamen
1789 2695 1939 2736 oportet
1968 2688 2092 2725 dicere
2121 2689 2189 2726 has
2217 2688 2506 2738 suppositiones

1429 2755 1510 2779 esse
1539 2754 1672 2787 veras3
1703 2741 1791 2790 quia
1819 2742 1914 2778 forte
1943 2741 2155 2779 secundum
2185 2742 2351 2792 aliquem
2381 2742 2498 2781 alium

1481 2882 1507 2918 ζ)
1523 2883 1640 2908 Primi...
1657 2884 1814 2908 Saturnum.
1828 2897 1846 2902 -
1861 2883 1956 2908 Nostri
1971 2883 2039 2908 enim
2060 2884 2192 2917 astrologi
2210 2891 2362 2916 supremum
2373 2886 2500 2918 planeta-

1429 2927 1489 2944 rum
1503 2919 1595 2944 dicunt
1605 2926 1660 2944 esse
1670 2919 1818 2943 Saturnum
1829 2919 1848 2943 Ρ
1855 2926 1862 2949 ;
1877 2919 1952 2943 codd.
1967 2926 2021 2944 exc.
2032 2919 2054 2944 A
2064 2919 2187 2944 omittunt
2195 2924 2359 2952 posuerunt,·
2373 2929 2464 2954 margo
2475 2922 2500 2948 G

1429 2963 1476 2987 pro
1495 2954 1581 2979 Primi
1600 2954 1731 2979 substituit
1751 2954 1892 2984 Moderni;
1910 2954 1976 2979 forte
1996 2955 2015 2979 P
2035 2960 2061 2979 et
2079 2961 2210 2980 corrector
2228 2956 2323 2981 codicis
2340 2957 2364 2981 G
2378 2957 2500 2990 respicie-

1429 2991 1490 3015 bant
1509 2990 1540 3014 ad
1559 2990 1691 3023 astrologi
1714 2990 1801 3015 nostri
1825 2990 1965 3022 temporis,
1986 2990 2033 3015 sed
2052 2990 2084 3015 cf.
2105 2998 2172 3024 quae
2191 2997 2338 3025 sequuntur
2362 2999 2448 3026 usque
2467 2993 2500 3019 nd

1430 3026 1561 3051 Secundo.
1574 3039 1593 3044 -
1605 3028 1667 3058 post
1685 3033 1760 3058 quem
1777 3029 1927 3057 posuerunt
1947 3026 2034 3051 Iovem
2054 3034 2107 3051 om.
2122 3027 2153 3051 A.

1482 3061 1508 3095 η)
1529 3061 1649 3086 ordinem
1666 3062 1838 3093 planetarum
1858 3062 2018 3087 correxit.-
2032 3062 2154 3087 ordinem
2173 3063 2297 3088 correxit
2317 3063 2336 3088 P
2355 3068 2381 3088 et
2396 3063 2500 3090 codices

1428 3105 1481 3122 exc.
1500 3098 1531 3122 A.
1551 3111 1570 3115 —
1589 3097 1639 3121 Pro
1658 3097 1811 3126 ostendens,
1831 3098 1852 3122 A
1874 3103 1994 3130 corrupte
2013 3105 2112 3123 omnes.
2130 3110 2149 3118 ··-
2168 3098 2218 3123 Pro
2239 3099 2345 3132 antiqui
2366 3099 2499 3126 dixerunt

1428 3132 1506 3165 quod,
1527 3133 1546 3156 Ρ
1566 3137 1591 3157 et
1610 3132 1685 3157 codd.
1700 3140 1754 3157 exc.
1768 3133 1790 3157 A
1809 3133 1995 3166 Anaxagoras
2020 3133 2123 3159 inducit
2141 3141 2228 3166 quem.
2241 3148 2260 3153 —
2274 3135 2324 3159 Pro
2342 3138 2498 3168 sequuntur,

1424 3171 1625 3200 prosequuntur
1644 3169 1675 3193 A.
2264 3185 2267 3188 -

1482 3202 1506 3237 0)
1527 3204 1604 3228 Plato
1614 3204 1729 3236 primus.
1743 3217 1761 3222 -
1776 3203 1816 3228 Sic
1836 3204 1873 3234 A;
1888 3204 1967 3236 prius
1982 3205 2060 3230 Plato
2075 3204 2114 3233 Pl,
2125 3205 2234 3237 primus
2253 3205 2331 3230 Plato
2346 3210 2395 3230 cet.
2406 3219 2424 3225 -
2435 3206 2499 3232 Post

1428 3247 1506 3263 unam
1521 3239 1564 3263 lin.
1579 3247 1626 3271 pro
1642 3239 1767 3264 reducere
1781 3240 1954 3272 assignando,
1975 3241 2045 3273 quod
2064 3239 2142 3265 habet
2154 3241 2185 3271 A,
2201 3241 2326 3266 inducere
2338 3241 2376 3266 ad
2386 3241 2498 3275 signan-

1428 3275 1476 3299 dos
1495 3275 1523 3305 P,
1544 3275 1668 3300 inducere
1685 3275 1722 3300 ad
1740 3275 1930 3309 significandos
1949 3281 1998 3301 cet.
2011 3291 2030 3295 -
2044 3275 2102 3302 Lin.
2117 3283 2174 3309 seq.
2190 3284 2238 3309 pro
2251 3276 2431 3308 posteriores,
2447 3284 2498 3309 po-

1427 3311 1521 3336 stremi
1539 3311 1558 3335 P
1578 3316 1603 3335 et
1619 3311 1692 3335 codd.
1706 3318 1759 3335 exc.
1775 3311 1807 3335 A.

1482 3345 1500 3378 ι)
1522 3347 1631 3370 Illorum
1657 3350 1744 3371 tamen
1771 3346 1972 3378 suppositiones.
1986 3361 2005 3366 —
2019 3347 2071 3372 Pro
2089 3350 2177 3372 tamen
2198 3347 2217 3372 P
2236 3347 2298 3380 legit
2315 3350 2418 3377 autem,
2437 3348 2498 3381 quia

1428 3382 1503 3406 codd.
1518 3389 1571 3406 exc.
1585 3382 1606 3406 A
1622 3388 1791 3414 corrumpunt
1805 3383 1869 3407 illud
1883 3383 1907 3407 in
1921 3383 2074 3408 rationes.-
2083 3383 2133 3408 Pro
2142 3383 2303 3415 apparentia
2316 3383 2497 3414 salvarentur,

1427 3417 1587 3449 apparentia
1606 3419 1759 3443 salvaretur
1778 3419 1815 3448 A,
1837 3419 1998 3450 apparentia
2016 3419 2118 3444 solvere
2137 3423 2199 3448 cet„
2219 3419 2290 3451 quod
2310 3418 2329 3443 P
2350 3419 2454 3452 corrigit
2472 3419 2498 3444 in

1427 3456 1577 3485 appareant
1595 3454 1711 3482 solvere;
1736 3454 1782 3478 sed
1802 3453 1832 3478 cs.
1853 3459 1913 3486 post
1938 3454 2002 3479 duas
2027 3454 2106 3479 lineas
2125 3454 2285 3486 apparentia
2309 3454 2382 3480 circa
2406 3454 2498 3480 stellas

1427 3489 1568 3513 salvantur
1583 3489 1635 3520 (ubi
1652 3489 1670 3513 Ρ
1684 3494 1709 3513 et
1723 3489 1825 3514 codices
1840 3495 1946 3522 excepto
1961 3491 1983 3515 Α
1999 3490 2088 3522 legunt
2101 3489 2245 3524 salvatur).
2261 3489 2301 3515 Cf.
2315 3489 2392 3515 etiam
2407 3495 2461 3515 not.
2475 3498 2496 3519 ν.

1428 3533 1442 3549 a
1456 3529 1480 3548 et
1495 3532 1523 3548 r:
1544 3530 1612 3556 patet
1630 3525 1790 3556 apparentia
1810 3530 1854 3549 aut
1873 3533 1976 3557 semper
1990 3526 2015 3550 in
2030 3525 2161 3557 singulari.
2181 3531 2223 3549 aut
2242 3533 2347 3558 semper
2361 3525 2385 3550 in
2405 3525 2497 3559 plurali

1427 3560 1583 3584 sumendum
1607 3568 1674 3584 esse.
1690 3574 1710 3579 --
1730 3560 1764 3585 lbi
1784 3560 1847 3592 quia
1866 3560 1942 3594 sorte
1965 3561 2109 3586 secundum
2135 3561 2249 3593 aliquem
2269 3561 2352 3586 alium
2373 3561 2495 3590 modum,

1427 3595 1529 3619 codices
1549 3601 1656 3628 excepto
1669 3596 1691 3620 A
1712 3596 1832 3620 omittunt
1852 3596 2012 3626 secundani,-
2027 3597 2104 3621 etiam
2127 3597 2234 3621 modum
2256 3596 2378 3621 omittunt
2393 3596 2496 3626 CDGsl,

1426 3638 1473 3663 pro
1487 3639 1539 3663 quo
1553 3631 1572 3655 F
1588 3630 1665 3655 habet
1684 3631 1796 3663 spatium
1816 3631 1914 3657 album.

2528 1622 2539 1632 ⁶
2559 1619 2718 1643 mediam
2731 1626 2746 1643 ι·

2529 1652 2553 1670 et
2566 1647 2636 1670 codd.
2647 1653 2731 1670 exem.

2528 1939 2744 1962 'mucra

2528 1966 2702 1990 cedmae-A.

2528 2104 2537 2115 ·
2546 2103 2682 2132 stimma,
2689 2109 2743 2127 em

2527 2130 2688 2153 vide-ure«.

2528 2214 2578 2236 'ia
2595 2220 2610 2236 r
2627 2217 2651 2236 ot
2669 2213 2741 2237 codd.

2528 2246 2732 2297 axefaciti-vrum.
